<?xml version="1.0" encoding="UTF-8"?>
<!DOCTYPE html PUBLIC "-//W3C//DTD XHTML 1.0 Transitional//EN"
    "http://www.w3.org/TR/xhtml1/DTD/xhtml1-transitional.dtd">
<html xmlns="http://www.w3.org/1999/xhtml" xml:lang="en" lang="en">
 <head>
  <title>
</title>
<meta http-equiv="Content-Type" content="text/html;charset=utf-8" />
  <meta name='ocr-system' content='tesseract 3.04.00' />
  <meta name='ocr-capabilities' content='ocr_page ocr_carea ocr_par ocr_line ocrx_word'/>
</head>
<body>
  <div class='ocr_page' id='page_1' title='image "./operaomniaiussui10thom/operaomniaiussui10thom_0494.png"; bbox 0 0 2768 4198; ppageno 0'>
   <div class='ocr_carea' id='block_1_1' title="bbox 35 1946 192 1970">
    <p class='ocr_par' dir='ltr' id='par_1_1' title="bbox 35 1946 192 1970">
     <span class='ocr_line' id='line_1_1' title="bbox 35 1946 192 1970; baseline -0.006 -3"><span class='ocrx_word' id='word_1_1' title='bbox 35 1947 45 1957; x_wconf 79' lang='lat'>⁸</span> <span class='ocrx_word' id='word_1_2' title='bbox 58 1946 93 1967; x_wconf 84' lang='lat' dir='ltr'>Cf.</span> <span class='ocrx_word' id='word_1_3' title='bbox 109 1950 157 1967; x_wconf 81' lang='lat' dir='ltr'>not.</span> <span class='ocrx_word' id='word_1_4' title='bbox 171 1947 192 1970; x_wconf 76' lang='grc' dir='ltr'>δ.</span> 
     </span>
    </p>
   </div>
   <div class='ocr_carea' id='block_1_2' title="bbox 33 2479 244 2535">
    <p class='ocr_par' dir='ltr' id='par_1_2' title="bbox 33 2479 244 2535">
     <span class='ocr_line' id='line_1_2' title="bbox 33 2479 244 2535; baseline 0.005 -7"><span class='ocrx_word' id='word_1_5' title='bbox 33 2479 136 2528; x_wconf 52' lang='lat' dir='ltr'>{iffa</span> <span class='ocrx_word' id='word_1_6' title='bbox 150 2480 244 2535; x_wconf 62' lang='grc' dir='ltr'>ἕῡῖἰὲ</span> 
     </span>
    </p>
   </div>
   <div class='ocr_carea' id='block_1_3' title="bbox 285 248 361 292">
    <p class='ocr_par' dir='ltr' id='par_1_3' title="bbox 285 248 361 292">
     <span class='ocr_line' id='line_1_3' title="bbox 285 248 361 292; baseline 0 -9"><span class='ocrx_word' id='word_1_7' title='bbox 285 248 361 292; x_wconf 88' lang='lat'>452</span> 
     </span>
    </p>
   </div>
   <div class='ocr_carea' id='block_1_4' title="bbox 278 325 1355 1234">
    <p class='ocr_par' dir='ltr' id='par_1_4' title="bbox 285 325 1355 481">
     <span class='ocr_line' id='line_1_4' title="bbox 285 325 1354 372; baseline 0 -10"><span class='ocrx_word' id='word_1_8' title='bbox 285 325 444 362; x_wconf 84' lang='lat' dir='ltr'>affectus</span> <span class='ocrx_word' id='word_1_9' title='bbox 473 326 609 363; x_wconf 89' lang='lat' dir='ltr'>mentis</span> <span class='ocrx_word' id='word_1_10' title='bbox 630 326 791 363; x_wconf 91' lang='lat' dir='ltr'>totaliter</span> <span class='ocrx_word' id='word_1_11' title='bbox 820 325 998 372; x_wconf 87' lang='lat' dir='ltr'>dirigatur</span> <span class='ocrx_word' id='word_1_12' title='bbox 1018 325 1066 361; x_wconf 92' lang='lat' dir='ltr'>ad</span> <span class='ocrx_word' id='word_1_13' title='bbox 1086 326 1228 362; x_wconf 90' lang='lat' dir='ltr'>Deum.</span> <span class='ocrx_word' id='word_1_14' title='bbox 1265 325 1354 362; x_wconf 89' lang='lat' dir='ltr'>Sine</span> 
     </span>
     <span class='ocr_line' id='line_1_5' title="bbox 285 378 1355 428; baseline -0.001 -12"><span class='ocrx_word' id='word_1_15' title='bbox 285 391 360 428; x_wconf 89' lang='lat' dir='ltr'>qua</span> <span class='ocrx_word' id='word_1_16' title='bbox 389 380 620 427; x_wconf 86' lang='lat' dir='ltr'><strong>perfectione</strong></span> <span class='ocrx_word' id='word_1_17' title='bbox 651 379 783 416; x_wconf 88' lang='lat' dir='ltr'>caritas</span> <span class='ocrx_word' id='word_1_18' title='bbox 823 390 904 415; x_wconf 92' lang='lat' dir='ltr'>esse</span> <span class='ocrx_word' id='word_1_19' title='bbox 933 385 1073 426; x_wconf 92' lang='lat' dir='ltr'>potest:</span> <span class='ocrx_word' id='word_1_20' title='bbox 1112 386 1204 426; x_wconf 82' lang='lat' dir='ltr'>puta</span> <span class='ocrx_word' id='word_1_21' title='bbox 1233 378 1271 415; x_wconf 94' lang='lat' dir='ltr'>in</span> <span class='ocrx_word' id='word_1_22' title='bbox 1300 378 1355 415; x_wconf 91' lang='lat' dir='ltr'>in-</span> 
     </span>
     <span class='ocr_line' id='line_1_6' title="bbox 285 432 904 481; baseline -0.002 -13"><span class='ocrx_word' id='word_1_23' title='bbox 285 432 511 481; x_wconf 90' lang='lat' dir='ltr'>cipientibus</span> <span class='ocrx_word' id='word_1_24' title='bbox 540 441 576 469; x_wconf 94' lang='lat' dir='ltr'>et</span> <span class='ocrx_word' id='word_1_25' title='bbox 603 432 904 481; x_wconf 86' lang='lat' dir='ltr'>proficientibus.</span> 
     </span>
    </p>

    <p class='ocr_par' dir='ltr' id='par_1_5' title="bbox 283 484 1355 646">
     <span class='ocr_line' id='line_1_7' title="bbox 337 484 1355 533; baseline -0.001 -11"><span class='ocrx_word' id='word_1_26' title='bbox 337 488 396 522; x_wconf 84' lang='lat' dir='ltr'>AD</span> <span class='ocrx_word' id='word_1_27' title='bbox 427 498 563 523; x_wconf 81' lang='lat' dir='ltr'>PRIMUM</span> <span class='ocrx_word' id='word_1_28' title='bbox 592 497 690 522; x_wconf 84' lang='lat' dir='ltr'>ERGO</span> <span class='ocrx_word' id='word_1_29' title='bbox 714 497 900 522; x_wconf 85' lang='lat' dir='ltr'>DlCENDUM</span> <span class='ocrx_word' id='word_1_30' title='bbox 930 485 1036 532; x_wconf 93' lang='lat' dir='ltr'>quod</span> <span class='ocrx_word' id='word_1_31' title='bbox 1065 485 1274 533; x_wconf 88' lang='lat' dir='ltr'>Apostolus</span> <span class='ocrx_word' id='word_1_32' title='bbox 1304 484 1355 522; x_wconf 92' lang='lat' dir='ltr'>ibi</span> 
     </span>
     <span class='ocr_line' id='line_1_8' title="bbox 284 537 1354 587; baseline -0.001 -12"><span class='ocrx_word' id='word_1_33' title='bbox 284 539 452 587; x_wconf 89' lang='lat' dir='ltr'>loquitur</span> <span class='ocrx_word' id='word_1_34' title='bbox 481 539 527 575; x_wconf 90' lang='lat' dir='ltr'>de</span> <span class='ocrx_word' id='word_1_35' title='bbox 556 537 788 587; x_wconf 84' lang='lat' dir='ltr'>perfectione</span> <span class='ocrx_word' id='word_1_36' title='bbox 817 538 973 586; x_wconf 83' lang='lat' dir='ltr'>patriae,</span> <span class='ocrx_word' id='word_1_37' title='bbox 996 550 1095 586; x_wconf 89' lang='lat' dir='ltr'>quae</span> <span class='ocrx_word' id='word_1_38' title='bbox 1125 550 1204 575; x_wconf 92' lang='lat' dir='ltr'>non</span> <span class='ocrx_word' id='word_1_39' title='bbox 1233 545 1288 574; x_wconf 89' lang='lat' dir='ltr'>est</span> <span class='ocrx_word' id='word_1_40' title='bbox 1316 538 1354 575; x_wconf 91' lang='lat' dir='ltr'>in</span> 
     </span>
     <span class='ocr_line' id='line_1_9' title="bbox 283 598 576 646; baseline 0 -12"><span class='ocrx_word' id='word_1_41' title='bbox 283 598 347 634; x_wconf 89' lang='lat' dir='ltr'>via</span> <span class='ocrx_word' id='word_1_42' title='bbox 375 598 576 646; x_wconf 78' lang='lat' dir='ltr'>possibilis,</span> 
     </span>
    </p>

    <p class='ocr_par' dir='ltr' id='par_1_6' title="bbox 281 650 1354 967">
     <span class='ocr_line' id='line_1_10' title="bbox 336 650 1354 699; baseline 0 -12"><span class='ocrx_word' id='word_1_43' title='bbox 336 653 394 687; x_wconf 84' lang='lat' dir='ltr'>Ao</span> <span class='ocrx_word' id='word_1_44' title='bbox 419 662 609 688; x_wconf 79' lang='lat' dir='ltr'>SECUNDUM</span> <span class='ocrx_word' id='word_1_45' title='bbox 630 662 815 687; x_wconf 85' lang='lat' dir='ltr'>DICENDUM</span> <span class='ocrx_word' id='word_1_46' title='bbox 836 650 941 699; x_wconf 91' lang='lat' dir='ltr'>quod</span> <span class='ocrx_word' id='word_1_47' title='bbox 962 650 1011 686; x_wconf 90' lang='lat' dir='ltr'>illi</span> <span class='ocrx_word' id='word_1_48' title='bbox 1032 650 1096 698; x_wconf 92' lang='lat' dir='ltr'>qui</span> <span class='ocrx_word' id='word_1_49' title='bbox 1117 658 1204 687; x_wconf 90' lang='lat' dir='ltr'>sunt</span> <span class='ocrx_word' id='word_1_50' title='bbox 1224 650 1262 687; x_wconf 93' lang='lat' dir='ltr'>in</span> <span class='ocrx_word' id='word_1_51' title='bbox 1282 651 1354 687; x_wconf 92' lang='lat' dir='ltr'>hac</span> 
     </span>
     <span class='ocr_line' id='line_1_11' title="bbox 282 703 1354 752; baseline 0 -12"><span class='ocrx_word' id='word_1_52' title='bbox 282 704 359 740; x_wconf 84' lang='lat' dir='ltr'>vita</span> <span class='ocrx_word' id='word_1_53' title='bbox 387 704 555 752; x_wconf 84' lang='lat' dir='ltr'>perfecti,</span> <span class='ocrx_word' id='word_1_54' title='bbox 580 703 617 740; x_wconf 93' lang='lat' dir='ltr'>in</span> <span class='ocrx_word' id='word_1_55' title='bbox 647 704 775 740; x_wconf 89' lang='lat' dir='ltr'>multis</span> <span class='ocrx_word' id='word_1_56' title='bbox 796 704 973 740; x_wconf 88' lang='lat' dir='ltr'>dicuntur</span> <span class='ocrx_word' id='word_1_57' title='bbox 1001 703 1198 741; x_wconf 85' lang='lat' dir='ltr'>offendere</span> <span class='ocrx_word' id='word_1_58' title='bbox 1219 717 1354 741; x_wconf 88' lang='lat' dir='ltr'>secun-</span> 
     </span>
     <span class='ocr_line' id='line_1_12' title="bbox 283 757 1352 806; baseline 0 -13"><span class='ocrx_word' id='word_1_59' title='bbox 283 758 373 794; x_wconf 87' lang='lat' dir='ltr'>dum</span> <span class='ocrx_word' id='word_1_60' title='bbox 392 762 408 778; x_wconf 78' lang='lat'>‘²</span> <span class='ocrx_word' id='word_1_61' title='bbox 427 764 583 805; x_wconf 88' lang='lat' dir='ltr'>peccata</span> <span class='ocrx_word' id='word_1_62' title='bbox 606 757 780 804; x_wconf 89' lang='lat' dir='ltr'>venialia,</span> <span class='ocrx_word' id='word_1_63' title='bbox 803 770 901 806; x_wconf 90' lang='lat' dir='ltr'>quae</span> <span class='ocrx_word' id='word_1_64' title='bbox 924 765 1210 806; x_wconf 85' lang='lat' dir='ltr'>consequuntur</span> <span class='ocrx_word' id='word_1_65' title='bbox 1234 769 1279 794; x_wconf 91' lang='lat' dir='ltr'>ex</span> <span class='ocrx_word' id='word_1_66' title='bbox 1299 757 1352 794; x_wconf 91' lang='lat' dir='ltr'>in-</span> 
     </span>
     <span class='ocr_line' id='line_1_13' title="bbox 281 810 1353 860; baseline 0.002 -14"><span class='ocrx_word' id='word_1_67' title='bbox 281 810 459 847; x_wconf 85' lang='lat' dir='ltr'>firmitate</span> <span class='ocrx_word' id='word_1_68' title='bbox 493 810 704 859; x_wconf 90' lang='lat' dir='ltr'>praesentis</span> <span class='ocrx_word' id='word_1_69' title='bbox 741 811 853 848; x_wconf 87' lang='lat' dir='ltr'>vitae.</span> <span class='ocrx_word' id='word_1_70' title='bbox 889 812 939 848; x_wconf 89' lang='lat' dir='ltr'>Et</span> <span class='ocrx_word' id='word_1_71' title='bbox 976 819 1161 860; x_wconf 90' lang='lat' dir='ltr'>quantum</span> <span class='ocrx_word' id='word_1_72' title='bbox 1201 811 1250 848; x_wconf 91' lang='lat' dir='ltr'>ad</span> <span class='ocrx_word' id='word_1_73' title='bbox 1278 811 1353 848; x_wconf 92' lang='lat' dir='ltr'>hoc</span> 
     </span>
     <span class='ocr_line' id='line_1_14' title="bbox 282 863 1353 914; baseline 0.002 -15"><span class='ocrx_word' id='word_1_74' title='bbox 282 863 394 900; x_wconf 91' lang='lat' dir='ltr'>etiam</span> <span class='ocrx_word' id='word_1_75' title='bbox 422 864 566 900; x_wconf 90' lang='lat' dir='ltr'>habent</span> <span class='ocrx_word' id='word_1_76' title='bbox 598 864 741 912; x_wconf 89' lang='lat' dir='ltr'>aliquid</span> <span class='ocrx_word' id='word_1_77' title='bbox 776 865 1063 914; x_wconf 84' lang='lat' dir='ltr'>imperfectum,</span> <span class='ocrx_word' id='word_1_78' title='bbox 1093 877 1163 913; x_wconf 90' lang='lat' dir='ltr'>per</span> <span class='ocrx_word' id='word_1_79' title='bbox 1196 877 1353 913; x_wconf 92' lang='lat' dir='ltr'>compa-</span> 
     </span>
     <span class='ocr_line' id='line_1_15' title="bbox 281 917 1034 967; baseline 0.003 -14"><span class='ocrx_word' id='word_1_80' title='bbox 281 917 467 954; x_wconf 86' lang='lat' dir='ltr'>rationem</span> <span class='ocrx_word' id='word_1_81' title='bbox 498 919 544 954; x_wconf 89' lang='lat' dir='ltr'>ad</span> <span class='ocrx_word' id='word_1_82' title='bbox 573 918 849 966; x_wconf 90' lang='lat' dir='ltr'>perfectionem</span> <span class='ocrx_word' id='word_1_83' title='bbox 879 918 1034 967; x_wconf 86' lang='lat' dir='ltr'>patriae.</span> 
     </span>
    </p>

    <p class='ocr_par' dir='ltr' id='par_1_7' title="bbox 278 970 1353 1234">
     <span class='ocr_line' id='line_1_16' title="bbox 333 970 1353 1021; baseline 0.001 -14"><span class='ocrx_word' id='word_1_84' title='bbox 333 973 392 1007; x_wconf 83' lang='lat' dir='ltr'>An</span> <span class='ocrx_word' id='word_1_85' title='bbox 411 982 573 1008; x_wconf 83' lang='lat' dir='ltr'>TERTIUM</span> <span class='ocrx_word' id='word_1_86' title='bbox 593 983 779 1009; x_wconf 79' lang='lat' dir='ltr'>n1CENDUM</span> <span class='ocrx_word' id='word_1_87' title='bbox 799 972 906 1021; x_wconf 90' lang='lat' dir='ltr'>quod</span> <span class='ocrx_word' id='word_1_88' title='bbox 935 972 1030 1009; x_wconf 89' lang='lat' dir='ltr'>sicut</span> <span class='ocrx_word' id='word_1_89' title='bbox 1054 972 1195 1009; x_wconf 89' lang='lat' dir='ltr'>modus</span> <span class='ocrx_word' id='word_1_90' title='bbox 1210 970 1225 1001; x_wconf 74' lang='grc' dir='ltr'><strong>β</strong></span> <span class='ocrx_word' id='word_1_91' title='bbox 1245 984 1353 1021; x_wconf 90' lang='lat' dir='ltr'>prae-</span> 
     </span>
     <span class='ocr_line' id='line_1_17' title="bbox 279 1024 1352 1075; baseline 0.002 -15"><span class='ocrx_word' id='word_1_92' title='bbox 279 1024 394 1060; x_wconf 90' lang='lat' dir='ltr'>sentis</span> <span class='ocrx_word' id='word_1_93' title='bbox 421 1024 522 1061; x_wconf 89' lang='lat' dir='ltr'>vitae</span> <span class='ocrx_word' id='word_1_94' title='bbox 560 1037 639 1062; x_wconf 93' lang='lat' dir='ltr'>non</span> <span class='ocrx_word' id='word_1_95' title='bbox 668 1026 809 1074; x_wconf 90' lang='lat' dir='ltr'>patitur</span> <span class='ocrx_word' id='word_1_96' title='bbox 846 1034 886 1062; x_wconf 93' lang='lat' dir='ltr'>ut</span> <span class='ocrx_word' id='word_1_97' title='bbox 919 1026 1040 1062; x_wconf 92' lang='lat' dir='ltr'>homo</span> <span class='ocrx_word' id='word_1_98' title='bbox 1075 1038 1229 1075; x_wconf 89' lang='lat' dir='ltr'>semper</span> <span class='ocrx_word' id='word_1_99' title='bbox 1266 1033 1352 1062; x_wconf 90' lang='lat' dir='ltr'>actu</span> 
     </span>
     <span class='ocr_line' id='line_1_18' title="bbox 278 1078 1352 1129; baseline 0.002 -15"><span class='ocrx_word' id='word_1_100' title='bbox 278 1078 420 1114; x_wconf 85' lang='lat' dir='ltr'>feratur</span> <span class='ocrx_word' id='word_1_101' title='bbox 457 1078 495 1115; x_wconf 90' lang='lat' dir='ltr'>in</span> <span class='ocrx_word' id='word_1_102' title='bbox 530 1079 677 1127; x_wconf 72' lang='lat' dir='ltr'>Deum,</span> <span class='ocrx_word' id='word_1_103' title='bbox 713 1079 764 1116; x_wconf 88' lang='lat' dir='ltr'>ita</span> <span class='ocrx_word' id='word_1_104' title='bbox 804 1080 917 1116; x_wconf 88' lang='lat' dir='ltr'>etiam</span> <span class='ocrx_word' id='word_1_105' title='bbox 956 1092 1034 1117; x_wconf 90' lang='lat' dir='ltr'>non</span> <span class='ocrx_word' id='word_1_106' title='bbox 1076 1079 1214 1129; x_wconf 90' lang='lat' dir='ltr'>patitur</span> <span class='ocrx_word' id='word_1_107' title='bbox 1247 1079 1352 1128; x_wconf 91' lang='lat' dir='ltr'>quod</span> 
     </span>
     <span class='ocr_line' id='line_1_19' title="bbox 279 1132 1350 1181; baseline 0.003 -14"><span class='ocrx_word' id='word_1_108' title='bbox 279 1139 363 1168; x_wconf 88' lang='lat' dir='ltr'>actu</span> <span class='ocrx_word' id='word_1_109' title='bbox 392 1136 407 1159; x_wconf 75' lang='grc' dir='ltr'><strong>Υ</strong></span> <span class='ocrx_word' id='word_1_110' title='bbox 444 1132 584 1169; x_wconf 88' lang='lat' dir='ltr'>feratur</span> <span class='ocrx_word' id='word_1_111' title='bbox 622 1133 660 1169; x_wconf 91' lang='lat' dir='ltr'>in</span> <span class='ocrx_word' id='word_1_112' title='bbox 697 1146 834 1170; x_wconf 90' lang='lat' dir='ltr'>omnes</span> <span class='ocrx_word' id='word_1_113' title='bbox 873 1133 1070 1181; x_wconf 86' lang='lat' dir='ltr'>proximos</span> <span class='ocrx_word' id='word_1_114' title='bbox 1112 1133 1350 1181; x_wconf 87' lang='lat' dir='ltr'>singillatim:</span> 
     </span>
     <span class='ocr_line' id='line_1_20' title="bbox 278 1185 1352 1234; baseline 0.003 -13"><span class='ocrx_word' id='word_1_115' title='bbox 278 1186 345 1222; x_wconf 92' lang='lat' dir='ltr'>sed</span> <span class='ocrx_word' id='word_1_116' title='bbox 374 1185 514 1223; x_wconf 86' lang='lat' dir='ltr'>sufficit</span> <span class='ocrx_word' id='word_1_117' title='bbox 542 1186 648 1234; x_wconf 93' lang='lat' dir='ltr'>quod</span> <span class='ocrx_word' id='word_1_118' title='bbox 682 1187 822 1224; x_wconf 86' lang='lat' dir='ltr'>feratur</span> <span class='ocrx_word' id='word_1_119' title='bbox 855 1188 1113 1224; x_wconf 88' lang='lat' dir='ltr'>communiter</span> <span class='ocrx_word' id='word_1_120' title='bbox 1140 1187 1177 1224; x_wconf 93' lang='lat' dir='ltr'>in</span> <span class='ocrx_word' id='word_1_121' title='bbox 1215 1199 1352 1224; x_wconf 91' lang='lat' dir='ltr'>omnes</span> 
     </span>
    </p>
   </div>
   <div class='ocr_carea' id='block_1_5' title="bbox 278 1237 1379 1288">
    <p class='ocr_par' dir='ltr' id='par_1_8' title="bbox 278 1237 1379 1288">
     <span class='ocr_line' id='line_1_21' title="bbox 278 1237 1379 1288; baseline 0.002 -13"><span class='ocrx_word' id='word_1_122' title='bbox 278 1238 315 1275; x_wconf 91' lang='lat' dir='ltr'>in</span> <span class='ocrx_word' id='word_1_123' title='bbox 344 1239 570 1285; x_wconf 90' lang='lat' dir='ltr'>universali,</span> <span class='ocrx_word' id='word_1_124' title='bbox 601 1247 637 1277; x_wconf 94' lang='lat' dir='ltr'>et</span> <span class='ocrx_word' id='word_1_125' title='bbox 656 1237 669 1262; x_wconf 59' lang='grc' dir='ltr'><strong>ὅ</strong></span> <span class='ocrx_word' id='word_1_126' title='bbox 698 1240 735 1277; x_wconf 93' lang='lat' dir='ltr'>in</span> <span class='ocrx_word' id='word_1_127' title='bbox 766 1241 934 1288; x_wconf 89' lang='lat' dir='ltr'>singulos</span> <span class='ocrx_word' id='word_1_128' title='bbox 963 1241 1203 1278; x_wconf 86' lang='lat' dir='ltr'>habitualiter</span> <span class='ocrx_word' id='word_1_129' title='bbox 1232 1249 1267 1277; x_wconf 91' lang='lat' dir='ltr'>et</span> <span class='ocrx_word' id='word_1_130' title='bbox 1296 1253 1353 1278; x_wconf 88' lang='lat' dir='ltr'>se·</span> <span class='ocrx_word' id='word_1_131' title='bbox 1378 1282 1379 1286; x_wconf 13' lang='grc' dir='ltr'><strong>Ἰ</strong></span> 
     </span>
    </p>
   </div>
   <div class='ocr_carea' id='block_1_6' title="bbox 278 1292 1351 1504">
    <p class='ocr_par' dir='ltr' id='par_1_9' title="bbox 279 1292 969 1343">
     <span class='ocr_line' id='line_1_22' title="bbox 279 1292 969 1343; baseline 0.004 -15"><span class='ocrx_word' id='word_1_132' title='bbox 279 1292 449 1329; x_wconf 88' lang='lat' dir='ltr'>cundum</span> <span class='ocrx_word' id='word_1_133' title='bbox 480 1293 596 1330; x_wconf 90' lang='lat' dir='ltr'>animi</span> <span class='ocrx_word' id='word_1_134' title='bbox 624 1295 969 1343; x_wconf 87' lang='lat' dir='ltr'>praeparationem.</span> 
     </span>
    </p>

    <p class='ocr_par' dir='ltr' id='par_1_10' title="bbox 278 1347 1351 1504">
     <span class='ocr_line' id='line_1_23' title="bbox 330 1347 1351 1397; baseline 0.002 -15"><span class='ocrx_word' id='word_1_135' title='bbox 330 1347 460 1383; x_wconf 86' lang='lat' dir='ltr'>Potest</span> <span class='ocrx_word' id='word_1_136' title='bbox 489 1355 618 1384; x_wconf 90' lang='lat' dir='ltr'>autem</span> <span class='ocrx_word' id='word_1_137' title='bbox 648 1347 762 1384; x_wconf 92' lang='lat' dir='ltr'>etiam</span> <span class='ocrx_word' id='word_1_138' title='bbox 793 1349 890 1385; x_wconf 90' lang='lat' dir='ltr'>circa</span> <span class='ocrx_word' id='word_1_139' title='bbox 919 1348 1161 1385; x_wconf 90' lang='lat' dir='ltr'>dilectionem</span> <span class='ocrx_word' id='word_1_140' title='bbox 1187 1347 1351 1397; x_wconf 87' lang='lat' dir='ltr'>proximi</span> 
     </span>
     <span class='ocr_line' id='line_1_24' title="bbox 278 1401 1351 1449; baseline 0.002 -13"><span class='ocrx_word' id='word_1_141' title='bbox 278 1401 416 1448; x_wconf 89' lang='lat' dir='ltr'>duplex</span> <span class='ocrx_word' id='word_1_142' title='bbox 454 1401 637 1449; x_wconf 89' lang='lat' dir='ltr'>perfectio</span> <span class='ocrx_word' id='word_1_143' title='bbox 667 1402 827 1448; x_wconf 89' lang='lat' dir='ltr'>attendi,</span> <span class='ocrx_word' id='word_1_144' title='bbox 858 1402 954 1439; x_wconf 89' lang='lat' dir='ltr'>sicut</span> <span class='ocrx_word' id='word_1_145' title='bbox 982 1410 1020 1438; x_wconf 90' lang='lat' dir='ltr'>et</span> <span class='ocrx_word' id='word_1_146' title='bbox 1048 1402 1146 1438; x_wconf 88' lang='lat' dir='ltr'>circa</span> <span class='ocrx_word' id='word_1_147' title='bbox 1185 1401 1351 1439; x_wconf 91' lang='lat' dir='ltr'>dilectio-</span> 
     </span>
     <span class='ocr_line' id='line_1_25' title="bbox 278 1454 1351 1504; baseline 0.003 -15"><span class='ocrx_word' id='word_1_148' title='bbox 278 1466 367 1490; x_wconf 90' lang='lat' dir='ltr'>nem</span> <span class='ocrx_word' id='word_1_149' title='bbox 388 1454 472 1491; x_wconf 91' lang='lat' dir='ltr'>Dei.</span> <span class='ocrx_word' id='word_1_150' title='bbox 503 1455 588 1492; x_wconf 88' lang='lat' dir='ltr'>Una</span> <span class='ocrx_word' id='word_1_151' title='bbox 609 1455 778 1503; x_wconf 88' lang='lat' dir='ltr'>quidem,</span> <span class='ocrx_word' id='word_1_152' title='bbox 801 1455 881 1492; x_wconf 90' lang='lat' dir='ltr'>sine</span> <span class='ocrx_word' id='word_1_153' title='bbox 911 1468 987 1504; x_wconf 88' lang='lat' dir='ltr'>qua</span> <span class='ocrx_word' id='word_1_154' title='bbox 1008 1455 1143 1492; x_wconf 85' lang='lat' dir='ltr'>caritas</span> <span class='ocrx_word' id='word_1_155' title='bbox 1164 1468 1247 1492; x_wconf 89' lang='lat' dir='ltr'>esse</span> <span class='ocrx_word' id='word_1_156' title='bbox 1273 1467 1351 1492; x_wconf 92' lang='lat' dir='ltr'>non</span> 
     </span>
    </p>
   </div>
   <div class='ocr_carea' id='block_1_7' title="bbox 330 1587 1185 1724">
    <p class='ocr_par' dir='ltr' id='par_1_11' title="bbox 330 1587 1185 1724">
     <span class='ocr_line' id='line_1_26' title="bbox 332 1587 1051 1620; baseline 0.001 -9"><span class='ocrx_word' id='word_1_157' title='bbox 332 1588 359 1617; x_wconf 86' lang='grc' dir='ltr'>α)</span> <span class='ocrx_word' id='word_1_158' title='bbox 379 1587 532 1612; x_wconf 79' lang='lat' dir='ltr'>secundum.</span> <span class='ocrx_word' id='word_1_159' title='bbox 545 1600 563 1606; x_wconf 90' lang='lat'>-</span> <span class='ocrx_word' id='word_1_160' title='bbox 582 1588 629 1612; x_wconf 82' lang='lat' dir='ltr'>sed</span> <span class='ocrx_word' id='word_1_161' title='bbox 648 1587 870 1620; x_wconf 84' lang='lat' dir='ltr'>BEFHIKLpAC,</span> <span class='ocrx_word' id='word_1_162' title='bbox 886 1590 1002 1619; x_wconf 85' lang='lat' dir='ltr'>propter</span> <span class='ocrx_word' id='word_1_163' title='bbox 1020 1587 1051 1612; x_wconf 94' lang='lat' dir='ltr'>D.</span> 
     </span>
     <span class='ocr_line' id='line_1_27' title="bbox 333 1623 662 1655; baseline 0.006 -9"><span class='ocrx_word' id='word_1_164' title='bbox 333 1624 357 1655; x_wconf 63' lang='lat'>2²)</span> <span class='ocrx_word' id='word_1_165' title='bbox 379 1623 480 1647; x_wconf 88' lang='lat' dir='ltr'>modus.</span> <span class='ocrx_word' id='word_1_166' title='bbox 495 1637 512 1641; x_wconf 91' lang='lat'>-</span> <span class='ocrx_word' id='word_1_167' title='bbox 528 1625 616 1648; x_wconf 84' lang='lat' dir='ltr'>status</span> <span class='ocrx_word' id='word_1_168' title='bbox 636 1623 662 1648; x_wconf 83' lang='grc' dir='ltr'>Ρ.</span> 
     </span>
     <span class='ocr_line' id='line_1_28' title="bbox 330 1658 1185 1724; baseline 0 -41"><span class='ocrx_word' id='word_1_169' title='bbox 330 1662 355 1724; x_wconf 55' lang='lat'>{3</span> <span class='ocrx_word' id='word_1_170' title='bbox 375 1662 445 1719; x_wconf 46' lang='lat' dir='ltr'>Ztcti-a:</span> <span class='ocrx_word' id='word_1_171' title='bbox 458 1666 598 1718; x_wconf 47' lang='lat' dir='ltr'>{eisegzper</span> <span class='ocrx_word' id='word_1_172' title='bbox 616 1661 678 1683; x_wconf 84' lang='lat' dir='ltr'>actu</span> <span class='ocrx_word' id='word_1_173' title='bbox 698 1658 757 1688; x_wconf 85' lang='lat' dir='ltr'>AE;</span> <span class='ocrx_word' id='word_1_174' title='bbox 778 1658 804 1683; x_wconf 87' lang='lat' dir='ltr'>in</span> <span class='ocrx_word' id='word_1_175' title='bbox 825 1659 939 1684; x_wconf 83' lang='lat' dir='ltr'>Deum...</span> <span class='ocrx_word' id='word_1_176' title='bbox 953 1658 1065 1692; x_wconf 81' lang='lat' dir='ltr'>feratur</span> <span class='ocrx_word' id='word_1_177' title='bbox 1083 1665 1136 1683; x_wconf 89' lang='lat' dir='ltr'>om.</span> <span class='ocrx_word' id='word_1_178' title='bbox 1156 1658 1185 1683; x_wconf 90' lang='lat' dir='ltr'>B.</span> 
     </span>
    </p>
   </div>
   <div class='ocr_carea' id='block_1_8' title="bbox 903 246 1846 294">
    <p class='ocr_par' dir='ltr' id='par_1_12' title="bbox 903 246 1846 294">
     <span class='ocr_line' id='line_1_29' title="bbox 903 246 1846 294; baseline 0.006 -12"><span class='ocrx_word' id='word_1_179' title='bbox 903 246 1172 292; x_wconf 87' lang='lat' dir='ltr'><strong>QUAESTIO</strong></span> <span class='ocrx_word' id='word_1_180' title='bbox 1206 246 1454 294; x_wconf 86' lang='lat' dir='ltr'>CLXXXIV,</span> <span class='ocrx_word' id='word_1_181' title='bbox 1483 249 1784 287; x_wconf 91' lang='lat' dir='ltr'>ARTICULUS</span> <span class='ocrx_word' id='word_1_182' title='bbox 1814 252 1846 287; x_wconf 90' lang='lat'>11</span> 
     </span>
    </p>
   </div>
   <div class='ocr_carea' id='block_1_9' title="bbox 1378 329 2484 1452">
    <p class='ocr_par' dir='ltr' id='par_1_13' title="bbox 1410 329 2484 433">
     <span class='ocr_line' id='line_1_30' title="bbox 1410 329 2484 375; baseline 0.006 -12"><span class='ocrx_word' id='word_1_183' title='bbox 1410 334 1556 375; x_wconf 86' lang='lat' dir='ltr'>potest:</span> <span class='ocrx_word' id='word_1_184' title='bbox 1598 336 1638 365; x_wconf 92' lang='lat' dir='ltr'>ut</span> <span class='ocrx_word' id='word_1_185' title='bbox 1666 329 1806 366; x_wconf 89' lang='lat' dir='ltr'>scilicet</span> <span class='ocrx_word' id='word_1_186' title='bbox 1832 331 1954 367; x_wconf 89' lang='lat' dir='ltr'>homo</span> <span class='ocrx_word' id='word_1_187' title='bbox 1983 330 2075 367; x_wconf 89' lang='lat' dir='ltr'>nihil</span> <span class='ocrx_word' id='word_1_188' title='bbox 2109 331 2249 368; x_wconf 87' lang='lat' dir='ltr'>habeat</span> <span class='ocrx_word' id='word_1_189' title='bbox 2277 331 2316 368; x_wconf 92' lang='lat' dir='ltr'>in</span> <span class='ocrx_word' id='word_1_190' title='bbox 2344 331 2484 370; x_wconf 81' lang='lat' dir='ltr'>affectu</span> 
     </span>
     <span class='ocr_line' id='line_1_31' title="bbox 1411 381 2276 433; baseline 0.006 -17"><span class='ocrx_word' id='word_1_191' title='bbox 1411 381 1515 428; x_wconf 92' lang='lat' dir='ltr'>quod</span> <span class='ocrx_word' id='word_1_192' title='bbox 1545 381 1591 418; x_wconf 91' lang='lat' dir='ltr'>sit</span> <span class='ocrx_word' id='word_1_193' title='bbox 1620 383 1851 420; x_wconf 91' lang='lat' dir='ltr'>eontrarium</span> <span class='ocrx_word' id='word_1_194' title='bbox 1882 384 2072 421; x_wconf 91' lang='lat' dir='ltr'>dilectioni</span> <span class='ocrx_word' id='word_1_195' title='bbox 2098 384 2276 433; x_wconf 85' lang='lat' dir='ltr'>proximi.</span> 
     </span>
    </p>

    <p class='ocr_par' dir='ltr' id='par_1_14' title="bbox 1378 434 2483 1452">
     <span class='ocr_line' id='line_1_32' title="bbox 1463 434 2482 487; baseline 0.005 -17"><span class='ocrx_word' id='word_1_196' title='bbox 1463 434 1547 471; x_wconf 87' lang='lat' dir='ltr'>Alia</span> <span class='ocrx_word' id='word_1_197' title='bbox 1577 442 1729 482; x_wconf 86' lang='lat' dir='ltr'>autem,</span> <span class='ocrx_word' id='word_1_198' title='bbox 1759 436 1840 473; x_wconf 90' lang='lat' dir='ltr'>sine</span> <span class='ocrx_word' id='word_1_199' title='bbox 1874 450 1950 486; x_wconf 88' lang='lat' dir='ltr'>qua</span> <span class='ocrx_word' id='word_1_200' title='bbox 1989 438 2124 474; x_wconf 88' lang='lat' dir='ltr'>caritas</span> <span class='ocrx_word' id='word_1_201' title='bbox 2153 437 2315 475; x_wconf 89' lang='lat' dir='ltr'>inveniri</span> <span class='ocrx_word' id='word_1_202' title='bbox 2341 446 2482 487; x_wconf 91' lang='lat' dir='ltr'>potest:</span> 
     </span>
     <span class='ocr_line' id='line_1_33' title="bbox 1409 487 2482 540; baseline 0.005 -17"><span class='ocrx_word' id='word_1_203' title='bbox 1409 499 1508 535; x_wconf 90' lang='lat' dir='ltr'>quae</span> <span class='ocrx_word' id='word_1_204' title='bbox 1530 487 1687 536; x_wconf 87' lang='lat' dir='ltr'>quidem</span> <span class='ocrx_word' id='word_1_205' title='bbox 1706 490 1911 527; x_wconf 90' lang='lat' dir='ltr'>attenditur</span> <span class='ocrx_word' id='word_1_206' title='bbox 1930 491 2135 540; x_wconf 89' lang='lat' dir='ltr'>tripliciter.</span> <span class='ocrx_word' id='word_1_207' title='bbox 2162 491 2292 528; x_wconf 91' lang='lat' dir='ltr'>Primo</span> <span class='ocrx_word' id='word_1_208' title='bbox 2313 491 2482 539; x_wconf 86' lang='lat' dir='ltr'>quidem,</span> 
     </span>
     <span class='ocr_line' id='line_1_34' title="bbox 1409 541 2483 582; baseline 0.005 -5"><span class='ocrx_word' id='word_1_209' title='bbox 1409 541 1623 578; x_wconf 90' lang='lat' dir='ltr'>secundum</span> <span class='ocrx_word' id='word_1_210' title='bbox 1654 543 1917 580; x_wconf 89' lang='lat' dir='ltr'>extensionem</span> <span class='ocrx_word' id='word_1_211' title='bbox 1937 544 2169 582; x_wconf 90' lang='lat' dir='ltr'>dilectionis:</span> <span class='ocrx_word' id='word_1_212' title='bbox 2200 553 2241 582; x_wconf 92' lang='lat' dir='ltr'>ut</span> <span class='ocrx_word' id='word_1_213' title='bbox 2260 545 2399 582; x_wconf 91' lang='lat' dir='ltr'>scilicet</span> <span class='ocrx_word' id='word_1_214' title='bbox 2418 545 2483 582; x_wconf 87' lang='lat' dir='ltr'>ali-</span> 
     </span>
     <span class='ocr_line' id='line_1_35' title="bbox 1409 594 2482 646; baseline 0.005 -16"><span class='ocrx_word' id='word_1_215' title='bbox 1409 594 1494 642; x_wconf 92' lang='lat' dir='ltr'>quis</span> <span class='ocrx_word' id='word_1_216' title='bbox 1515 607 1593 631; x_wconf 92' lang='lat' dir='ltr'>non</span> <span class='ocrx_word' id='word_1_217' title='bbox 1614 596 1741 632; x_wconf 92' lang='lat' dir='ltr'>solum</span> <span class='ocrx_word' id='word_1_218' title='bbox 1763 596 1890 644; x_wconf 87' lang='lat' dir='ltr'>diligat</span> <span class='ocrx_word' id='word_1_219' title='bbox 1908 597 2054 635; x_wconf 89' lang='lat' dir='ltr'>amicos</span> <span class='ocrx_word' id='word_1_220' title='bbox 2076 606 2112 635; x_wconf 93' lang='lat' dir='ltr'>et</span> <span class='ocrx_word' id='word_1_221' title='bbox 2131 606 2255 646; x_wconf 91' lang='lat' dir='ltr'>notos,</span> <span class='ocrx_word' id='word_1_222' title='bbox 2278 599 2346 635; x_wconf 92' lang='lat' dir='ltr'>sed</span> <span class='ocrx_word' id='word_1_223' title='bbox 2367 598 2482 636; x_wconf 91' lang='lat' dir='ltr'>etiam</span> 
     </span>
     <span class='ocr_line' id='line_1_36' title="bbox 1409 649 2482 699; baseline 0.005 -15"><span class='ocrx_word' id='word_1_224' title='bbox 1409 655 1621 695; x_wconf 81' lang='lat' dir='ltr'>extraneOS,</span> <span class='ocrx_word' id='word_1_225' title='bbox 1644 656 1679 685; x_wconf 92' lang='lat' dir='ltr'>et</span> <span class='ocrx_word' id='word_1_226' title='bbox 1706 649 1862 686; x_wconf 90' lang='lat' dir='ltr'>ulterius</span> <span class='ocrx_word' id='word_1_227' title='bbox 1882 650 2068 688; x_wconf 90' lang='lat' dir='ltr'>inimicos.</span> <span class='ocrx_word' id='word_1_228' title='bbox 2100 653 2187 689; x_wconf 91' lang='lat' dir='ltr'>Hoc</span> <span class='ocrx_word' id='word_1_229' title='bbox 2208 652 2323 699; x_wconf 88' lang='lat' dir='ltr'>enim,</span> <span class='ocrx_word' id='word_1_230' title='bbox 2345 659 2385 688; x_wconf 91' lang='lat' dir='ltr'>ut</span> <span class='ocrx_word' id='word_1_231' title='bbox 2404 654 2482 688; x_wconf 92' lang='lat' dir='ltr'>Au-</span> 
     </span>
     <span class='ocr_line' id='line_1_37' title="bbox 1407 702 2482 754; baseline 0.005 -16"><span class='ocrx_word' id='word_1_232' title='bbox 1407 702 1579 750; x_wconf 88' lang='lat' dir='ltr'>gustinus</span> <span class='ocrx_word' id='word_1_233' title='bbox 1608 702 1709 749; x_wconf 90' lang='lat' dir='ltr'>dicit,</span> <span class='ocrx_word' id='word_1_234' title='bbox 1739 702 1776 739; x_wconf 91' lang='lat' dir='ltr'>in</span> <span class='ocrx_word' id='word_1_235' title='bbox 1805 704 1999 741; x_wconf 86' lang='lat' dir='ltr'>Enchirid.</span> <span class='ocrx_word' id='word_1_236' title='bbox 2021 704 2052 751; x_wconf 66' lang='lat'>²¹⁹,</span> <span class='ocrx_word' id='word_1_237' title='bbox 2083 713 2138 742; x_wconf 92' lang='lat' dir='ltr'>est</span> <span class='ocrx_word' id='word_1_238' title='bbox 2160 707 2419 754; x_wconf 86' lang='lat' dir='ltr'>perfectorum</span> <span class='ocrx_word' id='word_1_239' title='bbox 2428 707 2482 754; x_wconf 89' lang='lat' dir='ltr'>fi-</span> 
     </span>
     <span class='ocr_line' id='line_1_38' title="bbox 1408 755 2482 804; baseline 0.005 -13"><span class='ocrx_word' id='word_1_240' title='bbox 1408 755 1546 792; x_wconf 86' lang='lat' dir='ltr'>liorum</span> <span class='ocrx_word' id='word_1_241' title='bbox 1567 756 1651 792; x_wconf 87' lang='lat' dir='ltr'>Dei.</span> <span class='ocrx_word' id='word_1_242' title='bbox 1665 774 1699 784; x_wconf 59' lang='lat'>¹-</span> <span class='ocrx_word' id='word_1_243' title='bbox 1719 756 1914 804; x_wconf 90' lang='lat' dir='ltr'>Secundo,</span> <span class='ocrx_word' id='word_1_244' title='bbox 1937 758 2150 795; x_wconf 90' lang='lat' dir='ltr'>secundum</span> <span class='ocrx_word' id='word_1_245' title='bbox 2170 763 2183 780; x_wconf 80' lang='lat'>²</span> <span class='ocrx_word' id='word_1_246' title='bbox 2202 759 2457 796; x_wconf 89' lang='lat' dir='ltr'>intensionem</span> <span class='ocrx_word' id='word_1_247' title='bbox 2474 773 2482 796; x_wconf 77' lang='grc' dir='ltr'><strong><em>ε</em></strong></span> 
     </span>
     <span class='ocr_line' id='line_1_39' title="bbox 1408 809 2482 862; baseline 0.005 -17"><span class='ocrx_word' id='word_1_248' title='bbox 1408 821 1507 858; x_wconf 88' lang='lat' dir='ltr'>quae</span> <span class='ocrx_word' id='word_1_249' title='bbox 1538 809 1750 846; x_wconf 90' lang='lat' dir='ltr'>ostenditur</span> <span class='ocrx_word' id='word_1_250' title='bbox 1778 821 1823 846; x_wconf 89' lang='lat' dir='ltr'>ex</span> <span class='ocrx_word' id='word_1_251' title='bbox 1851 810 1910 846; x_wconf 89' lang='lat' dir='ltr'>his</span> <span class='ocrx_word' id='word_1_252' title='bbox 1938 823 2038 860; x_wconf 92' lang='lat' dir='ltr'>quae</span> <span class='ocrx_word' id='word_1_253' title='bbox 2067 812 2188 848; x_wconf 91' lang='lat' dir='ltr'>homo</span> <span class='ocrx_word' id='word_1_254' title='bbox 2208 820 2366 861; x_wconf 91' lang='lat' dir='ltr'>propter</span> <span class='ocrx_word' id='word_1_255' title='bbox 2394 825 2482 862; x_wconf 91' lang='lat' dir='ltr'>pro-</span> 
     </span>
     <span class='ocr_line' id='line_1_40' title="bbox 1407 862 2481 908; baseline 0.005 -9"><span class='ocrx_word' id='word_1_256' title='bbox 1407 862 1555 899; x_wconf 91' lang='lat' dir='ltr'>ximum</span> <span class='ocrx_word' id='word_1_257' title='bbox 1586 863 1815 908; x_wconf 87' lang='lat' dir='ltr'>contemnit;</span> <span class='ocrx_word' id='word_1_258' title='bbox 1853 871 1895 900; x_wconf 92' lang='lat' dir='ltr'>ut</span> <span class='ocrx_word' id='word_1_259' title='bbox 1923 863 2062 901; x_wconf 90' lang='lat' dir='ltr'>scilicet</span> <span class='ocrx_word' id='word_1_260' title='bbox 2090 865 2210 902; x_wconf 91' lang='lat' dir='ltr'>homo</span> <span class='ocrx_word' id='word_1_261' title='bbox 2240 878 2319 903; x_wconf 92' lang='lat' dir='ltr'>non</span> <span class='ocrx_word' id='word_1_262' title='bbox 2355 867 2481 904; x_wconf 90' lang='lat' dir='ltr'>solum</span> 
     </span>
     <span class='ocr_line' id='line_1_41' title="bbox 1408 917 2482 967; baseline 0.005 -15"><span class='ocrx_word' id='word_1_263' title='bbox 1408 924 1630 953; x_wconf 88' lang='lat' dir='ltr'>contemnat</span> <span class='ocrx_word' id='word_1_264' title='bbox 1649 917 1836 954; x_wconf 88' lang='lat' dir='ltr'>exteriora</span> <span class='ocrx_word' id='word_1_265' title='bbox 1857 918 1960 954; x_wconf 90' lang='lat' dir='ltr'>bona</span> <span class='ocrx_word' id='word_1_266' title='bbox 1979 926 2136 966; x_wconf 90' lang='lat' dir='ltr'>propter</span> <span class='ocrx_word' id='word_1_267' title='bbox 2160 919 2392 967; x_wconf 89' lang='lat' dir='ltr'>proximum,</span> <span class='ocrx_word' id='word_1_268' title='bbox 2414 920 2482 958; x_wconf 91' lang='lat' dir='ltr'>sed</span> 
     </span>
     <span class='ocr_line' id='line_1_42' title="bbox 1408 970 2481 1020; baseline 0.004 -14"><span class='ocrx_word' id='word_1_269' title='bbox 1408 970 1522 1007; x_wconf 89' lang='lat' dir='ltr'>etiam</span> <span class='ocrx_word' id='word_1_270' title='bbox 1552 970 1778 1007; x_wconf 85' lang='lat' dir='ltr'>afflictiones</span> <span class='ocrx_word' id='word_1_271' title='bbox 1806 972 2036 1020; x_wconf 87' lang='lat' dir='ltr'>corporales,</span> <span class='ocrx_word' id='word_1_272' title='bbox 2058 979 2094 1008; x_wconf 89' lang='lat' dir='ltr'>et</span> <span class='ocrx_word' id='word_1_273' title='bbox 2117 972 2274 1009; x_wconf 89' lang='lat' dir='ltr'>ulterius</span> <span class='ocrx_word' id='word_1_274' title='bbox 2302 981 2481 1020; x_wconf 86' lang='lat' dir='ltr'>mortem,</span> 
     </span>
     <span class='ocr_line' id='line_1_43' title="bbox 1407 1023 2482 1064; baseline 0.003 -4"><span class='ocrx_word' id='word_1_275' title='bbox 1407 1024 1622 1061; x_wconf 91' lang='lat' dir='ltr'>secundum</span> <span class='ocrx_word' id='word_1_276' title='bbox 1652 1023 1743 1061; x_wconf 91' lang='lat' dir='ltr'>illud</span> <span class='ocrx_word' id='word_1_277' title='bbox 1764 1025 1870 1062; x_wconf 90' lang='lat' dir='ltr'>Ioan.</span> <span class='ocrx_word' id='word_1_278' title='bbox 1891 1036 1940 1061; x_wconf 89' lang='lat' dir='ltr'>xv</span> <span class='ocrx_word' id='word_1_279' title='bbox 1957 1024 1996 1061; x_wconf 74' lang='grc' dir='ltr'>*ε</span> <span class='ocrx_word' id='word_1_280' title='bbox 2025 1026 2221 1063; x_wconf 85' lang='lat' dir='ltr'>Maiorem</span> <span class='ocrx_word' id='word_1_281' title='bbox 2247 1025 2482 1064; x_wconf 82' lang='lat' dir='ltr'>dilectionem</span> 
     </span>
     <span class='ocr_line' id='line_1_44' title="bbox 1407 1078 2483 1129; baseline 0.003 -15"><span class='ocrx_word' id='word_1_282' title='bbox 1407 1090 1517 1115; x_wconf 87' lang='lat' dir='ltr'>nemo</span> <span class='ocrx_word' id='word_1_283' title='bbox 1554 1078 1668 1114; x_wconf 87' lang='lat' dir='ltr'>habet</span> <span class='ocrx_word' id='word_1_284' title='bbox 1694 1089 1810 1126; x_wconf 86' lang='lat' dir='ltr'>quam</span> <span class='ocrx_word' id='word_1_285' title='bbox 1841 1084 1881 1115; x_wconf 86' lang='lat' dir='ltr'>ut</span> <span class='ocrx_word' id='word_1_286' title='bbox 1905 1078 2076 1116; x_wconf 88' lang='lat' dir='ltr'>animam</span> <span class='ocrx_word' id='word_1_287' title='bbox 2109 1091 2219 1116; x_wconf 89' lang='lat' dir='ltr'>suam</span> <span class='ocrx_word' id='word_1_288' title='bbox 2243 1085 2366 1128; x_wconf 86' lang='lat' dir='ltr'>ponat</span> <span class='ocrx_word' id='word_1_289' title='bbox 2400 1081 2483 1129; x_wconf 81' lang='lat' dir='ltr'>quis</span> 
     </span>
     <span class='ocr_line' id='line_1_45' title="bbox 1400 1131 2483 1181; baseline 0.003 -13"><span class='ocrx_word' id='word_1_290' title='bbox 1400 1143 1475 1180; x_wconf 84' lang='lat' dir='ltr'>pro</span> <span class='ocrx_word' id='word_1_291' title='bbox 1503 1131 1636 1168; x_wconf 87' lang='lat' dir='ltr'>amicis</span> <span class='ocrx_word' id='word_1_292' title='bbox 1663 1132 1751 1168; x_wconf 90' lang='lat' dir='ltr'>suis.</span> <span class='ocrx_word' id='word_1_293' title='bbox 1783 1153 1806 1159; x_wconf 97' lang='lat'>-</span> <span class='ocrx_word' id='word_1_294' title='bbox 1835 1131 1979 1178; x_wconf 89' lang='lat' dir='ltr'>Tertio,</span> <span class='ocrx_word' id='word_1_295' title='bbox 2010 1141 2196 1181; x_wconf 86' lang='lat' dir='ltr'>quantum</span> <span class='ocrx_word' id='word_1_296' title='bbox 2225 1134 2272 1171; x_wconf 88' lang='lat' dir='ltr'>ad</span> <span class='ocrx_word' id='word_1_297' title='bbox 2303 1132 2483 1171; x_wconf 87' lang='lat' dir='ltr'>effectum</span> 
     </span>
     <span class='ocr_line' id='line_1_46' title="bbox 1408 1185 2483 1235; baseline 0.002 -13"><span class='ocrx_word' id='word_1_298' title='bbox 1408 1185 1636 1223; x_wconf 87' lang='lat' dir='ltr'>dilectionis:</span> <span class='ocrx_word' id='word_1_299' title='bbox 1665 1193 1706 1222; x_wconf 92' lang='lat' dir='ltr'>ut</span> <span class='ocrx_word' id='word_1_300' title='bbox 1725 1185 1865 1222; x_wconf 90' lang='lat' dir='ltr'>scilicet</span> <span class='ocrx_word' id='word_1_301' title='bbox 1892 1186 2015 1223; x_wconf 88' lang='lat' dir='ltr'>homo</span> <span class='ocrx_word' id='word_1_302' title='bbox 2039 1186 2224 1235; x_wconf 89' lang='lat' dir='ltr'>proximis</span> <span class='ocrx_word' id='word_1_303' title='bbox 2245 1185 2257 1212; x_wconf 69' lang='grc' dir='ltr'><strong>ῑ</strong></span> <span class='ocrx_word' id='word_1_304' title='bbox 2285 1186 2483 1235; x_wconf 85' lang='lat' dir='ltr'>impendat</span> 
     </span>
     <span class='ocr_line' id='line_1_47' title="bbox 1407 1239 2482 1290; baseline 0.003 -15"><span class='ocrx_word' id='word_1_305' title='bbox 1407 1252 1484 1276; x_wconf 91' lang='lat' dir='ltr'>non</span> <span class='ocrx_word' id='word_1_306' title='bbox 1515 1240 1639 1276; x_wconf 92' lang='lat' dir='ltr'>solum</span> <span class='ocrx_word' id='word_1_307' title='bbox 1668 1239 1895 1288; x_wconf 87' lang='lat' dir='ltr'>temporalia</span> <span class='ocrx_word' id='word_1_308' title='bbox 1925 1239 2133 1286; x_wconf 87' lang='lat' dir='ltr'>beneficia,</span> <span class='ocrx_word' id='word_1_309' title='bbox 2163 1240 2231 1278; x_wconf 88' lang='lat' dir='ltr'>sed</span> <span class='ocrx_word' id='word_1_310' title='bbox 2261 1240 2376 1278; x_wconf 89' lang='lat' dir='ltr'>etiam</span> <span class='ocrx_word' id='word_1_311' title='bbox 2406 1241 2482 1290; x_wconf 89' lang='lat' dir='ltr'>spi·</span> 
     </span>
     <span class='ocr_line' id='line_1_48' title="bbox 1378 1291 2483 1344; baseline 0.002 -14"><span class='ocrx_word' id='word_1_312' title='bbox 1378 1291 1379 1294; x_wconf 67' lang='grc'>’</span> <span class='ocrx_word' id='word_1_313' title='bbox 1407 1293 1568 1341; x_wconf 81' lang='lat' dir='ltr'>ritualia,</span> <span class='ocrx_word' id='word_1_314' title='bbox 1590 1301 1626 1329; x_wconf 94' lang='lat' dir='ltr'>et</span> <span class='ocrx_word' id='word_1_315' title='bbox 1643 1292 1800 1330; x_wconf 87' lang='lat' dir='ltr'>ulterius</span> <span class='ocrx_word' id='word_1_316' title='bbox 1820 1292 2003 1342; x_wconf 87' lang='lat' dir='ltr'>seipsum,</span> <span class='ocrx_word' id='word_1_317' title='bbox 2031 1294 2246 1331; x_wconf 89' lang='lat' dir='ltr'>secundum</span> <span class='ocrx_word' id='word_1_318' title='bbox 2265 1293 2365 1332; x_wconf 81' lang='lat' dir='ltr'>illud&#39;</span> <span class='ocrx_word' id='word_1_319' title='bbox 2377 1296 2483 1344; x_wconf 91' lang='lat' dir='ltr'>Apo-</span> 
     </span>
     <span class='ocr_line' id='line_1_49' title="bbox 1406 1346 2482 1398; baseline 0.002 -15"><span class='ocrx_word' id='word_1_320' title='bbox 1406 1347 1503 1393; x_wconf 91' lang='lat' dir='ltr'>stoli,</span> <span class='ocrx_word' id='word_1_321' title='bbox 1525 1347 1556 1383; x_wconf 90' lang='grc' dir='ltr'>ΙΙ</span> <span class='ocrx_word' id='word_1_322' title='bbox 1578 1347 1630 1384; x_wconf 89' lang='lat' dir='ltr'>ad</span> <span class='ocrx_word' id='word_1_323' title='bbox 1652 1347 1739 1384; x_wconf 87' lang='lat' dir='ltr'>Cor.</span> <span class='ocrx_word' id='word_1_324' title='bbox 1760 1359 1808 1384; x_wconf 84' lang='lat' dir='ltr'>xn</span> <span class='ocrx_word' id='word_1_325' title='bbox 1827 1346 1868 1384; x_wconf 77' lang='lat' dir='ltr'>*t</span> <span class='ocrx_word' id='word_1_326' title='bbox 1896 1347 1984 1398; x_wconf 79' lang='lat' dir='ltr'>Ego</span> <span class='ocrx_word' id='word_1_327' title='bbox 2009 1353 2135 1384; x_wconf 87' lang='lat' dir='ltr'>autem</span> <span class='ocrx_word' id='word_1_328' title='bbox 2154 1346 2394 1385; x_wconf 84' lang='lat' dir='ltr'>libentissime</span> <span class='ocrx_word' id='word_1_329' title='bbox 2413 1348 2482 1385; x_wconf 89' lang='lat' dir='ltr'>im-</span> 
     </span>
     <span class='ocr_line' id='line_1_50' title="bbox 1378 1401 2483 1452; baseline 0.003 -15"><span class='ocrx_word' id='word_1_330' title='bbox 1378 1409 1379 1417; x_wconf 62' lang='lat'><em>*</em></span> <span class='ocrx_word' id='word_1_331' title='bbox 1402 1401 1568 1449; x_wconf 86' lang='lat' dir='ltr'>pendam</span> <span class='ocrx_word' id='word_1_332' title='bbox 1581 1429 1590 1446; x_wconf 91' lang='lat'><em>‚</em></span> <span class='ocrx_word' id='word_1_333' title='bbox 1629 1406 1666 1437; x_wconf 91' lang='lat' dir='ltr'>et</span> <span class='ocrx_word' id='word_1_334' title='bbox 1698 1401 2014 1452; x_wconf 74' lang='lat' dir='ltr'>superimpendar</span> <span class='ocrx_word' id='word_1_335' title='bbox 2054 1401 2132 1450; x_wconf 85' lang='lat' dir='ltr'>ipse</span> <span class='ocrx_word' id='word_1_336' title='bbox 2162 1413 2238 1450; x_wconf 86' lang='lat' dir='ltr'>pro</span> <span class='ocrx_word' id='word_1_337' title='bbox 2279 1402 2483 1440; x_wconf 83' lang='lat' dir='ltr'>animabus</span> 
     </span>
    </p>
   </div>
   <div class='ocr_carea' id='block_1_10' title="bbox 1376 584 1384 1495">
    <p class='ocr_par' dir='ltr' id='par_1_15' title="bbox 1376 584 1384 1495">
     <span class='ocr_line' id='line_1_51' title="bbox 1376 584 1384 1495; baseline 0 0"><span class='ocrx_word' id='word_1_338' title='bbox 1376 584 1384 1495; x_wconf 95' lang='lat' dir='ltr'> </span> 
     </span>
    </p>
   </div>
   <div class='ocr_carea' id='block_1_11' title="bbox 1407 1455 1550 1491">
    <p class='ocr_par' dir='ltr' id='par_1_16' title="bbox 1407 1455 1550 1491">
     <span class='ocr_line' id='line_1_52' title="bbox 1407 1455 1550 1491; baseline -0.007 0"><span class='ocrx_word' id='word_1_339' title='bbox 1407 1455 1550 1491; x_wconf 83' lang='lat' dir='ltr'>vestris.</span> 
     </span>
    </p>
   </div>
   <div class='ocr_carea' id='block_1_12' title="bbox 1459 1586 2481 1619">
    <p class='ocr_par' dir='ltr' id='par_1_17' title="bbox 1459 1586 2481 1619">
     <span class='ocr_line' id='line_1_53' title="bbox 1459 1586 2481 1619; baseline 0.002 -8"><span class='ocrx_word' id='word_1_340' title='bbox 1459 1587 1482 1619; x_wconf 81' lang='grc' dir='ltr'>ε)</span> <span class='ocrx_word' id='word_1_341' title='bbox 1501 1586 1687 1612; x_wconf 65' lang='lat' dir='ltr'>secundum-</span> <span class='ocrx_word' id='word_1_342' title='bbox 1706 1586 1767 1611; x_wconf 88' lang='lat' dir='ltr'>Om.</span> <span class='ocrx_word' id='word_1_343' title='bbox 1788 1586 1957 1619; x_wconf 83' lang='lat' dir='ltr'>ABFKLpE;</span> <span class='ocrx_word' id='word_1_344' title='bbox 1979 1594 2026 1619; x_wconf 86' lang='lat' dir='ltr'>pro</span> <span class='ocrx_word' id='word_1_345' title='bbox 2046 1587 2236 1617; x_wconf 80' lang='lat' dir='ltr'>intensionem,</span> <span class='ocrx_word' id='word_1_346' title='bbox 2258 1588 2432 1613; x_wconf 79' lang='lat' dir='ltr'>intentionem</span> <span class='ocrx_word' id='word_1_347' title='bbox 2454 1588 2481 1618; x_wconf 84' lang='grc' dir='ltr'>Ρ,</span> 
     </span>
    </p>
   </div>
   <div class='ocr_carea' id='block_1_13' title="bbox 1376 1622 2223 1696">
    <p class='ocr_par' dir='ltr' id='par_1_18' title="bbox 1376 1622 2223 1696">
     <span class='ocr_line' id='line_1_54' title="bbox 1405 1622 1642 1648; baseline 0.004 -1"><span class='ocrx_word' id='word_1_348' title='bbox 1405 1622 1590 1647; x_wconf 80' lang='lat' dir='ltr'>extensionem</span> <span class='ocrx_word' id='word_1_349' title='bbox 1610 1622 1642 1648; x_wconf 91' lang='lat' dir='ltr'>G.</span> 
     </span>
     <span class='ocr_line' id='line_1_55' title="bbox 1376 1657 2223 1696; baseline 0.001 -13"><span class='ocrx_word' id='word_1_350' title='bbox 1376 1671 1378 1696; x_wconf 73' lang='grc' dir='ltr'>Ι</span> <span class='ocrx_word' id='word_1_351' title='bbox 1458 1657 1484 1691; x_wconf 81' lang='grc' dir='ltr'>ζ)</span> <span class='ocrx_word' id='word_1_352' title='bbox 1499 1658 1680 1690; x_wconf 71' lang='lat' dir='ltr'>pro-rimis.-</span> <span class='ocrx_word' id='word_1_353' title='bbox 1698 1658 1724 1682; x_wconf 83' lang='lat' dir='ltr'>in</span> <span class='ocrx_word' id='word_1_354' title='bbox 1741 1658 1882 1690; x_wconf 77' lang='lat' dir='ltr'>proximis</span> <span class='ocrx_word' id='word_1_355' title='bbox 1901 1658 1934 1688; x_wconf 80' lang='lat' dir='ltr'>H.</span> <span class='ocrx_word' id='word_1_356' title='bbox 1949 1665 2003 1690; x_wconf 82' lang='lat' dir='ltr'>pro</span> <span class='ocrx_word' id='word_1_357' title='bbox 2018 1658 2158 1690; x_wconf 79' lang='lat' dir='ltr'>proximis</span> <span class='ocrx_word' id='word_1_358' title='bbox 2178 1659 2223 1684; x_wconf 84' lang='lat' dir='ltr'>Pa.</span> 
     </span>
    </p>
   </div>
   <div class='ocr_carea' id='block_1_14' title="bbox 960 1771 1801 1805">
    <p class='ocr_par' dir='ltr' id='par_1_19' title="bbox 960 1771 1801 1805">
     <span class='ocr_line' id='line_1_56' title="bbox 960 1771 1801 1805; baseline -0.002 0"><span class='ocrx_word' id='word_1_359' title='bbox 960 1773 1297 1805; x_wconf 77' lang='lat' dir='ltr'>Commentaria</span> <span class='ocrx_word' id='word_1_360' title='bbox 1320 1771 1575 1805; x_wconf 78' lang='lat' dir='ltr'>Cardinalis</span> <span class='ocrx_word' id='word_1_361' title='bbox 1599 1772 1801 1805; x_wconf 74' lang='lat' dir='ltr'>Caietam</span> 
     </span>
    </p>
   </div>
   <div class='ocr_carea' id='block_1_15' title="bbox 270 1851 1350 2877">
    <p class='ocr_par' dir='ltr' id='par_1_20' title="bbox 270 1851 1350 2697">
     <span class='ocr_line' id='line_1_57' title="bbox 306 1851 1350 1893; baseline -0.002 -10"><span class='ocrx_word' id='word_1_362' title='bbox 306 1864 324 1883; x_wconf 76' lang='lat' dir='ltr'>N</span> <span class='ocrx_word' id='word_1_363' title='bbox 346 1853 478 1884; x_wconf 83' lang='lat' dir='ltr'>articulo</span> <span class='ocrx_word' id='word_1_364' title='bbox 495 1852 647 1888; x_wconf 91' lang='lat' dir='ltr'>secundo,</span> <span class='ocrx_word' id='word_1_365' title='bbox 673 1852 705 1882; x_wconf 90' lang='lat' dir='ltr'>in</span> <span class='ocrx_word' id='word_1_366' title='bbox 725 1852 934 1893; x_wconf 89' lang='lat' dir='ltr'>responsione</span> <span class='ocrx_word' id='word_1_367' title='bbox 953 1852 994 1882; x_wconf 88' lang='lat' dir='ltr'>ad</span> <span class='ocrx_word' id='word_1_368' title='bbox 1011 1852 1151 1890; x_wconf 90' lang='lat' dir='ltr'>tertium,</span> <span class='ocrx_word' id='word_1_369' title='bbox 1169 1858 1245 1882; x_wconf 90' lang='lat' dir='ltr'>nota</span> <span class='ocrx_word' id='word_1_370' title='bbox 1260 1851 1350 1881; x_wconf 88' lang='lat' dir='ltr'>illam</span> 
     </span>
     <span class='ocr_line' id='line_1_58' title="bbox 279 1867 1350 1938; baseline 0 -12"><span class='ocrx_word' id='word_1_371' title='bbox 279 1867 531 1928; x_wconf 79' lang='lat' dir='ltr'>ldisiunctivam</span> <span class='ocrx_word' id='word_1_372' title='bbox 556 1897 594 1927; x_wconf 91' lang='lat' dir='ltr'>de</span> <span class='ocrx_word' id='word_1_373' title='bbox 619 1907 729 1927; x_wconf 84' lang='lat' dir='ltr'>amore</span> <span class='ocrx_word' id='word_1_374' title='bbox 754 1896 907 1937; x_wconf 86' lang='lat' dir='ltr'>proximi:</span> <span class='ocrx_word' id='word_1_375' title='bbox 943 1896 1073 1938; x_wconf 84' lang='lat' dir='ltr'>Sufficit</span> <span class='ocrx_word' id='word_1_376' title='bbox 1103 1897 1189 1937; x_wconf 84' lang='lat' dir='ltr'>quod</span> <span class='ocrx_word' id='word_1_377' title='bbox 1210 1896 1350 1938; x_wconf 87' lang='lat' dir='ltr'>feratur</span> 
     </span>
     <span class='ocr_line' id='line_1_59' title="bbox 273 1941 1348 1982; baseline -0.002 -9"><span class='ocrx_word' id='word_1_378' title='bbox 273 1942 486 1973; x_wconf 85' lang='lat' dir='ltr'>communiter</span> <span class='ocrx_word' id='word_1_379' title='bbox 509 1942 541 1971; x_wconf 87' lang='lat' dir='ltr'>in</span> <span class='ocrx_word' id='word_1_380' title='bbox 566 1951 677 1972; x_wconf 87' lang='lat' dir='ltr'>omnes</span> <span class='ocrx_word' id='word_1_381' title='bbox 700 1942 731 1971; x_wconf 91' lang='lat' dir='ltr'>in</span> <span class='ocrx_word' id='word_1_382' title='bbox 750 1941 946 1972; x_wconf 80' lang='lat' dir='ltr'>universali:</span> <span class='ocrx_word' id='word_1_383' title='bbox 969 1941 1048 1972; x_wconf 81' lang='lat' dir='ltr'>vel*</span> <span class='ocrx_word' id='word_1_384' title='bbox 1071 1942 1103 1971; x_wconf 87' lang='lat' dir='ltr'>in</span> <span class='ocrx_word' id='word_1_385' title='bbox 1120 1941 1269 1982; x_wconf 82' lang='lat' dir='ltr'>singulos</span> <span class='ocrx_word' id='word_1_386' title='bbox 1292 1941 1348 1971; x_wconf 88' lang='lat' dir='ltr'>ha—</span> 
     </span>
     <span class='ocr_line' id='line_1_60' title="bbox 274 1985 1348 2027; baseline -0.001 -10"><span class='ocrx_word' id='word_1_387' title='bbox 274 1987 439 2018; x_wconf 82' lang='lat' dir='ltr'>bitualiter</span> <span class='ocrx_word' id='word_1_388' title='bbox 454 1991 484 2017; x_wconf 82' lang='lat' dir='ltr'>et</span> <span class='ocrx_word' id='word_1_389' title='bbox 499 1985 676 2017; x_wconf 83' lang='lat' dir='ltr'>secundum</span> <span class='ocrx_word' id='word_1_390' title='bbox 693 1987 823 2017; x_wconf 87' lang='lat' dir='ltr'>animae</span> <span class='ocrx_word' id='word_1_391' title='bbox 836 1987 1134 2027; x_wconf 80' lang='lat' dir='ltr'>praeparationem.</span> <span class='ocrx_word' id='word_1_392' title='bbox 1156 1985 1254 2023; x_wconf 93' lang='lat' dir='ltr'>Quod</span> <span class='ocrx_word' id='word_1_393' title='bbox 1274 1985 1348 2016; x_wconf 87' lang='lat' dir='ltr'>ideo</span> 
     </span>
     <span class='ocr_line' id='line_1_61' title="bbox 273 2029 1348 2071; baseline -0.001 -9"><span class='ocrx_word' id='word_1_394' title='bbox 273 2031 452 2062; x_wconf 87' lang='lat' dir='ltr'>notandum</span> <span class='ocrx_word' id='word_1_395' title='bbox 475 2030 561 2066; x_wconf 90' lang='lat' dir='ltr'>duxi,</span> <span class='ocrx_word' id='word_1_396' title='bbox 586 2040 626 2061; x_wconf 91' lang='lat' dir='ltr'>ne</span> <span class='ocrx_word' id='word_1_397' title='bbox 650 2031 794 2061; x_wconf 88' lang='lat' dir='ltr'>rudiores</span> <span class='ocrx_word' id='word_1_398' title='bbox 817 2041 876 2071; x_wconf 90' lang='lat' dir='ltr'>pro</span> <span class='ocrx_word' id='word_1_399' title='bbox 901 2030 1017 2061; x_wconf 89' lang='lat' dir='ltr'>eodem</span> <span class='ocrx_word' id='word_1_400' title='bbox 1040 2030 1197 2071; x_wconf 87' lang='lat' dir='ltr'>accipiant</span> <span class='ocrx_word' id='word_1_401' title='bbox 1220 2029 1348 2071; x_wconf 87' lang='lat' dir='ltr'>diligere</span> 
     </span>
     <span class='ocr_line' id='line_1_62' title="bbox 271 2075 1348 2116; baseline -0.001 -9"><span class='ocrx_word' id='word_1_402' title='bbox 271 2086 385 2107; x_wconf 89' lang='lat' dir='ltr'>omnes</span> <span class='ocrx_word' id='word_1_403' title='bbox 408 2075 440 2106; x_wconf 92' lang='lat' dir='ltr'>in</span> <span class='ocrx_word' id='word_1_404' title='bbox 466 2075 652 2112; x_wconf 87' lang='lat' dir='ltr'>universali,</span> <span class='ocrx_word' id='word_1_405' title='bbox 677 2082 709 2106; x_wconf 89' lang='lat' dir='ltr'>et</span> <span class='ocrx_word' id='word_1_406' title='bbox 732 2075 861 2116; x_wconf 87' lang='lat' dir='ltr'>diligere</span> <span class='ocrx_word' id='word_1_407' title='bbox 885 2075 1029 2116; x_wconf 78' lang='lat' dir='ltr'>singulos</span> <span class='ocrx_word' id='word_1_408' title='bbox 1053 2075 1230 2106; x_wconf 89' lang='lat' dir='ltr'>secundum</span> <span class='ocrx_word' id='word_1_409' title='bbox 1259 2085 1348 2116; x_wconf 86' lang='lat' dir='ltr'>prae-</span> 
     </span>
     <span class='ocr_line' id='line_1_63' title="bbox 272 2119 1346 2161; baseline -0.001 -9"><span class='ocrx_word' id='word_1_410' title='bbox 272 2121 471 2161; x_wconf 80' lang='lat' dir='ltr'>parationem</span> <span class='ocrx_word' id='word_1_411' title='bbox 496 2119 603 2151; x_wconf 87' lang='lat' dir='ltr'>animi.</span> <span class='ocrx_word' id='word_1_412' title='bbox 635 2120 723 2151; x_wconf 88' lang='lat' dir='ltr'>Haec</span> <span class='ocrx_word' id='word_1_413' title='bbox 755 2120 840 2151; x_wconf 89' lang='lat' dir='ltr'>enim</span> <span class='ocrx_word' id='word_1_414' title='bbox 870 2121 1010 2152; x_wconf 91' lang='lat' dir='ltr'>multum</span> <span class='ocrx_word' id='word_1_415' title='bbox 1041 2120 1122 2151; x_wconf 90' lang='lat' dir='ltr'>inter</span> <span class='ocrx_word' id='word_1_416' title='bbox 1151 2130 1183 2151; x_wconf 89' lang='lat' dir='ltr'>se</span> <span class='ocrx_word' id='word_1_417' title='bbox 1213 2120 1346 2151; x_wconf 87' lang='lat' dir='ltr'>distant:</span> 
     </span>
     <span class='ocr_line' id='line_1_64' title="bbox 271 2165 1347 2206; baseline 0.001 -11"><span class='ocrx_word' id='word_1_418' title='bbox 271 2173 302 2196; x_wconf 89' lang='lat' dir='ltr'>et</span> <span class='ocrx_word' id='word_1_419' title='bbox 325 2165 503 2199; x_wconf 88' lang='lat' dir='ltr'>secundum</span> <span class='ocrx_word' id='word_1_420' title='bbox 526 2165 623 2206; x_wconf 85' lang='lat' dir='ltr'>longe</span> <span class='ocrx_word' id='word_1_421' title='bbox 645 2165 760 2196; x_wconf 89' lang='lat' dir='ltr'>melius</span> <span class='ocrx_word' id='word_1_422' title='bbox 784 2172 831 2196; x_wconf 90' lang='lat' dir='ltr'>est</span> <span class='ocrx_word' id='word_1_423' title='bbox 855 2165 971 2205; x_wconf 90' lang='lat' dir='ltr'>primo,</span> <span class='ocrx_word' id='word_1_424' title='bbox 993 2171 1147 2206; x_wconf 84' lang='lat' dir='ltr'>tanquam</span> <span class='ocrx_word' id='word_1_425' title='bbox 1171 2175 1204 2196; x_wconf 89' lang='lat' dir='ltr'>se</span> <span class='ocrx_word' id='word_1_426' title='bbox 1227 2165 1347 2196; x_wconf 85' lang='lat' dir='ltr'>habens</span> 
     </span>
     <span class='ocr_line' id='line_1_65' title="bbox 271 2209 1347 2250; baseline 0 -10"><span class='ocrx_word' id='word_1_427' title='bbox 271 2221 308 2240; x_wconf 86' lang='lat' dir='ltr'>ex</span> <span class='ocrx_word' id='word_1_428' title='bbox 325 2209 485 2240; x_wconf 86' lang='lat' dir='ltr'>additione</span> <span class='ocrx_word' id='word_1_429' title='bbox 510 2209 549 2239; x_wconf 87' lang='lat' dir='ltr'>ad</span> <span class='ocrx_word' id='word_1_430' title='bbox 573 2209 726 2250; x_wconf 88' lang='lat' dir='ltr'>primum.</span> <span class='ocrx_word' id='word_1_431' title='bbox 751 2210 834 2240; x_wconf 88' lang='lat' dir='ltr'>Nam</span> <span class='ocrx_word' id='word_1_432' title='bbox 854 2209 982 2250; x_wconf 87' lang='lat' dir='ltr'>diligere</span> <span class='ocrx_word' id='word_1_433' title='bbox 999 2220 1112 2240; x_wconf 93' lang='lat' dir='ltr'>omnes</span> <span class='ocrx_word' id='word_1_434' title='bbox 1129 2209 1161 2240; x_wconf 91' lang='lat' dir='ltr'>in</span> <span class='ocrx_word' id='word_1_435' title='bbox 1178 2209 1347 2240; x_wconf 88' lang='lat' dir='ltr'>universali</span> 
     </span>
     <span class='ocr_line' id='line_1_66' title="bbox 271 2253 1347 2295; baseline -0.001 -10"><span class='ocrx_word' id='word_1_436' title='bbox 271 2261 317 2285; x_wconf 93' lang='lat' dir='ltr'>est</span> <span class='ocrx_word' id='word_1_437' title='bbox 341 2254 470 2294; x_wconf 86' lang='lat' dir='ltr'>diligere</span> <span class='ocrx_word' id='word_1_438' title='bbox 486 2253 633 2284; x_wconf 89' lang='lat' dir='ltr'>homines</span> <span class='ocrx_word' id='word_1_439' title='bbox 649 2253 842 2295; x_wconf 85' lang='lat' dir='ltr'>inquantum</span> <span class='ocrx_word' id='word_1_440' title='bbox 861 2262 937 2286; x_wconf 89' lang='lat' dir='ltr'>sunt</span> <span class='ocrx_word' id='word_1_441' title='bbox 960 2254 1118 2291; x_wconf 85' lang='lat' dir='ltr'>homines,</span> <span class='ocrx_word' id='word_1_442' title='bbox 1135 2254 1185 2284; x_wconf 90' lang='lat' dir='ltr'>vel</span> <span class='ocrx_word' id='word_1_443' title='bbox 1209 2254 1347 2295; x_wconf 89' lang='lat' dir='ltr'>inquan-</span> 
     </span>
     <span class='ocr_line' id='line_1_67' title="bbox 270 2298 1347 2339; baseline -0.001 -9"><span class='ocrx_word' id='word_1_444' title='bbox 270 2307 340 2330; x_wconf 86' lang='lat' dir='ltr'>tum</span> <span class='ocrx_word' id='word_1_445' title='bbox 371 2298 560 2329; x_wconf 83' lang='lat' dir='ltr'>ordinantur</span> <span class='ocrx_word' id='word_1_446' title='bbox 587 2298 627 2328; x_wconf 87' lang='lat' dir='ltr'>ad</span> <span class='ocrx_word' id='word_1_447' title='bbox 650 2298 897 2335; x_wconf 82' lang='lat' dir='ltr'>beatitudinem,</span> <span class='ocrx_word' id='word_1_448' title='bbox 923 2305 954 2329; x_wconf 92' lang='lat' dir='ltr'>et</span> <span class='ocrx_word' id='word_1_449' title='bbox 979 2298 1183 2329; x_wconf 87' lang='lat' dir='ltr'>huiusmodi:</span> <span class='ocrx_word' id='word_1_450' title='bbox 1218 2298 1347 2339; x_wconf 90' lang='lat' dir='ltr'>diligere</span> 
     </span>
     <span class='ocr_line' id='line_1_68' title="bbox 270 2343 1347 2384; baseline 0 -10"><span class='ocrx_word' id='word_1_451' title='bbox 270 2351 378 2374; x_wconf 89' lang='lat' dir='ltr'>autem</span> <span class='ocrx_word' id='word_1_452' title='bbox 395 2343 538 2383; x_wconf 83' lang='lat' dir='ltr'>singulos</span> <span class='ocrx_word' id='word_1_453' title='bbox 555 2343 733 2374; x_wconf 89' lang='lat' dir='ltr'>secundum</span> <span class='ocrx_word' id='word_1_454' title='bbox 749 2343 846 2374; x_wconf 86' lang='lat' dir='ltr'>animi</span> <span class='ocrx_word' id='word_1_455' title='bbox 867 2343 1152 2384; x_wconf 83' lang='lat' dir='ltr'>praeparationem,</span> <span class='ocrx_word' id='word_1_456' title='bbox 1171 2350 1218 2374; x_wconf 88' lang='lat' dir='ltr'>est</span> <span class='ocrx_word' id='word_1_457' title='bbox 1232 2343 1347 2374; x_wconf 88' lang='lat' dir='ltr'>habere</span> 
     </span>
     <span class='ocr_line' id='line_1_69' title="bbox 272 2387 1346 2428; baseline 0 -10"><span class='ocrx_word' id='word_1_458' title='bbox 272 2387 417 2418; x_wconf 88' lang='lat' dir='ltr'>animum</span> <span class='ocrx_word' id='word_1_459' title='bbox 453 2394 598 2427; x_wconf 79' lang='lat' dir='ltr'>paratum</span> <span class='ocrx_word' id='word_1_460' title='bbox 631 2388 670 2418; x_wconf 85' lang='lat' dir='ltr'>ad</span> <span class='ocrx_word' id='word_1_461' title='bbox 700 2387 884 2428; x_wconf 82' lang='lat' dir='ltr'>singillatim</span> <span class='ocrx_word' id='word_1_462' title='bbox 918 2387 1182 2419; x_wconf 86' lang='lat' dir='ltr'>benefaciendum</span> <span class='ocrx_word' id='word_1_463' title='bbox 1213 2387 1346 2428; x_wconf 86' lang='lat' dir='ltr'>singulis</span> 
     </span>
     <span class='ocr_line' id='line_1_70' title="bbox 272 2432 1347 2474; baseline 0.002 -12"><span class='ocrx_word' id='word_1_464' title='bbox 272 2432 403 2472; x_wconf 88' lang='lat' dir='ltr'>quando</span> <span class='ocrx_word' id='word_1_465' title='bbox 427 2439 580 2462; x_wconf 89' lang='lat' dir='ltr'>occurret.</span> <span class='ocrx_word' id='word_1_466' title='bbox 608 2432 647 2463; x_wconf 91' lang='lat' dir='ltr'>Et</span> <span class='ocrx_word' id='word_1_467' title='bbox 671 2433 747 2473; x_wconf 90' lang='lat' dir='ltr'>quia</span> <span class='ocrx_word' id='word_1_468' title='bbox 765 2433 915 2474; x_wconf 81' lang='lat' dir='ltr'>probatio</span> <span class='ocrx_word' id='word_1_469' title='bbox 931 2433 1111 2464; x_wconf 81' lang='lat' dir='ltr'>dilectionis</span> <span class='ocrx_word' id='word_1_470' title='bbox 1134 2432 1284 2464; x_wconf 82' lang='lat' dir='ltr'>exhibitio</span> <span class='ocrx_word' id='word_1_471' title='bbox 1300 2438 1347 2464; x_wconf 76' lang='lat' dir='ltr'>est</span> 
     </span>
     <span class='ocr_line' id='line_1_71' title="bbox 272 2476 1345 2517; baseline 0.001 -11"><span class='ocrx_word' id='word_1_472' title='bbox 272 2476 424 2517; x_wconf 83' lang='lat' dir='ltr'>operis*,</span> <span class='ocrx_word' id='word_1_473' title='bbox 458 2476 591 2516; x_wconf 86' lang='lat' dir='ltr'>diligens</span> <span class='ocrx_word' id='word_1_474' title='bbox 622 2486 736 2508; x_wconf 88' lang='lat' dir='ltr'>omnes</span> <span class='ocrx_word' id='word_1_475' title='bbox 769 2476 802 2508; x_wconf 90' lang='lat' dir='ltr'>in</span> <span class='ocrx_word' id='word_1_476' title='bbox 827 2477 995 2508; x_wconf 89' lang='lat' dir='ltr'>universali</span> <span class='ocrx_word' id='word_1_477' title='bbox 1022 2476 1214 2508; x_wconf 89' lang='lat' dir='ltr'>beneficium</span> <span class='ocrx_word' id='word_1_478' title='bbox 1242 2477 1345 2508; x_wconf 89' lang='lat' dir='ltr'>omni-</span> 
     </span>
     <span class='ocr_line' id='line_1_72' title="bbox 272 2520 1344 2562; baseline 0.001 -11"><span class='ocrx_word' id='word_1_479' title='bbox 272 2523 331 2552; x_wconf 89' lang='lat' dir='ltr'>bus</span> <span class='ocrx_word' id='word_1_480' title='bbox 362 2520 484 2552; x_wconf 89' lang='lat' dir='ltr'>confert</span> <span class='ocrx_word' id='word_1_481' title='bbox 513 2521 546 2551; x_wconf 91' lang='lat' dir='ltr'>in</span> <span class='ocrx_word' id='word_1_482' title='bbox 570 2521 757 2558; x_wconf 87' lang='lat' dir='ltr'>universali,</span> <span class='ocrx_word' id='word_1_483' title='bbox 783 2529 861 2562; x_wconf 90' lang='lat' dir='ltr'>puta</span> <span class='ocrx_word' id='word_1_484' title='bbox 886 2522 1008 2552; x_wconf 89' lang='lat' dir='ltr'>orando</span> <span class='ocrx_word' id='word_1_485' title='bbox 1033 2522 1065 2552; x_wconf 89' lang='lat' dir='ltr'>in</span> <span class='ocrx_word' id='word_1_486' title='bbox 1095 2521 1261 2552; x_wconf 89' lang='lat' dir='ltr'>communi</span> <span class='ocrx_word' id='word_1_487' title='bbox 1285 2532 1344 2562; x_wconf 91' lang='lat' dir='ltr'>pro</span> 
     </span>
     <span class='ocr_line' id='line_1_73' title="bbox 272 2565 1346 2607; baseline 0.002 -12"><span class='ocrx_word' id='word_1_488' title='bbox 272 2565 438 2596; x_wconf 92' lang='lat' dir='ltr'>omnibus:</span> <span class='ocrx_word' id='word_1_489' title='bbox 465 2565 598 2605; x_wconf 86' lang='lat' dir='ltr'>diligens</span> <span class='ocrx_word' id='word_1_490' title='bbox 622 2573 729 2597; x_wconf 90' lang='lat' dir='ltr'>autem</span> <span class='ocrx_word' id='word_1_491' title='bbox 763 2566 908 2606; x_wconf 83' lang='lat' dir='ltr'>singulos</span> <span class='ocrx_word' id='word_1_492' title='bbox 932 2567 1110 2597; x_wconf 89' lang='lat' dir='ltr'>secundum</span> <span class='ocrx_word' id='word_1_493' title='bbox 1134 2567 1346 2607; x_wconf 85' lang='lat' dir='ltr'>praeparatio—</span> 
     </span>
     <span class='ocr_line' id='line_1_74' title="bbox 272 2610 1343 2652; baseline 0.002 -12"><span class='ocrx_word' id='word_1_494' title='bbox 272 2621 346 2641; x_wconf 87' lang='lat' dir='ltr'>nem</span> <span class='ocrx_word' id='word_1_495' title='bbox 380 2610 497 2646; x_wconf 87' lang='lat' dir='ltr'>animi,</span> <span class='ocrx_word' id='word_1_496' title='bbox 533 2617 661 2650; x_wconf 85' lang='lat' dir='ltr'>paratus</span> <span class='ocrx_word' id='word_1_497' title='bbox 695 2617 742 2642; x_wconf 87' lang='lat' dir='ltr'>est</span> <span class='ocrx_word' id='word_1_498' title='bbox 776 2611 960 2642; x_wconf 78' lang='lat' dir='ltr'>benefacere</span> <span class='ocrx_word' id='word_1_499' title='bbox 997 2611 1129 2651; x_wconf 85' lang='lat' dir='ltr'>singulis</span> <span class='ocrx_word' id='word_1_500' title='bbox 1160 2611 1343 2652; x_wconf 81' lang='lat' dir='ltr'>singillatim</span> 
     </span>
     <span class='ocr_line' id='line_1_75' title="bbox 271 2654 572 2697; baseline -0.003 -11"><span class='ocrx_word' id='word_1_501' title='bbox 271 2655 401 2697; x_wconf 86' lang='lat' dir='ltr'>quando</span> <span class='ocrx_word' id='word_1_502' title='bbox 426 2654 572 2686; x_wconf 89' lang='lat' dir='ltr'>occurrit.</span> 
     </span>
    </p>

    <p class='ocr_par' dir='ltr' id='par_1_21' title="bbox 270 2699 1344 2877">
     <span class='ocr_line' id='line_1_76' title="bbox 327 2699 1344 2741; baseline 0.001 -11"><span class='ocrx_word' id='word_1_503' title='bbox 327 2700 363 2730; x_wconf 90' lang='lat'>11.</span> <span class='ocrx_word' id='word_1_504' title='bbox 390 2699 423 2730; x_wconf 91' lang='lat' dir='ltr'>In</span> <span class='ocrx_word' id='word_1_505' title='bbox 441 2699 552 2730; x_wconf 84' lang='lat' dir='ltr'>eadem</span> <span class='ocrx_word' id='word_1_506' title='bbox 568 2699 787 2740; x_wconf 88' lang='lat' dir='ltr'>responsione,</span> <span class='ocrx_word' id='word_1_507' title='bbox 806 2700 947 2731; x_wconf 89' lang='lat' dir='ltr'>notanda</span> <span class='ocrx_word' id='word_1_508' title='bbox 964 2707 1011 2731; x_wconf 90' lang='lat' dir='ltr'>est</span> <span class='ocrx_word' id='word_1_509' title='bbox 1029 2700 1145 2741; x_wconf 86' lang='lat' dir='ltr'>primo,</span> <span class='ocrx_word' id='word_1_510' title='bbox 1171 2699 1344 2732; x_wconf 83' lang='lat' dir='ltr'>differentia</span> 
     </span>
     <span class='ocr_line' id='line_1_77' title="bbox 270 2744 1344 2785; baseline 0.001 -11"><span class='ocrx_word' id='word_1_511' title='bbox 270 2744 350 2775; x_wconf 89' lang='lat' dir='ltr'>inter</span> <span class='ocrx_word' id='word_1_512' title='bbox 377 2745 519 2775; x_wconf 90' lang='lat' dir='ltr'>membra</span> <span class='ocrx_word' id='word_1_513' title='bbox 551 2744 727 2775; x_wconf 88' lang='lat' dir='ltr'>dilectionis</span> <span class='ocrx_word' id='word_1_514' title='bbox 761 2744 899 2785; x_wconf 84' lang='lat' dir='ltr'>proximi</span> <span class='ocrx_word' id='word_1_515' title='bbox 928 2745 1231 2785; x_wconf 86' lang='lat' dir='ltr'>supererogatoriae.</span> <span class='ocrx_word' id='word_1_516' title='bbox 1267 2745 1344 2776; x_wconf 90' lang='lat' dir='ltr'>Tria</span> 
     </span>
     <span class='ocr_line' id='line_1_78' title="bbox 270 2788 1342 2830; baseline 0.002 -11"><span class='ocrx_word' id='word_1_517' title='bbox 270 2799 410 2830; x_wconf 89' lang='lat' dir='ltr'>namque</span> <span class='ocrx_word' id='word_1_518' title='bbox 433 2789 574 2819; x_wconf 86' lang='lat' dir='ltr'>membra</span> <span class='ocrx_word' id='word_1_519' title='bbox 600 2788 632 2819; x_wconf 90' lang='lat' dir='ltr'>in</span> <span class='ocrx_word' id='word_1_520' title='bbox 656 2789 757 2820; x_wconf 83' lang='lat' dir='ltr'>littera</span> <span class='ocrx_word' id='word_1_521' title='bbox 781 2796 962 2830; x_wconf 88' lang='lat' dir='ltr'>ponuntur:</span> <span class='ocrx_word' id='word_1_522' title='bbox 995 2789 1112 2820; x_wconf 92' lang='lat' dir='ltr'>scilicet</span> <span class='ocrx_word' id='word_1_523' title='bbox 1136 2791 1342 2828; x_wconf 83' lang='lat' dir='ltr'>extensionis,</span> 
     </span>
     <span class='ocr_line' id='line_1_79' title="bbox 270 2832 1344 2877; baseline 0.001 -13"><span class='ocrx_word' id='word_1_524' title='bbox 270 2834 459 2864; x_wconf 87' lang='lat' dir='ltr'>intensionis</span> <span class='ocrx_word' id='word_1_525' title='bbox 476 2832 552 2874; x_wconf 91' lang='lat' dir='ltr'>(hoc</span> <span class='ocrx_word' id='word_1_526' title='bbox 569 2841 624 2870; x_wconf 90' lang='lat' dir='ltr'>est,</span> <span class='ocrx_word' id='word_1_527' title='bbox 643 2833 822 2877; x_wconf 80' lang='lat' dir='ltr'>intensive),</span> <span class='ocrx_word' id='word_1_528' title='bbox 847 2841 878 2865; x_wconf 87' lang='lat' dir='ltr'>et</span> <span class='ocrx_word' id='word_1_529' title='bbox 895 2835 1002 2875; x_wconf 87' lang='lat' dir='ltr'>quoad</span> <span class='ocrx_word' id='word_1_530' title='bbox 1020 2833 1178 2875; x_wconf 84' lang='lat' dir='ltr'>effectum.</span> <span class='ocrx_word' id='word_1_531' title='bbox 1204 2834 1244 2865; x_wconf 94' lang='lat' dir='ltr'>Et</span> <span class='ocrx_word' id='word_1_532' title='bbox 1263 2834 1344 2866; x_wconf 89' lang='lat' dir='ltr'>inter</span> 
     </span>
    </p>
   </div>
   <div class='ocr_carea' id='block_1_16' title="bbox 270 2878 1370 3009">
    <p class='ocr_par' dir='ltr' id='par_1_22' title="bbox 270 2878 1370 3009">
     <span class='ocr_line' id='line_1_80' title="bbox 271 2878 1370 2919; baseline 0.002 -11"><span class='ocrx_word' id='word_1_533' title='bbox 271 2878 411 2918; x_wconf 90' lang='lat' dir='ltr'>primum</span> <span class='ocrx_word' id='word_1_534' title='bbox 443 2878 574 2919; x_wconf 90' lang='lat' dir='ltr'>quidem</span> <span class='ocrx_word' id='word_1_535' title='bbox 605 2885 635 2908; x_wconf 91' lang='lat' dir='ltr'>et</span> <span class='ocrx_word' id='word_1_536' title='bbox 664 2879 842 2910; x_wconf 89' lang='lat' dir='ltr'>secundum</span> <span class='ocrx_word' id='word_1_537' title='bbox 873 2879 955 2910; x_wconf 89' lang='lat' dir='ltr'>clara</span> <span class='ocrx_word' id='word_1_538' title='bbox 979 2886 1026 2910; x_wconf 91' lang='lat' dir='ltr'>est</span> <span class='ocrx_word' id='word_1_539' title='bbox 1049 2879 1237 2910; x_wconf 86' lang='lat' dir='ltr'>differentia:</span> <span class='ocrx_word' id='word_1_540' title='bbox 1262 2879 1343 2911; x_wconf 90' lang='lat' dir='ltr'>sicut</span> <span class='ocrx_word' id='word_1_541' title='bbox 1368 2885 1370 2910; x_wconf 65' lang='lat' dir='ltr'>l</span> 
     </span>
     <span class='ocr_line' id='line_1_81' title="bbox 270 2922 1370 2976; baseline 0.001 -23"><span class='ocrx_word' id='word_1_542' title='bbox 270 2922 486 2954; x_wconf 87' lang='lat' dir='ltr'>universaliter</span> <span class='ocrx_word' id='word_1_543' title='bbox 508 2922 540 2953; x_wconf 91' lang='lat' dir='ltr'>in</span> <span class='ocrx_word' id='word_1_544' title='bbox 565 2922 632 2954; x_wconf 87' lang='lat' dir='ltr'>aliis</span> <span class='ocrx_word' id='word_1_545' title='bbox 656 2923 758 2954; x_wconf 79' lang='lat' dir='ltr'>differt</span> <span class='ocrx_word' id='word_1_546' title='bbox 777 2923 937 2964; x_wconf 82' lang='lat' dir='ltr'>quantitas</span> <span class='ocrx_word' id='word_1_547' title='bbox 954 2923 1114 2954; x_wconf 85' lang='lat' dir='ltr'>extensiva</span> <span class='ocrx_word' id='word_1_548' title='bbox 1131 2934 1148 2954; x_wconf 88' lang='lat' dir='ltr'>a</span> <span class='ocrx_word' id='word_1_549' title='bbox 1168 2924 1342 2964; x_wconf 86' lang='lat' dir='ltr'>quantitate</span> <span class='ocrx_word' id='word_1_550' title='bbox 1368 2948 1370 2976; x_wconf 58' lang='grc' dir='ltr'>ἰ</span> 
     </span>
     <span class='ocr_line' id='line_1_82' title="bbox 270 2966 1370 3009; baseline 0.002 -12"><span class='ocrx_word' id='word_1_551' title='bbox 270 2966 432 2998; x_wconf 82' lang='lat' dir='ltr'>intensiva.</span> <span class='ocrx_word' id='word_1_552' title='bbox 469 2967 552 2998; x_wconf 87' lang='lat' dir='ltr'>Inter</span> <span class='ocrx_word' id='word_1_553' title='bbox 581 2968 759 2999; x_wconf 91' lang='lat' dir='ltr'>secundum</span> <span class='ocrx_word' id='word_1_554' title='bbox 786 2975 894 2999; x_wconf 88' lang='lat' dir='ltr'>autem</span> <span class='ocrx_word' id='word_1_555' title='bbox 918 2975 948 2999; x_wconf 91' lang='lat' dir='ltr'>et</span> <span class='ocrx_word' id='word_1_556' title='bbox 972 2968 1100 2999; x_wconf 88' lang='lat' dir='ltr'>tertium</span> <span class='ocrx_word' id='word_1_557' title='bbox 1125 2969 1260 2999; x_wconf 88' lang='lat' dir='ltr'>obscura</span> <span class='ocrx_word' id='word_1_558' title='bbox 1287 2979 1342 3009; x_wconf 90' lang='lat' dir='ltr'>ap·</span> <span class='ocrx_word' id='word_1_559' title='bbox 1368 2977 1370 3006; x_wconf 75' lang='grc' dir='ltr'>ς</span> 
     </span>
    </p>
   </div>
   <div class='ocr_carea' id='block_1_17' title="bbox 270 3011 1341 3054">
    <p class='ocr_par' dir='ltr' id='par_1_23' title="bbox 270 3011 1341 3054">
     <span class='ocr_line' id='line_1_83' title="bbox 270 3011 1341 3054; baseline 0.003 -13"><span class='ocrx_word' id='word_1_560' title='bbox 270 3018 357 3051; x_wconf 88' lang='lat' dir='ltr'>paret</span> <span class='ocrx_word' id='word_1_561' title='bbox 381 3011 569 3043; x_wconf 85' lang='lat' dir='ltr'>differentia:</span> <span class='ocrx_word' id='word_1_562' title='bbox 591 3012 745 3053; x_wconf 85' lang='lat' dir='ltr'>quoniam</span> <span class='ocrx_word' id='word_1_563' title='bbox 770 3012 924 3044; x_wconf 86' lang='lat' dir='ltr'>intensive</span> <span class='ocrx_word' id='word_1_564' title='bbox 942 3013 1074 3052; x_wconf 84' lang='lat' dir='ltr'>diligens</span> <span class='ocrx_word' id='word_1_565' title='bbox 1098 3013 1281 3054; x_wconf 89' lang='lat' dir='ltr'>proximum</span> <span class='ocrx_word' id='word_1_566' title='bbox 1307 3023 1341 3044; x_wconf 94' lang='grc' dir='ltr'>ο-</span> 
     </span>
    </p>
   </div>
   <div class='ocr_carea' id='block_1_18' title="bbox 1393 1850 2517 2832">
    <p class='ocr_par' dir='ltr' id='par_1_24' title="bbox 1400 1850 2507 2385">
     <span class='ocr_line' id='line_1_84' title="bbox 1402 1850 2480 1894; baseline 0.005 -13"><span class='ocrx_word' id='word_1_567' title='bbox 1402 1851 1488 1882; x_wconf 87' lang='lat' dir='ltr'>mnia</span> <span class='ocrx_word' id='word_1_568' title='bbox 1514 1859 1573 1891; x_wconf 87' lang='lat' dir='ltr'>pro</span> <span class='ocrx_word' id='word_1_569' title='bbox 1593 1850 1665 1891; x_wconf 91' lang='lat' dir='ltr'>ipso</span> <span class='ocrx_word' id='word_1_570' title='bbox 1682 1851 1822 1892; x_wconf 84' lang='lat' dir='ltr'>exponit,</span> <span class='ocrx_word' id='word_1_571' title='bbox 1843 1851 1934 1892; x_wconf 89' lang='lat' dir='ltr'>quod</span> <span class='ocrx_word' id='word_1_572' title='bbox 1949 1852 1989 1882; x_wconf 91' lang='lat' dir='ltr'>ad</span> <span class='ocrx_word' id='word_1_573' title='bbox 2005 1858 2134 1883; x_wconf 80' lang='lat' dir='ltr'>tertium</span> <span class='ocrx_word' id='word_1_574' title='bbox 2148 1853 2332 1884; x_wconf 86' lang='lat' dir='ltr'>membrum</span> <span class='ocrx_word' id='word_1_575' title='bbox 2347 1861 2480 1894; x_wconf 73' lang='lat' dir='ltr'>spectat.</span> 
     </span>
     <span class='ocr_line' id='line_1_85' title="bbox 1403 1895 2480 1944; baseline 0.004 -18"><span class='ocrx_word' id='word_1_576' title='bbox 1403 1895 1435 1926; x_wconf 91' lang='lat' dir='ltr'>Si</span> <span class='ocrx_word' id='word_1_577' title='bbox 1464 1895 1536 1936; x_wconf 92' lang='lat' dir='ltr'>quis</span> <span class='ocrx_word' id='word_1_578' title='bbox 1566 1902 1674 1926; x_wconf 91' lang='lat' dir='ltr'>tamen</span> <span class='ocrx_word' id='word_1_579' title='bbox 1698 1895 1875 1926; x_wconf 89' lang='lat' dir='ltr'>consideret</span> <span class='ocrx_word' id='word_1_580' title='bbox 1906 1896 1983 1927; x_wconf 90' lang='lat' dir='ltr'>haec</span> <span class='ocrx_word' id='word_1_581' title='bbox 2007 1897 2151 1928; x_wconf 88' lang='lat' dir='ltr'>membra</span> <span class='ocrx_word' id='word_1_582' title='bbox 2179 1898 2379 1940; x_wconf 83' lang='lat' dir='ltr'>quandoque</span> <span class='ocrx_word' id='word_1_583' title='bbox 2403 1905 2480 1944; x_wconf 64' lang='lat' dir='ltr'>eop-</span> 
     </span>
     <span class='ocr_line' id='line_1_86' title="bbox 1401 1941 2480 1985; baseline 0.005 -14"><span class='ocrx_word' id='word_1_584' title='bbox 1401 1949 1536 1977; x_wconf 88' lang='lat' dir='ltr'>currere,</span> <span class='ocrx_word' id='word_1_585' title='bbox 1561 1947 1592 1971; x_wconf 87' lang='lat' dir='ltr'>et</span> <span class='ocrx_word' id='word_1_586' title='bbox 1614 1941 1812 1982; x_wconf 88' lang='lat' dir='ltr'>quandoque</span> <span class='ocrx_word' id='word_1_587' title='bbox 1836 1941 1983 1981; x_wconf 87' lang='lat' dir='ltr'>separari,</span> <span class='ocrx_word' id='word_1_588' title='bbox 2002 1941 2211 1972; x_wconf 85' lang='lat' dir='ltr'>differentiam</span> <span class='ocrx_word' id='word_1_589' title='bbox 2228 1942 2404 1984; x_wconf 81' lang='lat' dir='ltr'>comperiet</span> <span class='ocrx_word' id='word_1_590' title='bbox 2416 1943 2480 1985; x_wconf 51' lang='lat' dir='ltr'>ch-</span> 
     </span>
     <span class='ocr_line' id='line_1_87' title="bbox 1402 1984 2479 2030; baseline 0.004 -14"><span class='ocrx_word' id='word_1_591' title='bbox 1402 1995 1479 2016; x_wconf 89' lang='lat' dir='ltr'>ram.</span> <span class='ocrx_word' id='word_1_592' title='bbox 1504 1984 1712 2016; x_wconf 87' lang='lat' dir='ltr'>Concurrunt</span> <span class='ocrx_word' id='word_1_593' title='bbox 1735 1985 1894 2027; x_wconf 88' lang='lat' dir='ltr'>siquidem</span> <span class='ocrx_word' id='word_1_594' title='bbox 1918 1986 2050 2027; x_wconf 88' lang='lat' dir='ltr'>quando</span> <span class='ocrx_word' id='word_1_595' title='bbox 2066 1986 2271 2018; x_wconf 87' lang='lat' dir='ltr'>vehementer</span> <span class='ocrx_word' id='word_1_596' title='bbox 2292 1986 2479 2030; x_wconf 65' lang='lat' dir='ltr'>proximm&#39;n</span> 
     </span>
     <span class='ocr_line' id='line_1_88' title="bbox 1403 2029 2479 2072; baseline 0.004 -12"><span class='ocrx_word' id='word_1_597' title='bbox 1403 2029 1537 2070; x_wconf 88' lang='lat' dir='ltr'>diligens</span> <span class='ocrx_word' id='word_1_598' title='bbox 1553 2040 1612 2071; x_wconf 91' lang='lat' dir='ltr'>pro</span> <span class='ocrx_word' id='word_1_599' title='bbox 1629 2030 1701 2070; x_wconf 89' lang='lat' dir='ltr'>ipso</span> <span class='ocrx_word' id='word_1_600' title='bbox 1718 2030 1816 2061; x_wconf 88' lang='lat' dir='ltr'>etiam</span> <span class='ocrx_word' id='word_1_601' title='bbox 1831 2029 1972 2062; x_wconf 83' lang='lat' dir='ltr'>animam</span> <span class='ocrx_word' id='word_1_602' title='bbox 1987 2030 2095 2072; x_wconf 82' lang='lat' dir='ltr'>ponit:</span> <span class='ocrx_word' id='word_1_603' title='bbox 2112 2038 2189 2063; x_wconf 88' lang='lat' dir='ltr'>tunc</span> <span class='ocrx_word' id='word_1_604' title='bbox 2205 2031 2293 2063; x_wconf 86' lang='lat' dir='ltr'>enim</span> <span class='ocrx_word' id='word_1_605' title='bbox 2306 2030 2479 2067; x_wconf 66' lang='lat' dir='ltr'>vehemhni</span> 
     </span>
     <span class='ocr_line' id='line_1_89' title="bbox 1402 2075 2478 2117; baseline 0.004 -12"><span class='ocrx_word' id='word_1_606' title='bbox 1402 2075 1529 2107; x_wconf 89' lang='lat' dir='ltr'>dilectio</span> <span class='ocrx_word' id='word_1_607' title='bbox 1560 2076 1739 2106; x_wconf 87' lang='lat' dir='ltr'>secundum</span> <span class='ocrx_word' id='word_1_608' title='bbox 1769 2075 1970 2112; x_wconf 87' lang='lat' dir='ltr'>membrum,</span> <span class='ocrx_word' id='word_1_609' title='bbox 1999 2083 2030 2106; x_wconf 88' lang='lat' dir='ltr'>et</span> <span class='ocrx_word' id='word_1_610' title='bbox 2058 2076 2192 2107; x_wconf 79' lang='lat' dir='ltr'>exterior</span> <span class='ocrx_word' id='word_1_611' title='bbox 2214 2077 2373 2117; x_wconf 77' lang='lat' dir='ltr'>expositio</span> <span class='ocrx_word' id='word_1_612' title='bbox 2397 2077 2478 2115; x_wconf 66' lang='lat' dir='ltr'>vitae</span> 
     </span>
     <span class='ocr_line' id='line_1_90' title="bbox 1401 2120 2479 2162; baseline 0.004 -12"><span class='ocrx_word' id='word_1_613' title='bbox 1401 2130 1460 2160; x_wconf 89' lang='lat' dir='ltr'>pro</span> <span class='ocrx_word' id='word_1_614' title='bbox 1484 2120 1632 2162; x_wconf 88' lang='lat' dir='ltr'>proximo</span> <span class='ocrx_word' id='word_1_615' title='bbox 1663 2120 1794 2152; x_wconf 90' lang='lat' dir='ltr'>tertium</span> <span class='ocrx_word' id='word_1_616' title='bbox 1816 2121 2000 2152; x_wconf 87' lang='lat' dir='ltr'>membrum</span> <span class='ocrx_word' id='word_1_617' title='bbox 2023 2120 2121 2152; x_wconf 81' lang='lat' dir='ltr'>affert.</span> <span class='ocrx_word' id='word_1_618' title='bbox 2153 2120 2348 2162; x_wconf 72' lang='lat' dir='ltr'>Separantur</span> <span class='ocrx_word' id='word_1_619' title='bbox 2369 2129 2479 2155; x_wconf 85' lang='lat' dir='ltr'>autem</span> 
     </span>
     <span class='ocr_line' id='line_1_91' title="bbox 1403 2164 2479 2207; baseline 0.004 -12"><span class='ocrx_word' id='word_1_620' title='bbox 1403 2175 1477 2195; x_wconf 89' lang='lat' dir='ltr'>cum</span> <span class='ocrx_word' id='word_1_621' title='bbox 1505 2165 1710 2196; x_wconf 88' lang='lat' dir='ltr'>vehementer</span> <span class='ocrx_word' id='word_1_622' title='bbox 1742 2164 1876 2206; x_wconf 83' lang='lat' dir='ltr'>diligens</span> <span class='ocrx_word' id='word_1_623' title='bbox 1906 2165 2092 2206; x_wconf 88' lang='lat' dir='ltr'>proximum</span> <span class='ocrx_word' id='word_1_624' title='bbox 2115 2173 2244 2206; x_wconf 84' lang='lat' dir='ltr'>paratus</span> <span class='ocrx_word' id='word_1_625' title='bbox 2268 2166 2402 2207; x_wconf 87' lang='lat' dir='ltr'>quidem</span> <span class='ocrx_word' id='word_1_626' title='bbox 2432 2175 2479 2199; x_wconf 78' lang='lat' dir='ltr'>est</span> 
     </span>
     <span class='ocr_line' id='line_1_92' title="bbox 1402 2209 2507 2252; baseline 0.004 -13"><span class='ocrx_word' id='word_1_627' title='bbox 1402 2209 1511 2240; x_wconf 87' lang='lat' dir='ltr'>omnia</span> <span class='ocrx_word' id='word_1_628' title='bbox 1536 2219 1595 2250; x_wconf 89' lang='lat' dir='ltr'>pro</span> <span class='ocrx_word' id='word_1_629' title='bbox 1612 2209 1683 2250; x_wconf 90' lang='lat' dir='ltr'>ipso</span> <span class='ocrx_word' id='word_1_630' title='bbox 1701 2216 1915 2247; x_wconf 87' lang='lat' dir='ltr'>contemnere,</span> <span class='ocrx_word' id='word_1_631' title='bbox 1933 2219 2030 2252; x_wconf 88' lang='lat' dir='ltr'>seque</span> <span class='ocrx_word' id='word_1_632' title='bbox 2047 2210 2142 2243; x_wconf 88' lang='lat' dir='ltr'>etiam</span> <span class='ocrx_word' id='word_1_633' title='bbox 2158 2210 2265 2252; x_wconf 88' lang='lat' dir='ltr'>ipsum</span> <span class='ocrx_word' id='word_1_634' title='bbox 2282 2210 2477 2252; x_wconf 82' lang='lat' dir='ltr'>impendere,</span> <span class='ocrx_word' id='word_1_635' title='bbox 2505 2215 2507 2217; x_wconf 85' lang='grc'><strong>’</strong></span> 
     </span>
     <span class='ocr_line' id='line_1_93' title="bbox 1401 2253 2476 2297; baseline 0.003 -13"><span class='ocrx_word' id='word_1_636' title='bbox 1401 2255 1440 2284; x_wconf 91' lang='lat' dir='ltr'>ab</span> <span class='ocrx_word' id='word_1_637' title='bbox 1465 2254 1610 2285; x_wconf 86' lang='lat' dir='ltr'>exteriori</span> <span class='ocrx_word' id='word_1_638' title='bbox 1634 2261 1740 2284; x_wconf 85' lang='lat' dir='ltr'>tamen</span> <span class='ocrx_word' id='word_1_639' title='bbox 1761 2253 1872 2285; x_wconf 87' lang='lat' dir='ltr'>effectu</span> <span class='ocrx_word' id='word_1_640' title='bbox 1889 2254 2033 2292; x_wconf 88' lang='lat' dir='ltr'>abstinet,</span> <span class='ocrx_word' id='word_1_641' title='bbox 2058 2254 2134 2296; x_wconf 85' lang='lat' dir='ltr'>quia</span> <span class='ocrx_word' id='word_1_642' title='bbox 2158 2262 2236 2287; x_wconf 90' lang='lat' dir='ltr'>tunc</span> <span class='ocrx_word' id='word_1_643' title='bbox 2252 2265 2318 2286; x_wconf 91' lang='lat' dir='ltr'>non</span> <span class='ocrx_word' id='word_1_644' title='bbox 2334 2256 2476 2297; x_wconf 64' lang='lat' dir='ltr'>expediti</span> 
     </span>
     <span class='ocr_line' id='line_1_94' title="bbox 1402 2298 2476 2341; baseline 0.004 -13"><span class='ocrx_word' id='word_1_645' title='bbox 1402 2305 1478 2329; x_wconf 89' lang='lat' dir='ltr'>tunc</span> <span class='ocrx_word' id='word_1_646' title='bbox 1502 2298 1588 2329; x_wconf 86' lang='lat' dir='ltr'>enim</span> <span class='ocrx_word' id='word_1_647' title='bbox 1621 2298 1799 2329; x_wconf 89' lang='lat' dir='ltr'>secundum</span> <span class='ocrx_word' id='word_1_648' title='bbox 1830 2300 2012 2330; x_wconf 86' lang='lat' dir='ltr'>membrum</span> <span class='ocrx_word' id='word_1_649' title='bbox 2040 2300 2161 2341; x_wconf 84' lang='lat' dir='ltr'>absque</span> <span class='ocrx_word' id='word_1_650' title='bbox 2184 2299 2278 2331; x_wconf 84' lang='lat' dir='ltr'>tertio</span> <span class='ocrx_word' id='word_1_651' title='bbox 2301 2300 2476 2338; x_wconf 82' lang='lat' dir='ltr'>invenitur.</span> 
     </span>
     <span class='ocr_line' id='line_1_95' title="bbox 1400 2342 2139 2385; baseline 0.003 -12"><span class='ocrx_word' id='word_1_652' title='bbox 1400 2342 1518 2374; x_wconf 88' lang='lat' dir='ltr'>scilicet</span> <span class='ocrx_word' id='word_1_653' title='bbox 1541 2343 1696 2374; x_wconf 83' lang='lat' dir='ltr'>intensiva</span> <span class='ocrx_word' id='word_1_654' title='bbox 1719 2343 1848 2374; x_wconf 88' lang='lat' dir='ltr'>dilectio</span> <span class='ocrx_word' id='word_1_655' title='bbox 1872 2344 1993 2385; x_wconf 86' lang='lat' dir='ltr'>absque</span> <span class='ocrx_word' id='word_1_656' title='bbox 2015 2343 2139 2376; x_wconf 87' lang='lat' dir='ltr'>effectu.</span> 
     </span>
    </p>

    <p class='ocr_par' dir='ltr' id='par_1_25' title="bbox 1393 2388 2517 2832">
     <span class='ocr_line' id='line_1_96' title="bbox 1455 2388 2476 2431; baseline 0.003 -13"><span class='ocrx_word' id='word_1_657' title='bbox 1455 2388 1541 2419; x_wconf 91' lang='lat' dir='ltr'>Nota</span> <span class='ocrx_word' id='word_1_658' title='bbox 1564 2388 1723 2423; x_wconf 88' lang='lat' dir='ltr'>secundo,</span> <span class='ocrx_word' id='word_1_659' title='bbox 1749 2388 1891 2428; x_wconf 89' lang='lat' dir='ltr'>primum</span> <span class='ocrx_word' id='word_1_660' title='bbox 1915 2389 2098 2419; x_wconf 87' lang='lat' dir='ltr'>membrum</span> <span class='ocrx_word' id='word_1_661' title='bbox 2122 2388 2285 2420; x_wconf 87' lang='lat' dir='ltr'>continere</span> <span class='ocrx_word' id='word_1_662' title='bbox 2316 2390 2406 2431; x_wconf 92' lang='lat' dir='ltr'>quod</span> <span class='ocrx_word' id='word_1_663' title='bbox 2430 2389 2476 2422; x_wconf 60' lang='lat' dir='ltr'>di,</span> 
     </span>
     <span class='ocr_line' id='line_1_97' title="bbox 1399 2432 2475 2475; baseline 0.005 -13"><span class='ocrx_word' id='word_1_664' title='bbox 1399 2432 1494 2473; x_wconf 81' lang='lat' dir='ltr'>ligere</span> <span class='ocrx_word' id='word_1_665' title='bbox 1526 2439 1690 2464; x_wconf 88' lang='lat' dir='ltr'>extraneos</span> <span class='ocrx_word' id='word_1_666' title='bbox 1719 2439 1750 2463; x_wconf 88' lang='lat' dir='ltr'>et</span> <span class='ocrx_word' id='word_1_667' title='bbox 1777 2433 1909 2464; x_wconf 88' lang='lat' dir='ltr'>ulterius</span> <span class='ocrx_word' id='word_1_668' title='bbox 1939 2433 2088 2464; x_wconf 87' lang='lat' dir='ltr'>inimicos</span> <span class='ocrx_word' id='word_1_669' title='bbox 2118 2432 2322 2475; x_wconf 84' lang='lat' dir='ltr'>perfectionis</span> <span class='ocrx_word' id='word_1_670' title='bbox 2350 2441 2397 2466; x_wconf 88' lang='lat' dir='ltr'>est</span> <span class='ocrx_word' id='word_1_671' title='bbox 2424 2444 2475 2468; x_wconf 82' lang='lat' dir='ltr'>ex-</span> 
     </span>
     <span class='ocr_line' id='line_1_98' title="bbox 1399 2476 2514 2518; baseline 0.003 -11"><span class='ocrx_word' id='word_1_672' title='bbox 1399 2476 1538 2508; x_wconf 87' lang='lat' dir='ltr'>tensivae</span> <span class='ocrx_word' id='word_1_673' title='bbox 1562 2477 1594 2507; x_wconf 90' lang='lat' dir='ltr'>in</span> <span class='ocrx_word' id='word_1_674' title='bbox 1619 2477 1761 2508; x_wconf 84' lang='lat' dir='ltr'>caritate:</span> <span class='ocrx_word' id='word_1_675' title='bbox 1787 2477 1877 2518; x_wconf 90' lang='lat' dir='ltr'>quod</span> <span class='ocrx_word' id='word_1_676' title='bbox 1901 2477 2047 2518; x_wconf 88' lang='lat' dir='ltr'>superius</span> <span class='ocrx_word' id='word_1_677' title='bbox 2062 2477 2080 2498; x_wconf 82' lang='grc'><strong>*</strong></span> <span class='ocrx_word' id='word_1_678' title='bbox 2103 2477 2198 2509; x_wconf 87' lang='lat' dir='ltr'>etiam</span> <span class='ocrx_word' id='word_1_679' title='bbox 2223 2478 2418 2510; x_wconf 83' lang='lat' dir='ltr'>declaratum</span> <span class='ocrx_word' id='word_1_680' title='bbox 2441 2477 2475 2513; x_wconf 85' lang='lat' dir='ltr'>in</span> <span class='ocrx_word' id='word_1_681' title='bbox 2503 2483 2514 2494; x_wconf 72' lang='lat'><strong>⁹</strong></span> 
     </span>
     <span class='ocr_line' id='line_1_99' title="bbox 1399 2521 2476 2563; baseline 0.002 -11"><span class='ocrx_word' id='word_1_682' title='bbox 1399 2529 1533 2552; x_wconf 87' lang='lat' dir='ltr'>tractatu</span> <span class='ocrx_word' id='word_1_683' title='bbox 1558 2522 1597 2552; x_wconf 93' lang='lat' dir='ltr'>de</span> <span class='ocrx_word' id='word_1_684' title='bbox 1613 2521 1739 2553; x_wconf 91' lang='lat' dir='ltr'>caritate</span> <span class='ocrx_word' id='word_1_685' title='bbox 1756 2521 1826 2553; x_wconf 85' lang='lat' dir='ltr'>fuit.</span> <span class='ocrx_word' id='word_1_686' title='bbox 1852 2521 1893 2553; x_wconf 89' lang='lat' dir='ltr'>Et</span> <span class='ocrx_word' id='word_1_687' title='bbox 1909 2521 2049 2563; x_wconf 84' lang='lat' dir='ltr'>intellige</span> <span class='ocrx_word' id='word_1_688' title='bbox 2065 2522 2104 2553; x_wconf 91' lang='lat' dir='ltr'>de</span> <span class='ocrx_word' id='word_1_689' title='bbox 2119 2522 2273 2554; x_wconf 85' lang='lat' dir='ltr'>extraneis</span> <span class='ocrx_word' id='word_1_690' title='bbox 2292 2531 2323 2555; x_wconf 91' lang='lat' dir='ltr'>et</span> <span class='ocrx_word' id='word_1_691' title='bbox 2338 2522 2476 2555; x_wconf 83' lang='lat' dir='ltr'>inimicis</span> 
     </span>
     <span class='ocr_line' id='line_1_100' title="bbox 1401 2566 2476 2608; baseline 0.003 -12"><span class='ocrx_word' id='word_1_692' title='bbox 1401 2573 1435 2597; x_wconf 89' lang='lat' dir='ltr'>ut</span> <span class='ocrx_word' id='word_1_693' title='bbox 1458 2566 1633 2606; x_wconf 84' lang='lat' dir='ltr'>singulares</span> <span class='ocrx_word' id='word_1_694' title='bbox 1658 2574 1732 2597; x_wconf 92' lang='lat' dir='ltr'>sunt</span> <span class='ocrx_word' id='word_1_695' title='bbox 1755 2576 1922 2607; x_wconf 85' lang='lat' dir='ltr'>personae.</span> <span class='ocrx_word' id='word_1_696' title='bbox 1947 2567 1993 2598; x_wconf 90' lang='lat' dir='ltr'>Ita</span> <span class='ocrx_word' id='word_1_697' title='bbox 2017 2567 2106 2608; x_wconf 90' lang='lat' dir='ltr'>quod</span> <span class='ocrx_word' id='word_1_698' title='bbox 2122 2566 2260 2598; x_wconf 88' lang='lat' dir='ltr'>intendit</span> <span class='ocrx_word' id='word_1_699' title='bbox 2275 2567 2476 2608; x_wconf 78' lang='lat' dir='ltr'>Augustinus</span> 
     </span>
     <span class='ocr_line' id='line_1_101' title="bbox 1393 2610 2475 2653; baseline 0.002 -11"><span class='ocrx_word' id='word_1_700' title='bbox 1393 2610 1615 2652; x_wconf 74' lang='lat' dir='ltr'>perfectorum</span> <span class='ocrx_word' id='word_1_701' title='bbox 1632 2611 1780 2652; x_wconf 81' lang='lat' dir='ltr'>filiorum</span> <span class='ocrx_word' id='word_1_702' title='bbox 1805 2612 1869 2642; x_wconf 83' lang='lat' dir='ltr'>Dei</span> <span class='ocrx_word' id='word_1_703' title='bbox 1896 2621 1964 2642; x_wconf 91' lang='lat' dir='ltr'>esse</span> <span class='ocrx_word' id='word_1_704' title='bbox 1991 2611 2121 2653; x_wconf 84' lang='lat' dir='ltr'>diligere</span> <span class='ocrx_word' id='word_1_705' title='bbox 2143 2611 2293 2644; x_wconf 87' lang='lat' dir='ltr'>inimicos</span> <span class='ocrx_word' id='word_1_706' title='bbox 2316 2619 2475 2653; x_wconf 82' lang='lat' dir='ltr'>quatenus</span> 
     </span>
     <span class='ocr_line' id='line_1_102' title="bbox 1398 2655 2517 2697; baseline 0.003 -11"><span class='ocrx_word' id='word_1_707' title='bbox 1398 2662 1472 2686; x_wconf 91' lang='lat' dir='ltr'>sunt</span> <span class='ocrx_word' id='word_1_708' title='bbox 1496 2656 1672 2697; x_wconf 78' lang='lat' dir='ltr'>singulares</span> <span class='ocrx_word' id='word_1_709' title='bbox 1696 2665 1868 2696; x_wconf 81' lang='lat' dir='ltr'>personae3</span> <span class='ocrx_word' id='word_1_710' title='bbox 1893 2663 1924 2687; x_wconf 90' lang='lat' dir='ltr'>et</span> <span class='ocrx_word' id='word_1_711' title='bbox 1943 2655 2086 2688; x_wconf 84' lang='lat' dir='ltr'>similiter</span> <span class='ocrx_word' id='word_1_712' title='bbox 2101 2656 2285 2688; x_wconf 82' lang='lat' dir='ltr'>benefacere</span> <span class='ocrx_word' id='word_1_713' title='bbox 2301 2656 2423 2688; x_wconf 88' lang='lat' dir='ltr'>eisdem</span> <span class='ocrx_word' id='word_1_714' title='bbox 2439 2664 2476 2692; x_wconf 86' lang='lat' dir='ltr'>ut</span> <span class='ocrx_word' id='word_1_715' title='bbox 2516 2692 2517 2695; x_wconf 14' lang='grc' dir='ltr'><strong>Ἰ</strong></span> 
     </span>
     <span class='ocr_line' id='line_1_103' title="bbox 1398 2700 2474 2743; baseline 0.003 -13"><span class='ocrx_word' id='word_1_716' title='bbox 1398 2700 1610 2741; x_wconf 89' lang='lat' dir='ltr'>singularibus</span> <span class='ocrx_word' id='word_1_717' title='bbox 1635 2700 1788 2741; x_wconf 88' lang='lat' dir='ltr'>personis.</span> <span class='ocrx_word' id='word_1_718' title='bbox 1813 2700 1953 2741; x_wconf 80' lang='lat' dir='ltr'>Diligere</span> <span class='ocrx_word' id='word_1_719' title='bbox 1969 2708 2077 2732; x_wconf 87' lang='lat' dir='ltr'>autem</span> <span class='ocrx_word' id='word_1_720' title='bbox 2093 2711 2149 2732; x_wconf 92' lang='lat' dir='ltr'>eos</span> <span class='ocrx_word' id='word_1_721' title='bbox 2164 2700 2197 2732; x_wconf 89' lang='lat' dir='ltr'>in</span> <span class='ocrx_word' id='word_1_722' title='bbox 2214 2700 2393 2743; x_wconf 67' lang='lat' dir='ltr'>communi⁸</span> <span class='ocrx_word' id='word_1_723' title='bbox 2411 2701 2474 2734; x_wconf 85' lang='lat' dir='ltr'>hoc</span> 
     </span>
     <span class='ocr_line' id='line_1_104' title="bbox 1397 2744 2473 2788; baseline 0.002 -13"><span class='ocrx_word' id='word_1_724' title='bbox 1397 2752 1444 2776; x_wconf 89' lang='lat' dir='ltr'>est</span> <span class='ocrx_word' id='word_1_725' title='bbox 1467 2745 1660 2786; x_wconf 87' lang='lat' dir='ltr'>inquantum</span> <span class='ocrx_word' id='word_1_726' title='bbox 1681 2744 1864 2782; x_wconf 84' lang='lat' dir='ltr'>Christiani,</span> <span class='ocrx_word' id='word_1_727' title='bbox 1889 2745 2082 2787; x_wconf 85' lang='lat' dir='ltr'>inquantum</span> <span class='ocrx_word' id='word_1_728' title='bbox 2099 2745 2254 2783; x_wconf 88' lang='lat' dir='ltr'>concives,</span> <span class='ocrx_word' id='word_1_729' title='bbox 2279 2745 2473 2788; x_wconf 85' lang='lat' dir='ltr'>inquantum</span> 
     </span>
     <span class='ocr_line' id='line_1_105' title="bbox 1397 2789 2472 2832; baseline 0.002 -12"><span class='ocrx_word' id='word_1_730' title='bbox 1397 2790 1554 2826; x_wconf 89' lang='lat' dir='ltr'>homines,</span> <span class='ocrx_word' id='word_1_731' title='bbox 1580 2789 1771 2821; x_wconf 85' lang='lat' dir='ltr'>necessitatis</span> <span class='ocrx_word' id='word_1_732' title='bbox 1788 2797 1844 2821; x_wconf 90' lang='lat' dir='ltr'>est.</span> <span class='ocrx_word' id='word_1_733' title='bbox 1869 2790 1968 2828; x_wconf 90' lang='lat' dir='ltr'>Quod</span> <span class='ocrx_word' id='word_1_734' title='bbox 1989 2790 2067 2821; x_wconf 87' lang='lat' dir='ltr'>nihil</span> <span class='ocrx_word' id='word_1_735' title='bbox 2084 2789 2170 2821; x_wconf 87' lang='lat' dir='ltr'>aliud</span> <span class='ocrx_word' id='word_1_736' title='bbox 2187 2797 2234 2822; x_wconf 87' lang='lat' dir='ltr'>est</span> <span class='ocrx_word' id='word_1_737' title='bbox 2248 2790 2350 2822; x_wconf 88' lang='lat' dir='ltr'>dicere</span> <span class='ocrx_word' id='word_1_738' title='bbox 2373 2800 2472 2832; x_wconf 86' lang='lat' dir='ltr'>quam</span> 
     </span>
    </p>
   </div>
   <div class='ocr_carea' id='block_1_19' title="bbox 1369 2828 2470 2881">
    <p class='ocr_par' dir='ltr' id='par_1_26' title="bbox 1369 2828 2470 2881">
     <span class='ocr_line' id='line_1_106' title="bbox 1369 2828 2470 2881; baseline 0.001 -16"><span class='ocrx_word' id='word_1_739' title='bbox 1369 2828 1370 2840; x_wconf 60' lang='lat'>¹</span> <span class='ocrx_word' id='word_1_740' title='bbox 1398 2835 1487 2875; x_wconf 91' lang='lat' dir='ltr'>quod</span> <span class='ocrx_word' id='word_1_741' title='bbox 1511 2836 1550 2865; x_wconf 90' lang='lat' dir='ltr'>ab</span> <span class='ocrx_word' id='word_1_742' title='bbox 1575 2845 1684 2866; x_wconf 82' lang='lat' dir='ltr'>amore</span> <span class='ocrx_word' id='word_1_743' title='bbox 1713 2844 1780 2876; x_wconf 92' lang='lat' dir='ltr'>quo</span> <span class='ocrx_word' id='word_1_744' title='bbox 1805 2835 2032 2881; x_wconf 77' lang='lat' dir='ltr'>prosequimur</span> <span class='ocrx_word' id='word_1_745' title='bbox 2055 2834 2203 2866; x_wconf 87' lang='lat' dir='ltr'>homines</span> <span class='ocrx_word' id='word_1_746' title='bbox 2226 2834 2259 2866; x_wconf 88' lang='lat' dir='ltr'>in</span> <span class='ocrx_word' id='word_1_747' title='bbox 2284 2835 2470 2872; x_wconf 88' lang='lat' dir='ltr'>communi,</span> 
     </span>
    </p>
   </div>
   <div class='ocr_carea' id='block_1_20' title="bbox 1397 2879 2471 2966">
    <p class='ocr_par' dir='ltr' id='par_1_27' title="bbox 1397 2879 2471 2966">
     <span class='ocr_line' id='line_1_107' title="bbox 1397 2879 2471 2917; baseline 0.001 -7"><span class='ocrx_word' id='word_1_748' title='bbox 1397 2879 1597 2911; x_wconf 85' lang='lat' dir='ltr'>Christianos</span> <span class='ocrx_word' id='word_1_749' title='bbox 1621 2879 1653 2910; x_wconf 93' lang='lat' dir='ltr'>in</span> <span class='ocrx_word' id='word_1_750' title='bbox 1677 2879 1855 2917; x_wconf 88' lang='lat' dir='ltr'>communi,</span> <span class='ocrx_word' id='word_1_751' title='bbox 1880 2881 2028 2911; x_wconf 83' lang='lat' dir='ltr'>concives</span> <span class='ocrx_word' id='word_1_752' title='bbox 2052 2879 2085 2911; x_wconf 89' lang='lat' dir='ltr'>in</span> <span class='ocrx_word' id='word_1_753' title='bbox 2105 2879 2282 2917; x_wconf 86' lang='lat' dir='ltr'>communi,</span> <span class='ocrx_word' id='word_1_754' title='bbox 2307 2887 2338 2911; x_wconf 89' lang='lat' dir='ltr'>et</span> <span class='ocrx_word' id='word_1_755' title='bbox 2361 2879 2471 2911; x_wconf 79' lang='lat' dir='ltr'>huius-</span> 
     </span>
     <span class='ocr_line' id='line_1_108' title="bbox 1398 2924 2471 2966; baseline 0.001 -12"><span class='ocrx_word' id='word_1_756' title='bbox 1398 2925 1503 2961; x_wconf 87' lang='lat' dir='ltr'>modi,</span> <span class='ocrx_word' id='word_1_757' title='bbox 1529 2935 1595 2955; x_wconf 90' lang='lat' dir='ltr'>non</span> <span class='ocrx_word' id='word_1_758' title='bbox 1620 2924 1827 2956; x_wconf 88' lang='lat' dir='ltr'>excludamus</span> <span class='ocrx_word' id='word_1_759' title='bbox 1851 2934 1922 2956; x_wconf 89' lang='lat' dir='ltr'>eos:</span> <span class='ocrx_word' id='word_1_760' title='bbox 1953 2925 2009 2956; x_wconf 83' lang='lat' dir='ltr'>sed</span> <span class='ocrx_word' id='word_1_761' title='bbox 2032 2934 2127 2957; x_wconf 83' lang='lat' dir='ltr'>amor</span> <span class='ocrx_word' id='word_1_762' title='bbox 2151 2924 2207 2966; x_wconf 87' lang='lat' dir='ltr'>qui</span> <span class='ocrx_word' id='word_1_763' title='bbox 2230 2924 2270 2955; x_wconf 86' lang='lat' dir='ltr'>ad</span> <span class='ocrx_word' id='word_1_764' title='bbox 2294 2924 2471 2956; x_wconf 86' lang='lat' dir='ltr'>universale</span> 
     </span>
    </p>
   </div>
   <div class='ocr_carea' id='block_1_21' title="bbox 1368 1874 1377 3044">
    <p class='ocr_par' dir='ltr' id='par_1_28' title="bbox 1368 1874 1377 3044">
     <span class='ocr_line' id='line_1_109' title="bbox 1368 1874 1377 3044; baseline 0 0"><span class='ocrx_word' id='word_1_765' title='bbox 1368 1874 1377 3044; x_wconf 95' lang='lat' dir='ltr'> </span> 
     </span>
    </p>
   </div>
   <div class='ocr_carea' id='block_1_22' title="bbox 1397 2968 2470 3055">
    <p class='ocr_par' dir='ltr' id='par_1_29' title="bbox 1397 2968 2470 3055">
     <span class='ocr_line' id='line_1_110' title="bbox 1397 2968 2470 3013; baseline 0.001 -14"><span class='ocrx_word' id='word_1_766' title='bbox 1397 2968 1598 3006; x_wconf 85' lang='lat' dir='ltr'>terminatur,</span> <span class='ocrx_word' id='word_1_767' title='bbox 1630 2969 1662 3000; x_wconf 89' lang='lat' dir='ltr'>in</span> <span class='ocrx_word' id='word_1_768' title='bbox 1687 2979 1744 3000; x_wconf 88' lang='lat' dir='ltr'>sua</span> <span class='ocrx_word' id='word_1_769' title='bbox 1769 2969 2003 3001; x_wconf 89' lang='lat' dir='ltr'>universalitate</span> <span class='ocrx_word' id='word_1_770' title='bbox 2027 2969 2240 3013; x_wconf 75' lang='lat' dir='ltr'>relinquatur,</span> <span class='ocrx_word' id='word_1_771' title='bbox 2268 2969 2388 3010; x_wconf 80' lang='lat' dir='ltr'>absque</span> <span class='ocrx_word' id='word_1_772' title='bbox 2411 2969 2470 3000; x_wconf 87' lang='lat' dir='ltr'>ini-</span> 
     </span>
     <span class='ocr_line' id='line_1_111' title="bbox 1397 3013 1917 3055; baseline 0.002 -11"><span class='ocrx_word' id='word_1_773' title='bbox 1397 3013 1556 3045; x_wconf 89' lang='lat' dir='ltr'>micorum</span> <span class='ocrx_word' id='word_1_774' title='bbox 1581 3013 1699 3045; x_wconf 88' lang='lat' dir='ltr'>scilicet</span> <span class='ocrx_word' id='word_1_775' title='bbox 1722 3014 1917 3055; x_wconf 82' lang='lat' dir='ltr'>exceptione.</span> 
     </span>
    </p>
   </div>
   <div class='ocr_carea' id='block_1_23' title="bbox 2511 709 2689 739">
    <p class='ocr_par' dir='ltr' id='par_1_30' title="bbox 2511 709 2689 739">
     <span class='ocr_line' id='line_1_112' title="bbox 2511 709 2689 739; baseline 0.011 -7"><span class='ocrx_word' id='word_1_776' title='bbox 2511 711 2521 721; x_wconf 76' lang='lat'>⁸</span> <span class='ocrx_word' id='word_1_777' title='bbox 2535 709 2592 739; x_wconf 84' lang='lat' dir='ltr'>Cap.</span> <span class='ocrx_word' id='word_1_778' title='bbox 2606 717 2689 734; x_wconf 70' lang='lat' dir='ltr'>nxxlu.</span> 
     </span>
    </p>
   </div>
   <div class='ocr_carea' id='block_1_24' title="bbox 2510 1036 2648 1067">
    <p class='ocr_par' dir='ltr' id='par_1_31' title="bbox 2510 1036 2648 1067">
     <span class='ocr_line' id='line_1_113' title="bbox 2510 1036 2648 1067; baseline 0.007 -8"><span class='ocrx_word' id='word_1_779' title='bbox 2510 1038 2519 1048; x_wconf 86' lang='grc'><em>·</em></span> <span class='ocrx_word' id='word_1_780' title='bbox 2535 1036 2602 1060; x_wconf 74' lang='lat' dir='ltr'>Vera.</span> <span class='ocrx_word' id='word_1_781' title='bbox 2619 1044 2648 1067; x_wconf 83' lang='lat'>¹³-</span> 
     </span>
    </p>
   </div>
   <div class='ocr_carea' id='block_1_25' title="bbox 2509 1355 2644 1386">
    <p class='ocr_par' dir='ltr' id='par_1_32' title="bbox 2509 1355 2644 1386">
     <span class='ocr_line' id='line_1_114' title="bbox 2509 1355 2644 1386; baseline 0.007 -8"><span class='ocrx_word' id='word_1_782' title='bbox 2509 1355 2600 1379; x_wconf 67' lang='lat' dir='ltr'>*vm</span> <span class='ocrx_word' id='word_1_783' title='bbox 2616 1362 2644 1386; x_wconf 79' lang='lat'>¹5.</span> 
     </span>
    </p>
   </div>
  </div>
 </body>
</html>
