2768 4198
71 1449 86 1464 ⁸
99 1449 210 1473 Coactus.
223 1456 244 1479 7.

1009 243 1279 289 QUAESTlO
1309 244 1428 290 CLll,
1458 244 1757 281 ARTICULUS
1789 244 1837 280 lV

2444 245 2517 280 205

323 322 430 358 batus
458 326 493 357 et
519 321 699 357 Abrahae
727 322 955 357 connubium
979 333 1053 369 pro
1083 327 1293 370 temporum
1323 323 1394 359 dis·
1419 326 1421 374 Ι
1450 323 1642 369 Secundo,
1665 323 1756 371 quia
1776 324 1870 359 forte
1900 323 1959 359 ille
1981 323 2045 371 qui
2076 334 2153 358 non
2181 330 2236 359 est
2264 322 2384 370 virgo,
2407 323 2521 358 habet

321 375 520 411 tributione
552 374 698 410 Christo
728 374 1003 411 militaverunt.-
1030 376 1097 411 sed
1128 376 1392 412 continentiam
1419 379 1421 408 Ι

321 429 485 464 Ioannes
517 427 629 464 etiam
660 428 696 464 in
726 439 859 476 opere,
888 428 1086 465 Abraham
1124 440 1214 465 vero
1249 430 1285 465 in
1314 429 1393 465 solo

320 481 449 518 habitu
477 481 649 517 habebat.

377 537 433 570 An
462 545 654 571 SECUNDUM
680 545 865 571 DICENDUM
887 535 1003 583 quod,
1025 535 1111 571 licet
1129 535 1325 583 virginitas
1350 535 1396 572 sit

321 588 457 624 melior
475 599 592 636 quam
614 587 845 624 continentia
875 588 1094 636 coniugalis,
1115 597 1241 637 potest
1263 597 1394 625 tamen

321 641 544 688 coniugatus
561 653 643 678 esse
659 641 794 678 melior
809 654 924 690 quarn
940 642 1061 690 virgo,
1079 642 1219 691 duplici
1236 642 1392 689 ratione.

319 694 450 731 Primo
481 694 650 744 quidem,
682 706 727 731 ex
755 702 860 743 parte
890 695 1008 744 ipsius
1037 697 1233 733 castitatis:
1264 695 1294 732 si
1323 695 1392 732 sci-

318 747 404 784 licet
423 747 483 784 ille
503 747 568 796 qui
590 756 645 784 est
665 748 902 796 coniugatus,
919 750 1058 786 habeat
1078 750 1250 786 animum
1272 749 1393 796 magis

318 809 494 849 paratum
521 801 569 838 ad
589 801 843 850 virginitatem
871 804 1116 848 servandam,
1136 803 1165 839 si
1186 810 1393 851 oporteret,

318 866 435 903 quarn
465 854 525 891 ille
555 855 619 903 qui
650 864 705 892 est
732 856 841 904 virgo
876 865 973 893 actu.
1012 857 1124 894 Unde
1160 856 1394 904 Augustinus

317 907 467 945 instruit
493 908 694 956 virginem,
725 909 762 946 in
791 910 888 947 libro
923 911 969 947 de
995 912 1105 947 Bono
1139 909 1344 959 Coniugali
1361 909 1392 954 ²¹²,

316 970 359 998 ut
389 961 503 998 dicat:
532 963 620 1012 Ego
650 975 724 1000 non
754 975 838 1000 sum
867 963 1002 1000 melior
1030 975 1145 1012 quam
1173 964 1394 1000 Abraham.-

316 1015 383 1052 sed
418 1015 553 1052 melior
588 1022 643 1053 est
675 1017 825 1054 castitas
864 1017 1049 1054 caelibum
1088 1028 1203 1065 quam
1244 1016 1395 1053 castitas

317 1069 548 1117 nuptiarum.
589 1071 638 1107 Et
667 1070 853 1108 rationem
892 1077 1026 1119 postea
1063 1069 1210 1115 subdit,
1241 1069 1392 1106 dicens:

321 1122 433 1164 Quod
459 1123 557 1159 enim
587 1135 660 1173 ego
690 1136 791 1161 nunc
818 1135 908 1173 ago,
929 1123 1063 1160 melius
1087 1123 1142 1159 illi
1169 1122 1343 1171 egissent,
1363 1122 1397 1157 si

316 1181 406 1212 tunc
433 1177 625 1225 agendum
650 1183 763 1214 esset:
792 1177 894 1225 quod
919 1182 1044 1213 aulem
1075 1175 1130 1212 illi
1146 1180 1317 1225 egerunt,
1341 1175 1395 1211 sic

316 1240 390 1279 ego
411 1242 485 1266 non
514 1241 685 1279 agerem,
705 1230 818 1267 etiam
846 1230 880 1266 si
906 1241 1007 1266 nunc
1024 1229 1217 1279 agendum
1243 1233 1347 1265 esset.
1369 1248 1393 1255 -

1449 376 1616 424 aliquam
1648 376 1953 413 excellentiorem
1983 375 2174 412 virtutem.
2203 375 2315 412 Unde
2344 375 2519 423 Augusti-

1449 441 1519 466 nus
1541 430 1644 476 dicit,
1667 429 1704 466 in
1724 430 1820 466 libro
1841 431 1886 466 de
1911 430 2084 479 Virginit.
2106 428 2147 465 *ε
2182 429 2288 466 Unde
2310 429 2379 465 scit
2396 429 2519 478 virgo,
2549 445 2559 455 ·
2573 445 2630 472 cap.
2648 451 2706 466 xm.

1448 483 1621 531 quamvis
1639 483 1796 520 sollicita
1816 495 1914 532 quae
1931 489 2017 519 sunt
2044 483 2214 528 Domini,
2235 494 2282 519 ne
2294 483 2414 530 sorte,
2433 494 2520 529 pro-

1443 541 1529 583 pter
1547 536 1715 584 aliquam
1735 537 1806 573 sibi
1833 537 2066 586 incognitam
2087 535 2356 584 infirmitatem,
2378 547 2453 572 non
2477 536 2524 571 sit

1449 594 1599 626 matura
1629 590 1839 638 martyrio.-
1877 590 1941 626 illa
1970 602 2060 626 vero
2089 590 2226 626 mulier
2259 589 2321 625 cui
2346 601 2386 625 se
2407 600 2522 637 prae—

1437 643 1550 690 ferre
1576 643 1773 692 gestiebat,
1805 644 1881 680 iam
1905 644 2024 692 possit
2051 643 2178 680 bibere
2205 643 2361 679 calicem
2390 642 2522 679 Domi-

1448 696 1556 732 nicae
1578 696 1799 744 passionis?

1501 751 1560 786 Ao
1588 761 1750 787 TERTHJM
1779 762 1964 787 DICENDUM
1994 750 2099 799 quod
2130 751 2277 786 bonum
2312 760 2522 785 commune

1448 802 1574 850 potius
1603 810 1659 839 est
1688 804 1792 840 bono
1832 804 1981 851 privato
2021 804 2050 839 si
2080 803 2126 840 sit
2148 803 2320 840 eiusdem
2350 801 2522 850 generis:

1448 856 1515 892 sed
1543 864 1671 904 potest
1691 869 1774 893 esse
1795 857 1901 906 quod
1930 857 2076 893 bonum
2098 857 2293 905 privatum
2321 855 2369 892 sit
2388 855 2523 892 melius

1448 909 1661 946 secundum
1691 922 1805 946 suum
1835 922 1967 957 genus.
2000 911 2048 946 Et
2074 910 2150 946 hoc
2178 910 2298 947 rnodo
2326 908 2523 957 virginitas

1448 963 1533 998 Deo
1569 962 1692 999 dicata
1729 963 1939 1011 praefertur
1968 963 2186 1000 fecunditati
2223 962 2376 999 carnali.
2411 962 2523 999 Unde

1448 1015 1684 1063 Augustinus
1715 1016 1814 1060 dicit,
1835 1016 1871 1052 in
1894 1016 1990 1052 libro
2015 1016 2060 1052 de
2086 1017 2258 1065 Virginit.
2279 1015 2311 1062 ²¹⁵,
2341 1016 2445 1064 quod
2455 1017 2522 1064 fe·
2550 1031 2559 1039 ·
2574 1030 2631 1057 Cap.
2646 1035 2677 1051 ιι.

1448 1069 1620 1105 cunditas
1647 1070 1785 1114 carnis,
1816 1069 1927 1106 etiam
1958 1069 2110 1106 illarum
2141 1081 2238 1118 quae
2266 1070 2303 1106 in
2332 1070 2404 1105 hoc
2431 1074 2521 1105 tem-

1443 1133 1540 1169 pore
1559 1122 1653 1158 nihil
1675 1122 1781 1159 aliud
1807 1123 1843 1158 in
1873 1123 2051 1172 coniugio
2081 1134 2195 1170 quam
2219 1122 2371 1170 prolem
2401 1122 2523 1170 requi-

1449 1180 1538 1211 runt
1565 1186 1680 1223 quam
1709 1176 1924 1224 mancipent
1956 1176 2115 1221 Christo,
2136 1188 2209 1224 pro
2238 1176 2378 1212 amissa
2407 1176 2523 1225 virgi-

1449 1228 1564 1264 nitate
1591 1229 1832 1277 compensari
1858 1241 1933 1265 non
1958 1241 2070 1277 posse
2097 1229 2283 1266 credenda
2311 1234 2375 1266 est.

1005 1323 1345 1356 Commentaria.
1367 1322 1624 1356 Cardinalis
1646 1323 1850 1356 Caietam

346 1415 366 1436 N
390 1405 525 1436 articulo
549 1411 663 1446 quarto
688 1403 832 1435 eiusdem
851 1403 1060 1445 quaestionis,
1077 1403 1110 1433 in
1127 1402 1337 1443 responsione
1352 1402 1391 1432 ad

319 1417 500 1491 Iprimum,
525 1449 661 1480 dubium
685 1458 722 1479 ex
745 1449 894 1485 Martino,
918 1449 951 1479 in
975 1458 1029 1489 qu.
1046 1458 1080 1478 111
1095 1448 1112 1467 *
1136 1448 1175 1478 de
1191 1446 1390 1487 Virginitate,

314 1495 462 1532 occurrit,
487 1494 626 1526 dicente:
650 1511 672 1518 -·
696 1494 758 1524 Ista
781 1494 900 1525 solutio
925 1503 991 1524 non
1015 1493 1095 1523 mihi
1111 1493 1237 1523 videtur
1253 1492 1391 1522 rationa-

313 1539 397 1572 bilis.
420 1540 509 1571 Tum
532 1539 649 1580 primo,
673 1538 750 1580 quia
765 1539 927 1570 Abraham
951 1548 1120 1579 nunquam
1145 1536 1257 1568 habuit
1280 1536 1391 1568 coniu-

311 1584 404 1625 gium
426 1584 460 1615 in
484 1593 580 1624 opere
597 1591 628 1614 et
643 1582 855 1624 virginitatem
871 1583 903 1614 in
921 1582 1161 1624 praeparatione
1178 1581 1291 1612 animi:
1317 1591 1391 1612 curn

313 1628 392 1660 nihil
409 1629 584 1660 habeamus
598 1628 631 1659 in
647 1628 888 1669 praeparatione
905 1627 1003 1658 animi
1029 1627 1088 1658 nisi
1113 1627 1202 1668 quod
1229 1633 1274 1656 est
1298 1626 1392 1656 nobis

313 1673 481 1714 possibile,
506 1673 567 1704 nisi
591 1673 678 1714 apud
704 1673 899 1714 insipientes
917 1691 938 1696 -
962 1673 1028 1703 Nec
1052 1672 1140 1703 iuvat
1164 1672 1301 1702 adducta
1325 1674 1391 1702 Au-

312 1718 432 1760 gustini
455 1718 643 1749 auctoritas:
675 1718 751 1759 quia
781 1728 848 1749 non
873 1718 948 1749 dicit
977 1718 1067 1759 quod
1090 1716 1253 1747 Abraham
1281 1716 1393 1747 habuit

311 1763 526 1803 virginitatem
548 1763 582 1794 in
606 1763 734 1800 habitu,
763 1764 819 1794 sed
847 1763 1078 1794 continentiam
1103 1761 1154 1792 vel
1178 1761 1390 1798 caelibatum,

311 1807 370 1850 qui
392 1807 490 1839 etiam
512 1808 617 1839 viduis
641 1808 800 1839 convenit.

368 1853 458 1884 Tum
485 1853 561 1894 quia
590 1853 705 1884 habere
733 1852 875 1893 aliquam
898 1851 1048 1882 virtutem
1080 1850 1112 1881 in
1136 1857 1207 1881 actu
1241 1858 1271 1880 et
1295 1860 1392 1890 opere

313 1897 418 1929 multo
442 1897 612 1938 perfectius
636 1905 682 1928 est
705 1907 805 1938 quam
828 1897 942 1927 habere
962 1906 1033 1927 eam
1057 1895 1234 1926 secundum
1261 1905 1391 1935 praepa-

313 1941 470 1972 rationem
495 1941 604 1973 animi.
629 1942 692 1973 Sed
716 1942 852 1973 loannes
875 1941 986 1972 habuit
999 1940 1214 1980 virginitatem
1234 1939 1266 1969 in
1283 1949 1391 1980 opere,

311 1993 344 2017 et
367 1986 531 2017 Abraham
554 1987 587 2017 in
611 1987 680 2017 sola
703 1986 943 2027 praeparatione
967 1985 1076 2016 animi.
1101 1985 1198 2025 Ergo.

370 2030 408 2061 11.
432 2031 484 2062 Ad
514 2031 707 2063 evidentiam
737 2031 873 2067 horum,
898 2031 1025 2061 adverte
1053 2030 1143 2071 quod
1173 2032 1296 2060 Auctor
1325 2039 1391 2059 non

313 2082 430 2116 aequat
453 2085 537 2116 opus
566 2076 708 2117 coniugii
732 2076 822 2116 operi
845 2075 1006 2115 virginali:
1038 2075 1094 2106 sed
1117 2074 1273 2114 adaequat
1297 2075 1391 2104 meri-

313 2125 381 2151 tum
419 2120 633 2152 continentiae
664 2121 810 2152 Abrahae
840 2121 954 2151 merito
986 2118 1199 2150 continentiae
1231 2118 1392 2158 virginalis

314 2164 442 2195 loannis
465 2165 636 2206 Baptistae.
660 2166 747 2196 Haec
769 2172 877 2196 autem
893 2171 1018 2195 constat
1036 2164 1150 2194 distare
1171 2162 1272 2193 valde.
1298 2163 1391 2194 Unde

312 2209 346 2240 in
366 2209 524 2251 principio
548 2209 766 2251 responsionis
790 2211 912 2240 Auctor
935 2208 1011 2239 dicit
1033 2208 1123 2249 quod
1152 2208 1301 2238 meritum
1327 2217 1390 2238 non

312 2254 418 2285 solum
440 2260 604 2295 pensatur
635 2264 678 2285 ex
708 2263 830 2295 genere
852 2259 962 2291 actus,
987 2253 1044 2284 sed
1074 2252 1182 2293 magis
1209 2262 1251 2282 ex
1281 2253 1391 2282 animo

313 2300 488 2339 operantis.
512 2299 572 2330 Per
594 2299 656 2329 hoc
680 2298 766 2328 enim
789 2298 879 2339 quod
899 2297 975 2328 dixit
999 2307 1041 2328 ex
1062 2306 1186 2338 genere
1208 2301 1312 2334 actus,
1337 2296 1390 2326 de-

314 2343 437 2375 notavit
467 2343 606 2384 primam
645 2343 925 2384 inaequalitatem:
959 2352 1035 2373 nam
1073 2352 1110 2372 ex
1139 2351 1253 2381 genere
1284 2341 1390 2382 operis

311 2387 474 2428 virginitas
506 2387 643 2428 praestat
678 2387 892 2419 continentiae
929 2386 1100 2426 coniugali.
1136 2387 1196 2417 Per
1225 2385 1288 2416 hoc
1314 2395 1389 2416 vero

312 2433 402 2474 quod
434 2433 558 2469 subdit,
582 2433 640 2464 sed
667 2434 775 2474 magis
806 2442 847 2463 ex
881 2433 990 2463 animo
1019 2432 1201 2472 operantis,
1228 2430 1392 2461 denotavit

313 2477 580 2518 adaequationem
598 2478 740 2509 secundo
756 2477 829 2508 loco
847 2476 974 2513 dictam,
991 2476 1099 2517 quoad
1120 2475 1300 2517 praemium
1317 2476 1390 2506 sub-

313 2521 471 2552 stantiale.

370 2566 421 2596 Ad
451 2566 589 2605 primam
620 2565 716 2606 igitur
743 2565 874 2596 Martini
905 2564 1120 2596 obiectionem
1155 2564 1270 2595 dicitur
1300 2564 1390 2605 quod

314 2610 477 2640 Abraham
499 2610 612 2642 habuit
631 2620 758 2650 semper
774 2610 989 2651 virginitatem
1011 2609 1044 2640 in
1069 2609 1311 2650 praeparatione
1327 2609 1391 2640 ani-

314 2655 370 2686 mi.
387 2655 454 2685 Nec
471 2662 517 2686 est
532 2665 644 2686 verum
661 2655 751 2696 quod
767 2655 874 2685 solum
893 2654 926 2685 id
943 2654 1032 2695 quod
1056 2660 1103 2684 est
1119 2654 1270 2694 possibile
1286 2654 1389 2691 nobis,

314 2700 490 2730 habeamus
514 2700 547 2730 in
572 2699 671 2730 animi
702 2699 959 2741 praeparatione:
994 2708 1069 2729 cum
1102 2708 1196 2729 senex
1229 2698 1391 2739 impotens

314 2744 459 2786 pertinax
489 2745 522 2775 in
552 2744 677 2775 luxuria
709 2744 823 2775 habeat
850 2744 882 2774 in
907 2743 1148 2784 praeparatione
1173 2742 1271 2773 animi
1302 2744 1391 2775 adul-

313 2789 401 2825 teria,
423 2796 542 2829 stupra,
565 2797 634 2826 etc„
652 2789 678 2819 si
701 2796 827 2829 posset;
852 2795 883 2819 et
906 2788 1050 2819 similiter
1073 2787 1221 2818 inimicus
1245 2788 1390 2825 alicuius,

314 2834 462 2875 quamvis
492 2834 634 2874 privatus
658 2834 806 2864 manibus
834 2833 990 2874 omnique
1013 2842 1069 2873 spe
1093 2832 1257 2863 occidendi
1281 2832 1390 2864 inimi-

313 2888 399 2915 cum,
424 2879 538 2910 habeat
562 2879 706 2909 animum
729 2885 953 2919 praeparatum
968 2877 1134 2908 occidendi
1149 2877 1242 2907 illum
1266 2877 1292 2907 si
1316 2888 1391 2918 pos-

314 2930 377 2960 set;
401 2931 432 2954 et
455 2923 499 2954 sic
523 2924 562 2954 de
586 2923 666 2954 aliis.
691 2924 732 2954 Et
755 2923 837 2954 sicut
860 2923 921 2959 isti,
946 2922 1055 2963 quoad
1079 2923 1235 2952 damnum
1260 2929 1290 2952 et
1313 2933 1390 2962 poe-

313 2978 389 2999 nam
413 2978 524 2999 sensus
549 2968 809 3003 substantialem.
835 2974 910 2998 sunt
938 2966 982 2997 ita
1013 2966 1056 2997 rei
1086 2966 1167 2997 sicut
1194 2966 1329 2998 adulteri
1361 2974 1391 2999 et

313 3013 504 3050 homicidae,
529 3021 560 3045 et
583 3013 665 3044 forte
689 3013 772 3053 plus,
796 3013 883 3044 iuxta
898 3011 998 3043 animi
1014 3011 1169 3042 maiorem
1185 3011 1332 3042 ardorem
1349 3013 1389 3042 ad

314 3059 406 3095 haec;
432 3057 474 3088 ita
497 3057 660 3088 Abraham
674 3058 847 3094 virtuosus,
870 3056 1011 3097 privatus
1034 3063 1166 3097 propter
1181 3056 1389 3087 necessariam

313 3113 444 3134 causam
467 3102 614 3134 exercitio
628 3102 824 3144 virginitatis,
850 3102 1069 3144 perseverabat
1092 3101 1125 3131 in
1149 3101 1390 3142 praeparatione

315 3148 414 3178 animi
437 3148 476 3177 ad
500 3147 712 3187 virginitatem
736 3147 762 3178 si
787 3154 868 3178 esset
891 3147 1084 3178 conveniens
1113 3153 1199 3177 tunc.
1224 3163 1246 3169 -
1269 3147 1391 3177 Aucto-

314 3192 388 3223 ritas
404 3201 535 3233 quoque
551 3192 723 3233 Augustini
740 3192 834 3223 allata
850 3191 988 3222 adiuvat.
1013 3190 1179 3228 Quoniam
1195 3189 1390 3221 continentia

314 3236 358 3267 ibi
381 3237 420 3266 ab
444 3237 626 3275 Augustino
653 3247 713 3278 pro
738 3236 932 3268 continentia
960 3236 1092 3268 tollente
1120 3234 1308 3276 coniugium
1336 3244 1389 3265 su-

315 3281 422 3316 mitur,
446 3290 545 3321 quam
568 3288 692 3312 constat
714 3291 782 3312 esse
804 3281 991 3321 virginalem
1008 3281 1127 3311 solam:
1151 3279 1286 3310 vidualis
1303 3278 1390 3310 enim

316 3335 382 3355 non
406 3325 604 3365 simpliciter,
629 3326 683 3356 sed
707 3333 782 3366 post
804 3333 942 3366 tempus,
962 3325 1047 3356 tollit
1070 3325 1268 3365 coniugium.
1301 3324 1390 3354 Patet

1445 1403 1555 1444 quitur
1578 1404 1618 1434 de
1642 1414 1678 1434 ea
1706 1414 1806 1445 quam
1830 1414 1895 1435 non
1924 1405 2062 1435 habebat
2086 1405 2118 1435 in
2144 1415 2240 1445 opere
2266 1407 2445 1442 Abraham,
2471 1407 2525 1436 sed

1445 1448 1477 1478 in
1497 1447 1618 1485 animo,
1644 1456 1674 1479 et
1698 1449 1834 1479 Ioannes
1858 1449 1890 1479 in
1915 1459 2022 1489 opere.

1501 1493 1552 1523 Ad
1585 1494 1759 1524 secundam
1786 1500 1895 1524 autem
1926 1494 2041 1525 dicitur
2064 1495 2169 1534 quod,
2193 1495 2266 1525 licet
2297 1502 2455 1536 quantum
2486 1496 2525 1525 ad

1446 1537 1623 1569 bonitatem
1647 1548 1684 1568 ex
1707 1548 1822 1578 genere
1837 1546 1925 1570 actus
1950 1547 1980 1570 et
2004 1548 2102 1579 penes
2126 1540 2307 1579 praemium
2322 1539 2524 1576 accidentale,

1446 1582 1518 1623 plus
1543 1583 1583 1613 sit
1606 1582 1721 1613 habere
1744 1583 1895 1614 virtutem
1919 1582 1952 1613 in
1976 1593 2073 1624 opere
2097 1593 2196 1624 quam
2220 1585 2252 1614 in
2268 1585 2336 1614 sola
2356 1594 2524 1624 praepara-

1446 1627 1532 1658 tione
1550 1627 1664 1664 animi;
1689 1634 1796 1658 tamen
1817 1634 1975 1668 quantum
1992 1628 2031 1658 ad
2048 1628 2225 1659 bonitatem
2243 1629 2346 1660 meriti
2364 1639 2400 1659 ex
2415 1629 2524 1659 animo

1446 1672 1609 1713 operantis
1633 1680 1663 1703 et
1682 1679 1840 1713 quantum
1858 1673 1898 1702 ad
1914 1672 2064 1703 meritum
2080 1673 2296 1710 substantiale,
2314 1683 2380 1704 non
2397 1680 2526 1714 oportet

1445 1718 1535 1758 quod
1559 1717 1599 1748 sit
1622 1717 1707 1758 plus,
1731 1718 1785 1747 sed
1810 1718 2006 1758 quandoque
2031 1724 2077 1748 est
2101 1717 2223 1754 minus,
2250 1725 2284 1749 ut
2307 1725 2394 1759 patet
2418 1728 2455 1748 ex
2479 1718 2524 1748 di-

1445 1762 1512 1793 ctis.
1538 1762 1579 1793 Et
1602 1762 1675 1792 ideo
1700 1762 1779 1792 ratio
1804 1761 1884 1792 nihil
1907 1762 1999 1792 valet.

1503 1807 1555 1838 111.
1582 1807 1616 1837 In
1639 1806 1848 1846 responsione
1871 1807 1911 1836 ad
1935 1806 2063 1837 tertium
2081 1807 2224 1837 eiusdem
2241 1806 2364 1838 articuli
2389 1807 2523 1837 dubium

1445 1862 1482 1883 ex
1506 1851 1658 1889 Martino‚
1683 1850 1737 1881 ubi
1762 1861 1857 1891 supra
1872 1850 1900 1887 *,
1924 1851 2071 1887 occurrit,
2089 1851 2226 1882 dicente:
2251 1869 2272 1874 -
2297 1851 2386 1882 Haec
2402 1851 2522 1882 solutio
2553 1860 2607 1881 ’Ad
2622 1860 2763 1887 obieet.3⁸¹¹·

1446 1907 1512 1927 non
1536 1896 1639 1937 placet
1663 1895 1752 1926 mihi.
1777 1895 1817 1927 Et
1840 1895 1965 1927 videtur
1988 1896 2231 1926 concedendum
2255 1896 2345 1936 quod
2369 1895 2520 1936 multipli-
2552 1890 2613 1908 ⁰⁰⁰⁸·
2631 1887 2763 1914 ⁰⁰⁰⁰¹¹¹⁵⁴3·

1446 1941 1528 1973 catio
1553 1940 1618 1971 sive
1642 1940 1840 1971 conservatio
1864 1940 1980 1980 speciei
2002 1940 2162 1971 humanae
2187 1947 2233 1971 est
2256 1939 2442 1980 simpliciter
2456 1951 2523 1971 me-

1444 1986 1506 2017 lior
1530 1995 1628 2027 quam
1653 1985 1882 2025 contemplatio
1907 1984 2110 2022 divinorum,
2135 1992 2435 2026 quantumcumque
2461 1985 2523 2016 sint

1445 2031 1646 2062 diversorum
1669 2039 1834 2070 generum.
1858 2029 1891 2060 Si
1911 2029 1997 2060 enim
2020 2029 2092 2060 finis
2107 2029 2295 2070 virginitatis
2312 2037 2392 2060 esset
2409 2030 2524 2060 melior

1444 2075 1630 2116 simpliciter
1651 2085 1750 2116 quam
1765 2074 1838 2105 finis
1855 2074 2006 2115 coniugii,
2022 2075 2181 2105 videretur
2197 2074 2287 2115 quod
2303 2081 2434 2114 propter
2451 2085 2525 2105 con-

1444 2120 1658 2152 servationem
1682 2119 1841 2150 humanae
1857 2119 1972 2159 speciei
1992 2129 2058 2150 non
2075 2127 2156 2150 esset
2173 2119 2344 2149 deserenda
2360 2118 2523 2159 virginitas

1446 2166 1541 2196 etiam
1557 2163 1681 2194 firmata
1700 2171 1788 2194 voto.
1804 2181 1825 2187 —
1841 2163 1908 2194 Nec
1924 2174 1983 2204 pro
2003 2174 2081 2204 pace
2098 2164 2193 2194 unius
2208 2163 2295 2203 regni
2313 2171 2421 2203 posset
2437 2164 2522 2204 Papa

1445 2210 1644 2250 dispensare:
1670 2208 1747 2249 quia
1774 2208 1970 2248 dispensatio
1996 2219 2062 2239 non
2086 2207 2122 2239 fit
2151 2208 2211 2239 nisi
2241 2214 2375 2248 propter
2396 2208 2522 2238 melius.

1446 2255 1518 2285 Hoc
1541 2260 1650 2284 autem
1673 2260 1720 2284 est
1744 2263 1839 2283 error.

1500 2299 1551 2330 Ad
1575 2298 1636 2329 hoc
1659 2297 1776 2328 dicitur
1791 2297 1880 2338 quod
1905 2297 2103 2338 comparatio
2127 2307 2233 2328 rerum
2249 2297 2282 2326 in
2298 2296 2441 2327 bonitate
2458 2307 2523 2327 non

1444 2350 1490 2375 est
1513 2343 1743 2374 consideranda
1773 2342 1950 2373 secundum
1980 2352 2071 2373 casus
2104 2349 2159 2372 aut
2182 2348 2332 2378 eventus,
2357 2341 2412 2372 sed
2432 2342 2523 2372 abso-

1444 2389 1519 2420 lute.
1556 2387 1692 2419 Constat
1716 2393 1824 2418 autem
1848 2387 2027 2417 secundum
2059 2396 2172 2417 omnes
2196 2386 2286 2427 quod
2310 2386 2434 2416 bonum
2459 2386 2524 2416 ani-

1445 2443 1514 2464 mae
1530 2432 1706 2473 praefertur
1720 2432 1809 2462 bono
1826 2431 1984 2472 corporis;
2010 2438 2041 2462 et
2064 2431 2152 2472 quod
2170 2430 2399 2471 contemplatio
2417 2430 2522 2461 divina

1443 2485 1490 2510 est
1506 2487 1662 2518 magnum
1679 2477 1804 2507 animae
1820 2477 1956 2507 bonum.
1981 2475 2204 2516 Multiplicatio
2221 2482 2329 2506 autem
2349 2475 2520 2506 hominum

1443 2533 1501 2564 per
1522 2522 1762 2563 generationem
1786 2521 1951 2561 corporale
1967 2521 2091 2551 bonurn
2109 2520 2288 2551 secundum
2305 2529 2401 2550 suum
2421 2530 2522 2560 genus

1444 2574 1504 2598 est:
1521 2567 1683 2607 generatio
1700 2566 1860 2607 siquidem
1876 2565 2008 2596 carnalis
2025 2565 2148 2596 carnale
2163 2566 2287 2596 bonum
2305 2564 2420 2594 directe
2437 2564 2520 2601 facit,

1443 2612 1529 2643 iuxta
1553 2612 1633 2642 illud
1658 2611 1745 2642 Ioan.
1761 2621 1795 2640 111
1808 2610 1840 2641 *τ
1869 2610 1964 2648 Quod
1987 2615 2099 2641 natum
2117 2615 2164 2640 est
2182 2619 2224 2640 ex
2240 2619 2350 2646 carne,
2368 2618 2445 2639 caro
2462 2614 2518 2639 est.
2547 2620 2557 2630 ·
2573 2620 2639 2641 vers.
2657 2621 2678 2642 6,

1443 2657 1541 2697 Igitur
1559 2656 1682 2697 optime
1697 2658 1820 2686 Auctor
1836 2655 1913 2685 dixit
1937 2654 2026 2695 quod
2049 2653 2122 2684 finis
2138 2654 2324 2694 virginitatis
2340 2654 2518 2684 secundum

1443 2712 1544 2742 genus
1568 2711 1665 2732 suum
1689 2707 1735 2731 est
1754 2699 1940 2740 simpliciter
1954 2698 2068 2729 melior
2091 2709 2189 2739 quam
2213 2697 2437 2738 multiplicatio
2462 2698 2529 2728 ho-·

1444 2746 1581 2781 minum,
1606 2755 1688 2786 quae
1713 2751 1759 2775 est
1782 2743 1853 2774 finis
1877 2743 2028 2784 coniugii.

1499 2791 1550 2821 Ad
1570 2790 1784 2820 obiectionem
1799 2795 1905 2819 autem
1922 2787 2060 2824 Martini,
2079 2794 2212 2827 negatur
2227 2794 2362 2827 utraque
2378 2786 2517 2827 sequela.

1444 2835 1549 2866 Prima
1573 2834 1715 2875 quidem,
1740 2833 1815 2874 quia
1839 2833 1871 2862 in
1892 2843 1966 2863 casu
1990 2842 2057 2873 quo
2074 2832 2214 2872 speciem
2230 2832 2405 2862 humanam
2422 2840 2518 2870 opor-

1443 2887 1521 2911 teret
1545 2878 1733 2914 conservari,
1757 2884 1963 2918 praeceptum
1979 2877 2056 2907 iuris
2073 2884 2202 2907 naturae
2226 2876 2417 2916 praevaleret
2441 2882 2518 2905 voto

1444 2923 1640 2965 virginitatis.
1659 2923 1699 2953 Et
1711 2922 1792 2952 sicut
1804 2921 1988 2962 simpliciter
2000 2922 2115 2952 melius
2127 2927 2174 2952 est
2183 2921 2407 2962 philosophari
2421 2930 2517 2960 quam

1444 2969 1554 3006 ditari,
1568 2975 1713 3007 tempore
1725 2974 1833 2997 tamen
1845 2965 2038 2996 necessitatis
2051 2966 2239 3006 oppositum
2257 2965 2416 3005 agendum
2430 2971 2476 2994 est
2485 2963 2516 2999 *;
2547 2969 2663 2999 ’,Αι-ἰεῐοῐ.
2678 2970 2756 2997 Topic-

1444 3014 1497 3050 ita,
1513 3013 1587 3044 licet
1610 3011 1795 3051 simpliciter
1814 3011 1927 3041 melior
1951 3010 1990 3041 sit
2012 3010 2173 3050 virginitas
2197 3009 2414 3044 matrimonio,
2439 3015 2517 3039 tem·
2544 2995 2646 3043 :laabim
2663 3002 2712 3023 ⁶³¹³·
2732 3002 2757 3021 ¹¹*

1444 3068 1523 3099 pore
1547 3064 1653 3087 tamen
1678 3055 1871 3086 necessitatis
1894 3055 2009 3085 melius
2033 3062 2080 3085 est
2102 3055 2231 3085 nubere.

1500 3101 1646 3133 Secunda
1669 3107 1787 3135 autem,
1812 3100 1888 3141 quia
1911 3099 1943 3129 in
1968 3109 2045 3140 pace
2069 3099 2165 3130 unius
2184 3098 2271 3138 regni
2295 3107 2361 3128 non
2377 3097 2518 3127 tenditur

1443 3146 1483 3176 ad
1513 3147 1639 3176 bonum
1669 3145 1845 3186 temporale
1869 3151 2010 3180 tantum,
2036 3143 2092 3174 sed
2121 3144 2161 3173 ad
2184 3144 2309 3173 bonum
2337 3141 2516 3182 spirituale,

1442 3190 1597 3221 virtutum
1621 3189 1739 3220 scilicet
1759 3189 1792 3219 in
1809 3199 1918 3228 regno,
1935 3198 2017 3229 quae
2034 3187 2208 3224 discordiis,
2226 3186 2434 3217 seditionibus
2450 3186 2516 3216 bel-

1442 3234 1544 3275 lisque
1563 3234 1792 3274 impediuntur,
1809 3233 1976 3264 tolluntur.
2001 3232 2043 3262 Et
2058 3231 2275 3262 universaliter
2294 3231 2408 3261 dicitur
2427 3231 2515 3271 quod

1442 3278 1636 3319 dispensatio
1666 3284 1771 3318 potest
1794 3277 1860 3308 fieri
1885 3287 1951 3307 non
1975 3277 2083 3307 solum
2107 3282 2238 3317 propter
2261 3275 2377 3306 melius
2401 3285 2515 3305 secun-

1444 3324 1522 3354 durn
1538 3333 1635 3353 suum
1649 3332 1760 3363 genus,
1771 3322 1826 3352 sed
1839 3329 1970 3362 propter
1982 3320 2096 3351 melius
2113 3331 2149 3351 ex
2165 3319 2399 3352 circumstantia
2412 3329 2418 3350 :
2437 3326 2515 3359 puta

316 3376 424 3400 autem
447 3369 666 3409 Augustinum
689 3371 733 3401 sic
751 3371 892 3411 accipere
911 3370 954 3401 ibi
972 3369 1218 3401 continentiam:
1243 3368 1319 3410 quia
1341 3368 1390 3398 lo-
1414 3373 1417 3406 ἰ
1444 3367 1494 3398 hic
1518 3367 1549 3397 in
1574 3367 1627 3398 tali
1653 3373 1778 3397 eventu.
