2768 4198
295 279 369 315 320

348 358 416 388 V11.
446 358 496 388 Ad
528 358 645 388 horum
675 357 882 391 evidentiam,
915 354 1143 395 praemittenda
1175 360 1248 383 sunt
1279 353 1355 383 duo.

291 402 436 432 Primum
452 409 498 432 est
520 403 608 443 quod
633 401 791 431 distinctio
809 399 926 440 peccati
951 398 1127 428 secundum
1152 406 1357 437 progressum
1382 411 1384 430 ε

293 446 422 487 peccati,
448 447 614 486 dupliciter
638 445 812 475 invenitur:
845 444 961 473 scilicet
984 442 1130 482 perfecte,
1155 449 1185 471 et
1208 440 1356 481 imperfe-
1382 437 1384 448 '

294 497 351 522 cte.
386 490 524 521 Perfecte
548 490 695 531 quidem,
720 489 848 529 quando
873 487 1048 517 secundum
1073 496 1186 516 omnes
1210 484 1356 515 subordi-

294 543 384 565 natos
409 535 519 564 ordine
544 534 672 573 originis
701 540 730 562 et
754 532 889 561 malitiae
912 531 1027 570 gradus
1051 529 1104 560 fit:
1140 537 1175 560 ut
1198 530 1223 559 si
1253 530 1357 569 primo
1383 535 1384 538 ’

294 579 490 618 concipiatur
512 579 544 608 in
568 578 671 613 corde,
697 576 835 606 secundo
861 575 1052 615 exprimatur
1077 584 1140 610 ore,
1166 574 1258 605 tertio
1283 584 1357 604 con-

294 630 472 654 summetur
495 632 600 662 opere.
625 639 643 643 -
668 620 852 660 imperfecte
874 626 993 656 autem,
1017 619 1147 659 quando
1172 628 1358 658 progressus

293 667 464 698 attenditur
487 666 663 696 secundum
686 665 786 694 dictos
810 664 939 703 gradus,
965 664 1019 693 sed
1043 673 1109 693 non
1134 663 1358 693 subordinatos
1384 662 1385 692 ἶ

294 712 469 742 secundum
486 710 629 740 ordinem
652 708 780 747 originis
797 714 851 738 aut
868 708 1019 738 malitiae:
1047 714 1081 737 ut
1105 707 1130 737 si
1155 714 1302 747 peccetur
1325 707 1357 737 in

294 756 397 791 corde,
421 755 470 784 vel
494 754 525 783 in
550 763 614 788 ore,
640 753 689 782 vel
713 762 819 792 opere,
837 752 890 782 sed
908 762 973 782 non
990 752 1032 782 ita
1051 752 1139 792 quod
1157 762 1260 782 unum
1277 751 1358 782 oria·

293 806 345 830 tur
368 809 404 829 ex
427 798 509 833 alio;
537 803 613 837 puta
637 797 662 826 si
687 797 717 826 in
743 797 838 827 corde
863 797 997 828 habetur
1021 796 1186 826 delectatio
1212 804 1358 832 morosa;
1385 794 1386 828 l

293 844 325 873 in
343 853 396 872 ore
411 841 531 872 locutio
548 841 658 881 turpis,
683 841 737 871 sed
762 851 827 871 non
853 847 982 881 propter
1004 841 1093 871 illam
1117 840 1357 871 delectationem

293 895 469 922 morosam:
495 886 526 915 in
558 895 653 926 opere
683 885 765 915 fiunt
793 892 881 916 actus
909 892 1037 925 turpes,
1062 885 1116 915 sed
1140 895 1205 915 non
1230 891 1360 925 propter
1385 887 1387 927 f

292 931 378 961 illam
403 930 654 966 delectationem,
672 940 729 960 nec
753 937 827 960 sunt
850 929 978 960 effectus
1007 931 1179 960 verborum
1204 930 1358 970 turpium.
1386 932 1387 965 ξ

293 974 488 1005 Huiusmodi
522 974 643 1015 quippe
677 974 836 1005 distinctio
866 982 913 1005 est
946 975 1124 1005 secundum
1157 984 1357 1015 progressum
1386 995 1388 1009 4

293 1019 420 1059 peccati,
438 1029 496 1058 pro
521 1025 643 1059 quanto
667 1018 825 1049 distinctio
842 1018 876 1050 fit
900 1019 1077 1050 secundum
1105 1019 1220 1060 gradus
1244 1019 1360 1059 quibus
1387 1014 1388 1027 ¹

292 1063 437 1104 progredi
462 1063 542 1093 solet
566 1070 742 1103 peccatum,
767 1063 884 1094 scilicet
911 1074 974 1097 cor.
992 1074 1096 1094 sermo
1121 1071 1151 1094 et
1179 1073 1282 1103 opus:
1307 1065 1360 1094 sed
1388 1080 1389 1083 =

291 1107 484 1148 imperfecte,
500 1107 575 1148 quia
599 1109 686 1138 deest
706 1108 786 1138 ordo
811 1108 941 1148 originis
963 1108 1059 1139 unius
1082 1109 1121 1138 ab
1138 1108 1209 1145 alio,
1227 1115 1257 1139 et
1281 1108 1360 1138 ordo

292 1162 348 1192 per
364 1162 396 1182 se
412 1152 560 1189 malitiae,
584 1152 740 1193 quoniam
763 1153 794 1182 in
818 1152 1004 1183 huiusmodi
1022 1153 1233 1189 distinctione,
1259 1163 1314 1193 per
1330 1163 1361 1183 se
1388 1147 1390 1154 ’

292 1197 467 1237 loquendo,
492 1207 557 1227 non
587 1204 694 1237 potest
722 1196 799 1237 fingi
827 1197 915 1238 quod
941 1207 1053 1228 eorum
1077 1197 1116 1228 sit
1139 1197 1274 1238 gravius
1307 1198 1363 1228 Est

292 1248 398 1272 tamen
421 1240 453 1271 in
474 1241 531 1271 hac
549 1241 750 1272 distinctione
771 1241 850 1272 alius
874 1241 987 1272 tacitus
1011 1252 1066 1282 per
1090 1252 1122 1272 se
1146 1252 1331 1282 progressus
1346 1253 1362 1272 a

294 1286 388 1316 corde
411 1285 609 1316 immediate:
641 1286 759 1317 scilicet
782 1286 857 1316 mali
880 1287 1035 1317 sermonis
1059 1298 1076 1317 a
1101 1287 1195 1317 corde
1220 1287 1316 1323 malo,
1334 1294 1363 1317 et

294 1329 368 1360 mali
393 1330 498 1370 operis
521 1340 539 1360 a
563 1330 658 1360 corde
689 1330 785 1361 malo.
818 1331 859 1361 Et
882 1331 932 1361 hic
963 1331 1068 1368 etiam,
1093 1331 1168 1372 quia
1194 1331 1363 1372 utrobique
1390 1338 1391 1348 ¹

294 1375 381 1405 deest
411 1384 495 1404 unus
518 1375 652 1414 gradus,
679 1374 883 1414 imperfectus
907 1382 962 1406 est.
994 1376 1035 1406 Et
1058 1376 1083 1406 si
1107 1375 1156 1406 his
1186 1376 1364 1406 adiunxeris

294 1419 382 1460 quod
406 1418 629 1459 imperfectum
654 1419 814 1450 reducitur
842 1420 881 1450 ad
905 1420 1100 1460 perfectum,
1122 1420 1243 1450 videbis
1275 1421 1364 1461 quod

294 1473 517 1504 quaecumque
549 1463 663 1494 harum
695 1463 933 1495 distinctionum
969 1472 1074 1505 potest
1109 1465 1222 1495 merito
1259 1465 1363 1496 vocari

295 1507 455 1538 distinctio
479 1508 656 1539 secundum
681 1518 883 1548 progressum
907 1509 1037 1549 peccati.

352 1552 432 1583 VIII.
458 1552 643 1582 Secundum
667 1559 713 1583 est
737 1554 825 1594 quod
850 1553 948 1584 virtus
964 1554 1013 1584 vel
1029 1553 1143 1584 vitium
1167 1561 1272 1594 potest
1295 1564 1364 1594 per-

296 1595 375 1627 fecte
399 1597 545 1636 progredi
575 1607 631 1637 per
654 1607 766 1628 omnes
789 1598 905 1637 gradus
934 1599 972 1628 ab
997 1599 1081 1629 intus
1109 1598 1148 1628 ad
1173 1606 1256 1630 extra
1280 1598 1363 1629 ordi-

296 1774 466 1805 moraliter.
500 1774 694 1815 Exemplum
722 1775 835 1814 primi:
869 1775 893 1804 si
923 1775 994 1816 quis
1018 1776 1087 1806 vult
1114 1775 1219 1814 primo
1251 1775 1364 1812 furari,

297 1818 409 1849 deinde
439 1819 477 1848 ad
502 1819 564 1849 hoc
587 1819 746 1859 loquitur,
772 1819 862 1849 tertio
887 1819 973 1850 vadit
1000 1819 1139 1850 furatum
1168 1826 1199 1850 et
1227 1819 1364 1856 furatum

296 1873 371 1893 narn
395 1862 516 1893 locutio
536 1873 601 1892 non
626 1870 672 1893 est
694 1863 783 1893 aliter
806 1863 888 1893 mala
913 1863 1074 1894 moraliter
1106 1863 1165 1894 nisi
1197 1863 1272 1904 quia
1295 1863 1365 1894 infi-

296 1907 376 1937 citur
401 1907 599 1937 deformitate
622 1907 706 1942 furti,
732 1914 763 1937 et
787 1907 930 1938 similiter
953 1907 1129 1938 ambulatio
1153 1915 1183 1938 et
1206 1917 1364 1939 manuum

296 1961 373 1981 usus
397 1951 429 1981 in
454 1958 524 1981 actu
550 1951 674 1981 furandi
698 1961 763 1981 non
788 1951 876 1982 aliter
899 1952 1016 1982 habent
1039 1952 1193 1983 malitiam
1210 1953 1364 1983 moralem

297 1995 355 2025 nisi
386 1995 461 2036 quia
489 1996 623 2026 subsunt
647 1995 722 2026 furti
747 1996 915 2037 iniquitati.
945 1997 1138 2037 Exemplum
1162 1997 1308 2028 secundi:
1340 1997 1364 2028 si
1391 1992 1393 1999 ’

296 2040 367 2081 quis
391 2040 496 2080 primo
520 2041 590 2070 vult
612 2040 719 2076 furari,
740 2040 853 2071 deinde
869 2042 908 2071 ad
928 2041 989 2072 hoc
1006 2042 1150 2082 loquitur
1166 2042 1260 2072 verba
1277 2052 1365 2072 men·

297 2084 376 2115 dacii
406 2092 436 2115 et
467 2085 596 2120 dolosa,
622 2091 652 2115 et
679 2085 811 2115 demum
835 2085 955 2116 actibus
979 2086 1139 2117 iniuriosis
1163 2093 1367 2118 consummat

297 2129 435 2165 furtum;
460 2129 510 2159 hic
527 2139 667 2170 namque
683 2136 714 2160 et
728 2130 822 2160 verba
839 2137 869 2160 et
884 2140 982 2170 opera
1006 2138 1134 2171 sumpta
1158 2131 1197 2161 ad
1221 2141 1365 2171 progres—

297 2183 369 2204 sum
394 2173 478 2209 furti,
504 2180 578 2204 sunt
602 2174 686 2204 mala
706 2174 876 2210 moraliter,
895 2175 990 2205 etiam
1007 2176 1127 2206 seclusa
1145 2175 1263 2206 malitia
1280 2175 1365 2213 furti,

297 2218 372 2259 quia
396 2218 513 2248 habent
536 2218 631 2248 aliam
655 2218 809 2249 malitiam
833 2219 1013 2250 ordinatam
1037 2220 1076 2250 ad
1099 2220 1254 2250 malitiam
1279 2219 1364 2251 furti.

298 2263 382 2293 Inter
404 2262 463 2292 hos
487 2262 570 2292 duos
594 2263 710 2293 modos
740 2263 963 2305 progrediendi
995 2264 1082 2294 nulla
1105 2271 1152 2295 est
1175 2274 1231 2304 per
1254 2274 1287 2295 se
1311 2264 1367 2295 dif-

299 2306 429 2337 ferentia
453 2307 560 2347 quoad
584 2317 788 2347 progressum
812 2308 935 2348 ipsum:
961 2308 1115 2348 quoniam
1140 2315 1273 2349 uterque
1297 2319 1365 2349 gra-

299 2351 407 2386 datim,
433 2358 463 2381 et
486 2360 542 2391 per
565 2361 678 2381 omnes
701 2352 834 2392 gradus,
858 2360 889 2383 et
913 2352 1054 2383 ordinate
1079 2359 1144 2383 tam
1168 2353 1279 2383 ordine
1304 2353 1366 2384 ori-

299 2395 380 2436 ginis
404 2405 502 2435 quam
519 2395 667 2432 malitiae,
688 2396 897 2436 progreditur.
923 2396 984 2427 Sed
1001 2397 1173 2428 differentia
1190 2404 1235 2428 est
1252 2397 1283 2427 in
1301 2407 1366 2428 ma-

299 2439 375 2471 teria
399 2439 499 2479 ipsius
522 2449 723 2480 progressus:
749 2440 823 2481 quia
843 2441 875 2471 in
896 2441 1000 2480 primo
1018 2441 1116 2471 modo
1139 2441 1269 2472 materia
1293 2452 1366 2482 pro-

299 2494 424 2524 gressus
455 2491 530 2514 sunt
559 2491 647 2515 actus
671 2485 840 2516 voluntarii
872 2485 935 2516 oris
963 2493 993 2517 et
1023 2485 1127 2526 operis
1153 2486 1366 2517 abstrahentes

300 2539 317 2559 a
341 2529 428 2559 bono
454 2536 483 2559 et
507 2529 592 2559 malo
617 2529 748 2565 morali;
779 2529 811 2559 in
844 2530 985 2560 secundo
1010 2538 1117 2561 autem
1140 2531 1270 2561 materia
1294 2538 1368 2562 sunt

300 2580 388 2603 actus
412 2573 583 2603 voluntarii
607 2573 670 2603 oris
687 2581 717 2604 et
733 2574 838 2614 operis
855 2574 930 2604 alias
947 2575 1022 2605 mali
1039 2575 1209 2606 moraliter.
1235 2575 1366 2612 Rursus,

301 2618 496 2649 conveniunt
520 2617 551 2647 hi
572 2617 638 2648 duo
655 2618 744 2648 modi
767 2618 799 2648 in
825 2619 885 2649 hoc
905 2619 994 2660 quod
1009 2619 1179 2660 utrobique
1196 2627 1279 2656 sunt,
1304 2620 1367 2651 for-

300 2662 423 2693 maliter
446 2662 495 2692 vel
519 2662 761 2703 aequivalenter,
787 2663 868 2694 duae
885 2663 1065 2699 volitiones,
1083 2674 1147 2694 una
1162 2664 1262 2704 ipsius
1283 2663 1367 2702 furti,

301 2713 330 2737 et
354 2706 450 2737 altera
474 2706 619 2747 ipsorum
639 2708 810 2738 verborum
827 2715 858 2738 et
874 2717 1024 2749 operum:
1049 2715 1176 2749 oportet
1191 2708 1276 2739 enim
1293 2719 1367 2740 eum

300 2751 355 2792 qui
380 2761 584 2791 progressum
609 2751 683 2783 furti
708 2752 836 2792 peragit,
854 2763 919 2783 non
937 2753 1043 2783 solum
1062 2754 1152 2794 quod
1168 2753 1242 2784 velit
1262 2753 1367 2791 furari,

301 2796 355 2826 sed
378 2795 454 2826 velit
477 2796 567 2836 loqui
594 2796 667 2827 talia
691 2797 800 2833 verba,
822 2804 897 2834 etc.,
922 2805 952 2829 et
979 2797 1054 2828 velit
1085 2798 1130 2829 uti
1163 2797 1296 2838 pedibus
1319 2800 1369 2830 vel

301 2840 458 2871 manibus.
483 2841 523 2871 Et
547 2840 605 2871 hae
629 2841 710 2872 duae
733 2841 903 2872 volitiones
928 2842 971 2872 sic
996 2852 1028 2872 se
1051 2841 1169 2873 habent
1191 2843 1279 2883 quod
1304 2853 1368 2874 una

301 2891 347 2916 est
371 2885 502 2921 formae,
527 2885 622 2915 altera
646 2885 808 2922 materiae;
834 2896 898 2916 una
920 2885 1002 2923 finis,
1019 2886 1115 2918 altera
1130 2887 1197 2917 eius
1221 2888 1310 2928 quod
1329 2888 1369 2918 ad

299 2929 407 2960 finem.
441 2929 562 2960 Verum
591 2930 667 2970 quia
691 2930 821 2961 materia
845 2931 974 2961 secundi
999 2931 1087 2961 modi
1118 2938 1163 2962 est
1191 2932 1369 2972 composita

301 2984 337 3004 ex
367 2980 438 3004 actu
462 2974 643 3004 voluntario
674 2975 818 3005 exteriori
848 2982 878 3006 et
908 2975 968 3006 alia
996 2976 1115 3006 malitia
1139 2976 1269 3013 morali,
1295 2977 1369 3018 quia

301 3025 347 3049 est
370 3028 475 3049 sermo
499 3018 574 3049 alias
598 3019 717 3057 malus,
741 3026 772 3050 et
796 3029 878 3059 opus
902 3020 979 3050 alias
1002 3021 1139 3056 malum:
1171 3020 1243 3051 ideo
1267 3021 1299 3051 in
1324 3032 1369 3052 se-

301 3063 407 3094 cundo
437 3063 536 3094 modo
568 3071 763 3095 concurrunt
793 3064 874 3095 duae
904 3065 1091 3102 volitiones,
1116 3064 1290 3096 formaliter
1320 3067 1369 3096 vel

301 3107 545 3148 aequivalenter,
570 3118 607 3138 ex
631 3115 717 3148 parte
742 3108 901 3140 materiae.

358 3152 410 3183 IX.
435 3152 494 3182 His
518 3152 709 3192 praemissis,
734 3153 773 3183 ad
797 3153 1002 3194 propositum
1021 3154 1244 3185 descendendo
1264 3155 1302 3185 de
1319 3164 1369 3185 su—

302 3196 427 3235 perbia,
453 3196 588 3228 dicimus
612 3204 643 3228 et
665 3197 755 3238 quod
780 3198 927 3238 superbia
954 3205 1060 3239 potest
1083 3198 1235 3239 distingui
1259 3209 1369 3230 secun-

953 275 1220 322 QUAESTIO
1255 273 1412 319 CLXII,
1442 274 1739 312 ARTICULUS
1771 275 1822 311 IV

1411 352 1488 382 dum
1505 363 1707 393 progressum
1725 354 1844 394 peccati
1861 361 1891 385 et
1909 354 2055 394 perfecte,
2073 361 2103 385 et
2116 354 2320 395 imperfecte:
2346 353 2483 394 perfecte

1411 397 1560 437 quidem,
1586 405 1621 428 ut
1650 408 1725 428 cum
1753 398 1825 439 quis
1858 398 1964 438 primo
1988 399 2109 439 appetit
2131 398 2308 429 inordinate
2333 399 2483 430 excellere

1410 441 1443 471 in
1467 441 1630 478 dominio,
1655 442 1769 473 deinde
1793 443 1833 472 ad
1857 443 1919 473 hoc
1943 443 2102 484 loquitur,
2128 450 2158 474 et
2182 444 2331 480 demum,
2357 443 2397 473 ad
2420 444 2483 474 hoc

1383 520 1384 525 ¹
1411 486 1517 515 dando
1535 496 1676 526 operam,
1694 487 1872 528 assequitur
1887 488 2104 518 excellentiam
2120 487 2273 524 dominii;
2298 487 2483 528 imperfecte

1412 536 1529 566 autem,
1556 537 1591 560 ut
1617 530 1642 559 si
1666 531 1738 571 quis
1762 531 1794 561 in
1819 532 1915 562 corde
1939 539 2061 563 tumeat
2085 533 2244 563 excelsum
2269 542 2301 562 se
2325 532 2481 572 putando,

1383 574 1385 607 ξ
1411 574 1460 604 vel
1485 574 1586 604 verbis
1617 575 1838 606 celsitudinem
1868 576 1977 614 iactet,
2001 577 2051 607 vel
2077 576 2165 607 factis
2189 576 2406 607 excellentiam
2430 577 2483 607 de-

1384 612 1385 639 Ῐ
1412 625 1577 654 monstret,
1602 628 1694 659 quae,
1713 627 1747 650 ut
1763 619 1917 650 Martinus
1934 620 1976 651 ait
1991 621 2017 656 *,
2043 627 2090 651 est
2113 621 2273 652 distinctio
2289 621 2444 652 Anselmi.
2462 639 2483 644 -

1412 663 1453 693 Et
1476 663 1566 703 quod
1589 663 1736 702 superbia
1760 670 1865 702 potest
1887 665 2035 704 progredi
2059 675 2115 705 per
2131 675 2244 696 omnes
2259 666 2375 706 gradus
2399 666 2483 696 ordi-

1384 728 1386 747 ,
1413 714 1484 737 nate
1515 713 1581 737 tam
1605 717 1660 747 per
1684 715 1771 738 actus
1795 708 1963 739 exteriores
1986 719 2053 739 non
2076 710 2153 740 alias
2177 710 2279 740 malos
2303 710 2482 747 moraliter,

1413 761 1512 791 quam
1536 761 1592 791 per
1611 758 1699 782 actus
1721 751 1796 782 alias
1813 752 1916 783 malos
1931 753 2102 784 moraliter.
2125 754 2210 784 Nam
2226 754 2251 784 si
2268 755 2340 795 quis
2357 761 2485 795 appetat

1412 796 1591 826 inordinate
1615 796 1765 826 excellere
1780 796 1812 826 in
1830 796 1968 833 scientia,
1993 804 2024 828 et
2047 797 2160 828 deinde
2184 799 2223 828 ad
2247 798 2308 829 hoc
2332 799 2485 840 loquatur

1413 850 1478 870 non
1504 840 1579 870 alias
1603 841 1696 876 mala,
1722 847 1752 870 et
1775 840 1878 877 faciat,
1902 847 1980 881 puta
2003 842 2098 872 vadat
2121 842 2160 872 ad
2179 843 2376 874 audiendum
2395 844 2484 874 viros

1414 885 1537 920 doctos,
1551 891 1620 921 etc.,
1636 891 1667 915 et
1685 885 1815 915 tandem
1831 891 2046 926 consequatur
2062 886 2278 918 excellentiam
2294 888 2482 928 appetitam:

1413 929 1471 960 iste
1495 939 1681 969 progressus
1706 935 1752 959 est
1774 928 1807 959 in
1831 929 1978 970 superbia
2002 930 2069 960 sine
2092 931 2168 961 alias
2192 931 2283 962 malis
2303 932 2426 964 mediis.
2451 932 2484 963 Si

1415 974 1504 1014 quis,
1529 981 1565 1004 ut
1588 974 1907 1010 Nabuchodonosor,
1932 975 2075 1005 elevetur
2098 975 2130 1005 in
2155 976 2251 1006 corde
2264 976 2292 1012 ¹⁸,
2316 983 2347 1007 et
2370 977 2484 1008 deinde

1416 1018 1498 1049 dicat
1520 1028 1555 1049 se
1578 1028 1704 1049 omnem
1730 1019 1811 1049 velle
1833 1023 1956 1049 terram
1979 1028 2039 1050 suo
2058 1020 2192 1060 imperio
2210 1020 2388 1062 subiugare
2402 1021 2429 1058 *,
2454 1027 2486 1053 et

1416 1064 1549 1094 demum
1579 1073 1634 1103 per
1661 1063 1872 1094 Holofernem
1905 1062 2046 1104 perficiat
2059 1063 2093 1094 *z
2126 1063 2185 1095 iste
2214 1065 2379 1105 superbiae
2409 1076 2485 1097 suae

1416 1117 1622 1148 progressum
1646 1117 1702 1148 per
1725 1108 1808 1138 mala
1832 1107 1936 1138 media
1960 1107 2044 1138 facit.

1472 1153 1510 1183 X.
1536 1152 1587 1182 Ad
1605 1153 1748 1193 primum
1773 1162 1848 1192 ergo
1873 1159 1904 1183 et
1925 1152 2101 1183 secundum
2127 1159 2353 1193 argumentum
2370 1153 2404 1191 ’.“,
2429 1164 2486 1185 ne-

1417 1203 1509 1237 gatur
1531 1203 1597 1227 tam
1621 1197 1724 1227 maior
1746 1207 1846 1237 quam
1870 1197 1985 1228 minor.
2016 1196 2120 1228 Maior
2142 1197 2284 1238 quidem,
2309 1198 2384 1239 quia
2407 1198 2487 1229 nihil

1389 1269 1391 1278 Α
1417 1242 1522 1272 obstat
1546 1242 1727 1282 progressui
1748 1241 1866 1282 peccati
1883 1241 2033 1272 mediatio
2048 1241 2242 1272 volitionum
2261 1251 2298 1273 ex
2317 1249 2405 1283 parte
2419 1253 2487 1274 ma-

1417 1286 1526 1317 teriae:
1552 1293 1587 1317 ut
1611 1293 1697 1327 patet
1725 1296 1761 1316 ex
1786 1286 1886 1318 dictis.
1922 1286 2029 1317 Minor
2051 1296 2146 1323 vere,
2178 1286 2254 1328 quia
2282 1287 2429 1328 superbia
2457 1294 2490 1319 et

1418 1331 1484 1361 sine
1509 1330 1614 1361 media
1635 1330 1790 1361 volitione
1814 1330 1942 1361 alterius
1966 1330 2095 1361 moralis
2120 1331 2205 1368 mali,
2230 1338 2262 1362 et
2284 1341 2359 1362 cum
2382 1332 2488 1363 media

1418 1375 1573 1406 volitione
1605 1375 1733 1406 alterius
1760 1375 1890 1406 moralis
1914 1375 1988 1405 mali
2020 1385 2057 1405 ex
2081 1382 2168 1416 parte
2191 1376 2357 1413 materiae,
2382 1383 2489 1417 potest

1418 1430 1623 1461 progressum
1654 1419 1812 1460 perficere.
1847 1420 1888 1450 Et
1917 1420 2006 1461 quod
2037 1430 2103 1450 non
2127 1421 2231 1451 obstet
2254 1420 2360 1462 aliqua
2384 1421 2490 1452 media

1418 1465 1549 1501 volitio,
1574 1475 1640 1495 non
1664 1464 1772 1495 solum
1795 1474 1833 1495 ex
1857 1464 1947 1495 dictis
1971 1471 2071 1504 patet:
2098 1465 2152 1495 sed
2176 1475 2213 1496 ex
2237 1465 2299 1496 hoc
2329 1466 2419 1506 quod
2442 1471 2491 1497 est

1390 1530 1392 1542 «,
1418 1509 1616 1549 impossibile
1640 1516 1806 1549 peccatum
1830 1509 1962 1550 aliquod
1986 1509 2133 1549 progredi
2157 1510 2224 1541 sine
2242 1509 2398 1541 volitione
2419 1519 2490 1542 ver-

1391 1577 1392 1582 ,
1419 1555 1536 1584 borum
1560 1561 1591 1585 et
1613 1554 1782 1590 factorum,
1806 1563 1888 1594 quae
1912 1561 1958 1584 est
1977 1554 2046 1590 alia,
2072 1554 2246 1585 formaliter
2268 1554 2319 1585 vel
2342 1554 2489 1595 aequiva-

1391 1614 1393 1635 ς
1418 1599 1527 1635 lenter,
1553 1609 1571 1628 a
1594 1598 1748 1629 volitione
1773 1597 1854 1629 finis.

296 1647 367 1671 nate
385 1651 486 1681 usque
503 1641 541 1671 ad
566 1641 879 1672 consummationem
903 1643 1017 1683 operis,
1036 1642 1221 1683 dupliciter:
1247 1643 1363 1683 primo,
1391 1665 1393 1679 ;

295 1695 351 1725 per
381 1686 536 1716 substrata
563 1687 658 1716 verba
687 1693 717 1716 et
747 1696 844 1726 opera
876 1697 941 1717 non
966 1687 1055 1717 aliter
1085 1688 1169 1717 bona
1198 1697 1255 1718 nec
1280 1688 1363 1717 mala
1391 1683 1393 1723 ζ

296 1729 472 1766 moraliter;
498 1731 648 1766 secundo,
667 1740 722 1770 per
737 1731 831 1761 verba
847 1738 878 1761 et
894 1741 991 1771 opera
1008 1731 1085 1761 alias
1108 1732 1192 1761 bona
1212 1732 1261 1762 vel
1281 1732 1364 1762 mala
1391 1726 1393 1749 i

1475 1643 1525 1673 Ad
1549 1644 1679 1674 tertium
1696 1642 1810 1673 dicitur
1833 1642 1922 1684 quod
1937 1642 1990 1673 illa
2009 1642 2122 1673 divisio
2139 1643 2280 1674 luxuriae
2297 1650 2378 1674 esset
2394 1643 2490 1675 etiam

1419 1687 1597 1718 secundum
1626 1697 1831 1728 progressum
1855 1686 1993 1727 peccati,
2019 1687 2165 1728 quamvis
2188 1687 2381 1728 imperfecte.
2405 1706 2426 1710 —
2449 1688 2492 1720 Et

1419 1732 1444 1762 si
1464 1732 1634 1772 replicetur
1656 1732 1746 1773 quod
1770 1734 1893 1762 Auctor
1914 1731 2058 1772 quuitur
2081 1731 2119 1762 de
2144 1741 2312 1772 progressu
2337 1731 2488 1772 perfeeto,

1391 1787 1392 1812 i
1419 1777 1630 1816 respondetur
1653 1776 1742 1816 quod
1766 1778 1898 1812 Auctor,
1920 1784 1955 1807 ut
1978 1783 2044 1806 erat
2067 1776 2245 1807 excellentis
2269 1777 2401 1816 ingenii,
2427 1776 2489 1808 dia-

1419 1820 1607 1851 tinctionem
1631 1819 1775 1852 Anselmi
1797 1821 1960 1860 arguendo
1983 1820 2155 1851 summavit
2178 1821 2218 1851 ad
2242 1822 2358 1862 gradus
2375 1821 2489 1859 cordis,

1419 1864 1483 1894 oris
1512 1872 1543 1895 et
1573 1864 1695 1904 operis,
1721 1871 1756 1895 ut
1779 1871 1864 1904 patet
1887 1864 1920 1894 in
1944 1871 2059 1905 quarto
2084 1872 2272 1905 argumento
2295 1865 2433 1903 litterae;
2458 1873 2491 1898 et

1391 1941 1392 1953 ἵ
1418 1908 1654 1949 respondendo,
1667 1908 1892 1948 imperfectum
1908 1909 1947 1938 ad
1963 1908 2139 1948 perfectum
2153 1910 2284 1946 reduxit,
2298 1910 2490 1950 assignando

1419 1963 1516 1993 penes
1540 1953 1617 1994 quid
1642 1963 1828 1993 progressus
1851 1952 2009 1993 perfectus
2032 1953 2219 1990 attenditur;
2244 1963 2281 1984 ex
2300 1953 2363 1984 hoc
2378 1954 2491 1986 volens

1418 1997 1551 2038 intelligi
1567 1997 1663 2028 etiam
1680 2007 1866 2037 progressus
1882 1996 2086 2038 imperfectos
2109 2006 2147 2028 ex
2170 1997 2299 2038 perfecti
2322 1998 2491 2040 participa·

1419 2042 1506 2073 tione
1530 2042 1728 2073 iudicandos.

1476 2087 1526 2118 Ad
1550 2092 1701 2128 quartum
1726 2086 1841 2117 dicitur
1863 2086 1952 2127 quod
1976 2086 2079 2116 maior
2102 2092 2148 2117 est
2162 2095 2236 2117 vera
2259 2087 2298 2117 de
2321 2096 2492 2128 progressu

1420 2131 1578 2173 perfecto,
1603 2142 1669 2162 non
1701 2138 1809 2162 autem
1841 2131 1880 2162 de
1909 2140 2078 2172 progressu
2106 2130 2310 2172 imperfecto:
2344 2137 2375 2163 et
2401 2131 2492 2174 quod

1420 2176 1581 2207 distinctio
1605 2175 1748 2207 Anselmi
1773 2176 1811 2206 de
1834 2185 2003 2216 progressu
2029 2175 2216 2216 imperfecto
2241 2175 2347 2207 habita
2371 2183 2427 2208 est.

1476 2221 1526 2252 Ad
1548 2221 1706 2261 quintum,
1733 2227 1865 2260 negatur
1888 2220 2010 2256 minor,
2034 2221 2166 2261 quando
2189 2220 2339 2261 superbia
2362 2230 2491 2262 progre-

1420 2265 1505 2296 ditur
1528 2264 1674 2305 perfecte.
1699 2265 1783 2295 Nam
1806 2264 1917 2295 volens
1941 2265 2090 2295 excellere
2113 2265 2183 2296 vult
2205 2265 2356 2296 excellere
2380 2272 2417 2297 ut
2439 2275 2492 2297 ex-

1423 2310 1530 2346 cellat,
1556 2317 1586 2340 et
1610 2319 1675 2340 non
1700 2319 1717 2339 e
1741 2316 1866 2345 contra;
1894 2316 1924 2340 et
1948 2309 2091 2340 similiter
2118 2309 2262 2351 loquitur
2286 2317 2322 2341 ut
2345 2309 2492 2348 excellat,

1422 2364 1489 2384 non
1513 2360 1548 2385 ut
1571 2353 1646 2384 velit
1669 2353 1835 2390 excellere;
1867 2361 1897 2385 et
1926 2360 2076 2394 operatur
2108 2360 2144 2385 ut
2171 2361 2357 2395 assequatur
2381 2362 2417 2386 ut
2439 2365 2493 2386 ex·

1393 2426 1395 2432 .
1422 2398 1522 2435 cellat,
1548 2397 1792 2438 superemineat,
1817 2405 1847 2429 et
1871 2408 1937 2428 non
1961 2405 1997 2429 ut
2015 2398 2091 2429 velit
2107 2398 2256 2429 excellere
2273 2406 2304 2430 et
2319 2399 2493 2440 superemi-

1422 2453 1505 2474 nere.
1529 2443 1596 2474 Nec
1621 2450 1656 2473 ut
1679 2449 1838 2483 appareat,
1863 2449 2016 2484 tanquam
2041 2442 2102 2473 hoc
2126 2442 2166 2473 sit
2188 2441 2277 2473 finis:
2303 2445 2379 2484 quia
2395 2453 2493 2484 appa·

1422 2498 1487 2518 rere
1511 2486 1582 2517 finis
1607 2494 1653 2518 est
1675 2497 1774 2517 vanae
1797 2487 1925 2527 gloriae,
1950 2494 1980 2518 et
2003 2486 2132 2518 effectus
2152 2487 2327 2528 superbiae.
2353 2487 2395 2518 Et
2416 2487 2490 2519 ideo

1422 2533 1578 2573 superbus
1602 2538 1751 2572 operatur
1773 2538 1808 2562 ut
1824 2538 1982 2572 appareat,
1999 2539 2153 2572 tanquam
2177 2538 2307 2572 propter
2329 2531 2428 2563 finem
2445 2541 2493 2563 se-

1422 2577 1610 2608 cundarium
1634 2584 1664 2607 et
1688 2576 1874 2612 mediatum,
1899 2576 2016 2607 scilicet
2039 2586 2095 2616 per
2117 2576 2247 2607 inanem
2261 2576 2413 2616 gloriam:
2437 2577 2494 2608 sed

1422 2629 1457 2653 ut
1481 2622 1520 2652 sit
1544 2621 1655 2652 saltem
1677 2621 1708 2651 in
1734 2620 1834 2652 oculis
1858 2621 1923 2651 suis
1947 2621 2088 2652 excelsus
2119 2627 2149 2652 et
2172 2621 2430 2662 supereminens,
2455 2628 2492 2653 ut

1422 2673 1552 2707 propter
1575 2665 1743 2706 proprium
1767 2664 1875 2696 finem.

1478 2711 1530 2741 XI.
1557 2710 1592 2740 In
1616 2710 1728 2741 eadem
1751 2709 1958 2750 responsione
1982 2709 2021 2740 ad
2049 2716 2217 2751 quartum,
2242 2709 2275 2740 in
2299 2709 2401 2747 calce,
2426 2720 2493 2742 non

1422 2754 1556 2786 turberis
1587 2755 1772 2795 scrupulose
1802 2754 1834 2785 in
1865 2754 1927 2785 illis
1950 2754 2070 2785 verbis:
2099 2754 2304 2786 Consuetudo
2321 2754 2491 2795 peccandi,

1422 2809 1505 2840 quae
1528 2800 1671 2839 implicat
1692 2800 1756 2830 Dei
1778 2804 2000 2840 contemptum.
2026 2799 2191 2837 Quoniam
2215 2809 2282 2830 non
2306 2798 2491 2838 formaliter,

1423 2844 1477 2874 sed
1498 2844 1732 2884 interpretative
1755 2844 1957 2875 consuetudo
1980 2843 2131 2884 peccandi
2147 2843 2321 2874 mortaliter
2338 2843 2398 2874 Dei
2415 2853 2492 2875 con-

1423 2896 1582 2929 temptum
1605 2888 1757 2929 implicite
1772 2889 1924 2920 continet.
1948 2891 2089 2929 Apparet
2111 2888 2198 2919 enim
2221 2888 2311 2929 quod
2334 2887 2492 2928 legislato-

1423 2943 1500 2969 rem,
1524 2933 1718 2973 punitorern,
1745 2933 1949 2970 monitorem,
1974 2932 2282 2974 praemiatoremque
2309 2939 2494 2965 contemnat

1423 2977 1478 3018 qui
1503 2977 1655 3008 continue
1679 2977 1852 3018 transgredi
1881 2987 1946 3009 non
1971 2985 2086 3008 cessat:
2115 2977 2287 3019 quoniam,
2315 2977 2340 3007 si
2366 2977 2492 3018 magni-

1424 3022 1536 3053 faceret
1560 3022 1663 3059 illum,
1685 3022 1810 3054 timeret
1833 3032 1937 3063 saepe,
1961 3022 2130 3053 abstineret
2157 3021 2329 3056 multoties.
2348 3031 2385 3052 ex
2407 3020 2493 3053 illius

1424 3066 1605 3098 reverentia.
1638 3067 1712 3098 Non
1742 3074 1848 3098 tamen
1880 3073 1927 3098 est
1954 3066 1997 3098 ibi
2026 3066 2154 3108 proprie
2184 3073 2387 3106 contemptus
2415 3065 2492 3097 Del:

1423 3111 1498 3151 quia
1523 3121 1559 3142 ex
1578 3110 1760 3143 infirmitate
1776 3111 1908 3142 subiecti
1931 3111 1995 3142 iam
2019 3110 2221 3152 passionibus
2237 3110 2335 3141 animi
2359 3120 2494 3142 consue-

1423 3156 1502 3186 tudo
1527 3156 1677 3196 peccandi
1701 3155 1751 3193 fit,
1776 3156 1863 3187 iuxta
1885 3155 1964 3187 illud
1987 3154 2159 3196 Augustini
2174 3154 2206 3185 *Ζ
2239 3155 2327 3186 Dum
2351 3156 2496 3187 servitur

1396 3207 1398 3222 τ
1423 3200 1557 3238 libidini,
1574 3200 1672 3242 facta
1696 3206 1743 3232 est
1761 3200 1969 3232 consuetudo.

2511 625 2522 634 ⁸
2537 623 2573 646 Cf.
2588 629 2652 646 num.
2666 630 2697 647 vi.

2513 978 2523 989 ⁶
2541 976 2618 999 ludim
2636 982 2687 1005 σιμ.
2704 982 2726 1005 ι,

2512 1010 2609 1057 Fla&
2629 1035 2679 1059 σῳ.
2700 1035 2727 1059 n,

2511 1063 2576 1106 3233
2594 1074 2614 1111 .“,

2513 1116 2565 1139 sqq.

2514 1151 2524 1161 ⁸
2537 1149 2608 1172 Num.
2622 1155 2655 1172 vr.

2633 1089 2729 1111 verm4

2521 3154 2733 3211 imassfzfst'·

2563 3243 2567 3259 Ι
