<?xml version="1.0" encoding="UTF-8"?>
<!DOCTYPE html PUBLIC "-//W3C//DTD XHTML 1.0 Transitional//EN"
    "http://www.w3.org/TR/xhtml1/DTD/xhtml1-transitional.dtd">
<html xmlns="http://www.w3.org/1999/xhtml" xml:lang="en" lang="en">
 <head>
  <title>
</title>
<meta http-equiv="Content-Type" content="text/html;charset=utf-8" />
  <meta name='ocr-system' content='tesseract 3.04.00' />
  <meta name='ocr-capabilities' content='ocr_page ocr_carea ocr_par ocr_line ocrx_word'/>
</head>
<body>
  <div class='ocr_page' id='page_1' title='image "./operaomniaiussui10thom/operaomniaiussui10thom_0584.png"; bbox 0 0 2768 4198; ppageno 0'>
   <div class='ocr_carea' id='block_1_1' title="bbox 281 275 352 319">
    <p class='ocr_par' dir='ltr' id='par_1_1' title="bbox 281 275 352 319">
     <span class='ocr_line' id='line_1_1' title="bbox 281 275 352 319; baseline -0.014 -10"><span class='ocrx_word' id='word_1_1' title='bbox 281 275 352 319; x_wconf 88' lang='lat'>542</span> 
     </span>
    </p>
   </div>
   <div class='ocr_carea' id='block_1_2' title="bbox 277 347 1350 1012">
    <p class='ocr_par' dir='ltr' id='par_1_2' title="bbox 277 347 1349 832">
     <span class='ocr_line' id='line_1_2' title="bbox 277 347 1347 391; baseline -0.005 -10"><span class='ocrx_word' id='word_1_2' title='bbox 277 359 391 383; x_wconf 90' lang='lat' dir='ltr'>votum</span> <span class='ocrx_word' id='word_1_3' title='bbox 415 351 585 391; x_wconf 85' lang='lat' dir='ltr'>religionis,</span> <span class='ocrx_word' id='word_1_4' title='bbox 603 351 722 390; x_wconf 86' lang='lat' dir='ltr'>absque</span> <span class='ocrx_word' id='word_1_5' title='bbox 740 350 799 379; x_wconf 87' lang='lat' dir='ltr'>alia</span> <span class='ocrx_word' id='word_1_6' title='bbox 819 349 954 384; x_wconf 89' lang='lat' dir='ltr'>licentia,</span> <span class='ocrx_word' id='word_1_7' title='bbox 972 348 996 378; x_wconf 90' lang='lat' dir='ltr'>si</span> <span class='ocrx_word' id='word_1_8' title='bbox 1013 348 1082 378; x_wconf 91' lang='lat' dir='ltr'>vult</span> <span class='ocrx_word' id='word_1_9' title='bbox 1097 347 1238 377; x_wconf 89' lang='lat' dir='ltr'>animam</span> <span class='ocrx_word' id='word_1_10' title='bbox 1255 357 1347 377; x_wconf 89' lang='lat' dir='ltr'>suam</span> 
     </span>
     <span class='ocr_line' id='line_1_3' title="bbox 277 391 1348 435; baseline -0.006 -8"><span class='ocrx_word' id='word_1_11' title='bbox 277 397 415 433; x_wconf 87' lang='lat' dir='ltr'>salvare,</span> <span class='ocrx_word' id='word_1_12' title='bbox 441 395 626 435; x_wconf 86' lang='lat' dir='ltr'>religionem</span> <span class='ocrx_word' id='word_1_13' title='bbox 651 394 860 433; x_wconf 82' lang='lat' dir='ltr'>ingrediatur,</span> <span class='ocrx_word' id='word_1_14' title='bbox 886 392 1050 422; x_wconf 87' lang='lat' dir='ltr'>ecclesiam</span> <span class='ocrx_word' id='word_1_15' title='bbox 1082 392 1268 422; x_wconf 91' lang='lat' dir='ltr'>deserendo.</span> <span class='ocrx_word' id='word_1_16' title='bbox 1303 391 1348 421; x_wconf 89' lang='lat' dir='ltr'>Ita</span> 
     </span>
     <span class='ocr_line' id='line_1_4' title="bbox 277 435 1347 482; baseline -0.006 -11"><span class='ocrx_word' id='word_1_17' title='bbox 277 441 377 482; x_wconf 88' lang='lat' dir='ltr'>quod,</span> <span class='ocrx_word' id='word_1_18' title='bbox 402 441 468 470; x_wconf 92' lang='lat' dir='ltr'>sine</span> <span class='ocrx_word' id='word_1_19' title='bbox 493 440 554 470; x_wconf 90' lang='lat' dir='ltr'>hoc</span> <span class='ocrx_word' id='word_1_20' title='bbox 578 450 663 469; x_wconf 92' lang='lat' dir='ltr'>novo</span> <span class='ocrx_word' id='word_1_21' title='bbox 688 439 765 474; x_wconf 88' lang='lat' dir='ltr'>iure,</span> <span class='ocrx_word' id='word_1_22' title='bbox 788 448 854 467; x_wconf 92' lang='lat' dir='ltr'>non</span> <span class='ocrx_word' id='word_1_23' title='bbox 878 444 1002 477; x_wconf 88' lang='lat' dir='ltr'>poterat</span> <span class='ocrx_word' id='word_1_24' title='bbox 1025 436 1092 466; x_wconf 91' lang='lat' dir='ltr'>sine</span> <span class='ocrx_word' id='word_1_25' title='bbox 1116 435 1241 466; x_wconf 88' lang='lat' dir='ltr'>licentia</span> <span class='ocrx_word' id='word_1_26' title='bbox 1258 438 1347 475; x_wconf 90' lang='lat' dir='ltr'>Apo-</span> 
     </span>
     <span class='ocr_line' id='line_1_5' title="bbox 278 480 1348 524; baseline -0.007 -8"><span class='ocrx_word' id='word_1_27' title='bbox 278 486 406 516; x_wconf 90' lang='lat' dir='ltr'>stolicae</span> <span class='ocrx_word' id='word_1_28' title='bbox 431 485 520 515; x_wconf 91' lang='lat' dir='ltr'>Sedis</span> <span class='ocrx_word' id='word_1_29' title='bbox 544 484 713 524; x_wconf 89' lang='lat' dir='ltr'>episcopus</span> <span class='ocrx_word' id='word_1_30' title='bbox 743 489 858 512; x_wconf 89' lang='lat' dir='ltr'>votum</span> <span class='ocrx_word' id='word_1_31' title='bbox 891 491 987 511; x_wconf 91' lang='lat' dir='ltr'>suum</span> <span class='ocrx_word' id='word_1_32' title='bbox 1011 481 1153 521; x_wconf 90' lang='lat' dir='ltr'>implere.</span> <span class='ocrx_word' id='word_1_33' title='bbox 1183 480 1244 510; x_wconf 90' lang='lat' dir='ltr'>Sed</span> <span class='ocrx_word' id='word_1_34' title='bbox 1273 480 1348 520; x_wconf 89' lang='lat' dir='ltr'>quia</span> 
     </span>
     <span class='ocr_line' id='line_1_6' title="bbox 278 524 1348 568; baseline -0.007 -8"><span class='ocrx_word' id='word_1_35' title='bbox 278 531 411 560; x_wconf 87' lang='lat' dir='ltr'>debebat</span> <span class='ocrx_word' id='word_1_36' title='bbox 434 537 549 568; x_wconf 87' lang='lat' dir='ltr'>petere,</span> <span class='ocrx_word' id='word_1_37' title='bbox 574 528 646 557; x_wconf 89' lang='lat' dir='ltr'>ideo</span> <span class='ocrx_word' id='word_1_38' title='bbox 671 526 790 567; x_wconf 90' lang='lat' dir='ltr'>petenti</span> <span class='ocrx_word' id='word_1_39' title='bbox 814 526 899 565; x_wconf 90' lang='lat' dir='ltr'>Papa</span> <span class='ocrx_word' id='word_1_40' title='bbox 919 535 1063 556; x_wconf 88' lang='lat' dir='ltr'>annuens</span> <span class='ocrx_word' id='word_1_41' title='bbox 1087 524 1225 555; x_wconf 91' lang='lat' dir='ltr'>consulit</span> <span class='ocrx_word' id='word_1_42' title='bbox 1248 524 1348 565; x_wconf 86' lang='lat' dir='ltr'>quod,</span> 
     </span>
     <span class='ocr_line' id='line_1_7' title="bbox 278 569 1348 610; baseline -0.006 -6"><span class='ocrx_word' id='word_1_43' title='bbox 278 575 303 605; x_wconf 84' lang='lat' dir='ltr'>&#39;si</span> <span class='ocrx_word' id='word_1_44' title='bbox 326 574 395 604; x_wconf 88' lang='lat' dir='ltr'>vult</span> <span class='ocrx_word' id='word_1_45' title='bbox 419 573 537 603; x_wconf 88' lang='lat' dir='ltr'>salvare</span> <span class='ocrx_word' id='word_1_46' title='bbox 569 582 617 607; x_wconf 85' lang='lat' dir='ltr'>se,</span> <span class='ocrx_word' id='word_1_47' title='bbox 643 571 829 610; x_wconf 84' lang='lat' dir='ltr'>religionem</span> <span class='ocrx_word' id='word_1_48' title='bbox 863 570 964 600; x_wconf 90' lang='lat' dir='ltr'>adeat.</span> <span class='ocrx_word' id='word_1_49' title='bbox 1000 570 1048 600; x_wconf 88' lang='lat' dir='ltr'>Ex</span> <span class='ocrx_word' id='word_1_50' title='bbox 1072 570 1134 600; x_wconf 87' lang='lat' dir='ltr'>hoc</span> <span class='ocrx_word' id='word_1_51' title='bbox 1167 569 1253 599; x_wconf 88' lang='lat' dir='ltr'>enim</span> <span class='ocrx_word' id='word_1_52' title='bbox 1276 569 1348 609; x_wconf 92' lang='lat' dir='ltr'>ipso</span> 
     </span>
     <span class='ocr_line' id='line_1_8' title="bbox 278 613 1348 659; baseline -0.005 -11"><span class='ocrx_word' id='word_1_53' title='bbox 278 618 367 659; x_wconf 92' lang='lat' dir='ltr'>quod</span> <span class='ocrx_word' id='word_1_54' title='bbox 390 618 475 657; x_wconf 88' lang='lat' dir='ltr'>Papa</span> <span class='ocrx_word' id='word_1_55' title='bbox 499 626 564 646; x_wconf 92' lang='lat' dir='ltr'>non</span> <span class='ocrx_word' id='word_1_56' title='bbox 596 616 709 646; x_wconf 89' lang='lat' dir='ltr'>retinet</span> <span class='ocrx_word' id='word_1_57' title='bbox 731 615 856 655; x_wconf 85' lang='lat' dir='ltr'>ipsum,</span> <span class='ocrx_word' id='word_1_58' title='bbox 881 614 1012 645; x_wconf 85' lang='lat' dir='ltr'>incurrit</span> <span class='ocrx_word' id='word_1_59' title='bbox 1047 614 1265 644; x_wconf 83' lang='lat' dir='ltr'>necessitatem</span> <span class='ocrx_word' id='word_1_60' title='bbox 1289 613 1348 643; x_wconf 91' lang='lat' dir='ltr'>im-</span> 
     </span>
     <span class='ocr_line' id='line_1_9' title="bbox 278 658 1349 703; baseline -0.005 -11"><span class='ocrx_word' id='word_1_61' title='bbox 278 661 384 703; x_wconf 89' lang='lat' dir='ltr'>plendi</span> <span class='ocrx_word' id='word_1_62' title='bbox 410 668 532 691; x_wconf 89' lang='lat' dir='ltr'>votum.</span> <span class='ocrx_word' id='word_1_63' title='bbox 566 660 606 690; x_wconf 89' lang='lat' dir='ltr'>Et</span> <span class='ocrx_word' id='word_1_64' title='bbox 629 660 719 695; x_wconf 91' lang='lat' dir='ltr'>ideo,</span> <span class='ocrx_word' id='word_1_65' title='bbox 745 658 991 699; x_wconf 88' lang='lat' dir='ltr'>praesupposito</span> <span class='ocrx_word' id='word_1_66' title='bbox 1022 658 1110 689; x_wconf 89' lang='lat' dir='ltr'>Sedis</span> <span class='ocrx_word' id='word_1_67' title='bbox 1143 658 1349 698; x_wconf 87' lang='lat' dir='ltr'>Apostolicae</span> 
     </span>
     <span class='ocr_line' id='line_1_10' title="bbox 278 702 1348 744; baseline -0.004 -8"><span class='ocrx_word' id='word_1_68' title='bbox 278 707 310 736; x_wconf 90' lang='lat' dir='ltr'>in</span> <span class='ocrx_word' id='word_1_69' title='bbox 336 707 396 736; x_wconf 90' lang='lat' dir='ltr'>hoc</span> <span class='ocrx_word' id='word_1_70' title='bbox 422 715 494 735; x_wconf 83' lang='lat' dir='ltr'>casu</span> <span class='ocrx_word' id='word_1_71' title='bbox 519 714 687 739; x_wconf 92' lang='lat' dir='ltr'>consensu,</span> <span class='ocrx_word' id='word_1_72' title='bbox 713 704 768 744; x_wconf 91' lang='lat' dir='ltr'>qui</span> <span class='ocrx_word' id='word_1_73' title='bbox 785 713 841 743; x_wconf 92' lang='lat' dir='ltr'>per</span> <span class='ocrx_word' id='word_1_74' title='bbox 864 703 958 733; x_wconf 87' lang='lat' dir='ltr'>istam</span> <span class='ocrx_word' id='word_1_75' title='bbox 982 702 1179 733; x_wconf 86' lang='lat' dir='ltr'>Decretalem</span> <span class='ocrx_word' id='word_1_76' title='bbox 1204 702 1348 742; x_wconf 90' lang='lat' dir='ltr'>promul-</span> 
     </span>
     <span class='ocr_line' id='line_1_11' title="bbox 277 747 1349 791; baseline -0.005 -10"><span class='ocrx_word' id='word_1_77' title='bbox 277 758 368 791; x_wconf 88' lang='lat' dir='ltr'>gatus</span> <span class='ocrx_word' id='word_1_78' title='bbox 393 757 448 786; x_wconf 90' lang='lat' dir='ltr'>est,</span> <span class='ocrx_word' id='word_1_79' title='bbox 474 749 641 779; x_wconf 87' lang='lat' dir='ltr'>necessitas</span> <span class='ocrx_word' id='word_1_80' title='bbox 665 748 698 778; x_wconf 92' lang='lat' dir='ltr'>in</span> <span class='ocrx_word' id='word_1_81' title='bbox 722 748 793 778; x_wconf 91' lang='lat' dir='ltr'>foro</span> <span class='ocrx_word' id='word_1_82' title='bbox 818 747 1030 778; x_wconf 88' lang='lat' dir='ltr'>conscientiae</span> <span class='ocrx_word' id='word_1_83' title='bbox 1057 747 1196 777; x_wconf 80' lang='lat' dir='ltr'>adeundi</span> <span class='ocrx_word' id='word_1_84' title='bbox 1225 747 1349 787; x_wconf 83' lang='lat' dir='ltr'>religio-</span> 
     </span>
     <span class='ocr_line' id='line_1_12' title="bbox 279 792 958 832; baseline -0.004 -7"><span class='ocrx_word' id='word_1_85' title='bbox 279 805 351 825; x_wconf 89' lang='lat' dir='ltr'>nem</span> <span class='ocrx_word' id='word_1_86' title='bbox 376 795 435 824; x_wconf 93' lang='lat' dir='ltr'>sub</span> <span class='ocrx_word' id='word_1_87' title='bbox 458 793 511 823; x_wconf 87' lang='lat' dir='ltr'>illa</span> <span class='ocrx_word' id='word_1_88' title='bbox 528 793 736 823; x_wconf 85' lang='lat' dir='ltr'>conditionali</span> <span class='ocrx_word' id='word_1_89' title='bbox 762 792 958 832; x_wconf 87' lang='lat' dir='ltr'>exprimitur.</span> 
     </span>
    </p>

    <p class='ocr_par' dir='ltr' id='par_1_3' title="bbox 277 837 1350 1012">
     <span class='ocr_line' id='line_1_13' title="bbox 334 837 1348 877; baseline -0.002 -9"><span class='ocrx_word' id='word_1_90' title='bbox 334 839 383 869; x_wconf 87' lang='lat' dir='ltr'>Ad</span> <span class='ocrx_word' id='word_1_91' title='bbox 408 837 604 868; x_wconf 86' lang='lat' dir='ltr'>obiectiones</span> <span class='ocrx_word' id='word_1_92' title='bbox 633 847 708 877; x_wconf 92' lang='lat' dir='ltr'>ergo</span> <span class='ocrx_word' id='word_1_93' title='bbox 739 837 771 867; x_wconf 91' lang='lat' dir='ltr'>in</span> <span class='ocrx_word' id='word_1_94' title='bbox 803 837 1008 877; x_wconf 90' lang='lat' dir='ltr'>oppositum,</span> <span class='ocrx_word' id='word_1_95' title='bbox 1034 846 1092 876; x_wconf 93' lang='lat' dir='ltr'>pro</span> <span class='ocrx_word' id='word_1_96' title='bbox 1124 843 1246 877; x_wconf 89' lang='lat' dir='ltr'>quanto</span> <span class='ocrx_word' id='word_1_97' title='bbox 1274 845 1348 866; x_wconf 89' lang='lat' dir='ltr'>con-</span> 
     </span>
     <span class='ocr_line' id='line_1_14' title="bbox 279 881 1349 921; baseline -0.003 -8"><span class='ocrx_word' id='word_1_98' title='bbox 279 889 411 914; x_wconf 85' lang='lat' dir='ltr'>cernunt</span> <span class='ocrx_word' id='word_1_99' title='bbox 435 882 646 912; x_wconf 87' lang='lat' dir='ltr'>maioritatem</span> <span class='ocrx_word' id='word_1_100' title='bbox 670 881 799 917; x_wconf 88' lang='lat' dir='ltr'>vinculi,</span> <span class='ocrx_word' id='word_1_101' title='bbox 824 881 888 911; x_wconf 89' lang='lat' dir='ltr'>iam</span> <span class='ocrx_word' id='word_1_102' title='bbox 912 881 1034 912; x_wconf 90' lang='lat' dir='ltr'>dictum</span> <span class='ocrx_word' id='word_1_103' title='bbox 1059 887 1115 911; x_wconf 92' lang='lat' dir='ltr'>est.</span> <span class='ocrx_word' id='word_1_104' title='bbox 1140 882 1202 912; x_wconf 91' lang='lat' dir='ltr'>Pro</span> <span class='ocrx_word' id='word_1_105' title='bbox 1227 887 1349 921; x_wconf 87' lang='lat' dir='ltr'>quanto</span> 
     </span>
     <span class='ocr_line' id='line_1_15' title="bbox 277 925 1349 966; baseline -0.003 -8"><span class='ocrx_word' id='word_1_106' title='bbox 277 938 352 958; x_wconf 87' lang='lat' dir='ltr'>vero</span> <span class='ocrx_word' id='word_1_107' title='bbox 377 933 574 957; x_wconf 85' lang='lat' dir='ltr'>concernunt</span> <span class='ocrx_word' id='word_1_108' title='bbox 590 926 802 957; x_wconf 87' lang='lat' dir='ltr'>maioritatem</span> <span class='ocrx_word' id='word_1_109' title='bbox 827 925 1038 966; x_wconf 90' lang='lat' dir='ltr'>perfectionis,</span> <span class='ocrx_word' id='word_1_110' title='bbox 1056 933 1151 957; x_wconf 85' lang='lat' dir='ltr'>restat</span> <span class='ocrx_word' id='word_1_111' title='bbox 1167 925 1349 956; x_wconf 89' lang='lat' dir='ltr'>dicendum.</span> 
     </span>
     <span class='ocr_line' id='line_1_16' title="bbox 277 970 1350 1012; baseline -0.003 -9"><span class='ocrx_word' id='word_1_112' title='bbox 277 973 338 1003; x_wconf 87' lang='lat' dir='ltr'>Pro</span> <span class='ocrx_word' id='word_1_113' title='bbox 363 979 501 1012; x_wconf 90' lang='lat' dir='ltr'>utroque</span> <span class='ocrx_word' id='word_1_114' title='bbox 525 978 642 1007; x_wconf 90' lang='lat' dir='ltr'>tamen,</span> <span class='ocrx_word' id='word_1_115' title='bbox 660 970 740 1001; x_wconf 89' lang='lat' dir='ltr'>scito</span> <span class='ocrx_word' id='word_1_116' title='bbox 764 971 853 1011; x_wconf 92' lang='lat' dir='ltr'>quod</span> <span class='ocrx_word' id='word_1_117' title='bbox 878 970 1041 1000; x_wconf 86' lang='lat' dir='ltr'>maioritas</span> <span class='ocrx_word' id='word_1_118' title='bbox 1063 970 1183 1001; x_wconf 86' lang='lat' dir='ltr'>vinculi</span> <span class='ocrx_word' id='word_1_119' title='bbox 1206 979 1273 1000; x_wconf 91' lang='lat' dir='ltr'>non</span> <span class='ocrx_word' id='word_1_120' title='bbox 1297 970 1350 999; x_wconf 83' lang='lat' dir='ltr'>ab·</span> 
     </span>
    </p>
   </div>
   <div class='ocr_carea' id='block_1_3' title="bbox 277 1014 1379 1056">
    <p class='ocr_par' dir='ltr' id='par_1_4' title="bbox 277 1014 1379 1056">
     <span class='ocr_line' id='line_1_17' title="bbox 277 1014 1379 1056; baseline -0.003 -9"><span class='ocrx_word' id='word_1_121' title='bbox 277 1016 372 1047; x_wconf 90' lang='lat' dir='ltr'>solvit</span> <span class='ocrx_word' id='word_1_122' title='bbox 396 1026 414 1046; x_wconf 91' lang='lat' dir='ltr'>a</span> <span class='ocrx_word' id='word_1_123' title='bbox 438 1015 505 1046; x_wconf 92' lang='lat' dir='ltr'>voti</span> <span class='ocrx_word' id='word_1_124' title='bbox 529 1014 681 1056; x_wconf 90' lang='lat' dir='ltr'>simplicis</span> <span class='ocrx_word' id='word_1_125' title='bbox 703 1015 834 1045; x_wconf 90' lang='lat' dir='ltr'>vinculo</span> <span class='ocrx_word' id='word_1_126' title='bbox 860 1014 1055 1055; x_wconf 86' lang='lat' dir='ltr'>simpliciter,</span> <span class='ocrx_word' id='word_1_127' title='bbox 1079 1016 1134 1046; x_wconf 92' lang='lat' dir='ltr'>sed</span> <span class='ocrx_word' id='word_1_128' title='bbox 1158 1015 1266 1045; x_wconf 91' lang='lat' dir='ltr'>solum</span> <span class='ocrx_word' id='word_1_129' title='bbox 1291 1014 1351 1044; x_wconf 86' lang='lat' dir='ltr'>du·</span> <span class='ocrx_word' id='word_1_130' title='bbox 1377 1023 1379 1030; x_wconf 94' lang='lat'><em>·</em></span> 
     </span>
    </p>
   </div>
   <div class='ocr_carea' id='block_1_4' title="bbox 277 1059 1352 1189">
    <p class='ocr_par' dir='ltr' id='par_1_5' title="bbox 277 1059 1352 1189">
     <span class='ocr_line' id='line_1_18' title="bbox 277 1059 1351 1100; baseline -0.003 -9"><span class='ocrx_word' id='word_1_131' title='bbox 277 1068 364 1091; x_wconf 91' lang='lat' dir='ltr'>rante</span> <span class='ocrx_word' id='word_1_132' title='bbox 388 1060 444 1091; x_wconf 87' lang='lat' dir='ltr'>illo</span> <span class='ocrx_word' id='word_1_133' title='bbox 470 1060 584 1091; x_wconf 86' lang='lat' dir='ltr'>maiori</span> <span class='ocrx_word' id='word_1_134' title='bbox 599 1059 746 1091; x_wconf 87' lang='lat' dir='ltr'>vinculo:</span> <span class='ocrx_word' id='word_1_135' title='bbox 771 1067 807 1090; x_wconf 93' lang='lat' dir='ltr'>ut</span> <span class='ocrx_word' id='word_1_136' title='bbox 823 1066 910 1100; x_wconf 86' lang='lat' dir='ltr'>patet</span> <span class='ocrx_word' id='word_1_137' title='bbox 925 1060 964 1090; x_wconf 89' lang='lat' dir='ltr'>de</span> <span class='ocrx_word' id='word_1_138' title='bbox 987 1059 1122 1091; x_wconf 81' lang='lat' dir='ltr'>habente</span> <span class='ocrx_word' id='word_1_139' title='bbox 1146 1066 1259 1090; x_wconf 86' lang='lat' dir='ltr'>votum</span> <span class='ocrx_word' id='word_1_140' title='bbox 1276 1059 1351 1089; x_wconf 86' lang='lat' dir='ltr'>sim-</span> 
     </span>
     <span class='ocr_line' id='line_1_19' title="bbox 278 1103 1352 1146; baseline -0.002 -10"><span class='ocrx_word' id='word_1_141' title='bbox 278 1106 348 1146; x_wconf 86' lang='lat' dir='ltr'>plex</span> <span class='ocrx_word' id='word_1_142' title='bbox 368 1104 529 1145; x_wconf 82' lang='lat' dir='ltr'>religionis</span> <span class='ocrx_word' id='word_1_143' title='bbox 548 1112 578 1135; x_wconf 89' lang='lat' dir='ltr'>et</span> <span class='ocrx_word' id='word_1_144' title='bbox 593 1111 700 1135; x_wconf 89' lang='lat' dir='ltr'>tamen</span> <span class='ocrx_word' id='word_1_145' title='bbox 717 1104 923 1135; x_wconf 78' lang='lat' dir='ltr'>contrahente</span> <span class='ocrx_word' id='word_1_146' title='bbox 940 1111 971 1135; x_wconf 90' lang='lat' dir='ltr'>et</span> <span class='ocrx_word' id='word_1_147' title='bbox 986 1112 1231 1136; x_wconf 87' lang='lat' dir='ltr'>consummante</span> <span class='ocrx_word' id='word_1_148' title='bbox 1248 1103 1352 1134; x_wconf 85' lang='lat' dir='ltr'>matri-</span> 
     </span>
     <span class='ocr_line' id='line_1_20' title="bbox 277 1148 1352 1189; baseline -0.001 -9"><span class='ocrx_word' id='word_1_149' title='bbox 277 1149 436 1181; x_wconf 88' lang='lat' dir='ltr'>monium.</span> <span class='ocrx_word' id='word_1_150' title='bbox 462 1149 550 1180; x_wconf 88' lang='lat' dir='ltr'>Talis</span> <span class='ocrx_word' id='word_1_151' title='bbox 566 1149 654 1180; x_wconf 90' lang='lat' dir='ltr'>enim</span> <span class='ocrx_word' id='word_1_152' title='bbox 670 1158 736 1179; x_wconf 93' lang='lat' dir='ltr'>non</span> <span class='ocrx_word' id='word_1_153' title='bbox 754 1157 799 1180; x_wconf 90' lang='lat' dir='ltr'>est</span> <span class='ocrx_word' id='word_1_154' title='bbox 819 1149 986 1180; x_wconf 86' lang='lat' dir='ltr'>absolutus</span> <span class='ocrx_word' id='word_1_155' title='bbox 1005 1156 1136 1189; x_wconf 91' lang='lat' dir='ltr'>propter</span> <span class='ocrx_word' id='word_1_156' title='bbox 1155 1148 1352 1180; x_wconf 81' lang='lat' dir='ltr'>matrimonii</span> 
     </span>
    </p>
   </div>
   <div class='ocr_carea' id='block_1_5' title="bbox 277 1184 1380 1279">
    <p class='ocr_par' dir='ltr' id='par_1_6' title="bbox 277 1184 1380 1279">
     <span class='ocr_line' id='line_1_21' title="bbox 277 1184 1379 1230; baseline -0.001 -5"><span class='ocrx_word' id='word_1_157' title='bbox 277 1195 443 1225; x_wconf 91' lang='lat' dir='ltr'>vinculum</span> <span class='ocrx_word' id='word_1_158' title='bbox 467 1204 484 1224; x_wconf 88' lang='lat' dir='ltr'>a</span> <span class='ocrx_word' id='word_1_159' title='bbox 506 1200 600 1224; x_wconf 86' lang='lat' dir='ltr'>voto:</span> <span class='ocrx_word' id='word_1_160' title='bbox 627 1194 698 1230; x_wconf 87' lang='lat' dir='ltr'>sed,</span> <span class='ocrx_word' id='word_1_161' title='bbox 724 1194 859 1224; x_wconf 82' lang='lat' dir='ltr'>durante</span> <span class='ocrx_word' id='word_1_162' title='bbox 883 1193 1106 1230; x_wconf 88' lang='lat' dir='ltr'>matrimonio,</span> <span class='ocrx_word' id='word_1_163' title='bbox 1131 1204 1198 1224; x_wconf 91' lang='lat' dir='ltr'>non</span> <span class='ocrx_word' id='word_1_164' title='bbox 1227 1200 1352 1224; x_wconf 90' lang='lat' dir='ltr'>tenetur</span> <span class='ocrx_word' id='word_1_165' title='bbox 1378 1184 1379 1203; x_wconf 58' lang='lat'><strong>³</strong></span> 
     </span>
     <span class='ocr_line' id='line_1_22' title="bbox 277 1238 1380 1279; baseline -0.002 -9"><span class='ocrx_word' id='word_1_166' title='bbox 277 1240 356 1270; x_wconf 92' lang='lat' dir='ltr'>illud</span> <span class='ocrx_word' id='word_1_167' title='bbox 387 1239 535 1279; x_wconf 88' lang='lat' dir='ltr'>implere;</span> <span class='ocrx_word' id='word_1_168' title='bbox 571 1239 708 1278; x_wconf 89' lang='lat' dir='ltr'>coniuge</span> <span class='ocrx_word' id='word_1_169' title='bbox 738 1245 846 1269; x_wconf 87' lang='lat' dir='ltr'>autem</span> <span class='ocrx_word' id='word_1_170' title='bbox 869 1238 1035 1275; x_wconf 87' lang='lat' dir='ltr'>defuncta,</span> <span class='ocrx_word' id='word_1_171' title='bbox 1066 1245 1192 1269; x_wconf 90' lang='lat' dir='ltr'>tenetur</span> <span class='ocrx_word' id='word_1_172' title='bbox 1219 1238 1353 1279; x_wconf 88' lang='lat' dir='ltr'>implere</span> <span class='ocrx_word' id='word_1_173' title='bbox 1378 1243 1380 1246; x_wconf 87' lang='lat'>&#39;</span> 
     </span>
    </p>
   </div>
   <div class='ocr_carea' id='block_1_6' title="bbox 278 1282 1353 1413">
    <p class='ocr_par' dir='ltr' id='par_1_7' title="bbox 278 1282 1353 1413">
     <span class='ocr_line' id='line_1_23' title="bbox 278 1282 1351 1323; baseline -0.002 -8"><span class='ocrx_word' id='word_1_174' title='bbox 278 1294 375 1315; x_wconf 90' lang='lat' dir='ltr'>suum</span> <span class='ocrx_word' id='word_1_175' title='bbox 389 1290 514 1314; x_wconf 88' lang='lat' dir='ltr'>votum.</span> <span class='ocrx_word' id='word_1_176' title='bbox 540 1283 602 1314; x_wconf 87' lang='lat' dir='ltr'>Sed</span> <span class='ocrx_word' id='word_1_177' title='bbox 619 1283 780 1314; x_wconf 89' lang='lat' dir='ltr'>maioritas</span> <span class='ocrx_word' id='word_1_178' title='bbox 796 1283 915 1313; x_wconf 88' lang='lat' dir='ltr'>vinculi</span> <span class='ocrx_word' id='word_1_179' title='bbox 938 1282 971 1313; x_wconf 88' lang='lat' dir='ltr'>in</span> <span class='ocrx_word' id='word_1_180' title='bbox 995 1289 1078 1314; x_wconf 86' lang='lat' dir='ltr'>statu</span> <span class='ocrx_word' id='word_1_181' title='bbox 1102 1282 1282 1323; x_wconf 80' lang='lat' dir='ltr'>perfectiori</span> <span class='ocrx_word' id='word_1_182' title='bbox 1299 1283 1351 1313; x_wconf 90' lang='lat' dir='ltr'>ab-</span> 
     </span>
     <span class='ocr_line' id='line_1_24' title="bbox 278 1327 1353 1369; baseline -0.002 -10"><span class='ocrx_word' id='word_1_183' title='bbox 278 1328 372 1359; x_wconf 88' lang='lat' dir='ltr'>solvit</span> <span class='ocrx_word' id='word_1_184' title='bbox 396 1327 581 1368; x_wconf 88' lang='lat' dir='ltr'>simpliciter</span> <span class='ocrx_word' id='word_1_185' title='bbox 604 1337 622 1358; x_wconf 88' lang='lat' dir='ltr'>a</span> <span class='ocrx_word' id='word_1_186' title='bbox 641 1334 717 1358; x_wconf 89' lang='lat' dir='ltr'>voto</span> <span class='ocrx_word' id='word_1_187' title='bbox 742 1327 875 1358; x_wconf 88' lang='lat' dir='ltr'>minoris</span> <span class='ocrx_word' id='word_1_188' title='bbox 899 1327 990 1358; x_wconf 90' lang='lat' dir='ltr'>boni:</span> <span class='ocrx_word' id='word_1_189' title='bbox 1016 1334 1051 1358; x_wconf 93' lang='lat' dir='ltr'>ut</span> <span class='ocrx_word' id='word_1_190' title='bbox 1067 1335 1154 1369; x_wconf 89' lang='lat' dir='ltr'>patet</span> <span class='ocrx_word' id='word_1_191' title='bbox 1176 1327 1216 1358; x_wconf 93' lang='lat' dir='ltr'>de</span> <span class='ocrx_word' id='word_1_192' title='bbox 1232 1337 1272 1358; x_wconf 90' lang='lat' dir='ltr'>eo</span> <span class='ocrx_word' id='word_1_193' title='bbox 1296 1327 1353 1368; x_wconf 90' lang='lat' dir='ltr'>qui</span> 
     </span>
     <span class='ocr_line' id='line_1_25' title="bbox 278 1371 1352 1413; baseline -0.001 -10"><span class='ocrx_word' id='word_1_194' title='bbox 278 1373 366 1405; x_wconf 90' lang='lat' dir='ltr'>vovit</span> <span class='ocrx_word' id='word_1_195' title='bbox 389 1372 510 1413; x_wconf 88' lang='lat' dir='ltr'>ingredi</span> <span class='ocrx_word' id='word_1_196' title='bbox 539 1372 726 1412; x_wconf 84' lang='lat' dir='ltr'>religionem</span> <span class='ocrx_word' id='word_1_197' title='bbox 749 1372 902 1403; x_wconf 85' lang='lat' dir='ltr'>laxiorem</span> <span class='ocrx_word' id='word_1_198' title='bbox 927 1379 958 1403; x_wconf 92' lang='lat' dir='ltr'>et</span> <span class='ocrx_word' id='word_1_199' title='bbox 979 1371 1148 1413; x_wconf 87' lang='lat' dir='ltr'>profitetur</span> <span class='ocrx_word' id='word_1_200' title='bbox 1174 1372 1352 1403; x_wconf 86' lang='lat' dir='ltr'>arctiorem.</span> 
     </span>
    </p>
   </div>
   <div class='ocr_carea' id='block_1_7' title="bbox 279 1461 1354 1503">
    <p class='ocr_par' dir='ltr' id='par_1_8' title="bbox 279 1461 1354 1503">
     <span class='ocr_line' id='line_1_26' title="bbox 279 1461 1354 1503; baseline -0.001 -10"><span class='ocrx_word' id='word_1_201' title='bbox 279 1473 316 1494; x_wconf 89' lang='lat' dir='ltr'>ex</span> <span class='ocrx_word' id='word_1_202' title='bbox 340 1461 534 1503; x_wconf 79' lang='lat' dir='ltr'>perfectioris</span> <span class='ocrx_word' id='word_1_203' title='bbox 557 1461 718 1502; x_wconf 84' lang='lat' dir='ltr'>religionis</span> <span class='ocrx_word' id='word_1_204' title='bbox 742 1468 825 1492; x_wconf 86' lang='lat' dir='ltr'>statu</span> <span class='ocrx_word' id='word_1_205' title='bbox 849 1461 987 1492; x_wconf 89' lang='lat' dir='ltr'>totaliter</span> <span class='ocrx_word' id='word_1_206' title='bbox 1009 1461 1185 1492; x_wconf 83' lang='lat' dir='ltr'>absolvitur</span> <span class='ocrx_word' id='word_1_207' title='bbox 1206 1471 1225 1492; x_wconf 88' lang='lat' dir='ltr'>a</span> <span class='ocrx_word' id='word_1_208' title='bbox 1254 1461 1354 1502; x_wconf 87' lang='lat' dir='ltr'>priori</span> 
     </span>
    </p>
   </div>
   <div class='ocr_carea' id='block_1_8' title="bbox 889 268 1849 315">
    <p class='ocr_par' dir='ltr' id='par_1_9' title="bbox 889 268 1849 315">
     <span class='ocr_line' id='line_1_27' title="bbox 889 268 1849 315; baseline -0.002 -8"><span class='ocrx_word' id='word_1_209' title='bbox 889 270 1156 315; x_wconf 88' lang='lat' dir='ltr'>QUAESTIO</span> <span class='ocrx_word' id='word_1_210' title='bbox 1187 268 1438 312; x_wconf 89' lang='lat' dir='ltr'>CLXXXIX,</span> <span class='ocrx_word' id='word_1_211' title='bbox 1468 268 1769 306; x_wconf 90' lang='lat' dir='ltr'>ARTICULUS</span> <span class='ocrx_word' id='word_1_212' title='bbox 1800 269 1849 305; x_wconf 86' lang='lat'>111</span> 
     </span>
    </p>
   </div>
   <div class='ocr_carea' id='block_1_9' title="bbox 1401 347 2519 1324">
    <p class='ocr_par' dir='ltr' id='par_1_10' title="bbox 1401 347 2485 1051">
     <span class='ocr_line' id='line_1_28' title="bbox 1401 347 2485 389; baseline 0 -11"><span class='ocrx_word' id='word_1_213' title='bbox 1401 354 1527 378; x_wconf 88' lang='lat' dir='ltr'>tenetur</span> <span class='ocrx_word' id='word_1_214' title='bbox 1549 349 1609 378; x_wconf 89' lang='lat' dir='ltr'>sub</span> <span class='ocrx_word' id='word_1_215' title='bbox 1640 348 1794 388; x_wconf 88' lang='lat' dir='ltr'>episcopo</span> <span class='ocrx_word' id='word_1_216' title='bbox 1824 348 1911 379; x_wconf 91' lang='lat' dir='ltr'>illam</span> <span class='ocrx_word' id='word_1_217' title='bbox 1945 347 2104 388; x_wconf 85' lang='lat' dir='ltr'>profiteri,</span> <span class='ocrx_word' id='word_1_218' title='bbox 2128 347 2155 378; x_wconf 88' lang='lat' dir='ltr'>si</span> <span class='ocrx_word' id='word_1_219' title='bbox 2185 348 2296 389; x_wconf 87' lang='lat' dir='ltr'>religio</span> <span class='ocrx_word' id='word_1_220' title='bbox 2322 349 2378 380; x_wconf 86' lang='lat' dir='ltr'>illa</span> <span class='ocrx_word' id='word_1_221' title='bbox 2410 359 2485 380; x_wconf 91' lang='lat' dir='ltr'>non.</span> 
     </span>
     <span class='ocr_line' id='line_1_29' title="bbox 1401 392 2478 434; baseline 0.003 -13"><span class='ocrx_word' id='word_1_222' title='bbox 1401 392 1470 423; x_wconf 91' lang='lat' dir='ltr'>vult</span> <span class='ocrx_word' id='word_1_223' title='bbox 1493 402 1579 423; x_wconf 91' lang='lat' dir='ltr'>eum.</span> <span class='ocrx_word' id='word_1_224' title='bbox 1610 392 1695 432; x_wconf 90' lang='lat' dir='ltr'>Ergo</span> <span class='ocrx_word' id='word_1_225' title='bbox 1726 393 1892 424; x_wconf 88' lang='lat' dir='ltr'>adstrictus</span> <span class='ocrx_word' id='word_1_226' title='bbox 1917 393 1955 423; x_wconf 91' lang='lat' dir='ltr'>ad</span> <span class='ocrx_word' id='word_1_227' title='bbox 1979 402 2236 434; x_wconf 83' lang='lat' dir='ltr'>quamcumque,</span> <span class='ocrx_word' id='word_1_228' title='bbox 2265 393 2291 423; x_wconf 89' lang='lat' dir='ltr'>si</span> <span class='ocrx_word' id='word_1_229' title='bbox 2315 393 2354 424; x_wconf 79' lang='lat' dir='ltr'>ab</span> <span class='ocrx_word' id='word_1_230' title='bbox 2387 394 2478 425; x_wconf 90' lang='lat' dir='ltr'>omni</span> 
     </span>
     <span class='ocr_line' id='line_1_30' title="bbox 1402 436 2478 479; baseline 0.003 -13"><span class='ocrx_word' id='word_1_231' title='bbox 1402 436 1576 473; x_wconf 91' lang='lat' dir='ltr'>refutatur,</span> <span class='ocrx_word' id='word_1_232' title='bbox 1601 447 1667 467; x_wconf 90' lang='lat' dir='ltr'>non</span> <span class='ocrx_word' id='word_1_233' title='bbox 1691 443 1816 468; x_wconf 89' lang='lat' dir='ltr'>tenetur</span> <span class='ocrx_word' id='word_1_234' title='bbox 1846 437 1905 468; x_wconf 91' lang='lat' dir='ltr'>sub</span> <span class='ocrx_word' id='word_1_235' title='bbox 1936 437 2090 478; x_wconf 89' lang='lat' dir='ltr'>episcopo</span> <span class='ocrx_word' id='word_1_236' title='bbox 2114 437 2302 477; x_wconf 79' lang='lat' dir='ltr'>religionem</span> <span class='ocrx_word' id='word_1_237' title='bbox 2336 438 2478 479; x_wconf 76' lang='lat' dir='ltr'>aliquam</span> 
     </span>
     <span class='ocr_line' id='line_1_31' title="bbox 1402 480 2477 522; baseline 0.002 -11"><span class='ocrx_word' id='word_1_238' title='bbox 1402 480 1553 521; x_wconf 89' lang='lat' dir='ltr'>profiteri.</span> <span class='ocrx_word' id='word_1_239' title='bbox 1579 498 1600 503; x_wconf 97' lang='lat'>-</span> <span class='ocrx_word' id='word_1_240' title='bbox 1624 481 1731 511; x_wconf 78' lang='lat' dir='ltr'>MInor</span> <span class='ocrx_word' id='word_1_241' title='bbox 1761 488 1856 521; x_wconf 86' lang='lat' dir='ltr'>patet.</span> <span class='ocrx_word' id='word_1_242' title='bbox 1880 498 1905 505; x_wconf 89' lang='lat'>·-</span> <span class='ocrx_word' id='word_1_243' title='bbox 1926 482 1967 512; x_wconf 90' lang='lat' dir='ltr'>Et</span> <span class='ocrx_word' id='word_1_244' title='bbox 1990 482 2094 512; x_wconf 87' lang='lat' dir='ltr'>maior</span> <span class='ocrx_word' id='word_1_245' title='bbox 2120 483 2282 522; x_wconf 88' lang='lat' dir='ltr'>probatur.</span> <span class='ocrx_word' id='word_1_246' title='bbox 2308 481 2393 520; x_wconf 82' lang='lat' dir='ltr'>Quia</span> <span class='ocrx_word' id='word_1_247' title='bbox 2417 482 2477 513; x_wconf 90' lang='lat' dir='ltr'>im-</span> 
     </span>
     <span class='ocr_line' id='line_1_32' title="bbox 1403 525 2477 566; baseline 0.002 -11"><span class='ocrx_word' id='word_1_248' title='bbox 1403 525 1509 565; x_wconf 91' lang='lat' dir='ltr'>plicite</span> <span class='ocrx_word' id='word_1_249' title='bbox 1533 526 1565 556; x_wconf 89' lang='lat' dir='ltr'>in</span> <span class='ocrx_word' id='word_1_250' title='bbox 1589 531 1667 555; x_wconf 90' lang='lat' dir='ltr'>voto</span> <span class='ocrx_word' id='word_1_251' title='bbox 1691 525 1851 565; x_wconf 86' lang='lat' dir='ltr'>religionis</span> <span class='ocrx_word' id='word_1_252' title='bbox 1880 525 2039 556; x_wconf 81' lang='lat' dir='ltr'>clauditur</span> <span class='ocrx_word' id='word_1_253' title='bbox 2065 536 2210 556; x_wconf 85' lang='lat' dir='ltr'>assensus</span> <span class='ocrx_word' id='word_1_254' title='bbox 2242 525 2404 566; x_wconf 82' lang='lat' dir='ltr'>religionis</span> <span class='ocrx_word' id='word_1_255' title='bbox 2428 537 2477 557; x_wconf 88' lang='lat' dir='ltr'>ac-</span> 
     </span>
     <span class='ocr_line' id='line_1_33' title="bbox 1404 569 2477 610; baseline 0.002 -10"><span class='ocrx_word' id='word_1_256' title='bbox 1404 577 1599 610; x_wconf 86' lang='lat' dir='ltr'>ceptaturae:</span> <span class='ocrx_word' id='word_1_257' title='bbox 1625 569 1706 600; x_wconf 90' lang='lat' dir='ltr'>sicut</span> <span class='ocrx_word' id='word_1_258' title='bbox 1729 569 1872 609; x_wconf 88' lang='lat' dir='ltr'>explicite</span> <span class='ocrx_word' id='word_1_259' title='bbox 1896 570 2055 601; x_wconf 80' lang='lat' dir='ltr'>clauditur</span> <span class='ocrx_word' id='word_1_260' title='bbox 2077 571 2110 600; x_wconf 94' lang='lat' dir='ltr'>in</span> <span class='ocrx_word' id='word_1_261' title='bbox 2130 577 2207 601; x_wconf 87' lang='lat' dir='ltr'>voto</span> <span class='ocrx_word' id='word_1_262' title='bbox 2232 571 2328 602; x_wconf 88' lang='lat' dir='ltr'>huius</span> <span class='ocrx_word' id='word_1_263' title='bbox 2352 578 2477 602; x_wconf 87' lang='lat' dir='ltr'>tantum</span> 
     </span>
     <span class='ocr_line' id='line_1_34' title="bbox 1403 614 2478 656; baseline 0.002 -12"><span class='ocrx_word' id='word_1_264' title='bbox 1403 614 1565 653; x_wconf 89' lang='lat' dir='ltr'>religionis</span> <span class='ocrx_word' id='word_1_265' title='bbox 1589 623 1735 644; x_wconf 87' lang='lat' dir='ltr'>assensus</span> <span class='ocrx_word' id='word_1_266' title='bbox 1762 614 1863 651; x_wconf 85' lang='lat' dir='ltr'>illius,</span> <span class='ocrx_word' id='word_1_267' title='bbox 1887 614 1930 646; x_wconf 89' lang='lat' dir='ltr'>ita</span> <span class='ocrx_word' id='word_1_268' title='bbox 1953 615 2043 655; x_wconf 93' lang='lat' dir='ltr'>quod</span> <span class='ocrx_word' id='word_1_269' title='bbox 2066 615 2202 646; x_wconf 88' lang='lat' dir='ltr'>intendit</span> <span class='ocrx_word' id='word_1_270' title='bbox 2228 625 2348 647; x_wconf 80' lang='lat' dir='ltr'>vovens</span> <span class='ocrx_word' id='word_1_271' title='bbox 2377 616 2478 656; x_wconf 89' lang='lat' dir='ltr'>quod,</span> 
     </span>
     <span class='ocr_line' id='line_1_35' title="bbox 1403 658 2483 696; baseline 0.002 -7"><span class='ocrx_word' id='word_1_272' title='bbox 1403 659 1429 689; x_wconf 94' lang='lat' dir='ltr'>si</span> <span class='ocrx_word' id='word_1_273' title='bbox 1452 658 1506 690; x_wconf 87' lang='lat' dir='ltr'>illa</span> <span class='ocrx_word' id='word_1_274' title='bbox 1535 658 1654 694; x_wconf 90' lang='lat' dir='ltr'>renuit,</span> <span class='ocrx_word' id='word_1_275' title='bbox 1680 668 1746 688; x_wconf 91' lang='lat' dir='ltr'>non</span> <span class='ocrx_word' id='word_1_276' title='bbox 1769 658 1838 688; x_wconf 88' lang='lat' dir='ltr'>vult</span> <span class='ocrx_word' id='word_1_277' title='bbox 1866 659 1905 688; x_wconf 87' lang='lat' dir='ltr'>ad</span> <span class='ocrx_word' id='word_1_278' title='bbox 1929 658 2024 690; x_wconf 78' lang='lat' dir='ltr'>aliam</span> <span class='ocrx_word' id='word_1_279' title='bbox 2055 659 2164 691; x_wconf 90' lang='lat' dir='ltr'>teneri.</span> <span class='ocrx_word' id='word_1_280' title='bbox 2200 660 2240 691; x_wconf 91' lang='lat' dir='ltr'>Et</span> <span class='ocrx_word' id='word_1_281' title='bbox 2266 660 2427 696; x_wconf 78' lang='lat' dir='ltr'>similiter,</span> <span class='ocrx_word' id='word_1_282' title='bbox 2452 660 2483 691; x_wconf 78' lang='lat' dir='ltr'>si</span> 
     </span>
     <span class='ocr_line' id='line_1_36' title="bbox 1404 703 2477 745; baseline 0.002 -12"><span class='ocrx_word' id='word_1_283' title='bbox 1404 713 1517 734; x_wconf 88' lang='lat' dir='ltr'>omnes</span> <span class='ocrx_word' id='word_1_284' title='bbox 1541 709 1690 740; x_wconf 89' lang='lat' dir='ltr'>renuunt,</span> <span class='ocrx_word' id='word_1_285' title='bbox 1717 713 1782 732; x_wconf 91' lang='lat' dir='ltr'>non</span> <span class='ocrx_word' id='word_1_286' title='bbox 1807 703 1876 733; x_wconf 83' lang='lat' dir='ltr'>vult</span> <span class='ocrx_word' id='word_1_287' title='bbox 1899 703 1938 733; x_wconf 88' lang='lat' dir='ltr'>ad</span> <span class='ocrx_word' id='word_1_288' title='bbox 1963 703 2050 733; x_wconf 89' lang='lat' dir='ltr'>aliud</span> <span class='ocrx_word' id='word_1_289' title='bbox 2073 704 2186 734; x_wconf 89' lang='lat' dir='ltr'>teneri:</span> <span class='ocrx_word' id='word_1_290' title='bbox 2212 705 2382 745; x_wconf 80' lang='lat' dir='ltr'>praecipue</span> <span class='ocrx_word' id='word_1_291' title='bbox 2403 715 2477 735; x_wconf 89' lang='lat' dir='ltr'>cum</span> 
     </span>
     <span class='ocr_line' id='line_1_37' title="bbox 1403 747 2478 790; baseline 0.003 -13"><span class='ocrx_word' id='word_1_292' title='bbox 1403 758 1523 778; x_wconf 87' lang='lat' dir='ltr'>vovens</span> <span class='ocrx_word' id='word_1_293' title='bbox 1546 747 1689 778; x_wconf 87' lang='lat' dir='ltr'>intendat</span> <span class='ocrx_word' id='word_1_294' title='bbox 1712 747 1899 787; x_wconf 87' lang='lat' dir='ltr'>religionem</span> <span class='ocrx_word' id='word_1_295' title='bbox 1923 757 2084 778; x_wconf 82' lang='lat' dir='ltr'>assumere</span> <span class='ocrx_word' id='word_1_296' title='bbox 2108 757 2144 779; x_wconf 88' lang='lat' dir='ltr'>ut</span> <span class='ocrx_word' id='word_1_297' title='bbox 2167 749 2343 790; x_wconf 88' lang='lat' dir='ltr'>religiosus,</span> <span class='ocrx_word' id='word_1_298' title='bbox 2364 757 2394 780; x_wconf 91' lang='lat' dir='ltr'>et</span> <span class='ocrx_word' id='word_1_299' title='bbox 2412 759 2478 780; x_wconf 89' lang='lat' dir='ltr'>non</span> 
     </span>
     <span class='ocr_line' id='line_1_38' title="bbox 1403 791 2479 832; baseline 0.003 -10"><span class='ocrx_word' id='word_1_300' title='bbox 1403 791 1435 822; x_wconf 93' lang='lat' dir='ltr'>in</span> <span class='ocrx_word' id='word_1_301' title='bbox 1462 792 1561 822; x_wconf 92' lang='lat' dir='ltr'>domo</span> <span class='ocrx_word' id='word_1_302' title='bbox 1586 801 1756 822; x_wconf 90' lang='lat' dir='ltr'>mansurus</span> <span class='ocrx_word' id='word_1_303' title='bbox 1780 791 1918 832; x_wconf 87' lang='lat' dir='ltr'>propria.</span> <span class='ocrx_word' id='word_1_304' title='bbox 1947 792 1988 822; x_wconf 89' lang='lat' dir='ltr'>Et</span> <span class='ocrx_word' id='word_1_305' title='bbox 2012 793 2124 832; x_wconf 91' lang='lat' dir='ltr'>procul</span> <span class='ocrx_word' id='word_1_306' title='bbox 2148 793 2264 831; x_wconf 92' lang='lat' dir='ltr'>dubio,</span> <span class='ocrx_word' id='word_1_307' title='bbox 2290 794 2315 824; x_wconf 89' lang='lat' dir='ltr'>si</span> <span class='ocrx_word' id='word_1_308' title='bbox 2338 794 2401 825; x_wconf 92' lang='lat' dir='ltr'>hoc</span> <span class='ocrx_word' id='word_1_309' title='bbox 2426 804 2479 824; x_wconf 94' lang='lat' dir='ltr'>oc-</span> 
     </span>
     <span class='ocr_line' id='line_1_39' title="bbox 1404 835 2478 879; baseline 0.002 -12"><span class='ocrx_word' id='word_1_310' title='bbox 1404 837 1564 873; x_wconf 90' lang='lat' dir='ltr'>currisset,</span> <span class='ocrx_word' id='word_1_311' title='bbox 1590 837 1698 867; x_wconf 91' lang='lat' dir='ltr'>nullus</span> <span class='ocrx_word' id='word_1_312' title='bbox 1722 837 1860 867; x_wconf 89' lang='lat' dir='ltr'>vovisset</span> <span class='ocrx_word' id='word_1_313' title='bbox 1884 835 1945 866; x_wconf 89' lang='lat' dir='ltr'>nisi</span> <span class='ocrx_word' id='word_1_314' title='bbox 1976 847 2051 867; x_wconf 86' lang='lat' dir='ltr'>cum</span> <span class='ocrx_word' id='word_1_315' title='bbox 2075 837 2259 877; x_wconf 87' lang='lat' dir='ltr'>exceptione</span> <span class='ocrx_word' id='word_1_316' title='bbox 2288 838 2363 869; x_wconf 88' lang='lat' dir='ltr'>hac:</span> <span class='ocrx_word' id='word_1_317' title='bbox 2398 849 2478 879; x_wconf 92' lang='lat' dir='ltr'>quo-</span> 
     </span>
     <span class='ocr_line' id='line_1_40' title="bbox 1405 881 2478 917; baseline 0.003 -6"><span class='ocrx_word' id='word_1_318' title='bbox 1405 881 1501 917; x_wconf 86' lang='lat' dir='ltr'>niam,</span> <span class='ocrx_word' id='word_1_319' title='bbox 1515 888 1551 911; x_wconf 91' lang='lat' dir='ltr'>ut</span> <span class='ocrx_word' id='word_1_320' title='bbox 1563 881 1686 911; x_wconf 90' lang='lat' dir='ltr'>dictum</span> <span class='ocrx_word' id='word_1_321' title='bbox 1701 887 1757 916; x_wconf 88' lang='lat' dir='ltr'>est,</span> <span class='ocrx_word' id='word_1_322' title='bbox 1770 881 1940 912; x_wconf 88' lang='lat' dir='ltr'>intendunt</span> <span class='ocrx_word' id='word_1_323' title='bbox 1951 881 2049 912; x_wconf 87' lang='lat' dir='ltr'>vitam</span> <span class='ocrx_word' id='word_1_324' title='bbox 2067 888 2098 912; x_wconf 88' lang='lat' dir='ltr'>et</span> <span class='ocrx_word' id='word_1_325' title='bbox 2115 882 2390 914; x_wconf 82' lang='lat' dir='ltr'>conversationem</span> <span class='ocrx_word' id='word_1_326' title='bbox 2407 893 2478 914; x_wconf 85' lang='lat' dir='ltr'>mu·</span> 
     </span>
     <span class='ocr_line' id='line_1_41' title="bbox 1404 924 2478 966; baseline 0.001 -9"><span class='ocrx_word' id='word_1_327' title='bbox 1404 934 1479 962; x_wconf 87' lang='lat' dir='ltr'>tare,</span> <span class='ocrx_word' id='word_1_328' title='bbox 1497 933 1528 956; x_wconf 90' lang='lat' dir='ltr'>et</span> <span class='ocrx_word' id='word_1_329' title='bbox 1544 935 1610 956; x_wconf 88' lang='lat' dir='ltr'>non</span> <span class='ocrx_word' id='word_1_330' title='bbox 1635 925 1739 956; x_wconf 88' lang='lat' dir='ltr'>solum</span> <span class='ocrx_word' id='word_1_331' title='bbox 1758 924 1909 965; x_wconf 81' lang='lat' dir='ltr'>profiteri,</span> <span class='ocrx_word' id='word_1_332' title='bbox 1927 933 1985 957; x_wconf 84' lang='lat' dir='ltr'>etc.</span> <span class='ocrx_word' id='word_1_333' title='bbox 2010 925 2180 956; x_wconf 84' lang='lat' dir='ltr'>Refutatus</span> <span class='ocrx_word' id='word_1_334' title='bbox 2198 926 2357 966; x_wconf 49' lang='lat' dir='ltr'>›igitur‘ab</span> <span class='ocrx_word' id='word_1_335' title='bbox 2373 927 2478 958; x_wconf 89' lang='lat' dir='ltr'>omni—</span> 
     </span>
     <span class='ocr_line' id='line_1_42' title="bbox 1404 969 2480 1011; baseline 0 -9"><span class='ocrx_word' id='word_1_336' title='bbox 1404 972 1474 1007; x_wconf 88' lang='lat' dir='ltr'>bus,</span> <span class='ocrx_word' id='word_1_337' title='bbox 1493 970 1660 1001; x_wconf 86' lang='lat' dir='ltr'>absolutus</span> <span class='ocrx_word' id='word_1_338' title='bbox 1684 977 1826 1000; x_wconf 89' lang='lat' dir='ltr'>remanet</span> <span class='ocrx_word' id='word_1_339' title='bbox 1841 979 1860 1000; x_wconf 86' lang='lat' dir='ltr'>a</span> <span class='ocrx_word' id='word_1_340' title='bbox 1883 969 2045 1010; x_wconf 81' lang='lat' dir='ltr'>religionis</span> <span class='ocrx_word' id='word_1_341' title='bbox 2060 977 2154 1001; x_wconf 89' lang='lat' dir='ltr'>voto:</span> <span class='ocrx_word' id='word_1_342' title='bbox 2179 980 2216 1001; x_wconf 87' lang='lat' dir='ltr'>ac</span> <span class='ocrx_word' id='word_1_343' title='bbox 2238 981 2296 1011; x_wconf 87' lang='lat' dir='ltr'>per</span> <span class='ocrx_word' id='word_1_344' title='bbox 2310 971 2383 1007; x_wconf 80' lang='lat' dir='ltr'>hoc,</span> <span class='ocrx_word' id='word_1_345' title='bbox 2400 972 2480 1002; x_wconf 87' lang='lat' dir='ltr'>liber</span> 
     </span>
     <span class='ocr_line' id='line_1_43' title="bbox 1405 1022 2485 1051; baseline 0.001 -5"><span class='ocrx_word' id='word_1_346' title='bbox 1405 1023 1452 1047; x_wconf 87' lang='lat' dir='ltr'>est</span> <span class='ocrx_word' id='word_1_347' title='bbox 1476 1022 1512 1045; x_wconf 92' lang='lat' dir='ltr'>ut</span> <span class='ocrx_word' id='word_1_348' title='bbox 1534 1022 1636 1051; x_wconf 87' lang='lat' dir='ltr'>antea,</span> <span class='ocrx_word' id='word_1_349' title='bbox 1661 1022 1719 1046; x_wconf 91' lang='lat' dir='ltr'>etc.</span> <span class='ocrx_word' id='word_1_350' title='bbox 2484 1032 2485 1035; x_wconf 64' lang='lat'><em>=</em></span> 
     </span>
    </p>

    <p class='ocr_par' dir='ltr' id='par_1_11' title="bbox 1405 1058 2519 1324">
     <span class='ocr_line' id='line_1_44' title="bbox 1461 1058 2480 1099; baseline 0.001 -9"><span class='ocrx_word' id='word_1_351' title='bbox 1461 1059 1543 1091; x_wconf 87' lang='lat' dir='ltr'>Vlll.</span> <span class='ocrx_word' id='word_1_352' title='bbox 1571 1059 1605 1090; x_wconf 90' lang='lat' dir='ltr'>ln</span> <span class='ocrx_word' id='word_1_353' title='bbox 1629 1058 1837 1099; x_wconf 89' lang='lat' dir='ltr'>responsione</span> <span class='ocrx_word' id='word_1_354' title='bbox 1856 1059 1897 1089; x_wconf 88' lang='lat' dir='ltr'>ad</span> <span class='ocrx_word' id='word_1_355' title='bbox 1919 1059 2049 1089; x_wconf 89' lang='lat' dir='ltr'>tertium</span> <span class='ocrx_word' id='word_1_356' title='bbox 2074 1059 2217 1090; x_wconf 89' lang='lat' dir='ltr'>eiusdem</span> <span class='ocrx_word' id='word_1_357' title='bbox 2239 1059 2321 1091; x_wconf 87' lang='lat' dir='ltr'>tertii</span> <span class='ocrx_word' id='word_1_358' title='bbox 2345 1060 2480 1096; x_wconf 80' lang='lat' dir='ltr'>articuli,</span> 
     </span>
     <span class='ocr_line' id='line_1_45' title="bbox 1405 1103 2481 1145; baseline 0 -10"><span class='ocrx_word' id='word_1_359' title='bbox 1405 1105 1542 1135; x_wconf 91' lang='lat' dir='ltr'>dubium</span> <span class='ocrx_word' id='word_1_360' title='bbox 1561 1103 1712 1134; x_wconf 88' lang='lat' dir='ltr'>occurrit:</span> <span class='ocrx_word' id='word_1_361' title='bbox 1739 1106 1790 1134; x_wconf 86' lang='lat' dir='ltr'>An</span> <span class='ocrx_word' id='word_1_362' title='bbox 1805 1103 1876 1144; x_wconf 90' lang='lat' dir='ltr'>quis</span> <span class='ocrx_word' id='word_1_363' title='bbox 1893 1103 2023 1143; x_wconf 88' lang='lat' dir='ltr'>propria</span> <span class='ocrx_word' id='word_1_364' title='bbox 2047 1104 2350 1145; x_wconf 69' lang='lat' dir='ltr'>auctoritatepossit</span> <span class='ocrx_word' id='word_1_365' title='bbox 2364 1111 2481 1135; x_wconf 84' lang='lat' dir='ltr'>votum</span> 
     </span>
     <span class='ocr_line' id='line_1_46' title="bbox 1405 1148 2480 1190; baseline 0 -10"><span class='ocrx_word' id='word_1_366' title='bbox 1405 1148 1667 1190; x_wconf 89' lang='lat' dir='ltr'>peregrinationis</span> <span class='ocrx_word' id='word_1_367' title='bbox 1691 1149 1811 1179; x_wconf 80' lang='lat' dir='ltr'>Terrae·</span> <span class='ocrx_word' id='word_1_368' title='bbox 1831 1148 1964 1179; x_wconf 81' lang='lat' dir='ltr'>Sanctae</span> <span class='ocrx_word' id='word_1_369' title='bbox 1986 1148 2241 1179; x_wconf 69' lang='lat' dir='ltr'>commutarein</span> <span class='ocrx_word' id='word_1_370' title='bbox 2265 1155 2379 1180; x_wconf 86' lang='lat' dir='ltr'>votum</span> <span class='ocrx_word' id='word_1_371' title='bbox 2410 1149 2480 1180; x_wconf 89' lang='lat' dir='ltr'>reli-</span> 
     </span>
     <span class='ocr_line' id='line_1_47' title="bbox 1405 1192 2485 1235; baseline 0 -11"><span class='ocrx_word' id='word_1_372' title='bbox 1405 1194 1526 1235; x_wconf 90' lang='lat' dir='ltr'>gionis;</span> <span class='ocrx_word' id='word_1_373' title='bbox 1557 1194 1608 1224; x_wconf 90' lang='lat' dir='ltr'>vel</span> <span class='ocrx_word' id='word_1_374' title='bbox 1638 1193 1815 1234; x_wconf 86' lang='lat' dir='ltr'>requiratur</span> <span class='ocrx_word' id='word_1_375' title='bbox 1841 1192 2014 1232; x_wconf 86' lang='lat' dir='ltr'>superioris</span> <span class='ocrx_word' id='word_1_376' title='bbox 2044 1192 2220 1224; x_wconf 84' lang='lat' dir='ltr'>arbitrium.</span> <span class='ocrx_word' id='word_1_377' title='bbox 2252 1193 2293 1224; x_wconf 85' lang='lat' dir='ltr'>Et</span> <span class='ocrx_word' id='word_1_378' title='bbox 2324 1201 2372 1225; x_wconf 88' lang='lat' dir='ltr'>est</span> <span class='ocrx_word' id='word_1_379' title='bbox 2399 1194 2485 1225; x_wconf 71' lang='lat' dir='ltr'>ratio</span> 
     </span>
     <span class='ocr_line' id='line_1_48' title="bbox 1407 1236 2519 1280; baseline -0.001 -10"><span class='ocrx_word' id='word_1_380' title='bbox 1407 1238 1495 1270; x_wconf 91' lang='lat' dir='ltr'>dubii</span> <span class='ocrx_word' id='word_1_381' title='bbox 1519 1238 1594 1280; x_wconf 84' lang='lat' dir='ltr'>quia</span> <span class='ocrx_word' id='word_1_382' title='bbox 1618 1237 1822 1268; x_wconf 89' lang='lat' dir='ltr'>Innocentius</span> <span class='ocrx_word' id='word_1_383' title='bbox 1837 1237 1864 1274; x_wconf 75' lang='lat'>⁴⁸,</span> <span class='ocrx_word' id='word_1_384' title='bbox 1881 1247 1980 1278; x_wconf 91' lang='lat' dir='ltr'>quem</span> <span class='ocrx_word' id='word_1_385' title='bbox 2003 1236 2251 1269; x_wconf 73' lang='lat' dir='ltr'>panormitanus</span> <span class='ocrx_word' id='word_1_386' title='bbox 2272 1237 2426 1279; x_wconf 81' lang='lat' dir='ltr'>sequitur,</span> <span class='ocrx_word' id='word_1_387' title='bbox 2445 1239 2485 1269; x_wconf 79' lang='lat' dir='ltr'>in·</span> <span class='ocrx_word' id='word_1_388' title='bbox 2509 1247 2519 1257; x_wconf 87' lang='lat'><strong>·</strong></span> 
     </span>
     <span class='ocr_line' id='line_1_49' title="bbox 1406 1281 2486 1324; baseline 0 -10"><span class='ocrx_word' id='word_1_389' title='bbox 1406 1284 1541 1324; x_wconf 84' lang='lat' dir='ltr'>allegato</span> <span class='ocrx_word' id='word_1_390' title='bbox 1566 1282 1598 1313; x_wconf 90' lang='lat' dir='ltr'>in</span> <span class='ocrx_word' id='word_1_391' title='bbox 1622 1282 1725 1313; x_wconf 87' lang='lat' dir='ltr'>littera</span> <span class='ocrx_word' id='word_1_392' title='bbox 1748 1281 1900 1322; x_wconf 88' lang='lat' dir='ltr'>capitulo,</span> <span class='ocrx_word' id='word_1_393' title='bbox 1925 1281 2000 1312; x_wconf 87' lang='lat' dir='ltr'>dicit</span> <span class='ocrx_word' id='word_1_394' title='bbox 2024 1292 2057 1312; x_wconf 88' lang='lat' dir='ltr'>se</span> <span class='ocrx_word' id='word_1_395' title='bbox 2081 1281 2207 1313; x_wconf 85' lang='lat' dir='ltr'>credere</span> <span class='ocrx_word' id='word_1_396' title='bbox 2228 1282 2320 1324; x_wconf 89' lang='lat' dir='ltr'>quod</span> <span class='ocrx_word' id='word_1_397' title='bbox 2343 1291 2409 1314; x_wconf 89' lang='lat' dir='ltr'>non</span> <span class='ocrx_word' id='word_1_398' title='bbox 2433 1291 2486 1314; x_wconf 51' lang='lat' dir='ltr'>rea·</span> 
     </span>
    </p>
   </div>
   <div class='ocr_carea' id='block_1_10' title="bbox 278 1326 2484 1457">
    <p class='ocr_par' dir='ltr' id='par_1_12' title="bbox 278 1326 2484 1457">
     <span class='ocr_line' id='line_1_50' title="bbox 1379 1326 2484 1402; baseline 0.002 -45"><span class='ocrx_word' id='word_1_399' title='bbox 1379 1344 1380 1357; x_wconf 60' lang='lat'>2</span> <span class='ocrx_word' id='word_1_400' title='bbox 1406 1328 1542 1370; x_wconf 88' lang='lat' dir='ltr'>quiritur</span> <span class='ocrx_word' id='word_1_401' title='bbox 1558 1326 1730 1402; x_wconf 78' lang='lat' dir='ltr'>superioribs</span> <span class='ocrx_word' id='word_1_402' title='bbox 1746 1326 1930 1362; x_wconf 84' lang='lat' dir='ltr'>auctoritas,</span> <span class='ocrx_word' id='word_1_403' title='bbox 1947 1326 2048 1357; x_wconf 90' lang='lat' dir='ltr'>tutius</span> <span class='ocrx_word' id='word_1_404' title='bbox 2070 1332 2242 1357; x_wconf 66' lang='lat' dir='ltr'>tamen‘est</span> <span class='ocrx_word' id='word_1_405' title='bbox 2257 1333 2363 1368; x_wconf 89' lang='lat' dir='ltr'>petere</span> <span class='ocrx_word' id='word_1_406' title='bbox 2379 1327 2484 1359; x_wconf 49' lang='lat' dir='ltr'>illumi</span> 
     </span>
     <span class='ocr_line' id='line_1_51' title="bbox 1406 1370 2248 1404; baseline -0.004 0"><span class='ocrx_word' id='word_1_407' title='bbox 1406 1373 1447 1404; x_wconf 83' lang='lat' dir='ltr'>Et</span> <span class='ocrx_word' id='word_1_408' title='bbox 1470 1373 1514 1403; x_wconf 91' lang='lat' dir='ltr'>sic</span> <span class='ocrx_word' id='word_1_409' title='bbox 1561 1371 1628 1403; x_wconf 90' lang='lat' dir='ltr'>uasi</span> <span class='ocrx_word' id='word_1_410' title='bbox 1652 1381 1704 1402; x_wconf 89' lang='lat' dir='ltr'>am</span> <span class='ocrx_word' id='word_1_411' title='bbox 1728 1371 1737 1401; x_wconf 88' lang='lat' dir='ltr'>i</span> <span class='ocrx_word' id='word_1_412' title='bbox 1761 1381 1801 1402; x_wconf 89' lang='lat' dir='ltr'>ua</span> <span class='ocrx_word' id='word_1_413' title='bbox 1825 1377 1967 1402; x_wconf 86' lang='lat' dir='ltr'>remanet</span> <span class='ocrx_word' id='word_1_414' title='bbox 1989 1371 2067 1401; x_wconf 90' lang='lat' dir='ltr'>haec</span> <span class='ocrx_word' id='word_1_415' title='bbox 2114 1370 2248 1402; x_wconf 79' lang='lat' dir='ltr'>uaestio.</span> 
     </span>
     <span class='ocr_line' id='line_1_52' title="bbox 278 1381 2112 1457; baseline -0.002 -8"><span class='ocrx_word' id='word_1_416' title='bbox 278 1418 367 1449; x_wconf 90' lang='lat' dir='ltr'>Talis</span> <span class='ocrx_word' id='word_1_417' title='bbox 391 1427 428 1448; x_wconf 89' lang='lat' dir='ltr'>ex</span> <span class='ocrx_word' id='word_1_418' title='bbox 452 1416 630 1448; x_wconf 90' lang='lat' dir='ltr'>maioritate</span> <span class='ocrx_word' id='word_1_419' title='bbox 645 1417 764 1447; x_wconf 87' lang='lat' dir='ltr'>vinculi</span> <span class='ocrx_word' id='word_1_420' title='bbox 781 1423 949 1447; x_wconf 84' lang='lat' dir='ltr'>excusatur</span> <span class='ocrx_word' id='word_1_421' title='bbox 968 1418 1006 1447; x_wconf 87' lang='lat' dir='ltr'>ab</span> <span class='ocrx_word' id='word_1_422' title='bbox 1023 1417 1188 1457; x_wconf 91' lang='lat' dir='ltr'>implendo</span> <span class='ocrx_word' id='word_1_423' title='bbox 1203 1423 1297 1448; x_wconf 87' lang='lat' dir='ltr'>voto:</span> <span class='ocrx_word' id='word_1_424' title='bbox 1322 1423 1354 1447; x_wconf 89' lang='lat' dir='ltr'>et</span> <span class='ocrx_word' id='word_1_425' title='bbox 1379 1398 1381 1439; x_wconf 66' lang='lat' dir='ltr'>l</span> <span class='ocrx_word' id='word_1_426' title='bbox 1538 1382 1559 1413; x_wconf 81' lang='lat' dir='ltr'>q</span> <span class='ocrx_word' id='word_1_427' title='bbox 1739 1381 1760 1411; x_wconf 74' lang='lat' dir='ltr'>g</span> <span class='ocrx_word' id='word_1_428' title='bbox 2090 1381 2112 1412; x_wconf 81' lang='lat' dir='ltr'>q</span> 
     </span>
    </p>
   </div>
   <div class='ocr_carea' id='block_1_11' title="bbox 1407 1415 2486 1502">
    <p class='ocr_par' dir='ltr' id='par_1_13' title="bbox 1407 1415 2486 1502">
     <span class='ocr_line' id='line_1_53' title="bbox 1462 1415 2486 1457; baseline 0 -10"><span class='ocrx_word' id='word_1_429' title='bbox 1462 1418 1512 1448; x_wconf 84' lang='lat' dir='ltr'>Ad</span> <span class='ocrx_word' id='word_1_430' title='bbox 1537 1417 1599 1447; x_wconf 89' lang='lat' dir='ltr'>hoc</span> <span class='ocrx_word' id='word_1_431' title='bbox 1623 1416 1738 1447; x_wconf 89' lang='lat' dir='ltr'>dicitur</span> <span class='ocrx_word' id='word_1_432' title='bbox 1767 1416 1874 1457; x_wconf 90' lang='lat' dir='ltr'>quod,</span> <span class='ocrx_word' id='word_1_433' title='bbox 1898 1416 2077 1446; x_wconf 89' lang='lat' dir='ltr'>secundum</span> <span class='ocrx_word' id='word_1_434' title='bbox 2108 1415 2257 1447; x_wconf 77' lang='lat' dir='ltr'>Auctoris</span> <span class='ocrx_word' id='word_1_435' title='bbox 2288 1415 2486 1454; x_wconf 48' lang='lat' dir='ltr'>doctrinarum</span> 
     </span>
     <span class='ocr_line' id='line_1_54' title="bbox 1407 1459 2484 1502; baseline -0.001 -9"><span class='ocrx_word' id='word_1_436' title='bbox 1407 1462 1535 1493; x_wconf 90' lang='lat' dir='ltr'>nullum</span> <span class='ocrx_word' id='word_1_437' title='bbox 1559 1461 1695 1491; x_wconf 90' lang='lat' dir='ltr'>dubium</span> <span class='ocrx_word' id='word_1_438' title='bbox 1719 1467 1766 1491; x_wconf 91' lang='lat' dir='ltr'>est</span> <span class='ocrx_word' id='word_1_439' title='bbox 1788 1460 1821 1490; x_wconf 91' lang='lat' dir='ltr'>in</span> <span class='ocrx_word' id='word_1_440' title='bbox 1844 1460 1903 1491; x_wconf 88' lang='lat' dir='ltr'>hac</span> <span class='ocrx_word' id='word_1_441' title='bbox 1926 1460 2114 1501; x_wconf 86' lang='lat' dir='ltr'>quaestione</span> <span class='ocrx_word' id='word_1_442' title='bbox 2127 1460 2155 1492; x_wconf 89' lang='lat'>*.</span> <span class='ocrx_word' id='word_1_443' title='bbox 2187 1459 2353 1497; x_wconf 77' lang='lat' dir='ltr'>Quoniam</span> <span class='ocrx_word' id='word_1_444' title='bbox 2376 1462 2484 1502; x_wconf 61' lang='lat' dir='ltr'>potes(</span> 
     </span>
    </p>
   </div>
   <div class='ocr_carea' id='block_1_12' title="bbox 2533 1246 2646 1275">
    <p class='ocr_par' dir='ltr' id='par_1_14' title="bbox 2533 1246 2646 1275">
     <span class='ocr_line' id='line_1_55' title="bbox 2533 1246 2646 1275; baseline -0.009 -6"><span class='ocrx_word' id='word_1_445' title='bbox 2533 1246 2646 1275; x_wconf 71' lang='lat' dir='ltr'>omn..</span> 
     </span>
    </p>
   </div>
   <div class='ocr_carea' id='block_1_13' title="bbox 279 1462 2768 1591">
    <p class='ocr_par' dir='ltr' id='par_1_15' title="bbox 279 1442 2768 1591">
     <span class='ocr_line' id='line_1_56' title="bbox 2509 1462 2768 1492; baseline -0.004 -6"><span class='ocrx_word' id='word_1_446' title='bbox 2509 1462 2712 1492; x_wconf 57' lang='lat' dir='ltr'>’man-ussum:</span> <span class='ocrx_word' id='word_1_447' title='bbox 2764 1462 2768 1491; x_wconf 70' lang='lat'>3</span> 
     </span>
     <span class='ocr_line' id='line_1_57' title="bbox 279 1479 2768 1547; baseline -0.001 -9"><span class='ocrx_word' id='word_1_448' title='bbox 279 1515 367 1543; x_wconf 86' lang='lat' dir='ltr'>voto,</span> <span class='ocrx_word' id='word_1_449' title='bbox 392 1513 505 1547; x_wconf 90' lang='lat' dir='ltr'>utpote</span> <span class='ocrx_word' id='word_1_450' title='bbox 529 1506 644 1537; x_wconf 90' lang='lat' dir='ltr'>melius</span> <span class='ocrx_word' id='word_1_451' title='bbox 668 1513 912 1542; x_wconf 88' lang='lat' dir='ltr'>consummato,</span> <span class='ocrx_word' id='word_1_452' title='bbox 937 1512 995 1537; x_wconf 88' lang='lat' dir='ltr'>etc.</span> <span class='ocrx_word' id='word_1_453' title='bbox 1026 1506 1098 1537; x_wconf 88' lang='lat' dir='ltr'>Hoc</span> <span class='ocrx_word' id='word_1_454' title='bbox 1122 1514 1230 1537; x_wconf 88' lang='lat' dir='ltr'>tamen</span> <span class='ocrx_word' id='word_1_455' title='bbox 1260 1506 1354 1537; x_wconf 88' lang='lat' dir='ltr'>habet</span> <span class='ocrx_word' id='word_1_456' title='bbox 2507 1494 2550 1513; x_wconf 58' lang='grc' dir='ltr'>ἠ’</span> <span class='ocrx_word' id='word_1_457' title='bbox 2565 1494 2587 1512; x_wconf 81' lang='lat'>¹¹</span> <span class='ocrx_word' id='word_1_458' title='bbox 2609 1489 2675 1516; x_wconf 62' lang='lat'>⁸⁶¹³</span> <span class='ocrx_word' id='word_1_459' title='bbox 2689 1479 2722 1512; x_wconf 60' lang='lat' dir='ltr'><em>N</em></span> <span class='ocrx_word' id='word_1_460' title='bbox 2766 1497 2768 1511; x_wconf 75' lang='lat'><em>³</em></span> 
     </span>
     <span class='ocr_line' id='line_1_58' title="bbox 279 1550 1352 1591; baseline -0.001 -9"><span class='ocrx_word' id='word_1_461' title='bbox 279 1552 390 1582; x_wconf 90' lang='lat' dir='ltr'>locum</span> <span class='ocrx_word' id='word_1_462' title='bbox 413 1551 469 1581; x_wconf 90' lang='lat' dir='ltr'>ubi</span> <span class='ocrx_word' id='word_1_463' title='bbox 493 1558 592 1582; x_wconf 85' lang='lat' dir='ltr'>status</span> <span class='ocrx_word' id='word_1_464' title='bbox 616 1550 795 1581; x_wconf 89' lang='lat' dir='ltr'>secundum</span> <span class='ocrx_word' id='word_1_465' title='bbox 818 1550 996 1591; x_wconf 90' lang='lat' dir='ltr'>perfectum</span> <span class='ocrx_word' id='word_1_466' title='bbox 1020 1557 1051 1582; x_wconf 91' lang='lat' dir='ltr'>et</span> <span class='ocrx_word' id='word_1_467' title='bbox 1066 1550 1290 1591; x_wconf 86' lang='lat' dir='ltr'>imperfectum</span> <span class='ocrx_word' id='word_1_468' title='bbox 1309 1550 1352 1581; x_wconf 87' lang='lat' dir='ltr'>ita</span> 
     </span>
    </p>
   </div>
   <div class='ocr_carea' id='block_1_14' title="bbox 281 1594 1381 1637">
    <p class='ocr_par' dir='ltr' id='par_1_16' title="bbox 281 1594 1381 1637">
     <span class='ocr_line' id='line_1_59' title="bbox 281 1594 1381 1637; baseline -0.002 -10"><span class='ocrx_word' id='word_1_469' title='bbox 281 1596 519 1637; x_wconf 86' lang='lat' dir='ltr'>distinguuntur</span> <span class='ocrx_word' id='word_1_470' title='bbox 548 1596 638 1636; x_wconf 90' lang='lat' dir='ltr'>quod</span> <span class='ocrx_word' id='word_1_471' title='bbox 662 1595 695 1625; x_wconf 92' lang='lat' dir='ltr'>in</span> <span class='ocrx_word' id='word_1_472' title='bbox 725 1595 839 1626; x_wconf 88' lang='lat' dir='ltr'>maiori</span> <span class='ocrx_word' id='word_1_473' title='bbox 869 1594 1028 1626; x_wconf 85' lang='lat' dir='ltr'>clauditur</span> <span class='ocrx_word' id='word_1_474' title='bbox 1057 1595 1179 1626; x_wconf 91' lang='lat' dir='ltr'>minus:</span> <span class='ocrx_word' id='word_1_475' title='bbox 1210 1595 1292 1626; x_wconf 86' lang='lat' dir='ltr'>sicut</span> <span class='ocrx_word' id='word_1_476' title='bbox 1320 1605 1353 1625; x_wconf 91' lang='lat' dir='ltr'>se</span> <span class='ocrx_word' id='word_1_477' title='bbox 1380 1601 1381 1609; x_wconf 67' lang='lat'>¹</span> 
     </span>
    </p>
   </div>
   <div class='ocr_carea' id='block_1_15' title="bbox 1407 1503 2768 1548">
    <p class='ocr_par' dir='ltr' id='par_1_17' title="bbox 1407 1503 2768 1548">
     <span class='ocr_line' id='line_1_60' title="bbox 1407 1503 2768 1548; baseline -0.001 -11"><span class='ocrx_word' id='word_1_478' title='bbox 1407 1507 1541 1548; x_wconf 87' lang='lat' dir='ltr'>quilibet</span> <span class='ocrx_word' id='word_1_479' title='bbox 1556 1505 1723 1547; x_wconf 88' lang='lat' dir='ltr'>quodlibet</span> <span class='ocrx_word' id='word_1_480' title='bbox 1746 1515 1842 1535; x_wconf 90' lang='lat' dir='ltr'>suum</span> <span class='ocrx_word' id='word_1_481' title='bbox 1858 1510 1973 1535; x_wconf 87' lang='lat' dir='ltr'>votum</span> <span class='ocrx_word' id='word_1_482' title='bbox 1988 1505 2022 1535; x_wconf 91' lang='lat' dir='ltr'>in</span> <span class='ocrx_word' id='word_1_483' title='bbox 2037 1511 2151 1536; x_wconf 87' lang='lat' dir='ltr'>votum</span> <span class='ocrx_word' id='word_1_484' title='bbox 2175 1503 2337 1545; x_wconf 82' lang='lat' dir='ltr'>religionis</span> <span class='ocrx_word' id='word_1_485' title='bbox 2351 1505 2482 1546; x_wconf 79' lang='lat' dir='ltr'>propria</span> <span class='ocrx_word' id='word_1_486' title='bbox 2507 1505 2723 1544; x_wconf 70' lang='lat' dir='ltr'>Seue.‚clutmvu1</span> <span class='ocrx_word' id='word_1_487' title='bbox 2766 1527 2768 1543; x_wconf 49' lang='grc' dir='ltr'>ἰ</span> 
     </span>
    </p>
   </div>
   <div class='ocr_carea' id='block_1_16' title="bbox 1407 1544 2768 1636">
    <p class='ocr_par' dir='ltr' id='par_1_18' title="bbox 1407 1544 2768 1636">
     <span class='ocr_line' id='line_1_61' title="bbox 1407 1544 2723 1599; baseline -0.001 -17"><span class='ocrx_word' id='word_1_488' title='bbox 1407 1551 1594 1582; x_wconf 86' lang='lat' dir='ltr'>auctoritate</span> <span class='ocrx_word' id='word_1_489' title='bbox 1617 1556 1825 1581; x_wconf 85' lang='lat' dir='ltr'>commutare.</span> <span class='ocrx_word' id='word_1_490' title='bbox 1852 1549 1898 1580; x_wconf 85' lang='lat' dir='ltr'>lta</span> <span class='ocrx_word' id='word_1_491' title='bbox 1911 1549 2002 1590; x_wconf 91' lang='lat' dir='ltr'>quod</span> <span class='ocrx_word' id='word_1_492' title='bbox 2017 1559 2084 1580; x_wconf 88' lang='lat' dir='ltr'>non</span> <span class='ocrx_word' id='word_1_493' title='bbox 2108 1555 2219 1590; x_wconf 84' lang='lat' dir='ltr'>peccat</span> <span class='ocrx_word' id='word_1_494' title='bbox 2237 1549 2263 1580; x_wconf 90' lang='lat' dir='ltr'>si</span> <span class='ocrx_word' id='word_1_495' title='bbox 2281 1549 2486 1590; x_wconf 77' lang='lat' dir='ltr'>ingressurus</span> <span class='ocrx_word' id='word_1_496' title='bbox 2507 1544 2723 1599; x_wconf 42' lang='lat' dir='ltr'>§JQQR‘JI&#39;J</span> 
     </span>
     <span class='ocr_line' id='line_1_62' title="bbox 1407 1593 2768 1636; baseline -0.002 -10"><span class='ocrx_word' id='word_1_497' title='bbox 1407 1595 1595 1636; x_wconf 85' lang='lat' dir='ltr'>religionem</span> <span class='ocrx_word' id='word_1_498' title='bbox 1607 1595 1726 1625; x_wconf 86' lang='lat' dir='ltr'>habens</span> <span class='ocrx_word' id='word_1_499' title='bbox 1738 1594 1840 1625; x_wconf 85' lang='lat' dir='ltr'>multa</span> <span class='ocrx_word' id='word_1_500' title='bbox 1851 1601 1936 1631; x_wconf 88' lang='lat' dir='ltr'>vota,</span> <span class='ocrx_word' id='word_1_501' title='bbox 1946 1600 2061 1624; x_wconf 78' lang='lat' dir='ltr'>votum</span> <span class='ocrx_word' id='word_1_502' title='bbox 2073 1593 2234 1634; x_wconf 79' lang='lat' dir='ltr'>religionis</span> <span class='ocrx_word' id='word_1_503' title='bbox 2245 1593 2320 1625; x_wconf 91' lang='lat' dir='ltr'>loco</span> <span class='ocrx_word' id='word_1_504' title='bbox 2333 1593 2486 1626; x_wconf 73' lang='lat' dir='ltr'>omnium·</span> <span class='ocrx_word' id='word_1_505' title='bbox 2508 1603 2526 1625; x_wconf 72' lang='grc' dir='ltr'>ι.</span> <span class='ocrx_word' id='word_1_506' title='bbox 2540 1601 2583 1620; x_wconf 72' lang='lat' dir='ltr'>m·</span> <span class='ocrx_word' id='word_1_507' title='bbox 2597 1603 2621 1624; x_wconf 81' lang='grc'>4-</span> <span class='ocrx_word' id='word_1_508' title='bbox 2764 1600 2768 1619; x_wconf 64' lang='lat'><em>2</em></span> 
     </span>
    </p>
   </div>
   <div class='ocr_carea' id='block_1_17' title="bbox 39 2090 252 2165">
    <p class='ocr_par' dir='ltr' id='par_1_19' title="bbox 39 2090 252 2165">
     <span class='ocr_line' id='line_1_63' title="bbox 40 2090 252 2118; baseline 0 -7"><span class='ocrx_word' id='word_1_509' title='bbox 40 2092 49 2101; x_wconf 72' lang='lat'>⁴</span> <span class='ocrx_word' id='word_1_510' title='bbox 60 2090 95 2112; x_wconf 65' lang='lat' dir='ltr'>Cf⁴</span> <span class='ocrx_word' id='word_1_511' title='bbox 107 2096 145 2118; x_wconf 86' lang='lat' dir='ltr'>qu.</span> <span class='ocrx_word' id='word_1_512' title='bbox 154 2095 252 2116; x_wconf 70' lang='lat' dir='ltr'>mxxv,</span> 
     </span>
     <span class='ocr_line' id='line_1_64' title="bbox 39 2116 250 2145; baseline 0 -7"><span class='ocrx_word' id='word_1_513' title='bbox 39 2121 79 2139; x_wconf 84' lang='lat' dir='ltr'>art.</span> <span class='ocrx_word' id='word_1_514' title='bbox 89 2123 109 2145; x_wconf 82' lang='lat'>5,</span> <span class='ocrx_word' id='word_1_515' title='bbox 118 2116 250 2139; x_wconf 88' lang='lat' dir='ltr'>Comment.</span> 
     </span>
     <span class='ocr_line' id='line_1_65' title="bbox 40 2150 102 2165; baseline -0.016 0"><span class='ocrx_word' id='word_1_516' title='bbox 40 2150 102 2165; x_wconf 86' lang='lat' dir='ltr'>num.</span> 
     </span>
    </p>
   </div>
   <div class='ocr_carea' id='block_1_18' title="bbox 42 2175 184 2196">
    <p class='ocr_par' dir='ltr' id='par_1_20' title="bbox 42 2175 184 2196">
     <span class='ocr_line' id='line_1_66' title="bbox 42 2175 184 2196; baseline 0 -1"><span class='ocrx_word' id='word_1_517' title='bbox 42 2176 50 2185; x_wconf 83' lang='lat'><strong>·</strong></span> <span class='ocrx_word' id='word_1_518' title='bbox 64 2175 134 2196; x_wconf 78' lang='lat' dir='ltr'>Num.</span> <span class='ocrx_word' id='word_1_519' title='bbox 151 2180 184 2196; x_wconf 84' lang='grc' dir='ltr'>ιιι.</span> 
     </span>
    </p>
   </div>
   <div class='ocr_carea' id='block_1_19' title="bbox 39 2314 225 2393">
    <p class='ocr_par' dir='ltr' id='par_1_21' title="bbox 39 2314 225 2393">
     <span class='ocr_line' id='line_1_67' title="bbox 40 2314 166 2341; baseline -0.008 -6"><span class='ocrx_word' id='word_1_520' title='bbox 40 2316 48 2324; x_wconf 82' lang='grc'><em>’</em></span> <span class='ocrx_word' id='word_1_521' title='bbox 63 2314 100 2335; x_wconf 80' lang='lat' dir='ltr'>Cf.</span> <span class='ocrx_word' id='word_1_522' title='bbox 118 2319 166 2341; x_wconf 83' lang='lat' dir='ltr'>cap.</span> 
     </span>
     <span class='ocr_line' id='line_1_68' title="bbox 39 2339 178 2366; baseline -0.007 -4"><span class='ocrx_word' id='word_1_523' title='bbox 39 2343 128 2366; x_wconf 80' lang='lat' dir='ltr'>votum,</span> <span class='ocrx_word' id='word_1_524' title='bbox 148 2339 178 2361; x_wconf 80' lang='lat' dir='ltr'>de</span> 
     </span>
     <span class='ocr_line' id='line_1_69' title="bbox 39 2366 225 2393; baseline -0.005 -5"><span class='ocrx_word' id='word_1_525' title='bbox 39 2371 92 2393; x_wconf 57' lang='lat' dir='ltr'>etc„</span> <span class='ocrx_word' id='word_1_526' title='bbox 108 2367 131 2388; x_wconf 90' lang='lat' dir='ltr'>in</span> <span class='ocrx_word' id='word_1_527' title='bbox 146 2366 225 2389; x_wconf 84' lang='lat' dir='ltr'>Sexto.</span> 
     </span>
    </p>
   </div>
   <div class='ocr_carea' id='block_1_20' title="bbox 185 2313 253 2361">
    <p class='ocr_par' dir='ltr' id='par_1_22' title="bbox 185 2313 253 2361">
     <span class='ocr_line' id='line_1_70' title="bbox 185 2313 253 2361; baseline 0 0"><span class='ocrx_word' id='word_1_528' title='bbox 185 2313 253 2361; x_wconf 59' lang='lat'>32:23</span> 
     </span>
    </p>
   </div>
   <div class='ocr_carea' id='block_1_21' title="bbox 41 2441 256 2522">
    <p class='ocr_par' dir='ltr' id='par_1_23' title="bbox 41 2441 256 2522">
     <span class='ocr_line' id='line_1_71' title="bbox 41 2441 252 2466; baseline -0.009 -3"><span class='ocrx_word' id='word_1_529' title='bbox 41 2443 50 2451; x_wconf 76' lang='lat'><strong>⁴</strong></span> <span class='ocrx_word' id='word_1_530' title='bbox 64 2441 96 2463; x_wconf 83' lang='lat' dir='ltr'>Cs</span> <span class='ocrx_word' id='word_1_531' title='bbox 116 2458 120 2462; x_wconf 92' lang='lat'>.</span> <span class='ocrx_word' id='word_1_532' title='bbox 132 2441 177 2462; x_wconf 81' lang='lat' dir='ltr'>Per</span> <span class='ocrx_word' id='word_1_533' title='bbox 191 2443 252 2466; x_wconf 74' lang='lat' dir='ltr'>luas,</span> 
     </span>
     <span class='ocr_line' id='line_1_72' title="bbox 103 2467 256 2489; baseline 0 0"><span class='ocrx_word' id='word_1_534' title='bbox 103 2469 144 2489; x_wconf 78' lang='lat' dir='ltr'>oto</span> <span class='ocrx_word' id='word_1_535' title='bbox 163 2469 187 2489; x_wconf 85' lang='lat' dir='ltr'>et</span> <span class='ocrx_word' id='word_1_536' title='bbox 203 2467 256 2489; x_wconf 79' lang='lat' dir='ltr'>Voti</span> 
     </span>
     <span class='ocr_line' id='line_1_73' title="bbox 41 2494 159 2522; baseline 0 -6"><span class='ocrx_word' id='word_1_537' title='bbox 41 2494 159 2522; x_wconf 75' lang='lat' dir='ltr'>Redempt.</span> 
     </span>
    </p>
   </div>
   <div class='ocr_carea' id='block_1_22' title="bbox 46 3239 255 3315">
    <p class='ocr_par' dir='ltr' id='par_1_24' title="bbox 46 3239 255 3315">
     <span class='ocr_line' id='line_1_74' title="bbox 46 3239 203 3262; baseline -0.013 1"><span class='ocrx_word' id='word_1_538' title='bbox 46 3242 53 3249; x_wconf 89' lang='lat'><strong>·</strong></span> <span class='ocrx_word' id='word_1_539' title='bbox 78 3239 203 3262; x_wconf 76' lang='lat' dir='ltr'>comment.</span> 
     </span>
     <span class='ocr_line' id='line_1_75' title="bbox 67 3266 255 3315; baseline -0.005 0"><span class='ocrx_word' id='word_1_540' title='bbox 67 3266 162 3315; x_wconf 59' lang='lat'>232221.</span> <span class='ocrx_word' id='word_1_541' title='bbox 183 3267 255 3288; x_wconf 55' lang='grc' dir='ltr'>’Μ’</span> 
     </span>
    </p>
   </div>
   <div class='ocr_carea' id='block_1_23' title="bbox 280 1639 1354 1770">
    <p class='ocr_par' dir='ltr' id='par_1_25' title="bbox 280 1639 1354 1770">
     <span class='ocr_line' id='line_1_76' title="bbox 280 1639 1354 1680; baseline -0.001 -9"><span class='ocrx_word' id='word_1_542' title='bbox 280 1642 397 1671; x_wconf 86' lang='lat' dir='ltr'>habent</span> <span class='ocrx_word' id='word_1_543' title='bbox 418 1639 558 1670; x_wconf 89' lang='lat' dir='ltr'>diversae</span> <span class='ocrx_word' id='word_1_544' title='bbox 582 1639 767 1679; x_wconf 83' lang='lat' dir='ltr'>religiones,</span> <span class='ocrx_word' id='word_1_545' title='bbox 792 1649 874 1680; x_wconf 87' lang='lat' dir='ltr'>quae</span> <span class='ocrx_word' id='word_1_546' title='bbox 898 1649 1012 1670; x_wconf 88' lang='lat' dir='ltr'>omnes</span> <span class='ocrx_word' id='word_1_547' title='bbox 1036 1646 1111 1670; x_wconf 92' lang='lat' dir='ltr'>sunt</span> <span class='ocrx_word' id='word_1_548' title='bbox 1134 1639 1278 1670; x_wconf 89' lang='lat' dir='ltr'>eiusdem</span> <span class='ocrx_word' id='word_1_549' title='bbox 1301 1649 1354 1680; x_wconf 90' lang='lat' dir='ltr'>ge-</span> 
     </span>
     <span class='ocr_line' id='line_1_77' title="bbox 281 1683 1354 1724; baseline -0.001 -9"><span class='ocrx_word' id='word_1_550' title='bbox 281 1685 363 1715; x_wconf 90' lang='lat' dir='ltr'>neris</span> <span class='ocrx_word' id='word_1_551' title='bbox 379 1685 411 1714; x_wconf 91' lang='lat' dir='ltr'>in</span> <span class='ocrx_word' id='word_1_552' title='bbox 435 1683 637 1724; x_wconf 86' lang='lat' dir='ltr'>perfectionis</span> <span class='ocrx_word' id='word_1_553' title='bbox 662 1690 754 1720; x_wconf 87' lang='lat' dir='ltr'>statu,</span> <span class='ocrx_word' id='word_1_554' title='bbox 780 1690 838 1715; x_wconf 89' lang='lat' dir='ltr'>etc.</span> <span class='ocrx_word' id='word_1_555' title='bbox 863 1683 925 1714; x_wconf 90' lang='lat' dir='ltr'>Sed</span> <span class='ocrx_word' id='word_1_556' title='bbox 948 1683 1003 1714; x_wconf 90' lang='lat' dir='ltr'>ubi</span> <span class='ocrx_word' id='word_1_557' title='bbox 1027 1690 1127 1714; x_wconf 88' lang='lat' dir='ltr'>status</span> <span class='ocrx_word' id='word_1_558' title='bbox 1151 1683 1354 1724; x_wconf 87' lang='lat' dir='ltr'>perfectionis</span> 
     </span>
     <span class='ocr_line' id='line_1_78' title="bbox 280 1727 1354 1770; baseline -0.001 -11"><span class='ocrx_word' id='word_1_559' title='bbox 280 1738 393 1770; x_wconf 85' lang='lat' dir='ltr'>genere</span> <span class='ocrx_word' id='word_1_560' title='bbox 424 1728 681 1768; x_wconf 88' lang='lat' dir='ltr'>distinguuntur,</span> <span class='ocrx_word' id='word_1_561' title='bbox 705 1728 748 1759; x_wconf 93' lang='lat' dir='ltr'>ita</span> <span class='ocrx_word' id='word_1_562' title='bbox 772 1728 862 1769; x_wconf 93' lang='lat' dir='ltr'>quod</span> <span class='ocrx_word' id='word_1_563' title='bbox 890 1728 923 1758; x_wconf 93' lang='lat' dir='ltr'>in</span> <span class='ocrx_word' id='word_1_564' title='bbox 947 1727 1061 1758; x_wconf 88' lang='lat' dir='ltr'>maiori</span> <span class='ocrx_word' id='word_1_565' title='bbox 1094 1738 1160 1758; x_wconf 93' lang='lat' dir='ltr'>non</span> <span class='ocrx_word' id='word_1_566' title='bbox 1189 1728 1354 1759; x_wconf 90' lang='lat' dir='ltr'>claudatur</span> 
     </span>
    </p>
   </div>
   <div class='ocr_carea' id='block_1_24' title="bbox 281 1767 1382 1813">
    <p class='ocr_par' dir='ltr' id='par_1_26' title="bbox 281 1767 1382 1813">
     <span class='ocr_line' id='line_1_79' title="bbox 281 1767 1382 1813; baseline -0.001 -9"><span class='ocrx_word' id='word_1_567' title='bbox 281 1774 404 1809; x_wconf 87' lang='lat' dir='ltr'>minus,</span> <span class='ocrx_word' id='word_1_568' title='bbox 432 1773 542 1803; x_wconf 92' lang='lat' dir='ltr'>locum</span> <span class='ocrx_word' id='word_1_569' title='bbox 566 1782 633 1803; x_wconf 91' lang='lat' dir='ltr'>non</span> <span class='ocrx_word' id='word_1_570' title='bbox 656 1772 751 1803; x_wconf 86' lang='lat' dir='ltr'>habet</span> <span class='ocrx_word' id='word_1_571' title='bbox 774 1772 935 1803; x_wconf 88' lang='lat' dir='ltr'>absolutio</span> <span class='ocrx_word' id='word_1_572' title='bbox 967 1771 1054 1803; x_wconf 85' lang='lat' dir='ltr'>haec.</span> <span class='ocrx_word' id='word_1_573' title='bbox 1085 1773 1125 1803; x_wconf 90' lang='lat' dir='ltr'>Et</span> <span class='ocrx_word' id='word_1_574' title='bbox 1148 1772 1223 1813; x_wconf 87' lang='lat' dir='ltr'>quia</span> <span class='ocrx_word' id='word_1_575' title='bbox 1253 1773 1297 1804; x_wconf 89' lang='lat' dir='ltr'>sic</span> <span class='ocrx_word' id='word_1_576' title='bbox 1320 1782 1354 1803; x_wconf 89' lang='lat' dir='ltr'>se</span> <span class='ocrx_word' id='word_1_577' title='bbox 1380 1767 1382 1773; x_wconf 64' lang='grc'>’</span> 
     </span>
    </p>
   </div>
   <div class='ocr_carea' id='block_1_25' title="bbox 280 1816 1356 2794">
    <p class='ocr_par' dir='ltr' id='par_1_27' title="bbox 280 1816 1355 2170">
     <span class='ocr_line' id='line_1_80' title="bbox 281 1816 1353 1858; baseline -0.001 -10"><span class='ocrx_word' id='word_1_578' title='bbox 281 1819 398 1849; x_wconf 90' lang='lat' dir='ltr'>habent</span> <span class='ocrx_word' id='word_1_579' title='bbox 421 1824 520 1848; x_wconf 91' lang='lat' dir='ltr'>status</span> <span class='ocrx_word' id='word_1_580' title='bbox 543 1816 711 1857; x_wconf 89' lang='lat' dir='ltr'>religiosus</span> <span class='ocrx_word' id='word_1_581' title='bbox 727 1823 759 1847; x_wconf 94' lang='lat' dir='ltr'>et</span> <span class='ocrx_word' id='word_1_582' title='bbox 781 1823 880 1848; x_wconf 89' lang='lat' dir='ltr'>status</span> <span class='ocrx_word' id='word_1_583' title='bbox 904 1817 1104 1857; x_wconf 89' lang='lat' dir='ltr'>episcopalis,</span> <span class='ocrx_word' id='word_1_584' title='bbox 1125 1817 1281 1858; x_wconf 89' lang='lat' dir='ltr'>quoniam</span> <span class='ocrx_word' id='word_1_585' title='bbox 1300 1817 1353 1848; x_wconf 92' lang='lat' dir='ltr'>ille</span> 
     </span>
     <span class='ocr_line' id='line_1_81' title="bbox 281 1861 1353 1902; baseline -0.001 -9"><span class='ocrx_word' id='word_1_586' title='bbox 281 1870 326 1893; x_wconf 90' lang='lat' dir='ltr'>est</span> <span class='ocrx_word' id='word_1_587' title='bbox 351 1869 449 1893; x_wconf 91' lang='lat' dir='ltr'>status</span> <span class='ocrx_word' id='word_1_588' title='bbox 470 1861 672 1902; x_wconf 88' lang='lat' dir='ltr'>perfectionis</span> <span class='ocrx_word' id='word_1_589' title='bbox 695 1861 853 1901; x_wconf 87' lang='lat' dir='ltr'>propriae,</span> <span class='ocrx_word' id='word_1_590' title='bbox 877 1861 935 1892; x_wconf 91' lang='lat' dir='ltr'>iste</span> <span class='ocrx_word' id='word_1_591' title='bbox 959 1861 1089 1898; x_wconf 86' lang='lat' dir='ltr'>alienae,</span> <span class='ocrx_word' id='word_1_592' title='bbox 1114 1861 1289 1892; x_wconf 85' lang='lat' dir='ltr'>formaliter</span> <span class='ocrx_word' id='word_1_593' title='bbox 1305 1862 1353 1892; x_wconf 92' lang='lat' dir='ltr'>lo-</span> 
     </span>
     <span class='ocr_line' id='line_1_82' title="bbox 280 1905 1354 1948; baseline 0 -12"><span class='ocrx_word' id='word_1_594' title='bbox 280 1907 421 1948; x_wconf 90' lang='lat' dir='ltr'>quendo,</span> <span class='ocrx_word' id='word_1_595' title='bbox 447 1913 483 1937; x_wconf 93' lang='lat' dir='ltr'>ut</span> <span class='ocrx_word' id='word_1_596' title='bbox 505 1905 612 1946; x_wconf 89' lang='lat' dir='ltr'>ipsum</span> <span class='ocrx_word' id='word_1_597' title='bbox 636 1906 775 1947; x_wconf 80' lang='lat' dir='ltr'>episcopi</span> <span class='ocrx_word' id='word_1_598' title='bbox 797 1915 917 1936; x_wconf 89' lang='lat' dir='ltr'>nomen</span> <span class='ocrx_word' id='word_1_599' title='bbox 941 1913 1049 1937; x_wconf 88' lang='lat' dir='ltr'>sonat:</span> <span class='ocrx_word' id='word_1_600' title='bbox 1074 1906 1147 1937; x_wconf 91' lang='lat' dir='ltr'>ideo</span> <span class='ocrx_word' id='word_1_601' title='bbox 1172 1916 1209 1937; x_wconf 91' lang='lat' dir='ltr'>ex</span> <span class='ocrx_word' id='word_1_602' title='bbox 1224 1906 1354 1937; x_wconf 90' lang='lat' dir='ltr'>vinculo</span> 
     </span>
     <span class='ocr_line' id='line_1_83' title="bbox 281 1950 1353 1992; baseline -0.002 -9"><span class='ocrx_word' id='word_1_603' title='bbox 281 1951 473 1992; x_wconf 89' lang='lat' dir='ltr'>episcopali,</span> <span class='ocrx_word' id='word_1_604' title='bbox 498 1950 558 1981; x_wconf 89' lang='lat' dir='ltr'>nisi</span> <span class='ocrx_word' id='word_1_605' title='bbox 581 1950 631 1981; x_wconf 94' lang='lat' dir='ltr'>ius</span> <span class='ocrx_word' id='word_1_606' title='bbox 655 1951 855 1987; x_wconf 91' lang='lat' dir='ltr'>concederet,</span> <span class='ocrx_word' id='word_1_607' title='bbox 880 1950 1088 1991; x_wconf 89' lang='lat' dir='ltr'>impediretur</span> <span class='ocrx_word' id='word_1_608' title='bbox 1115 1950 1286 1991; x_wconf 87' lang='lat' dir='ltr'>episcopus</span> <span class='ocrx_word' id='word_1_609' title='bbox 1314 1952 1353 1981; x_wconf 86' lang='lat' dir='ltr'>ab</span> 
     </span>
     <span class='ocr_line' id='line_1_84' title="bbox 280 1995 1354 2037; baseline -0.001 -10"><span class='ocrx_word' id='word_1_610' title='bbox 280 1996 446 2037; x_wconf 89' lang='lat' dir='ltr'>implendo</span> <span class='ocrx_word' id='word_1_611' title='bbox 462 2002 540 2026; x_wconf 89' lang='lat' dir='ltr'>voto</span> <span class='ocrx_word' id='word_1_612' title='bbox 564 1995 724 2035; x_wconf 86' lang='lat' dir='ltr'>religionis</span> <span class='ocrx_word' id='word_1_613' title='bbox 741 1995 831 2036; x_wconf 90' lang='lat' dir='ltr'>quod</span> <span class='ocrx_word' id='word_1_614' title='bbox 854 1995 985 2031; x_wconf 91' lang='lat' dir='ltr'>fecerat,</span> <span class='ocrx_word' id='word_1_615' title='bbox 1010 1996 1065 2026; x_wconf 91' lang='lat' dir='ltr'>sed</span> <span class='ocrx_word' id='word_1_616' title='bbox 1087 2005 1154 2026; x_wconf 92' lang='lat' dir='ltr'>non</span> <span class='ocrx_word' id='word_1_617' title='bbox 1178 2003 1260 2027; x_wconf 88' lang='lat' dir='ltr'>esset</span> <span class='ocrx_word' id='word_1_618' title='bbox 1282 2006 1354 2036; x_wconf 90' lang='lat' dir='ltr'>pro-</span> 
     </span>
     <span class='ocr_line' id='line_1_85' title="bbox 281 2039 1352 2082; baseline -0.001 -10"><span class='ocrx_word' id='word_1_619' title='bbox 281 2048 387 2082; x_wconf 90' lang='lat' dir='ltr'>pterea</span> <span class='ocrx_word' id='word_1_620' title='bbox 402 2047 516 2071; x_wconf 83' lang='lat' dir='ltr'>votum</span> <span class='ocrx_word' id='word_1_621' title='bbox 533 2047 795 2070; x_wconf 86' lang='lat' dir='ltr'>consummatum</span> <span class='ocrx_word' id='word_1_622' title='bbox 813 2049 849 2070; x_wconf 88' lang='lat' dir='ltr'>ex</span> <span class='ocrx_word' id='word_1_623' title='bbox 866 2039 1044 2080; x_wconf 86' lang='lat' dir='ltr'>perfectiori</span> <span class='ocrx_word' id='word_1_624' title='bbox 1067 2047 1150 2071; x_wconf 88' lang='lat' dir='ltr'>statu</span> <span class='ocrx_word' id='word_1_625' title='bbox 1168 2040 1352 2081; x_wconf 88' lang='lat' dir='ltr'>episcopali,</span> 
     </span>
     <span class='ocr_line' id='line_1_86' title="bbox 280 2084 1355 2127; baseline 0 -11"><span class='ocrx_word' id='word_1_626' title='bbox 280 2085 356 2127; x_wconf 78' lang='lat' dir='ltr'>quia</span> <span class='ocrx_word' id='word_1_627' title='bbox 379 2085 413 2116; x_wconf 92' lang='lat' dir='ltr'>in</span> <span class='ocrx_word' id='word_1_628' title='bbox 436 2085 499 2115; x_wconf 87' lang='lat' dir='ltr'>hoc</span> <span class='ocrx_word' id='word_1_629' title='bbox 522 2084 636 2115; x_wconf 88' lang='lat' dir='ltr'>maiori</span> <span class='ocrx_word' id='word_1_630' title='bbox 660 2094 726 2115; x_wconf 91' lang='lat' dir='ltr'>non</span> <span class='ocrx_word' id='word_1_631' title='bbox 751 2084 908 2116; x_wconf 83' lang='lat' dir='ltr'>clauditur</span> <span class='ocrx_word' id='word_1_632' title='bbox 930 2084 992 2115; x_wconf 84' lang='lat' dir='ltr'>tale</span> <span class='ocrx_word' id='word_1_633' title='bbox 1015 2085 1123 2116; x_wconf 91' lang='lat' dir='ltr'>minus</span> <span class='ocrx_word' id='word_1_634' title='bbox 1137 2085 1165 2115; x_wconf 79' lang='lat'>¹⁸¹.</span> <span class='ocrx_word' id='word_1_635' title='bbox 1188 2102 1209 2109; x_wconf 88' lang='lat'>-</span> <span class='ocrx_word' id='word_1_636' title='bbox 1234 2085 1275 2116; x_wconf 90' lang='lat' dir='ltr'>Et</span> <span class='ocrx_word' id='word_1_637' title='bbox 1299 2095 1355 2125; x_wconf 91' lang='lat' dir='ltr'>per</span> 
     </span>
     <span class='ocr_line' id='line_1_87' title="bbox 280 2129 1013 2170; baseline -0.001 -9"><span class='ocrx_word' id='word_1_638' title='bbox 280 2131 357 2161; x_wconf 88' lang='lat' dir='ltr'>haec</span> <span class='ocrx_word' id='word_1_639' title='bbox 381 2136 468 2170; x_wconf 82' lang='lat' dir='ltr'>putet</span> <span class='ocrx_word' id='word_1_640' title='bbox 491 2129 610 2160; x_wconf 92' lang='lat' dir='ltr'>solutio</span> <span class='ocrx_word' id='word_1_641' title='bbox 628 2129 778 2160; x_wconf 86' lang='lat' dir='ltr'>omnium</span> <span class='ocrx_word' id='word_1_642' title='bbox 801 2129 1013 2161; x_wconf 87' lang='lat' dir='ltr'>obiectorum.</span> 
     </span>
    </p>

    <p class='ocr_par' dir='ltr' id='par_1_28' title="bbox 280 2173 1356 2794">
     <span class='ocr_line' id='line_1_88' title="bbox 336 2173 1353 2215; baseline -0.001 -10"><span class='ocrx_word' id='word_1_643' title='bbox 336 2175 389 2206; x_wconf 91' lang='lat' dir='ltr'>VI.</span> <span class='ocrx_word' id='word_1_644' title='bbox 407 2174 458 2204; x_wconf 78' lang='lat' dir='ltr'>Ad</span> <span class='ocrx_word' id='word_1_645' title='bbox 474 2173 609 2204; x_wconf 91' lang='lat' dir='ltr'>dubium</span> <span class='ocrx_word' id='word_1_646' title='bbox 621 2174 751 2205; x_wconf 87' lang='lat' dir='ltr'>tertium</span> <span class='ocrx_word' id='word_1_647' title='bbox 762 2173 780 2193; x_wconf 78' lang='grc'><em>*</em></span> <span class='ocrx_word' id='word_1_648' title='bbox 795 2173 911 2205; x_wconf 89' lang='lat' dir='ltr'>dicitur</span> <span class='ocrx_word' id='word_1_649' title='bbox 924 2174 1024 2215; x_wconf 86' lang='lat' dir='ltr'>quod,</span> <span class='ocrx_word' id='word_1_650' title='bbox 1038 2174 1166 2214; x_wconf 88' lang='lat' dir='ltr'>proprie</span> <span class='ocrx_word' id='word_1_651' title='bbox 1177 2174 1353 2215; x_wconf 89' lang='lat' dir='ltr'>loquendo,</span> 
     </span>
     <span class='ocr_line' id='line_1_89' title="bbox 280 2218 1352 2260; baseline -0.001 -10"><span class='ocrx_word' id='word_1_652' title='bbox 280 2226 394 2250; x_wconf 91' lang='lat' dir='ltr'>votum</span> <span class='ocrx_word' id='word_1_653' title='bbox 410 2218 554 2249; x_wconf 86' lang='lat' dir='ltr'>solemne</span> <span class='ocrx_word' id='word_1_654' title='bbox 571 2226 618 2249; x_wconf 89' lang='lat' dir='ltr'>est</span> <span class='ocrx_word' id='word_1_655' title='bbox 633 2218 741 2249; x_wconf 89' lang='lat' dir='ltr'>solum</span> <span class='ocrx_word' id='word_1_656' title='bbox 755 2218 836 2249; x_wconf 90' lang='lat' dir='ltr'>illud</span> <span class='ocrx_word' id='word_1_657' title='bbox 852 2218 942 2260; x_wconf 93' lang='lat' dir='ltr'>quod</span> <span class='ocrx_word' id='word_1_658' title='bbox 959 2218 1090 2259; x_wconf 81' lang='lat' dir='ltr'>impedit</span> <span class='ocrx_word' id='word_1_659' title='bbox 1110 2219 1352 2250; x_wconf 82' lang='lat' dir='ltr'>matrimonium</span> 
     </span>
     <span class='ocr_line' id='line_1_90' title="bbox 280 2262 1354 2303; baseline -0.001 -8"><span class='ocrx_word' id='word_1_660' title='bbox 280 2263 535 2295; x_wconf 83' lang='lat' dir='ltr'>contrahendum</span> <span class='ocrx_word' id='word_1_661' title='bbox 560 2268 590 2293; x_wconf 82' lang='lat' dir='ltr'>et</span> <span class='ocrx_word' id='word_1_662' title='bbox 612 2262 735 2294; x_wconf 83' lang='lat' dir='ltr'>dirimit</span> <span class='ocrx_word' id='word_1_663' title='bbox 765 2268 984 2294; x_wconf 82' lang='lat' dir='ltr'>contractum:</span> <span class='ocrx_word' id='word_1_664' title='bbox 1012 2270 1043 2294; x_wconf 89' lang='lat' dir='ltr'>et</span> <span class='ocrx_word' id='word_1_665' title='bbox 1072 2263 1117 2294; x_wconf 92' lang='lat' dir='ltr'>sic</span> <span class='ocrx_word' id='word_1_666' title='bbox 1147 2263 1354 2303; x_wconf 86' lang='lat' dir='ltr'>distinguitur</span> 
     </span>
     <span class='ocr_line' id='line_1_91' title="bbox 281 2306 1353 2348; baseline -0.001 -9"><span class='ocrx_word' id='word_1_667' title='bbox 281 2315 390 2339; x_wconf 89' lang='lat' dir='ltr'>contra</span> <span class='ocrx_word' id='word_1_668' title='bbox 411 2315 527 2338; x_wconf 80' lang='lat' dir='ltr'>votum</span> <span class='ocrx_word' id='word_1_669' title='bbox 550 2307 686 2347; x_wconf 87' lang='lat' dir='ltr'>simplex</span> <span class='ocrx_word' id='word_1_670' title='bbox 699 2306 728 2338; x_wconf 68' lang='lat'>⁹.</span> <span class='ocrx_word' id='word_1_671' title='bbox 754 2308 795 2338; x_wconf 88' lang='lat' dir='ltr'>Et</span> <span class='ocrx_word' id='word_1_672' title='bbox 810 2307 886 2348; x_wconf 88' lang='lat' dir='ltr'>quia</span> <span class='ocrx_word' id='word_1_673' title='bbox 910 2317 976 2338; x_wconf 90' lang='lat' dir='ltr'>non</span> <span class='ocrx_word' id='word_1_674' title='bbox 996 2307 1224 2339; x_wconf 80' lang='lat' dir='ltr'>solemnizatur</span> <span class='ocrx_word' id='word_1_675' title='bbox 1238 2314 1353 2338; x_wconf 88' lang='lat' dir='ltr'>votum</span> 
     </span>
     <span class='ocr_line' id='line_1_92' title="bbox 281 2351 1353 2393; baseline -0.001 -10"><span class='ocrx_word' id='word_1_676' title='bbox 281 2352 340 2383; x_wconf 89' lang='lat' dir='ltr'>nisi</span> <span class='ocrx_word' id='word_1_677' title='bbox 365 2362 422 2393; x_wconf 91' lang='lat' dir='ltr'>per</span> <span class='ocrx_word' id='word_1_678' title='bbox 437 2351 671 2392; x_wconf 87' lang='lat' dir='ltr'>professionem</span> <span class='ocrx_word' id='word_1_679' title='bbox 694 2352 888 2392; x_wconf 83' lang='lat' dir='ltr'>approbatae</span> <span class='ocrx_word' id='word_1_680' title='bbox 905 2351 1066 2392; x_wconf 88' lang='lat' dir='ltr'>religionis</span> <span class='ocrx_word' id='word_1_681' title='bbox 1081 2352 1131 2382; x_wconf 90' lang='lat' dir='ltr'>vel</span> <span class='ocrx_word' id='word_1_682' title='bbox 1154 2361 1280 2383; x_wconf 87' lang='lat' dir='ltr'>sacrum</span> <span class='ocrx_word' id='word_1_683' title='bbox 1303 2361 1353 2382; x_wconf 91' lang='lat' dir='ltr'>or-</span> 
     </span>
     <span class='ocr_line' id='line_1_93' title="bbox 281 2395 1356 2436; baseline 0 -9"><span class='ocrx_word' id='word_1_684' title='bbox 281 2396 399 2434; x_wconf 85' lang='lat' dir='ltr'>dinem,</span> <span class='ocrx_word' id='word_1_685' title='bbox 425 2402 461 2427; x_wconf 92' lang='lat' dir='ltr'>ut</span> <span class='ocrx_word' id='word_1_686' title='bbox 484 2402 570 2436; x_wconf 84' lang='lat' dir='ltr'>patet</span> <span class='ocrx_word' id='word_1_687' title='bbox 593 2395 625 2426; x_wconf 89' lang='lat' dir='ltr'>in</span> <span class='ocrx_word' id='word_1_688' title='bbox 650 2405 718 2436; x_wconf 84' lang='lat' dir='ltr'>cap.</span> <span class='ocrx_word' id='word_1_689' title='bbox 745 2396 841 2433; x_wconf 85' lang='lat' dir='ltr'>Quod</span> <span class='ocrx_word' id='word_1_690' title='bbox 864 2401 983 2434; x_wconf 78' lang='lat' dir='ltr'>votum,</span> <span class='ocrx_word' id='word_1_691' title='bbox 1009 2396 1042 2426; x_wconf 92' lang='lat' dir='ltr'>in</span> <span class='ocrx_word' id='word_1_692' title='bbox 1065 2396 1171 2433; x_wconf 81' lang='lat' dir='ltr'>Sexto,</span> <span class='ocrx_word' id='word_1_693' title='bbox 1195 2396 1236 2427; x_wconf 83' lang='lat' dir='ltr'>de</span> <span class='ocrx_word' id='word_1_694' title='bbox 1259 2396 1356 2427; x_wconf 71' lang='lat' dir='ltr'>Volo:</span> 
     </span>
     <span class='ocr_line' id='line_1_94' title="bbox 281 2440 1355 2481; baseline -0.001 -9"><span class='ocrx_word' id='word_1_695' title='bbox 281 2441 354 2472; x_wconf 91' lang='lat' dir='ltr'>ideo</span> <span class='ocrx_word' id='word_1_696' title='bbox 378 2447 502 2472; x_wconf 89' lang='lat' dir='ltr'>constat</span> <span class='ocrx_word' id='word_1_697' title='bbox 525 2441 614 2481; x_wconf 92' lang='lat' dir='ltr'>quod</span> <span class='ocrx_word' id='word_1_698' title='bbox 633 2447 747 2471; x_wconf 91' lang='lat' dir='ltr'>votum</span> <span class='ocrx_word' id='word_1_699' title='bbox 771 2440 915 2481; x_wconf 89' lang='lat' dir='ltr'>episcopi</span> <span class='ocrx_word' id='word_1_700' title='bbox 931 2440 1180 2471; x_wconf 80' lang='lat' dir='ltr'>Gebennensis*</span> <span class='ocrx_word' id='word_1_701' title='bbox 1203 2450 1270 2472; x_wconf 89' lang='lat' dir='ltr'>non</span> <span class='ocrx_word' id='word_1_702' title='bbox 1294 2440 1355 2472; x_wconf 89' lang='lat' dir='ltr'>fuit</span> 
     </span>
     <span class='ocr_line' id='line_1_95' title="bbox 281 2484 1354 2525; baseline 0 -9"><span class='ocrx_word' id='word_1_703' title='bbox 281 2486 434 2522; x_wconf 84' lang='lat' dir='ltr'>solemne,</span> <span class='ocrx_word' id='word_1_704' title='bbox 458 2485 514 2516; x_wconf 89' lang='lat' dir='ltr'>sed</span> <span class='ocrx_word' id='word_1_705' title='bbox 537 2484 681 2525; x_wconf 85' lang='lat' dir='ltr'>simplex.</span> <span class='ocrx_word' id='word_1_706' title='bbox 707 2485 802 2522; x_wconf 90' lang='lat' dir='ltr'>Quia,</span> <span class='ocrx_word' id='word_1_707' title='bbox 827 2492 863 2516; x_wconf 92' lang='lat' dir='ltr'>ut</span> <span class='ocrx_word' id='word_1_708' title='bbox 886 2485 919 2515; x_wconf 90' lang='lat' dir='ltr'>in</span> <span class='ocrx_word' id='word_1_709' title='bbox 943 2485 1045 2516; x_wconf 89' lang='lat' dir='ltr'>littera</span> <span class='ocrx_word' id='word_1_710' title='bbox 1068 2485 1121 2516; x_wconf 90' lang='lat' dir='ltr'>illa</span> <span class='ocrx_word' id='word_1_711' title='bbox 1145 2485 1270 2522; x_wconf 89' lang='lat' dir='ltr'>dicitur,</span> <span class='ocrx_word' id='word_1_712' title='bbox 1295 2495 1354 2521; x_wconf 81' lang='lat' dir='ltr'>vo-</span> 
     </span>
     <span class='ocr_line' id='line_1_96' title="bbox 281 2529 1354 2570; baseline -0.001 -9"><span class='ocrx_word' id='word_1_713' title='bbox 281 2531 326 2561; x_wconf 86' lang='lat' dir='ltr'>vit</span> <span class='ocrx_word' id='word_1_714' title='bbox 349 2537 384 2561; x_wconf 90' lang='lat' dir='ltr'>ut</span> <span class='ocrx_word' id='word_1_715' title='bbox 407 2529 495 2560; x_wconf 88' lang='lat' dir='ltr'>fieret</span> <span class='ocrx_word' id='word_1_716' title='bbox 518 2529 712 2560; x_wconf 82' lang='lat' dir='ltr'>monachus:</span> <span class='ocrx_word' id='word_1_717' title='bbox 737 2529 826 2560; x_wconf 87' lang='lat' dir='ltr'>vovit</span> <span class='ocrx_word' id='word_1_718' title='bbox 841 2539 916 2570; x_wconf 88' lang='lat' dir='ltr'>ergo</span> <span class='ocrx_word' id='word_1_719' title='bbox 941 2529 1097 2566; x_wconf 88' lang='lat' dir='ltr'>futurum,</span> <span class='ocrx_word' id='word_1_720' title='bbox 1118 2540 1183 2560; x_wconf 94' lang='lat' dir='ltr'>non</span> <span class='ocrx_word' id='word_1_721' title='bbox 1208 2539 1354 2570; x_wconf 88' lang='lat' dir='ltr'>praesen-</span> 
     </span>
     <span class='ocr_line' id='line_1_97' title="bbox 282 2573 1354 2610; baseline 0 -5"><span class='ocrx_word' id='word_1_722' title='bbox 282 2582 346 2606; x_wconf 89' lang='lat' dir='ltr'>tem</span> <span class='ocrx_word' id='word_1_723' title='bbox 379 2573 620 2605; x_wconf 80' lang='lat' dir='ltr'>monachatum.</span> <span class='ocrx_word' id='word_1_724' title='bbox 654 2574 696 2605; x_wconf 92' lang='lat' dir='ltr'>Et</span> <span class='ocrx_word' id='word_1_725' title='bbox 719 2583 844 2610; x_wconf 86' lang='lat' dir='ltr'>rursus,</span> <span class='ocrx_word' id='word_1_726' title='bbox 869 2574 894 2605; x_wconf 87' lang='lat' dir='ltr'>si</span> <span class='ocrx_word' id='word_1_727' title='bbox 918 2573 1030 2605; x_wconf 82' lang='lat' dir='ltr'>fuisset</span> <span class='ocrx_word' id='word_1_728' title='bbox 1064 2574 1209 2605; x_wconf 87' lang='lat' dir='ltr'>solemne</span> <span class='ocrx_word' id='word_1_729' title='bbox 1238 2582 1354 2606; x_wconf 89' lang='lat' dir='ltr'>votum</span> 
     </span>
     <span class='ocr_line' id='line_1_98' title="bbox 281 2618 1353 2659; baseline 0 -9"><span class='ocrx_word' id='word_1_730' title='bbox 281 2619 451 2659; x_wconf 84' lang='lat' dir='ltr'>religionis,</span> <span class='ocrx_word' id='word_1_731' title='bbox 473 2618 537 2649; x_wconf 88' lang='lat' dir='ltr'>iam</span> <span class='ocrx_word' id='word_1_732' title='bbox 560 2618 671 2650; x_wconf 88' lang='lat' dir='ltr'>fuisset</span> <span class='ocrx_word' id='word_1_733' title='bbox 694 2618 877 2658; x_wconf 83' lang='lat' dir='ltr'>religiosus:</span> <span class='ocrx_word' id='word_1_734' title='bbox 903 2626 934 2650; x_wconf 91' lang='lat' dir='ltr'>et</span> <span class='ocrx_word' id='word_1_735' title='bbox 948 2629 1014 2650; x_wconf 88' lang='lat' dir='ltr'>non</span> <span class='ocrx_word' id='word_1_736' title='bbox 1039 2618 1150 2650; x_wconf 90' lang='lat' dir='ltr'>fuisset</span> <span class='ocrx_word' id='word_1_737' title='bbox 1166 2619 1223 2650; x_wconf 88' lang='lat' dir='ltr'>sibi</span> <span class='ocrx_word' id='word_1_738' title='bbox 1247 2619 1353 2650; x_wconf 88' lang='lat' dir='ltr'>dicen-</span> 
     </span>
     <span class='ocr_line' id='line_1_99' title="bbox 282 2663 1352 2704; baseline 0 -10"><span class='ocrx_word' id='word_1_739' title='bbox 282 2664 359 2694; x_wconf 89' lang='lat' dir='ltr'>dum</span> <span class='ocrx_word' id='word_1_740' title='bbox 391 2670 427 2694; x_wconf 93' lang='lat' dir='ltr'>ut</span> <span class='ocrx_word' id='word_1_741' title='bbox 456 2663 627 2694; x_wconf 88' lang='lat' dir='ltr'>dimitteret</span> <span class='ocrx_word' id='word_1_742' title='bbox 651 2663 833 2701; x_wconf 87' lang='lat' dir='ltr'>ecclesiam,</span> <span class='ocrx_word' id='word_1_743' title='bbox 857 2663 912 2694; x_wconf 91' lang='lat' dir='ltr'>sed</span> <span class='ocrx_word' id='word_1_744' title='bbox 937 2671 973 2694; x_wconf 93' lang='lat' dir='ltr'>ut</span> <span class='ocrx_word' id='word_1_745' title='bbox 995 2670 1132 2695; x_wconf 87' lang='lat' dir='ltr'>servaret</span> <span class='ocrx_word' id='word_1_746' title='bbox 1155 2664 1352 2704; x_wconf 85' lang='lat' dir='ltr'>religionem,</span> 
     </span>
     <span class='ocr_line' id='line_1_100' title="bbox 281 2707 1353 2749; baseline 0.001 -11"><span class='ocrx_word' id='word_1_747' title='bbox 281 2708 363 2739; x_wconf 90' lang='lat' dir='ltr'>sicut</span> <span class='ocrx_word' id='word_1_748' title='bbox 386 2707 528 2749; x_wconf 89' lang='lat' dir='ltr'>episcopi</span> <span class='ocrx_word' id='word_1_749' title='bbox 561 2707 699 2748; x_wconf 87' lang='lat' dir='ltr'>religiosi</span> <span class='ocrx_word' id='word_1_750' title='bbox 723 2714 872 2739; x_wconf 89' lang='lat' dir='ltr'>tenentur</span> <span class='ocrx_word' id='word_1_751' title='bbox 898 2717 1030 2739; x_wconf 85' lang='lat' dir='ltr'>servare.</span> <span class='ocrx_word' id='word_1_752' title='bbox 1060 2707 1159 2746; x_wconf 89' lang='lat' dir='ltr'>Quod</span> <span class='ocrx_word' id='word_1_753' title='bbox 1188 2715 1296 2739; x_wconf 88' lang='lat' dir='ltr'>autem</span> <span class='ocrx_word' id='word_1_754' title='bbox 1321 2709 1353 2739; x_wconf 92' lang='lat' dir='ltr'>in</span> 
     </span>
     <span class='ocr_line' id='line_1_101' title="bbox 281 2752 1355 2794; baseline 0.001 -11"><span class='ocrx_word' id='word_1_755' title='bbox 281 2753 335 2783; x_wconf 90' lang='lat' dir='ltr'>illa</span> <span class='ocrx_word' id='word_1_756' title='bbox 361 2752 463 2784; x_wconf 88' lang='lat' dir='ltr'>littera</span> <span class='ocrx_word' id='word_1_757' title='bbox 487 2752 601 2783; x_wconf 91' lang='lat' dir='ltr'>dicitur</span> <span class='ocrx_word' id='word_1_758' title='bbox 628 2753 718 2794; x_wconf 91' lang='lat' dir='ltr'>quod</span> <span class='ocrx_word' id='word_1_759' title='bbox 745 2753 931 2784; x_wconf 85' lang='lat' dir='ltr'>solemniter</span> <span class='ocrx_word' id='word_1_760' title='bbox 959 2752 1064 2789; x_wconf 86' lang='lat' dir='ltr'>vovit,</span> <span class='ocrx_word' id='word_1_761' title='bbox 1088 2753 1173 2794; x_wconf 87' lang='lat' dir='ltr'>large</span> <span class='ocrx_word' id='word_1_762' title='bbox 1201 2763 1278 2784; x_wconf 91' lang='lat' dir='ltr'>usus</span> <span class='ocrx_word' id='word_1_763' title='bbox 1308 2759 1355 2784; x_wconf 91' lang='lat' dir='ltr'>est</span> 
     </span>
    </p>
   </div>
   <div class='ocr_carea' id='block_1_26' title="bbox 282 2842 1354 3678">
    <p class='ocr_par' dir='ltr' id='par_1_29' title="bbox 282 2842 853 2873">
     <span class='ocr_line' id='line_1_102' title="bbox 282 2842 853 2873; baseline 0.002 -1"><span class='ocrx_word' id='word_1_764' title='bbox 282 2842 444 2873; x_wconf 84' lang='lat' dir='ltr'>lemnitate</span> <span class='ocrx_word' id='word_1_765' title='bbox 468 2842 691 2872; x_wconf 85' lang='lat' dir='ltr'>caeremoniali</span> <span class='ocrx_word' id='word_1_766' title='bbox 714 2849 853 2873; x_wconf 87' lang='lat' dir='ltr'>voverat.</span> 
     </span>
    </p>

    <p class='ocr_par' dir='ltr' id='par_1_30' title="bbox 282 2885 1354 3060">
     <span class='ocr_line' id='line_1_103' title="bbox 338 2885 1354 2928; baseline 0 -11"><span class='ocrx_word' id='word_1_767' title='bbox 338 2887 504 2927; x_wconf 83' lang='lat' dir='ltr'>Presbyter</span> <span class='ocrx_word' id='word_1_768' title='bbox 519 2896 652 2927; x_wconf 90' lang='lat' dir='ltr'>quoque</span> <span class='ocrx_word' id='word_1_769' title='bbox 667 2886 720 2917; x_wconf 90' lang='lat' dir='ltr'>ille</span> <span class='ocrx_word' id='word_1_770' title='bbox 739 2886 796 2928; x_wconf 92' lang='lat' dir='ltr'>qui</span> <span class='ocrx_word' id='word_1_771' title='bbox 819 2886 1004 2927; x_wconf 87' lang='lat' dir='ltr'>promisisse</span> <span class='ocrx_word' id='word_1_772' title='bbox 1020 2885 1135 2917; x_wconf 88' lang='lat' dir='ltr'>dicitur</span> <span class='ocrx_word' id='word_1_773' title='bbox 1158 2897 1192 2918; x_wconf 87' lang='lat' dir='ltr'>se</span> <span class='ocrx_word' id='word_1_774' title='bbox 1208 2887 1354 2919; x_wconf 87' lang='lat' dir='ltr'>futurum</span> 
     </span>
     <span class='ocr_line' id='line_1_104' title="bbox 282 2930 1353 2971; baseline 0.002 -10"><span class='ocrx_word' id='word_1_775' title='bbox 282 2931 488 2967; x_wconf 86' lang='lat' dir='ltr'>monachum,</span> <span class='ocrx_word' id='word_1_776' title='bbox 510 2941 575 2962; x_wconf 91' lang='lat' dir='ltr'>non</span> <span class='ocrx_word' id='word_1_777' title='bbox 600 2930 658 2961; x_wconf 89' lang='lat' dir='ltr'>nisi</span> <span class='ocrx_word' id='word_1_778' title='bbox 683 2931 754 2962; x_wconf 90' lang='lat' dir='ltr'>Deo</span> <span class='ocrx_word' id='word_1_779' title='bbox 774 2930 959 2971; x_wconf 88' lang='lat' dir='ltr'>intelligitur</span> <span class='ocrx_word' id='word_1_780' title='bbox 982 2931 1176 2971; x_wconf 86' lang='lat' dir='ltr'>promisisse,</span> <span class='ocrx_word' id='word_1_781' title='bbox 1194 2932 1245 2963; x_wconf 90' lang='lat' dir='ltr'>cui</span> <span class='ocrx_word' id='word_1_782' title='bbox 1265 2941 1353 2963; x_wconf 88' lang='lat' dir='ltr'>com-</span> 
     </span>
     <span class='ocr_line' id='line_1_105' title="bbox 283 2974 1353 3016; baseline 0.001 -10"><span class='ocrx_word' id='word_1_783' title='bbox 283 2975 422 3006; x_wconf 88' lang='lat' dir='ltr'>muniter</span> <span class='ocrx_word' id='word_1_784' title='bbox 445 2974 632 3006; x_wconf 86' lang='lat' dir='ltr'>huiusmodi</span> <span class='ocrx_word' id='word_1_785' title='bbox 656 2975 885 3016; x_wconf 87' lang='lat' dir='ltr'>promissiones</span> <span class='ocrx_word' id='word_1_786' title='bbox 909 2975 1013 3006; x_wconf 89' lang='lat' dir='ltr'>solent</span> <span class='ocrx_word' id='word_1_787' title='bbox 1036 2974 1113 3007; x_wconf 89' lang='lat' dir='ltr'>fieri.</span> <span class='ocrx_word' id='word_1_788' title='bbox 1137 2977 1178 3008; x_wconf 93' lang='lat' dir='ltr'>Et</span> <span class='ocrx_word' id='word_1_789' title='bbox 1199 2976 1273 3008; x_wconf 89' lang='lat' dir='ltr'>ideo</span> <span class='ocrx_word' id='word_1_790' title='bbox 1297 2986 1353 3007; x_wconf 87' lang='lat' dir='ltr'>vo-</span> 
     </span>
     <span class='ocr_line' id='line_1_106' title="bbox 282 3019 915 3060; baseline 0.002 -10"><span class='ocrx_word' id='word_1_791' title='bbox 282 3027 352 3050; x_wconf 89' lang='lat' dir='ltr'>tum</span> <span class='ocrx_word' id='word_1_792' title='bbox 375 3019 510 3060; x_wconf 87' lang='lat' dir='ltr'>simplex</span> <span class='ocrx_word' id='word_1_793' title='bbox 534 3019 649 3051; x_wconf 89' lang='lat' dir='ltr'>dicitur</span> <span class='ocrx_word' id='word_1_794' title='bbox 671 3019 830 3057; x_wconf 87' lang='lat' dir='ltr'>habuisse,</span> <span class='ocrx_word' id='word_1_795' title='bbox 855 3026 915 3051; x_wconf 89' lang='lat' dir='ltr'>etc.</span> 
     </span>
    </p>

    <p class='ocr_par' dir='ltr' id='par_1_31' title="bbox 283 3064 1354 3238">
     <span class='ocr_line' id='line_1_107' title="bbox 338 3064 1354 3105; baseline 0.002 -11"><span class='ocrx_word' id='word_1_796' title='bbox 338 3064 406 3095; x_wconf 89' lang='lat' dir='ltr'>Vll.</span> <span class='ocrx_word' id='word_1_797' title='bbox 433 3064 468 3095; x_wconf 87' lang='lat' dir='ltr'>ln</span> <span class='ocrx_word' id='word_1_798' title='bbox 488 3064 696 3105; x_wconf 88' lang='lat' dir='ltr'>responsione</span> <span class='ocrx_word' id='word_1_799' title='bbox 711 3065 752 3095; x_wconf 90' lang='lat' dir='ltr'>ad</span> <span class='ocrx_word' id='word_1_800' title='bbox 768 3065 946 3096; x_wconf 87' lang='lat' dir='ltr'>secundum</span> <span class='ocrx_word' id='word_1_801' title='bbox 963 3064 1106 3096; x_wconf 89' lang='lat' dir='ltr'>eiusdem</span> <span class='ocrx_word' id='word_1_802' title='bbox 1122 3065 1245 3097; x_wconf 91' lang='lat' dir='ltr'>articuli</span> <span class='ocrx_word' id='word_1_803' title='bbox 1260 3065 1354 3102; x_wconf 85' lang='lat' dir='ltr'>tertii,</span> 
     </span>
     <span class='ocr_line' id='line_1_108' title="bbox 283 3109 1353 3156; baseline 0.003 -17"><span class='ocrx_word' id='word_1_804' title='bbox 283 3109 419 3156; x_wconf 71' lang='lat' dir='ltr'>dubium</span> <span class='ocrx_word' id='word_1_805' title='bbox 442 3109 594 3140; x_wconf 88' lang='lat' dir='ltr'>occurrit:</span> <span class='ocrx_word' id='word_1_806' title='bbox 629 3109 679 3139; x_wconf 85' lang='lat' dir='ltr'>Ad</span> <span class='ocrx_word' id='word_1_807' title='bbox 703 3109 781 3150; x_wconf 88' lang='lat' dir='ltr'>quid</span> <span class='ocrx_word' id='word_1_808' title='bbox 805 3116 930 3140; x_wconf 89' lang='lat' dir='ltr'>tenetur</span> <span class='ocrx_word' id='word_1_809' title='bbox 960 3109 1127 3141; x_wconf 82' lang='lat' dir='ltr'>adstrictus</span> <span class='ocrx_word' id='word_1_810' title='bbox 1150 3117 1228 3142; x_wconf 80' lang='lat' dir='ltr'>voto</span> <span class='ocrx_word' id='word_1_811' title='bbox 1251 3109 1353 3151; x_wconf 87' lang='lat' dir='ltr'>ingre-</span> 
     </span>
     <span class='ocr_line' id='line_1_109' title="bbox 283 3153 1354 3228; baseline 0.002 -44"><span class='ocrx_word' id='word_1_812' title='bbox 283 3153 624 3228; x_wconf 66' lang='lat' dir='ltr'>diendi?religionem‚</span> <span class='ocrx_word' id='word_1_813' title='bbox 649 3153 675 3184; x_wconf 84' lang='lat' dir='ltr'>si</span> <span class='ocrx_word' id='word_1_814' title='bbox 705 3154 828 3184; x_wconf 87' lang='lat' dir='ltr'>nullam</span> <span class='ocrx_word' id='word_1_815' title='bbox 859 3153 979 3184; x_wconf 86' lang='lat' dir='ltr'>invenit</span> <span class='ocrx_word' id='word_1_816' title='bbox 1007 3154 1168 3186; x_wconf 91' lang='lat' dir='ltr'>volentem</span> <span class='ocrx_word' id='word_1_817' title='bbox 1201 3165 1276 3186; x_wconf 90' lang='lat' dir='ltr'>eum</span> <span class='ocrx_word' id='word_1_818' title='bbox 1307 3164 1354 3186; x_wconf 89' lang='lat' dir='ltr'>re-</span> 
     </span>
     <span class='ocr_line' id='line_1_110' title="bbox 283 3207 800 3238; baseline -0.006 -10"><span class='ocrx_word' id='word_1_819' title='bbox 283 3207 386 3238; x_wconf 79' lang='lat' dir='ltr'>cipere</span> <span class='ocrx_word' id='word_1_820' title='bbox 797 3222 800 3225; x_wconf 23' lang='grc' dir='ltr'><strong>Δ</strong></span> 
     </span>
    </p>

    <p class='ocr_par' dir='ltr' id='par_1_32' title="bbox 283 3241 1353 3461">
     <span class='ocr_line' id='line_1_111' title="bbox 339 3241 1352 3283; baseline 0.002 -11"><span class='ocrx_word' id='word_1_821' title='bbox 339 3242 389 3272; x_wconf 78' lang='lat' dir='ltr'>Ad</span> <span class='ocrx_word' id='word_1_822' title='bbox 413 3242 475 3272; x_wconf 83' lang='lat' dir='ltr'>hoc</span> <span class='ocrx_word' id='word_1_823' title='bbox 499 3241 614 3273; x_wconf 88' lang='lat' dir='ltr'>dicitur</span> <span class='ocrx_word' id='word_1_824' title='bbox 636 3242 726 3283; x_wconf 92' lang='lat' dir='ltr'>quod</span> <span class='ocrx_word' id='word_1_825' title='bbox 751 3242 955 3273; x_wconf 84' lang='lat' dir='ltr'>Innocentius</span> <span class='ocrx_word' id='word_1_826' title='bbox 980 3243 1021 3274; x_wconf 88' lang='lat' dir='ltr'>lV</span> <span class='ocrx_word' id='word_1_827' title='bbox 1036 3243 1063 3280; x_wconf 80' lang='lat'>¹⁸¹,</span> <span class='ocrx_word' id='word_1_828' title='bbox 1087 3243 1120 3274; x_wconf 92' lang='lat' dir='ltr'>in</span> <span class='ocrx_word' id='word_1_829' title='bbox 1145 3253 1213 3283; x_wconf 83' lang='lat' dir='ltr'>cap.</span> <span class='ocrx_word' id='word_1_830' title='bbox 1237 3243 1352 3274; x_wconf 83' lang='lat' dir='ltr'>Porre-</span> 
     </span>
     <span class='ocr_line' id='line_1_112' title="bbox 283 3286 1353 3330; baseline 0.001 -13"><span class='ocrx_word' id='word_1_831' title='bbox 283 3291 379 3323; x_wconf 85' lang='lat' dir='ltr'>ctum,</span> <span class='ocrx_word' id='word_1_832' title='bbox 393 3286 498 3323; x_wconf 83' lang='lat' dir='ltr'>Extra,</span> <span class='ocrx_word' id='word_1_833' title='bbox 513 3286 554 3317; x_wconf 84' lang='lat' dir='ltr'>de</span> <span class='ocrx_word' id='word_1_834' title='bbox 568 3287 727 3328; x_wconf 73' lang='lat' dir='ltr'>Regular.</span> <span class='ocrx_word' id='word_1_835' title='bbox 742 3292 772 3318; x_wconf 85' lang='lat' dir='ltr'>et</span> <span class='ocrx_word' id='word_1_836' title='bbox 787 3292 967 3319; x_wconf 81' lang='lat' dir='ltr'>transeunt.</span> <span class='ocrx_word' id='word_1_837' title='bbox 980 3287 1025 3318; x_wconf 81' lang='lat' dir='ltr'>ad</span> <span class='ocrx_word' id='word_1_838' title='bbox 1034 3288 1153 3330; x_wconf 69' lang='lat' dir='ltr'>Relig„</span> <span class='ocrx_word' id='word_1_839' title='bbox 1170 3287 1248 3319; x_wconf 90' lang='lat' dir='ltr'>dixit</span> <span class='ocrx_word' id='word_1_840' title='bbox 1263 3288 1353 3329; x_wconf 92' lang='lat' dir='ltr'>quod</span> 
     </span>
     <span class='ocr_line' id='line_1_113' title="bbox 284 3329 1351 3373; baseline 0.002 -12"><span class='ocrx_word' id='word_1_841' title='bbox 284 3337 407 3361; x_wconf 87' lang='lat' dir='ltr'>tenetur</span> <span class='ocrx_word' id='word_1_842' title='bbox 429 3329 496 3361; x_wconf 86' lang='lat' dir='ltr'>fieri</span> <span class='ocrx_word' id='word_1_843' title='bbox 519 3331 685 3371; x_wconf 84' lang='lat' dir='ltr'>religiosus</span> <span class='ocrx_word' id='word_1_844' title='bbox 709 3331 741 3362; x_wconf 94' lang='lat' dir='ltr'>in</span> <span class='ocrx_word' id='word_1_845' title='bbox 758 3331 906 3363; x_wconf 86' lang='lat' dir='ltr'>manibus</span> <span class='ocrx_word' id='word_1_846' title='bbox 931 3332 1083 3373; x_wconf 82' lang='lat' dir='ltr'>episcopi,</span> <span class='ocrx_word' id='word_1_847' title='bbox 1101 3339 1131 3363; x_wconf 87' lang='lat' dir='ltr'>et</span> <span class='ocrx_word' id='word_1_848' title='bbox 1154 3341 1282 3363; x_wconf 84' lang='lat' dir='ltr'>manere</span> <span class='ocrx_word' id='word_1_849' title='bbox 1305 3342 1351 3363; x_wconf 87' lang='lat' dir='ltr'>re-</span> 
     </span>
     <span class='ocr_line' id='line_1_114' title="bbox 284 3375 1353 3418; baseline 0.004 -14"><span class='ocrx_word' id='word_1_850' title='bbox 284 3375 415 3414; x_wconf 87' lang='lat' dir='ltr'>ligiosus</span> <span class='ocrx_word' id='word_1_851' title='bbox 438 3375 471 3405; x_wconf 89' lang='lat' dir='ltr'>in</span> <span class='ocrx_word' id='word_1_852' title='bbox 488 3375 587 3406; x_wconf 91' lang='lat' dir='ltr'>domo</span> <span class='ocrx_word' id='word_1_853' title='bbox 605 3385 672 3406; x_wconf 86' lang='lat' dir='ltr'>sua.</span> <span class='ocrx_word' id='word_1_854' title='bbox 697 3376 738 3407; x_wconf 87' lang='lat' dir='ltr'>Et</span> <span class='ocrx_word' id='word_1_855' title='bbox 762 3376 842 3407; x_wconf 85' lang='lat' dir='ltr'>ratio</span> <span class='ocrx_word' id='word_1_856' title='bbox 866 3376 963 3408; x_wconf 88' lang='lat' dir='ltr'>huius</span> <span class='ocrx_word' id='word_1_857' title='bbox 986 3383 1049 3413; x_wconf 91' lang='lat' dir='ltr'>est,</span> <span class='ocrx_word' id='word_1_858' title='bbox 1074 3376 1149 3418; x_wconf 87' lang='lat' dir='ltr'>quia</span> <span class='ocrx_word' id='word_1_859' title='bbox 1172 3377 1216 3408; x_wconf 90' lang='lat' dir='ltr'>sic</span> <span class='ocrx_word' id='word_1_860' title='bbox 1240 3377 1353 3417; x_wconf 85' lang='lat' dir='ltr'>implet</span> 
     </span>
     <span class='ocr_line' id='line_1_115' title="bbox 285 3426 838 3461; baseline 0.005 -13"><span class='ocrx_word' id='word_1_861' title='bbox 285 3426 397 3450; x_wconf 91' lang='lat' dir='ltr'>votum</span> <span class='ocrx_word' id='word_1_862' title='bbox 420 3429 517 3449; x_wconf 91' lang='lat' dir='ltr'>suurn</span> <span class='ocrx_word' id='word_1_863' title='bbox 541 3427 698 3461; x_wconf 89' lang='lat' dir='ltr'>quantum</span> <span class='ocrx_word' id='word_1_864' title='bbox 723 3427 838 3461; x_wconf 88' lang='lat' dir='ltr'>potest.</span> 
     </span>
    </p>

    <p class='ocr_par' dir='ltr' id='par_1_33' title="bbox 285 3462 1353 3678">
     <span class='ocr_line' id='line_1_116' title="bbox 341 3462 1353 3506; baseline 0.005 -14"><span class='ocrx_word' id='word_1_865' title='bbox 341 3463 382 3493; x_wconf 90' lang='lat' dir='ltr'>Et</span> <span class='ocrx_word' id='word_1_866' title='bbox 404 3462 475 3494; x_wconf 85' lang='lat' dir='ltr'>licet</span> <span class='ocrx_word' id='word_1_867' title='bbox 499 3463 560 3494; x_wconf 90' lang='lat' dir='ltr'>hoc</span> <span class='ocrx_word' id='word_1_868' title='bbox 583 3464 682 3495; x_wconf 87' lang='lat' dir='ltr'>tutius</span> <span class='ocrx_word' id='word_1_869' title='bbox 705 3464 863 3503; x_wconf 88' lang='lat' dir='ltr'>videatur,</span> <span class='ocrx_word' id='word_1_870' title='bbox 887 3474 952 3496; x_wconf 91' lang='lat' dir='ltr'>non</span> <span class='ocrx_word' id='word_1_871' title='bbox 977 3471 1082 3496; x_wconf 86' lang='lat' dir='ltr'>tamen</span> <span class='ocrx_word' id='word_1_872' title='bbox 1111 3465 1353 3506; x_wconf 84' lang='lat' dir='ltr'>adstringendus</span> 
     </span>
     <span class='ocr_line' id='line_1_117' title="bbox 285 3507 1353 3547; baseline 0.003 -10"><span class='ocrx_word' id='word_1_873' title='bbox 285 3507 325 3537; x_wconf 89' lang='lat' dir='ltr'>ad</span> <span class='ocrx_word' id='word_1_874' title='bbox 349 3507 420 3543; x_wconf 88' lang='lat' dir='ltr'>hoc,</span> <span class='ocrx_word' id='word_1_875' title='bbox 445 3507 541 3538; x_wconf 82' lang='lat' dir='ltr'>etiam</span> <span class='ocrx_word' id='word_1_876' title='bbox 567 3508 598 3538; x_wconf 91' lang='lat' dir='ltr'>in</span> <span class='ocrx_word' id='word_1_877' title='bbox 624 3507 694 3539; x_wconf 90' lang='lat' dir='ltr'>foro</span> <span class='ocrx_word' id='word_1_878' title='bbox 726 3509 952 3546; x_wconf 81' lang='lat' dir='ltr'>conscientiae,</span> <span class='ocrx_word' id='word_1_879' title='bbox 976 3509 1110 3541; x_wconf 89' lang='lat' dir='ltr'>videtur.</span> <span class='ocrx_word' id='word_1_880' title='bbox 1142 3510 1227 3547; x_wconf 87' lang='lat' dir='ltr'>Quia</span> <span class='ocrx_word' id='word_1_881' title='bbox 1245 3510 1288 3541; x_wconf 86' lang='lat' dir='ltr'>ita</span> <span class='ocrx_word' id='word_1_882' title='bbox 1318 3519 1353 3540; x_wconf 88' lang='lat' dir='ltr'>se</span> 
     </span>
     <span class='ocr_line' id='line_1_118' title="bbox 285 3551 1352 3594; baseline 0.003 -13"><span class='ocrx_word' id='word_1_883' title='bbox 285 3551 379 3582; x_wconf 88' lang='lat' dir='ltr'>habet</span> <span class='ocrx_word' id='word_1_884' title='bbox 406 3551 573 3582; x_wconf 82' lang='lat' dir='ltr'>adstrictus</span> <span class='ocrx_word' id='word_1_885' title='bbox 603 3552 644 3582; x_wconf 79' lang='lat' dir='ltr'>ad</span> <span class='ocrx_word' id='word_1_886' title='bbox 667 3552 854 3592; x_wconf 88' lang='lat' dir='ltr'>religionem</span> <span class='ocrx_word' id='word_1_887' title='bbox 884 3553 1025 3594; x_wconf 87' lang='lat' dir='ltr'>aliquam</span> <span class='ocrx_word' id='word_1_888' title='bbox 1054 3553 1086 3584; x_wconf 90' lang='lat' dir='ltr'>in</span> <span class='ocrx_word' id='word_1_889' title='bbox 1115 3553 1281 3585; x_wconf 88' lang='lat' dir='ltr'>communi</span> <span class='ocrx_word' id='word_1_890' title='bbox 1311 3554 1352 3584; x_wconf 85' lang='lat' dir='ltr'>ad</span> 
     </span>
     <span class='ocr_line' id='line_1_119' title="bbox 285 3594 1352 3635; baseline 0.002 -9"><span class='ocrx_word' id='word_1_891' title='bbox 285 3604 417 3626; x_wconf 87' lang='lat' dir='ltr'>omnem</span> <span class='ocrx_word' id='word_1_892' title='bbox 441 3594 638 3635; x_wconf 84' lang='lat' dir='ltr'>religionem,</span> <span class='ocrx_word' id='word_1_893' title='bbox 658 3596 739 3627; x_wconf 90' lang='lat' dir='ltr'>sicut</span> <span class='ocrx_word' id='word_1_894' title='bbox 754 3606 787 3627; x_wconf 82' lang='lat' dir='ltr'>se</span> <span class='ocrx_word' id='word_1_895' title='bbox 803 3596 897 3628; x_wconf 87' lang='lat' dir='ltr'>babet</span> <span class='ocrx_word' id='word_1_896' title='bbox 919 3597 1086 3628; x_wconf 89' lang='lat' dir='ltr'>adstrictus</span> <span class='ocrx_word' id='word_1_897' title='bbox 1101 3598 1142 3628; x_wconf 90' lang='lat' dir='ltr'>ad</span> <span class='ocrx_word' id='word_1_898' title='bbox 1162 3607 1261 3629; x_wconf 90' lang='lat' dir='ltr'>unam</span> <span class='ocrx_word' id='word_1_899' title='bbox 1284 3604 1352 3628; x_wconf 79' lang='lat' dir='ltr'>tan-</span> 
     </span>
     <span class='ocr_line' id='line_1_120' title="bbox 285 3639 1350 3678; baseline 0.002 -8"><span class='ocrx_word' id='word_1_900' title='bbox 285 3647 355 3671; x_wconf 90' lang='lat' dir='ltr'>tum</span> <span class='ocrx_word' id='word_1_901' title='bbox 379 3639 419 3670; x_wconf 90' lang='lat' dir='ltr'>ad</span> <span class='ocrx_word' id='word_1_902' title='bbox 441 3639 528 3671; x_wconf 85' lang='lat' dir='ltr'>illam</span> <span class='ocrx_word' id='word_1_903' title='bbox 552 3649 660 3670; x_wconf 86' lang='lat' dir='ltr'>unam.</span> <span class='ocrx_word' id='word_1_904' title='bbox 677 3639 738 3670; x_wconf 89' lang='lat' dir='ltr'>Sed</span> <span class='ocrx_word' id='word_1_905' title='bbox 759 3641 923 3671; x_wconf 89' lang='lat' dir='ltr'>adstrictus</span> <span class='ocrx_word' id='word_1_906' title='bbox 947 3641 987 3671; x_wconf 87' lang='lat' dir='ltr'>ad</span> <span class='ocrx_word' id='word_1_907' title='bbox 1011 3651 1109 3671; x_wconf 88' lang='lat' dir='ltr'>unam</span> <span class='ocrx_word' id='word_1_908' title='bbox 1133 3648 1267 3678; x_wconf 84' lang='lat' dir='ltr'>tantum,</span> <span class='ocrx_word' id='word_1_909' title='bbox 1285 3651 1350 3672; x_wconf 90' lang='lat' dir='ltr'>non</span> 
     </span>
    </p>
   </div>
   <div class='ocr_carea' id='block_1_27' title="bbox 1375 992 1387 3528">
    <p class='ocr_par' dir='ltr' id='par_1_34' title="bbox 1375 992 1387 3528">
     <span class='ocr_line' id='line_1_121' title="bbox 1375 992 1387 3528; baseline 0 0"><span class='ocrx_word' id='word_1_910' title='bbox 1375 992 1387 3528; x_wconf 95' lang='lat' dir='ltr'> </span> 
     </span>
    </p>
   </div>
   <div class='ocr_carea' id='block_1_28' title="bbox 1406 1638 2488 2172">
    <p class='ocr_par' dir='ltr' id='par_1_35' title="bbox 1406 1638 2488 1901">
     <span class='ocr_line' id='line_1_122' title="bbox 1407 1638 2481 1679; baseline 0 -8"><span class='ocrx_word' id='word_1_911' title='bbox 1407 1641 1546 1676; x_wconf 84' lang='lat' dir='ltr'>emittat,</span> <span class='ocrx_word' id='word_1_912' title='bbox 1571 1646 1602 1670; x_wconf 91' lang='lat' dir='ltr'>et</span> <span class='ocrx_word' id='word_1_913' title='bbox 1624 1639 1682 1675; x_wconf 91' lang='lat' dir='ltr'>sic,</span> <span class='ocrx_word' id='word_1_914' title='bbox 1707 1638 1834 1670; x_wconf 87' lang='lat' dir='ltr'>omissis</span> <span class='ocrx_word' id='word_1_915' title='bbox 1857 1638 1940 1669; x_wconf 76' lang='lat' dir='ltr'>vods</span> <span class='ocrx_word' id='word_1_916' title='bbox 1967 1638 2054 1675; x_wconf 86' lang='lat' dir='ltr'>aliis,</span> <span class='ocrx_word' id='word_1_917' title='bbox 2080 1638 2266 1678; x_wconf 86' lang='lat' dir='ltr'>religionem</span> <span class='ocrx_word' id='word_1_918' title='bbox 2296 1638 2481 1679; x_wconf 80' lang='lat' dir='ltr'>ingreditur,</span> 
     </span>
     <span class='ocr_line' id='line_1_123' title="bbox 1408 1682 2488 1725; baseline 0 -10"><span class='ocrx_word' id='word_1_919' title='bbox 1408 1684 1609 1725; x_wconf 88' lang='lat' dir='ltr'>professurus</span> <span class='ocrx_word' id='word_1_920' title='bbox 1625 1690 1700 1724; x_wconf 90' lang='lat' dir='ltr'>post</span> <span class='ocrx_word' id='word_1_921' title='bbox 1715 1693 1837 1714; x_wconf 90' lang='lat' dir='ltr'>annum</span> <span class='ocrx_word' id='word_1_922' title='bbox 1851 1682 1953 1714; x_wconf 84' lang='lat' dir='ltr'>illam:</span> <span class='ocrx_word' id='word_1_923' title='bbox 1973 1682 2016 1714; x_wconf 87' lang='lat' dir='ltr'>ita</span> <span class='ocrx_word' id='word_1_924' title='bbox 2028 1683 2119 1724; x_wconf 91' lang='lat' dir='ltr'>quod</span> <span class='ocrx_word' id='word_1_925' title='bbox 2135 1683 2348 1714; x_wconf 84' lang='lat' dir='ltr'>commutatio</span> <span class='ocrx_word' id='word_1_926' title='bbox 2363 1683 2397 1714; x_wconf 88' lang='lat' dir='ltr'>in</span> <span class='ocrx_word' id='word_1_927' title='bbox 2410 1693 2488 1724; x_wconf 71' lang='lat' dir='ltr'>pro»</span> 
     </span>
     <span class='ocr_line' id='line_1_124' title="bbox 1407 1727 2485 1769; baseline -0.001 -9"><span class='ocrx_word' id='word_1_928' title='bbox 1407 1728 1561 1764; x_wconf 81' lang='lat' dir='ltr'>sessione,</span> <span class='ocrx_word' id='word_1_929' title='bbox 1583 1728 1673 1769; x_wconf 90' lang='lat' dir='ltr'>quod</span> <span class='ocrx_word' id='word_1_930' title='bbox 1697 1727 1826 1768; x_wconf 82' lang='lat' dir='ltr'>proprie</span> <span class='ocrx_word' id='word_1_931' title='bbox 1849 1733 1897 1758; x_wconf 87' lang='lat' dir='ltr'>est</span> <span class='ocrx_word' id='word_1_932' title='bbox 1917 1734 2032 1758; x_wconf 81' lang='lat' dir='ltr'>votum</span> <span class='ocrx_word' id='word_1_933' title='bbox 2055 1727 2236 1768; x_wconf 84' lang='lat' dir='ltr'>religionis,</span> <span class='ocrx_word' id='word_1_934' title='bbox 2264 1728 2485 1760; x_wconf 52' lang='lat' dir='ltr'>consummari*</span> 
     </span>
     <span class='ocr_line' id='line_1_125' title="bbox 1406 1771 2481 1813; baseline 0 -9"><span class='ocrx_word' id='word_1_935' title='bbox 1406 1773 1610 1813; x_wconf 84' lang='lat' dir='ltr'>intelligatur.</span> <span class='ocrx_word' id='word_1_936' title='bbox 1633 1772 1674 1802; x_wconf 86' lang='lat' dir='ltr'>Et</span> <span class='ocrx_word' id='word_1_937' title='bbox 1697 1771 1776 1802; x_wconf 85' lang='lat' dir='ltr'>ratio</span> <span class='ocrx_word' id='word_1_938' title='bbox 1801 1778 1848 1802; x_wconf 90' lang='lat' dir='ltr'>est</span> <span class='ocrx_word' id='word_1_939' title='bbox 1870 1771 1946 1812; x_wconf 90' lang='lat' dir='ltr'>quia</span> <span class='ocrx_word' id='word_1_940' title='bbox 1970 1771 2136 1812; x_wconf 85' lang='lat' dir='ltr'>professio,</span> <span class='ocrx_word' id='word_1_941' title='bbox 2153 1772 2221 1803; x_wconf 83' lang='lat' dir='ltr'>sine</span> <span class='ocrx_word' id='word_1_942' title='bbox 2243 1772 2309 1804; x_wconf 90' lang='lat' dir='ltr'>ulla</span> <span class='ocrx_word' id='word_1_943' title='bbox 2333 1782 2481 1804; x_wconf 85' lang='lat' dir='ltr'>commu·</span> 
     </span>
     <span class='ocr_line' id='line_1_126' title="bbox 1408 1816 2483 1858; baseline -0.001 -9"><span class='ocrx_word' id='word_1_944' title='bbox 1408 1818 1537 1854; x_wconf 89' lang='lat' dir='ltr'>tatione,</span> <span class='ocrx_word' id='word_1_945' title='bbox 1553 1816 1724 1855; x_wconf 87' lang='lat' dir='ltr'>exstinguit</span> <span class='ocrx_word' id='word_1_946' title='bbox 1738 1816 1848 1847; x_wconf 85' lang='lat' dir='ltr'>omnia</span> <span class='ocrx_word' id='word_1_947' title='bbox 1867 1816 2086 1856; x_wconf 82' lang='lat' dir='ltr'>praecedentia</span> <span class='ocrx_word' id='word_1_948' title='bbox 2101 1823 2185 1848; x_wconf 85' lang='lat' dir='ltr'>vota.</span> <span class='ocrx_word' id='word_1_949' title='bbox 2205 1817 2302 1858; x_wconf 80' lang='lat' dir='ltr'>Ergo,</span> <span class='ocrx_word' id='word_1_950' title='bbox 2313 1827 2331 1848; x_wconf 81' lang='lat' dir='ltr'>a</span> <span class='ocrx_word' id='word_1_951' title='bbox 2346 1817 2483 1854; x_wconf 71' lang='lat' dir='ltr'>fortiori,</span> 
     </span>
     <span class='ocr_line' id='line_1_127' title="bbox 1408 1859 2482 1901; baseline 0.001 -8"><span class='ocrx_word' id='word_1_952' title='bbox 1408 1872 1483 1893; x_wconf 90' lang='lat' dir='ltr'>cum</span> <span class='ocrx_word' id='word_1_953' title='bbox 1506 1872 1543 1892; x_wconf 90' lang='lat' dir='ltr'>ex</span> <span class='ocrx_word' id='word_1_954' title='bbox 1566 1860 1742 1892; x_wconf 88' lang='lat' dir='ltr'>intentione</span> <span class='ocrx_word' id='word_1_955' title='bbox 1765 1860 1838 1901; x_wconf 88' lang='lat' dir='ltr'>quis</span> <span class='ocrx_word' id='word_1_956' title='bbox 1860 1859 1893 1891; x_wconf 91' lang='lat' dir='ltr'>in</span> <span class='ocrx_word' id='word_1_957' title='bbox 1913 1860 2000 1891; x_wconf 88' lang='lat' dir='ltr'>illam</span> <span class='ocrx_word' id='word_1_958' title='bbox 2025 1867 2203 1892; x_wconf 89' lang='lat' dir='ltr'>commutat</span> <span class='ocrx_word' id='word_1_959' title='bbox 2226 1870 2284 1892; x_wconf 87' lang='lat' dir='ltr'>sua</span> <span class='ocrx_word' id='word_1_960' title='bbox 2306 1868 2398 1899; x_wconf 83' lang='lat' dir='ltr'>vota,</span> <span class='ocrx_word' id='word_1_961' title='bbox 2422 1869 2482 1894; x_wconf 85' lang='lat' dir='ltr'>etc.</span> 
     </span>
    </p>

    <p class='ocr_par' dir='ltr' id='par_1_36' title="bbox 1407 1905 2488 2172">
     <span class='ocr_line' id='line_1_128' title="bbox 1463 1905 2484 1945; baseline 0 -8"><span class='ocrx_word' id='word_1_962' title='bbox 1463 1906 1504 1937; x_wconf 88' lang='lat' dir='ltr'>Et</span> <span class='ocrx_word' id='word_1_963' title='bbox 1527 1906 1590 1937; x_wconf 89' lang='lat' dir='ltr'>hoc</span> <span class='ocrx_word' id='word_1_964' title='bbox 1609 1905 1775 1936; x_wconf 86' lang='lat' dir='ltr'>manifeste</span> <span class='ocrx_word' id='word_1_965' title='bbox 1798 1912 1914 1936; x_wconf 89' lang='lat' dir='ltr'>sonant</span> <span class='ocrx_word' id='word_1_966' title='bbox 1935 1905 2030 1936; x_wconf 85' lang='lat' dir='ltr'>verba</span> <span class='ocrx_word' id='word_1_967' title='bbox 2049 1905 2221 1936; x_wconf 81' lang='lat' dir='ltr'>Decretalis</span> <span class='ocrx_word' id='word_1_968' title='bbox 2240 1905 2389 1937; x_wconf 85' lang='lat' dir='ltr'>dicentis:</span> <span class='ocrx_word' id='word_1_969' title='bbox 2417 1906 2484 1945; x_wconf 78' lang='lat' dir='ltr'>Qui</span> 
     </span>
     <span class='ocr_line' id='line_1_129' title="bbox 1407 1949 2486 1992; baseline 0 -10"><span class='ocrx_word' id='word_1_970' title='bbox 1407 1951 1586 1992; x_wconf 79' lang='lat' dir='ltr'>temporale</span> <span class='ocrx_word' id='word_1_971' title='bbox 1599 1950 1783 1991; x_wconf 79' lang='lat' dir='ltr'>obsequium</span> <span class='ocrx_word' id='word_1_972' title='bbox 1799 1950 1832 1980; x_wconf 83' lang='lat' dir='ltr'>in</span> <span class='ocrx_word' id='word_1_973' title='bbox 1843 1955 2036 1990; x_wconf 70' lang='lat' dir='ltr'>perpetuam</span> <span class='ocrx_word' id='word_1_974' title='bbox 2053 1949 2224 1992; x_wconf 74' lang='lat' dir='ltr'>religionis</span> <span class='ocrx_word' id='word_1_975' title='bbox 2245 1950 2486 1982; x_wconf 68' lang='lat' dir='ltr'>observantia-c</span> 
     </span>
     <span class='ocr_line' id='line_1_130' title="bbox 1408 1994 2487 2036; baseline -0.001 -9"><span class='ocrx_word' id='word_1_976' title='bbox 1408 1997 1552 2027; x_wconf 79' lang='lat' dir='ltr'>noscitur</span> <span class='ocrx_word' id='word_1_977' title='bbox 1575 1999 1782 2027; x_wconf 81' lang='lat' dir='ltr'>commutare.</span> <span class='ocrx_word' id='word_1_978' title='bbox 1806 1994 1855 2025; x_wconf 91' lang='lat' dir='ltr'>Ex</span> <span class='ocrx_word' id='word_1_979' title='bbox 1879 2003 1918 2025; x_wconf 91' lang='lat' dir='ltr'>eo</span> <span class='ocrx_word' id='word_1_980' title='bbox 1942 1994 2028 2026; x_wconf 87' lang='lat' dir='ltr'>enim</span> <span class='ocrx_word' id='word_1_981' title='bbox 2051 1995 2141 2036; x_wconf 91' lang='lat' dir='ltr'>quod</span> <span class='ocrx_word' id='word_1_982' title='bbox 2165 2002 2366 2026; x_wconf 85' lang='lat' dir='ltr'>commutare</span> <span class='ocrx_word' id='word_1_983' title='bbox 2381 1994 2487 2026; x_wconf 63' lang='lat' dir='ltr'>active</span> 
     </span>
     <span class='ocr_line' id='line_1_131' title="bbox 1407 2038 2488 2081; baseline -0.001 -9"><span class='ocrx_word' id='word_1_984' title='bbox 1407 2040 1550 2072; x_wconf 87' lang='lat' dir='ltr'>attribuit</span> <span class='ocrx_word' id='word_1_985' title='bbox 1578 2040 1622 2070; x_wconf 89' lang='lat' dir='ltr'>illi</span> <span class='ocrx_word' id='word_1_986' title='bbox 1647 2039 1703 2080; x_wconf 88' lang='lat' dir='ltr'>qui</span> <span class='ocrx_word' id='word_1_987' title='bbox 1734 2038 1808 2070; x_wconf 88' lang='lat' dir='ltr'>fecit</span> <span class='ocrx_word' id='word_1_988' title='bbox 1829 2046 1961 2076; x_wconf 88' lang='lat' dir='ltr'>votum,</span> <span class='ocrx_word' id='word_1_989' title='bbox 1986 2038 2205 2076; x_wconf 70' lang='lat' dir='ltr'>manifestatur</span> <span class='ocrx_word' id='word_1_990' title='bbox 2231 2039 2322 2081; x_wconf 88' lang='lat' dir='ltr'>quod</span> <span class='ocrx_word' id='word_1_991' title='bbox 2352 2039 2488 2081; x_wconf 69' lang='lat' dir='ltr'>propriu</span> 
     </span>
     <span class='ocr_line' id='line_1_132' title="bbox 1407 2082 2486 2124; baseline -0.001 -7"><span class='ocrx_word' id='word_1_992' title='bbox 1407 2085 1594 2117; x_wconf 87' lang='lat' dir='ltr'>auctoritate</span> <span class='ocrx_word' id='word_1_993' title='bbox 1618 2085 1681 2115; x_wconf 89' lang='lat' dir='ltr'>hoc</span> <span class='ocrx_word' id='word_1_994' title='bbox 1702 2083 1805 2115; x_wconf 87' lang='lat' dir='ltr'>facere</span> <span class='ocrx_word' id='word_1_995' title='bbox 1827 2090 1942 2124; x_wconf 88' lang='lat' dir='ltr'>potest.</span> <span class='ocrx_word' id='word_1_996' title='bbox 1966 2100 1988 2108; x_wconf 92' lang='lat'><em>-</em></span> <span class='ocrx_word' id='word_1_997' title='bbox 2012 2083 2053 2114; x_wconf 90' lang='lat' dir='ltr'>Et</span> <span class='ocrx_word' id='word_1_998' title='bbox 2072 2082 2289 2115; x_wconf 74' lang='lat' dir='ltr'>confirmatur.</span> <span class='ocrx_word' id='word_1_999' title='bbox 2315 2084 2486 2122; x_wconf 67' lang='lat' dir='ltr'>Quonim</span> 
     </span>
     <span class='ocr_line' id='line_1_133' title="bbox 1408 2128 2487 2172; baseline -0.001 -11"><span class='ocrx_word' id='word_1_1000' title='bbox 1408 2130 1551 2172; x_wconf 89' lang='lat' dir='ltr'>alioquin</span> <span class='ocrx_word' id='word_1_1001' title='bbox 1576 2129 1655 2160; x_wconf 87' lang='lat' dir='ltr'>nihil</span> <span class='ocrx_word' id='word_1_1002' title='bbox 1678 2128 1806 2159; x_wconf 85' lang='lat' dir='ltr'>dixisset</span> <span class='ocrx_word' id='word_1_1003' title='bbox 1820 2128 1874 2159; x_wconf 88' lang='lat' dir='ltr'>illa</span> <span class='ocrx_word' id='word_1_1004' title='bbox 1898 2128 2079 2160; x_wconf 86' lang='lat' dir='ltr'>Decretalis.</span> <span class='ocrx_word' id='word_1_1005' title='bbox 2103 2129 2188 2160; x_wconf 86' lang='lat' dir='ltr'>Nam</span> <span class='ocrx_word' id='word_1_1006' title='bbox 2205 2135 2340 2166; x_wconf 81' lang='lat' dir='ltr'>constat,</span> <span class='ocrx_word' id='word_1_1007' title='bbox 2355 2129 2383 2160; x_wconf 86' lang='lat' dir='ltr'>si</span> <span class='ocrx_word' id='word_1_1008' title='bbox 2404 2135 2487 2160; x_wconf 71' lang='lat' dir='ltr'>tem-⁴</span> 
     </span>
    </p>
   </div>
   <div class='ocr_carea' id='block_1_29' title="bbox 1380 2172 2486 2216">
    <p class='ocr_par' dir='ltr' id='par_1_37' title="bbox 1380 2172 2486 2216">
     <span class='ocr_line' id='line_1_134' title="bbox 1380 2172 2486 2216; baseline 0.002 -13"><span class='ocrx_word' id='word_1_1009' title='bbox 1380 2199 1381 2203; x_wconf 74' lang='grc'>,</span> <span class='ocrx_word' id='word_1_1010' title='bbox 1406 2175 1516 2216; x_wconf 87' lang='lat' dir='ltr'>porale</span> <span class='ocrx_word' id='word_1_1011' title='bbox 1541 2173 1734 2215; x_wconf 87' lang='lat' dir='ltr'>obsequium</span> <span class='ocrx_word' id='word_1_1012' title='bbox 1753 2172 1786 2203; x_wconf 93' lang='lat' dir='ltr'>in</span> <span class='ocrx_word' id='word_1_1013' title='bbox 1803 2173 1891 2204; x_wconf 85' lang='lat' dir='ltr'>aliud</span> <span class='ocrx_word' id='word_1_1014' title='bbox 1905 2173 2082 2213; x_wconf 87' lang='lat' dir='ltr'>temporale</span> <span class='ocrx_word' id='word_1_1015' title='bbox 2105 2173 2292 2205; x_wconf 83' lang='lat' dir='ltr'>auctoritate</span> <span class='ocrx_word' id='word_1_1016' title='bbox 2307 2173 2486 2215; x_wconf 84' lang='lat' dir='ltr'>superioris·</span> 
     </span>
    </p>
   </div>
   <div class='ocr_carea' id='block_1_30' title="bbox 1407 2217 2488 2660">
    <p class='ocr_par' dir='ltr' id='par_1_38' title="bbox 1407 2217 2488 2394">
     <span class='ocr_line' id='line_1_135' title="bbox 1407 2217 2488 2260; baseline -0.001 -9"><span class='ocrx_word' id='word_1_1017' title='bbox 1407 2225 1642 2251; x_wconf 86' lang='lat' dir='ltr'>commutetur:</span> <span class='ocrx_word' id='word_1_1018' title='bbox 1668 2227 1734 2248; x_wconf 89' lang='lat' dir='ltr'>non</span> <span class='ocrx_word' id='word_1_1019' title='bbox 1751 2224 1798 2248; x_wconf 89' lang='lat' dir='ltr'>est</span> <span class='ocrx_word' id='word_1_1020' title='bbox 1813 2227 1886 2248; x_wconf 86' lang='lat' dir='ltr'>reus</span> <span class='ocrx_word' id='word_1_1021' title='bbox 1901 2217 1990 2249; x_wconf 83' lang='lat' dir='ltr'>fracti</span> <span class='ocrx_word' id='word_1_1022' title='bbox 2006 2218 2072 2249; x_wconf 88' lang='lat' dir='ltr'>voti</span> <span class='ocrx_word' id='word_1_1023' title='bbox 2089 2217 2134 2249; x_wconf 87' lang='lat' dir='ltr'>sic</span> <span class='ocrx_word' id='word_1_1024' title='bbox 2152 2227 2322 2260; x_wconf 86' lang='lat' dir='ltr'>exequens.</span> <span class='ocrx_word' id='word_1_1025' title='bbox 2346 2218 2391 2250; x_wconf 90' lang='lat' dir='ltr'>Ut</span> <span class='ocrx_word' id='word_1_1026' title='bbox 2406 2227 2488 2260; x_wconf 82' lang='lat' dir='ltr'>ergo.</span> 
     </span>
     <span class='ocr_line' id='line_1_136' title="bbox 1407 2262 2488 2305; baseline -0.001 -10"><span class='ocrx_word' id='word_1_1027' title='bbox 1407 2264 1528 2305; x_wconf 89' lang='lat' dir='ltr'>aliquid</span> <span class='ocrx_word' id='word_1_1028' title='bbox 1543 2263 1679 2304; x_wconf 87' lang='lat' dir='ltr'>speciale</span> <span class='ocrx_word' id='word_1_1029' title='bbox 1695 2262 1788 2298; x_wconf 85' lang='lat' dir='ltr'>dicat,</span> <span class='ocrx_word' id='word_1_1030' title='bbox 1805 2269 1934 2303; x_wconf 90' lang='lat' dir='ltr'>oportet</span> <span class='ocrx_word' id='word_1_1031' title='bbox 1947 2262 2038 2293; x_wconf 85' lang='lat' dir='ltr'>fateri</span> <span class='ocrx_word' id='word_1_1032' title='bbox 2061 2263 2151 2304; x_wconf 80' lang='lat' dir='ltr'>qnod</span> <span class='ocrx_word' id='word_1_1033' title='bbox 2167 2263 2260 2294; x_wconf 90' lang='lat' dir='ltr'>docet</span> <span class='ocrx_word' id='word_1_1034' title='bbox 2278 2263 2369 2304; x_wconf 90' lang='lat' dir='ltr'>quod</span> <span class='ocrx_word' id='word_1_1035' title='bbox 2383 2272 2488 2294; x_wconf 66' lang='lat' dir='ltr'>omne</span> 
     </span>
     <span class='ocr_line' id='line_1_137' title="bbox 1407 2306 2487 2349; baseline -0.002 -8"><span class='ocrx_word' id='word_1_1036' title='bbox 1407 2318 1503 2340; x_wconf 91' lang='lat' dir='ltr'>suum</span> <span class='ocrx_word' id='word_1_1037' title='bbox 1534 2315 1648 2338; x_wconf 89' lang='lat' dir='ltr'>votum</span> <span class='ocrx_word' id='word_1_1038' title='bbox 1678 2307 1852 2348; x_wconf 86' lang='lat' dir='ltr'>temporale</span> <span class='ocrx_word' id='word_1_1039' title='bbox 1875 2306 1908 2337; x_wconf 90' lang='lat' dir='ltr'>in</span> <span class='ocrx_word' id='word_1_1040' title='bbox 1932 2307 2094 2347; x_wconf 88' lang='lat' dir='ltr'>religionis</span> <span class='ocrx_word' id='word_1_1041' title='bbox 2118 2307 2354 2348; x_wconf 83' lang='lat' dir='ltr'>professionem</span> <span class='ocrx_word' id='word_1_1042' title='bbox 2376 2314 2487 2349; x_wconf 69' lang='lat' dir='ltr'>potsse</span> 
     </span>
     <span class='ocr_line' id='line_1_138' title="bbox 1407 2351 1902 2394; baseline -0.004 -10"><span class='ocrx_word' id='word_1_1043' title='bbox 1407 2352 1480 2394; x_wconf 92' lang='lat' dir='ltr'>quis</span> <span class='ocrx_word' id='word_1_1044' title='bbox 1503 2359 1702 2384; x_wconf 88' lang='lat' dir='ltr'>commutare</span> <span class='ocrx_word' id='word_1_1045' title='bbox 1725 2351 1820 2387; x_wconf 89' lang='lat' dir='ltr'>licite,</span> <span class='ocrx_word' id='word_1_1046' title='bbox 1844 2357 1902 2382; x_wconf 90' lang='lat' dir='ltr'>etc.</span> 
     </span>
    </p>

    <p class='ocr_par' dir='ltr' id='par_1_39' title="bbox 1407 2395 2487 2660">
     <span class='ocr_line' id='line_1_139' title="bbox 1468 2395 2482 2436; baseline 0 -8"><span class='ocrx_word' id='word_1_1047' title='bbox 1468 2397 1520 2428; x_wconf 83' lang='lat' dir='ltr'>lx.</span> <span class='ocrx_word' id='word_1_1048' title='bbox 1546 2397 1581 2427; x_wconf 91' lang='lat' dir='ltr'>In</span> <span class='ocrx_word' id='word_1_1049' title='bbox 1605 2396 1716 2427; x_wconf 87' lang='lat' dir='ltr'>eadem</span> <span class='ocrx_word' id='word_1_1050' title='bbox 1739 2395 1948 2436; x_wconf 86' lang='lat' dir='ltr'>responsione</span> <span class='ocrx_word' id='word_1_1051' title='bbox 1971 2395 2010 2426; x_wconf 86' lang='lat' dir='ltr'>ad</span> <span class='ocrx_word' id='word_1_1052' title='bbox 2034 2395 2179 2433; x_wconf 86' lang='lat' dir='ltr'>tertium,</span> <span class='ocrx_word' id='word_1_1053' title='bbox 2203 2395 2340 2427; x_wconf 90' lang='lat' dir='ltr'>dubium</span> <span class='ocrx_word' id='word_1_1054' title='bbox 2371 2405 2482 2428; x_wconf 84' lang='lat' dir='ltr'>occur·-</span> 
     </span>
     <span class='ocr_line' id='line_1_140' title="bbox 1407 2439 2481 2482; baseline -0.001 -9"><span class='ocrx_word' id='word_1_1055' title='bbox 1407 2441 1462 2474; x_wconf 88' lang='lat' dir='ltr'>rit:</span> <span class='ocrx_word' id='word_1_1056' title='bbox 1487 2443 1539 2472; x_wconf 84' lang='lat' dir='ltr'>An</span> <span class='ocrx_word' id='word_1_1057' title='bbox 1562 2440 1679 2472; x_wconf 88' lang='lat' dir='ltr'>faciens</span> <span class='ocrx_word' id='word_1_1058' title='bbox 1703 2439 1938 2481; x_wconf 85' lang='lat' dir='ltr'>professionem</span> <span class='ocrx_word' id='word_1_1059' title='bbox 1961 2439 2121 2480; x_wconf 88' lang='lat' dir='ltr'>religionis</span> <span class='ocrx_word' id='word_1_1060' title='bbox 2137 2440 2170 2471; x_wconf 88' lang='lat' dir='ltr'>in</span> <span class='ocrx_word' id='word_1_1061' title='bbox 2186 2447 2318 2482; x_wconf 87' lang='lat' dir='ltr'>peccato</span> <span class='ocrx_word' id='word_1_1062' title='bbox 2342 2440 2481 2478; x_wconf 80' lang='lat' dir='ltr'>mortali,</span> 
     </span>
     <span class='ocr_line' id='line_1_141' title="bbox 1407 2484 2483 2527; baseline -0.002 -9"><span class='ocrx_word' id='word_1_1063' title='bbox 1407 2492 1621 2527; x_wconf 83' lang='lat' dir='ltr'>consequatur</span> <span class='ocrx_word' id='word_1_1064' title='bbox 1646 2492 1729 2526; x_wconf 89' lang='lat' dir='ltr'>post,</span> <span class='ocrx_word' id='word_1_1065' title='bbox 1745 2485 1877 2525; x_wconf 86' lang='lat' dir='ltr'>quando</span> <span class='ocrx_word' id='word_1_1066' title='bbox 1893 2484 1938 2516; x_wconf 83' lang='lat' dir='ltr'>ad</span> <span class='ocrx_word' id='word_1_1067' title='bbox 1959 2494 2017 2516; x_wconf 87' lang='lat' dir='ltr'>cor</span> <span class='ocrx_word' id='word_1_1068' title='bbox 2035 2485 2169 2516; x_wconf 76' lang='lat' dir='ltr'>redierit</span> <span class='ocrx_word' id='word_1_1069' title='bbox 2183 2485 2201 2505; x_wconf 84' lang='grc'>*</span> <span class='ocrx_word' id='word_1_1070' title='bbox 2229 2484 2395 2523; x_wconf 89' lang='lat' dir='ltr'>contritus,</span> <span class='ocrx_word' id='word_1_1071' title='bbox 2413 2485 2483 2526; x_wconf 81' lang='lat' dir='ltr'>ple-</span> 
     </span>
     <span class='ocr_line' id='line_1_142' title="bbox 1407 2529 2484 2571; baseline 0 -9"><span class='ocrx_word' id='word_1_1072' title='bbox 1407 2531 1528 2562; x_wconf 87' lang='lat' dir='ltr'>nariam</span> <span class='ocrx_word' id='word_1_1073' title='bbox 1553 2530 1782 2561; x_wconf 85' lang='lat' dir='ltr'>remissionem.</span> <span class='ocrx_word' id='word_1_1074' title='bbox 1807 2529 1849 2560; x_wconf 88' lang='lat' dir='ltr'>Et</span> <span class='ocrx_word' id='word_1_1075' title='bbox 1872 2535 1919 2560; x_wconf 90' lang='lat' dir='ltr'>est</span> <span class='ocrx_word' id='word_1_1076' title='bbox 1942 2529 2023 2560; x_wconf 88' lang='lat' dir='ltr'>ratio</span> <span class='ocrx_word' id='word_1_1077' title='bbox 2047 2529 2136 2561; x_wconf 87' lang='lat' dir='ltr'>dubii</span> <span class='ocrx_word' id='word_1_1078' title='bbox 2159 2529 2236 2571; x_wconf 85' lang='lat' dir='ltr'>quia</span> <span class='ocrx_word' id='word_1_1079' title='bbox 2251 2529 2333 2560; x_wconf 52' lang='lat' dir='ltr'>&gt;hinc</span> <span class='ocrx_word' id='word_1_1080' title='bbox 2351 2537 2484 2571; x_wconf 79' lang='lat' dir='ltr'>apparet</span> 
     </span>
     <span class='ocr_line' id='line_1_143' title="bbox 1407 2572 2485 2617; baseline 0 -11"><span class='ocrx_word' id='word_1_1081' title='bbox 1407 2575 1497 2617; x_wconf 88' lang='lat' dir='ltr'>quod</span> <span class='ocrx_word' id='word_1_1082' title='bbox 1521 2585 1598 2606; x_wconf 89' lang='lat' dir='ltr'>non.</span> <span class='ocrx_word' id='word_1_1083' title='bbox 1629 2575 1718 2606; x_wconf 87' lang='lat' dir='ltr'>Tum</span> <span class='ocrx_word' id='word_1_1084' title='bbox 1740 2573 1817 2615; x_wconf 83' lang='lat' dir='ltr'>quia</span> <span class='ocrx_word' id='word_1_1085' title='bbox 1840 2572 1998 2614; x_wconf 84' lang='lat' dir='ltr'>professio</span> <span class='ocrx_word' id='word_1_1086' title='bbox 2021 2573 2100 2605; x_wconf 85' lang='lat' dir='ltr'>nihil</span> <span class='ocrx_word' id='word_1_1087' title='bbox 2130 2573 2282 2616; x_wconf 85' lang='lat' dir='ltr'>relinquit</span> <span class='ocrx_word' id='word_1_1088' title='bbox 2303 2573 2337 2605; x_wconf 85' lang='lat' dir='ltr'>in</span> <span class='ocrx_word' id='word_1_1089' title='bbox 2364 2573 2485 2612; x_wconf 67' lang='lat' dir='ltr'>anima.</span> 
     </span>
     <span class='ocr_line' id='line_1_144' title="bbox 1407 2618 2487 2660; baseline 0 -9"><span class='ocrx_word' id='word_1_1090' title='bbox 1407 2621 1488 2651; x_wconf 89' lang='lat' dir='ltr'>sicut</span> <span class='ocrx_word' id='word_1_1091' title='bbox 1502 2619 1680 2660; x_wconf 82' lang='lat' dir='ltr'>baptismus</span> <span class='ocrx_word' id='word_1_1092' title='bbox 1696 2619 1918 2655; x_wconf 85' lang='lat' dir='ltr'>characterem,</span> <span class='ocrx_word' id='word_1_1093' title='bbox 1935 2628 2002 2660; x_wconf 93' lang='lat' dir='ltr'>quo</span> <span class='ocrx_word' id='word_1_1094' title='bbox 2019 2618 2128 2649; x_wconf 87' lang='lat' dir='ltr'>medio</span> <span class='ocrx_word' id='word_1_1095' title='bbox 2151 2629 2249 2650; x_wconf 87' lang='lat' dir='ltr'>suum</span> <span class='ocrx_word' id='word_1_1096' title='bbox 2268 2619 2487 2659; x_wconf 75' lang='lat' dir='ltr'>postmodun</span> 
     </span>
    </p>
   </div>
   <div class='ocr_carea' id='block_1_31' title="bbox 1407 2663 2626 2705">
    <p class='ocr_par' dir='ltr' id='par_1_40' title="bbox 1407 2663 2626 2705">
     <span class='ocr_line' id='line_1_145' title="bbox 1407 2663 2626 2705; baseline 0.002 -10"><span class='ocrx_word' id='word_1_1097' title='bbox 1407 2671 1621 2705; x_wconf 87' lang='lat' dir='ltr'>consequatur</span> <span class='ocrx_word' id='word_1_1098' title='bbox 1644 2663 1801 2695; x_wconf 85' lang='lat' dir='ltr'>effectum.</span> <span class='ocrx_word' id='word_1_1099' title='bbox 1826 2678 1847 2686; x_wconf 89' lang='lat'>—·</span> <span class='ocrx_word' id='word_1_1100' title='bbox 1871 2663 1959 2694; x_wconf 89' lang='lat' dir='ltr'>Tum</span> <span class='ocrx_word' id='word_1_1101' title='bbox 1975 2663 2052 2705; x_wconf 83' lang='lat' dir='ltr'>quia</span> <span class='ocrx_word' id='word_1_1102' title='bbox 2074 2663 2174 2704; x_wconf 85' lang='lat' dir='ltr'>gratia</span> <span class='ocrx_word' id='word_1_1103' title='bbox 2189 2663 2249 2695; x_wconf 87' lang='lat' dir='ltr'>Dei</span> <span class='ocrx_word' id='word_1_1104' title='bbox 2273 2663 2432 2704; x_wconf 77' lang='lat' dir='ltr'>promissa</span> <span class='ocrx_word' id='word_1_1105' title='bbox 2447 2663 2486 2697; x_wconf 68' lang='lat' dir='ltr'>im</span> <span class='ocrx_word' id='word_1_1106' title='bbox 2516 2684 2519 2688; x_wconf 71' lang='lat'><em>›</em></span> <span class='ocrx_word' id='word_1_1107' title='bbox 2615 2681 2626 2686; x_wconf 88' lang='lat'>--</span> 
     </span>
    </p>
   </div>
   <div class='ocr_carea' id='block_1_32' title="bbox 1407 2707 2481 2750">
    <p class='ocr_par' dir='ltr' id='par_1_41' title="bbox 1407 2707 2481 2750">
     <span class='ocr_line' id='line_1_146' title="bbox 1407 2707 2481 2750; baseline 0 -10"><span class='ocrx_word' id='word_1_1108' title='bbox 1407 2708 1622 2750; x_wconf 84' lang='lat' dir='ltr'>professione,</span> <span class='ocrx_word' id='word_1_1109' title='bbox 1646 2707 1760 2740; x_wconf 90' lang='lat' dir='ltr'>nullibi</span> <span class='ocrx_word' id='word_1_1110' title='bbox 1783 2714 1907 2739; x_wconf 79' lang='lat' dir='ltr'>constat</span> <span class='ocrx_word' id='word_1_1111' title='bbox 1930 2708 2020 2750; x_wconf 91' lang='lat' dir='ltr'>quod</span> <span class='ocrx_word' id='word_1_1112' title='bbox 2051 2708 2156 2739; x_wconf 83' lang='lat' dir='ltr'>danda</span> <span class='ocrx_word' id='word_1_1113' title='bbox 2180 2708 2221 2739; x_wconf 88' lang='lat' dir='ltr'>sit</span> <span class='ocrx_word' id='word_1_1114' title='bbox 2243 2714 2329 2740; x_wconf 78' lang='lat' dir='ltr'>extra</span> <span class='ocrx_word' id='word_1_1115' title='bbox 2359 2707 2481 2750; x_wconf 81' lang='lat' dir='ltr'>profes·</span> 
     </span>
    </p>
   </div>
   <div class='ocr_carea' id='block_1_33' title="bbox 281 2754 1626 2839">
    <p class='ocr_par' dir='ltr' id='par_1_42' title="bbox 281 2754 1626 2840">
     <span class='ocr_line' id='line_1_147' title="bbox 1408 2754 1626 2785; baseline 0 -1"><span class='ocrx_word' id='word_1_1116' title='bbox 1408 2754 1533 2785; x_wconf 90' lang='lat' dir='ltr'>sionem</span> <span class='ocrx_word' id='word_1_1117' title='bbox 1569 2759 1626 2784; x_wconf 93' lang='lat' dir='ltr'>etc.</span> 
     </span>
     <span class='ocr_line' id='line_1_148' title="bbox 281 2777 1543 2839; baseline 0.001 -11"><span class='ocrx_word' id='word_1_1118' title='bbox 281 2797 427 2828; x_wconf 84' lang='lat' dir='ltr'>Pontifex</span> <span class='ocrx_word' id='word_1_1119' title='bbox 449 2797 493 2827; x_wconf 92' lang='lat' dir='ltr'>ibi</span> <span class='ocrx_word' id='word_1_1120' title='bbox 516 2797 726 2828; x_wconf 86' lang='lat' dir='ltr'>solemnitatis</span> <span class='ocrx_word' id='word_1_1121' title='bbox 750 2797 900 2828; x_wconf 90' lang='lat' dir='ltr'>nomine:</span> <span class='ocrx_word' id='word_1_1122' title='bbox 931 2797 1007 2839; x_wconf 88' lang='lat' dir='ltr'>quia</span> <span class='ocrx_word' id='word_1_1123' title='bbox 1031 2807 1107 2828; x_wconf 90' lang='lat' dir='ltr'>cum</span> <span class='ocrx_word' id='word_1_1124' title='bbox 1136 2798 1277 2839; x_wconf 87' lang='lat' dir='ltr'>quadam</span> <span class='ocrx_word' id='word_1_1125' title='bbox 1301 2808 1352 2829; x_wconf 92' lang='lat' dir='ltr'>so·</span> <span class='ocrx_word' id='word_1_1126' title='bbox 1535 2777 1543 2790; x_wconf 56' lang='lat'><em>⁹</em></span> 
     </span>
    </p>
   </div>
   <div class='ocr_carea' id='block_1_34' title="bbox 1465 2796 2484 2838">
    <p class='ocr_par' dir='ltr' id='par_1_43' title="bbox 1465 2796 2484 2838">
     <span class='ocr_line' id='line_1_149' title="bbox 1465 2796 2484 2838; baseline 0 -10"><span class='ocrx_word' id='word_1_1127' title='bbox 1465 2798 1498 2829; x_wconf 91' lang='lat' dir='ltr'>ln</span> <span class='ocrx_word' id='word_1_1128' title='bbox 1523 2797 1714 2838; x_wconf 86' lang='lat' dir='ltr'>oppositum</span> <span class='ocrx_word' id='word_1_1129' title='bbox 1736 2803 1844 2828; x_wconf 86' lang='lat' dir='ltr'>autem</span> <span class='ocrx_word' id='word_1_1130' title='bbox 1868 2804 1916 2828; x_wconf 89' lang='lat' dir='ltr'>est</span> <span class='ocrx_word' id='word_1_1131' title='bbox 1931 2797 2007 2838; x_wconf 85' lang='lat' dir='ltr'>quis</span> <span class='ocrx_word' id='word_1_1132' title='bbox 2025 2797 2125 2838; x_wconf 84' lang='lat' dir='ltr'>gratis</span> <span class='ocrx_word' id='word_1_1133' title='bbox 2147 2796 2207 2829; x_wconf 85' lang='lat' dir='ltr'>ista</span> <span class='ocrx_word' id='word_1_1134' title='bbox 2225 2797 2258 2829; x_wconf 85' lang='lat' dir='ltr'>ln</span> <span class='ocrx_word' id='word_1_1135' title='bbox 2282 2796 2484 2838; x_wconf 82' lang='lat' dir='ltr'>professione</span> 
     </span>
    </p>
   </div>
   <div class='ocr_carea' id='block_1_35' title="bbox 1380 2839 2480 2883">
    <p class='ocr_par' dir='ltr' id='par_1_44' title="bbox 1380 2839 2480 2883">
     <span class='ocr_line' id='line_1_150' title="bbox 1380 2839 2480 2883; baseline -0.002 -9"><span class='ocrx_word' id='word_1_1136' title='bbox 1380 2847 1381 2850; x_wconf 77' lang='grc'>’</span> <span class='ocrx_word' id='word_1_1137' title='bbox 1408 2843 1593 2874; x_wconf 90' lang='lat' dir='ltr'>conceditur</span> <span class='ocrx_word' id='word_1_1138' title='bbox 1616 2841 1706 2873; x_wconf 90' lang='lat' dir='ltr'>omni</span> <span class='ocrx_word' id='word_1_1139' title='bbox 1723 2851 1789 2873; x_wconf 91' lang='lat' dir='ltr'>non</span> <span class='ocrx_word' id='word_1_1140' title='bbox 1806 2841 1938 2883; x_wconf 84' lang='lat' dir='ltr'>ponenti</span> <span class='ocrx_word' id='word_1_1141' title='bbox 1962 2841 2100 2873; x_wconf 85' lang='lat' dir='ltr'>obicem.</span> <span class='ocrx_word' id='word_1_1142' title='bbox 2124 2841 2264 2874; x_wconf 84' lang='lat' dir='ltr'>Remoto</span> <span class='ocrx_word' id='word_1_1143' title='bbox 2283 2851 2359 2882; x_wconf 77' lang='lat' dir='ltr'>ergo</span> <span class='ocrx_word' id='word_1_1144' title='bbox 2378 2839 2480 2877; x_wconf 77' lang='lat' dir='ltr'>obice,</span> 
     </span>
    </p>
   </div>
   <div class='ocr_carea' id='block_1_36' title="bbox 1408 2885 2482 2927">
    <p class='ocr_par' dir='ltr' id='par_1_45' title="bbox 1408 2885 2482 2927">
     <span class='ocr_line' id='line_1_151' title="bbox 1408 2885 2482 2927; baseline 0 -9"><span class='ocrx_word' id='word_1_1145' title='bbox 1408 2887 1542 2918; x_wconf 88' lang='lat' dir='ltr'>habetur</span> <span class='ocrx_word' id='word_1_1146' title='bbox 1564 2886 1672 2927; x_wconf 86' lang='lat' dir='ltr'>gratia.</span> <span class='ocrx_word' id='word_1_1147' title='bbox 1697 2903 1719 2911; x_wconf 89' lang='lat'>-</span> <span class='ocrx_word' id='word_1_1148' title='bbox 1741 2886 1914 2922; x_wconf 79' lang='lat' dir='ltr'>Praeterea,</span> <span class='ocrx_word' id='word_1_1149' title='bbox 1930 2885 2030 2927; x_wconf 82' lang='lat' dir='ltr'>gratia</span> <span class='ocrx_word' id='word_1_1150' title='bbox 2053 2886 2111 2918; x_wconf 87' lang='lat' dir='ltr'>ists</span> <span class='ocrx_word' id='word_1_1151' title='bbox 2139 2887 2325 2918; x_wconf 76' lang='lat' dir='ltr'>conceditur</span> <span class='ocrx_word' id='word_1_1152' title='bbox 2345 2885 2482 2918; x_wconf 66' lang='lat' dir='ltr'>maenti</span> 
     </span>
    </p>
   </div>
   <div class='ocr_carea' id='block_1_37' title="bbox 1380 2929 2481 2972">
    <p class='ocr_par' dir='ltr' id='par_1_46' title="bbox 1380 2929 2481 2972">
     <span class='ocr_line' id='line_1_152' title="bbox 1380 2929 2481 2972; baseline -0.003 -9"><span class='ocrx_word' id='word_1_1153' title='bbox 1380 2951 1382 2964; x_wconf 83' lang='lat'>.</span> <span class='ocrx_word' id='word_1_1154' title='bbox 1408 2942 1440 2962; x_wconf 89' lang='lat' dir='ltr'>se</span> <span class='ocrx_word' id='word_1_1155' title='bbox 1465 2942 1501 2962; x_wconf 90' lang='lat' dir='ltr'>ex</span> <span class='ocrx_word' id='word_1_1156' title='bbox 1525 2931 1620 2963; x_wconf 87' lang='lat' dir='ltr'>corde</span> <span class='ocrx_word' id='word_1_1157' title='bbox 1643 2930 1782 2962; x_wconf 82' lang='lat' dir='ltr'>totaliter</span> <span class='ocrx_word' id='word_1_1158' title='bbox 1804 2930 1920 2962; x_wconf 89' lang='lat' dir='ltr'>divinis</span> <span class='ocrx_word' id='word_1_1159' title='bbox 1943 2931 2115 2972; x_wconf 82' lang='lat' dir='ltr'>obsequiis.</span> <span class='ocrx_word' id='word_1_1160' title='bbox 2141 2931 2203 2963; x_wconf 90' lang='lat' dir='ltr'>Sed</span> <span class='ocrx_word' id='word_1_1161' title='bbox 2225 2931 2288 2962; x_wconf 85' lang='lat' dir='ltr'>hoc</span> <span class='ocrx_word' id='word_1_1162' title='bbox 2311 2929 2386 2963; x_wconf 72' lang='lat' dir='ltr'>fads</span> <span class='ocrx_word' id='word_1_1163' title='bbox 2408 2929 2481 2961; x_wconf 79' lang='lat' dir='ltr'>reli-</span> 
     </span>
    </p>
   </div>
   <div class='ocr_carea' id='block_1_38' title="bbox 1405 2974 2483 3682">
    <p class='ocr_par' dir='ltr' id='par_1_47' title="bbox 1407 2974 2483 3096">
     <span class='ocr_line' id='line_1_153' title="bbox 1407 2974 2480 3016; baseline -0.002 -9"><span class='ocrx_word' id='word_1_1164' title='bbox 1407 2976 1516 3016; x_wconf 88' lang='lat' dir='ltr'>giosus</span> <span class='ocrx_word' id='word_1_1165' title='bbox 1541 2985 1616 3007; x_wconf 89' lang='lat' dir='ltr'>cum</span> <span class='ocrx_word' id='word_1_1166' title='bbox 1639 2975 1793 3006; x_wconf 86' lang='lat' dir='ltr'>contritus</span> <span class='ocrx_word' id='word_1_1167' title='bbox 1824 2982 1872 3007; x_wconf 88' lang='lat' dir='ltr'>est</span> <span class='ocrx_word' id='word_1_1168' title='bbox 1894 2982 1969 3016; x_wconf 87' lang='lat' dir='ltr'>post</span> <span class='ocrx_word' id='word_1_1169' title='bbox 1998 2975 2250 3016; x_wconf 82' lang='lat' dir='ltr'>professionem:</span> <span class='ocrx_word' id='word_1_1170' title='bbox 2277 2982 2355 3006; x_wconf 77' lang='lat' dir='ltr'>tunc</span> <span class='ocrx_word' id='word_1_1171' title='bbox 2382 2974 2480 3012; x_wconf 68' lang='lat' dir='ltr'>etnim,</span> 
     </span>
     <span class='ocr_line' id='line_1_154' title="bbox 1408 3018 2483 3061; baseline -0.002 -9"><span class='ocrx_word' id='word_1_1172' title='bbox 1408 3030 1516 3052; x_wconf 88' lang='lat' dir='ltr'>coram</span> <span class='ocrx_word' id='word_1_1173' title='bbox 1530 3021 1612 3057; x_wconf 85' lang='lat' dir='ltr'>Deo,</span> <span class='ocrx_word' id='word_1_1174' title='bbox 1626 3020 1660 3051; x_wconf 90' lang='lat' dir='ltr'>in</span> <span class='ocrx_word' id='word_1_1175' title='bbox 1674 3019 1804 3051; x_wconf 81' lang='lat' dir='ltr'>veritate</span> <span class='ocrx_word' id='word_1_1176' title='bbox 1820 3018 1996 3060; x_wconf 82' lang='lat' dir='ltr'>profitetur.</span> <span class='ocrx_word' id='word_1_1177' title='bbox 2020 3019 2108 3061; x_wconf 82' lang='lat' dir='ltr'>Ergo</span> <span class='ocrx_word' id='word_1_1178' title='bbox 2123 3027 2200 3052; x_wconf 84' lang='lat' dir='ltr'>runc</span> <span class='ocrx_word' id='word_1_1179' title='bbox 2223 3019 2318 3053; x_wconf 80' lang='lat' dir='ltr'>datur</span> <span class='ocrx_word' id='word_1_1180' title='bbox 2340 3018 2370 3050; x_wconf 86' lang='lat' dir='ltr'>ei</span> <span class='ocrx_word' id='word_1_1181' title='bbox 2384 3019 2483 3060; x_wconf 79' lang='lat' dir='ltr'>plens</span> 
     </span>
     <span class='ocr_line' id='line_1_155' title="bbox 1408 3075 1564 3096; baseline 0 0"><span class='ocrx_word' id='word_1_1182' title='bbox 1408 3075 1564 3096; x_wconf 74' lang='lat' dir='ltr'>remissio.</span> 
     </span>
    </p>

    <p class='ocr_par' dir='ltr' id='par_1_48' title="bbox 1405 3107 2483 3682">
     <span class='ocr_line' id='line_1_156' title="bbox 1463 3107 2483 3150; baseline -0.001 -10"><span class='ocrx_word' id='word_1_1183' title='bbox 1463 3110 1502 3141; x_wconf 88' lang='lat' dir='ltr'>X.</span> <span class='ocrx_word' id='word_1_1184' title='bbox 1526 3110 1578 3140; x_wconf 88' lang='lat' dir='ltr'>Ad</span> <span class='ocrx_word' id='word_1_1185' title='bbox 1593 3109 1655 3140; x_wconf 84' lang='lat' dir='ltr'>hoc</span> <span class='ocrx_word' id='word_1_1186' title='bbox 1670 3108 1786 3141; x_wconf 85' lang='lat' dir='ltr'>dicitur</span> <span class='ocrx_word' id='word_1_1187' title='bbox 1801 3109 1901 3150; x_wconf 83' lang='lat' dir='ltr'>quod.</span> <span class='ocrx_word' id='word_1_1188' title='bbox 1917 3118 1994 3140; x_wconf 85' lang='lat' dir='ltr'>eum</span> <span class='ocrx_word' id='word_1_1189' title='bbox 2008 3107 2165 3150; x_wconf 79' lang='lat' dir='ltr'>professio</span> <span class='ocrx_word' id='word_1_1190' title='bbox 2182 3107 2222 3139; x_wconf 86' lang='lat' dir='ltr'>sit</span> <span class='ocrx_word' id='word_1_1191' title='bbox 2238 3107 2379 3140; x_wconf 78' lang='lat' dir='ltr'>totaliter</span> <span class='ocrx_word' id='word_1_1192' title='bbox 2396 3117 2483 3149; x_wconf 69' lang='lat' dir='ltr'>opas·</span> 
     </span>
     <span class='ocr_line' id='line_1_157' title="bbox 1407 3151 2482 3195; baseline -0.002 -10"><span class='ocrx_word' id='word_1_1193' title='bbox 1407 3153 1565 3190; x_wconf 85' lang='lat' dir='ltr'>hominis,</span> <span class='ocrx_word' id='word_1_1194' title='bbox 1593 3153 1636 3185; x_wconf 90' lang='lat' dir='ltr'>ita</span> <span class='ocrx_word' id='word_1_1195' title='bbox 1659 3153 1750 3195; x_wconf 85' lang='lat' dir='ltr'>quod</span> <span class='ocrx_word' id='word_1_1196' title='bbox 1773 3163 1840 3184; x_wconf 87' lang='lat' dir='ltr'>non</span> <span class='ocrx_word' id='word_1_1197' title='bbox 1863 3152 1976 3185; x_wconf 64' lang='lat' dir='ltr'>est1ibi</span> <span class='ocrx_word' id='word_1_1198' title='bbox 2005 3151 2192 3183; x_wconf 76' lang='lat' dir='ltr'>distinctum</span> <span class='ocrx_word' id='word_1_1199' title='bbox 2215 3153 2254 3184; x_wconf 89' lang='lat' dir='ltr'>ab</span> <span class='ocrx_word' id='word_1_1200' title='bbox 2278 3156 2482 3194; x_wconf 58' lang='lat' dir='ltr'>operempeo,</span> 
     </span>
     <span class='ocr_line' id='line_1_158' title="bbox 1407 3196 2483 3239; baseline -0.001 -10"><span class='ocrx_word' id='word_1_1201' title='bbox 1407 3206 1494 3230; x_wconf 85' lang='lat' dir='ltr'>rante</span> <span class='ocrx_word' id='word_1_1202' title='bbox 1519 3208 1603 3239; x_wconf 89' lang='lat' dir='ltr'>opus</span> <span class='ocrx_word' id='word_1_1203' title='bbox 1634 3204 1802 3239; x_wconf 86' lang='lat' dir='ltr'>operatum</span> <span class='ocrx_word' id='word_1_1204' title='bbox 1834 3196 1925 3239; x_wconf 81' lang='lat' dir='ltr'>quod</span> <span class='ocrx_word' id='word_1_1205' title='bbox 1953 3196 1994 3228; x_wconf 87' lang='lat' dir='ltr'>sit</span> <span class='ocrx_word' id='word_1_1206' title='bbox 2017 3206 2100 3237; x_wconf 86' lang='lat' dir='ltr'>opus</span> <span class='ocrx_word' id='word_1_1207' title='bbox 2123 3196 2199 3234; x_wconf 85' lang='lat' dir='ltr'>Dei;</span> <span class='ocrx_word' id='word_1_1208' title='bbox 2227 3196 2483 3239; x_wconf 63' lang='lat' dir='ltr'>quonismesn</span> 
     </span>
     <span class='ocr_line' id='line_1_159' title="bbox 1407 3240 2481 3284; baseline -0.002 -10"><span class='ocrx_word' id='word_1_1209' title='bbox 1407 3242 1602 3283; x_wconf 84' lang='lat' dir='ltr'>religiosum,</span> <span class='ocrx_word' id='word_1_1210' title='bbox 1626 3242 1717 3284; x_wconf 86' lang='lat' dir='ltr'>quod</span> <span class='ocrx_word' id='word_1_1211' title='bbox 1740 3249 1787 3274; x_wconf 80' lang='lat' dir='ltr'>est</span> <span class='ocrx_word' id='word_1_1212' title='bbox 1809 3241 1937 3274; x_wconf 80' lang='lat' dir='ltr'>effeetus</span> <span class='ocrx_word' id='word_1_1213' title='bbox 1959 3240 2132 3281; x_wconf 84' lang='lat' dir='ltr'>religionis,</span> <span class='ocrx_word' id='word_1_1214' title='bbox 2148 3248 2196 3273; x_wconf 89' lang='lat' dir='ltr'>est</span> <span class='ocrx_word' id='word_1_1215' title='bbox 2218 3249 2295 3278; x_wconf 84' lang='lat' dir='ltr'>tunc</span> <span class='ocrx_word' id='word_1_1216' title='bbox 2316 3241 2481 3282; x_wconf 64' lang='lat' dir='ltr'>opus-hu-&gt;</span> 
     </span>
     <span class='ocr_line' id='line_1_160' title="bbox 1407 3285 2483 3326; baseline -0.002 -8"><span class='ocrx_word' id='word_1_1217' title='bbox 1407 3297 1541 3318; x_wconf 82' lang='lat' dir='ltr'>manum</span> <span class='ocrx_word' id='word_1_1218' title='bbox 1565 3294 1750 3323; x_wconf 86' lang='lat' dir='ltr'>mortuum,</span> <span class='ocrx_word' id='word_1_1219' title='bbox 1773 3285 1946 3326; x_wconf 68' lang='lat' dir='ltr'>sicutipse</span> <span class='ocrx_word' id='word_1_1220' title='bbox 1969 3285 2127 3326; x_wconf 71' lang='lat' dir='ltr'>professio</span> <span class='ocrx_word' id='word_1_1221' title='bbox 2157 3293 2291 3318; x_wconf 79' lang='lat' dir='ltr'>mortua·</span> <span class='ocrx_word' id='word_1_1222' title='bbox 2310 3292 2374 3322; x_wconf 63' lang='lat' dir='ltr'>est:</span> <span class='ocrx_word' id='word_1_1223' title='bbox 2403 3295 2483 3317; x_wconf 63' lang='lat' dir='ltr'>con-0</span> 
     </span>
     <span class='ocr_line' id='line_1_161' title="bbox 1407 3330 2481 3373; baseline -0.002 -10"><span class='ocrx_word' id='word_1_1224' title='bbox 1407 3342 1543 3373; x_wconf 88' lang='lat' dir='ltr'>sequens</span> <span class='ocrx_word' id='word_1_1225' title='bbox 1568 3339 1614 3363; x_wconf 91' lang='lat' dir='ltr'>est</span> <span class='ocrx_word' id='word_1_1226' title='bbox 1634 3331 1734 3373; x_wconf 83' lang='lat' dir='ltr'>quod,</span> <span class='ocrx_word' id='word_1_1227' title='bbox 1749 3330 1783 3362; x_wconf 86' lang='lat' dir='ltr'>in</span> <span class='ocrx_word' id='word_1_1228' title='bbox 1807 3336 1938 3371; x_wconf 81' lang='lat' dir='ltr'>peccato</span> <span class='ocrx_word' id='word_1_1229' title='bbox 1961 3330 2088 3361; x_wconf 77' lang='lat' dir='ltr'>morsali</span> <span class='ocrx_word' id='word_1_1230' title='bbox 2112 3330 2203 3367; x_wconf 69' lang='lat' dir='ltr'>facus,</span> <span class='ocrx_word' id='word_1_1231' title='bbox 2221 3338 2268 3362; x_wconf 90' lang='lat' dir='ltr'>est</span> <span class='ocrx_word' id='word_1_1232' title='bbox 2286 3339 2481 3371; x_wconf 58' lang='lat' dir='ltr'>opus-mor»</span> 
     </span>
     <span class='ocr_line' id='line_1_162' title="bbox 1407 3374 2479 3416; baseline -0.004 -8"><span class='ocrx_word' id='word_1_1233' title='bbox 1407 3383 1501 3408; x_wconf 89' lang='lat' dir='ltr'>tuum</span> <span class='ocrx_word' id='word_1_1234' title='bbox 1524 3376 1675 3412; x_wconf 86' lang='lat' dir='ltr'>totaliter;</span> <span class='ocrx_word' id='word_1_1235' title='bbox 1698 3385 1736 3407; x_wconf 83' lang='lat' dir='ltr'>sc</span> <span class='ocrx_word' id='word_1_1236' title='bbox 1751 3384 1808 3416; x_wconf 89' lang='lat' dir='ltr'>per</span> <span class='ocrx_word' id='word_1_1237' title='bbox 1822 3374 1896 3411; x_wconf 87' lang='lat' dir='ltr'>hoc,</span> <span class='ocrx_word' id='word_1_1238' title='bbox 1913 3384 2080 3416; x_wconf 86' lang='lat' dir='ltr'>nunquam</span> <span class='ocrx_word' id='word_1_1239' title='bbox 2094 3374 2246 3407; x_wconf 74' lang='lat' dir='ltr'>sortiemr</span> <span class='ocrx_word' id='word_1_1240' title='bbox 2268 3375 2479 3415; x_wconf 72' lang='lat' dir='ltr'>posmodum</span> 
     </span>
     <span class='ocr_line' id='line_1_163' title="bbox 1406 3418 2481 3460; baseline -0.002 -8"><span class='ocrx_word' id='word_1_1241' title='bbox 1406 3431 1503 3452; x_wconf 89' lang='lat' dir='ltr'>suum</span> <span class='ocrx_word' id='word_1_1242' title='bbox 1526 3419 1685 3452; x_wconf 81' lang='lat' dir='ltr'>effectum.</span> <span class='ocrx_word' id='word_1_1243' title='bbox 1709 3419 1751 3450; x_wconf 82' lang='lat' dir='ltr'>Et</span> <span class='ocrx_word' id='word_1_1244' title='bbox 1773 3425 1940 3459; x_wconf 79' lang='lat' dir='ltr'>propterea</span> <span class='ocrx_word' id='word_1_1245' title='bbox 1964 3419 2020 3460; x_wconf 88' lang='lat' dir='ltr'>qui</span> <span class='ocrx_word' id='word_1_1246' title='bbox 2045 3418 2170 3451; x_wconf 82' lang='lat' dir='ltr'>divinae</span> <span class='ocrx_word' id='word_1_1247' title='bbox 2192 3419 2314 3460; x_wconf 49' lang='lat' dir='ltr'>gratiae*</span> <span class='ocrx_word' id='word_1_1248' title='bbox 2334 3419 2423 3451; x_wconf 77' lang='lat' dir='ltr'>deest</span> <span class='ocrx_word' id='word_1_1249' title='bbox 2444 3418 2481 3450; x_wconf 75' lang='lat' dir='ltr'>i-</span> 
     </span>
     <span class='ocr_line' id='line_1_164' title="bbox 1405 3462 2479 3506; baseline -0.001 -10"><span class='ocrx_word' id='word_1_1250' title='bbox 1405 3472 1476 3497; x_wconf 87' lang='lat' dir='ltr'>actu</span> <span class='ocrx_word' id='word_1_1251' title='bbox 1501 3463 1707 3506; x_wconf 72' lang='lat' dir='ltr'>professionis</span> <span class='ocrx_word' id='word_1_1252' title='bbox 1731 3472 1816 3499; x_wconf 77' lang='lat' dir='ltr'>suae,</span> <span class='ocrx_word' id='word_1_1253' title='bbox 1841 3463 1984 3503; x_wconf 86' lang='lat' dir='ltr'>privatur</span> <span class='ocrx_word' id='word_1_1254' title='bbox 2007 3463 2163 3496; x_wconf 78' lang='lat' dir='ltr'>beneficio</span> <span class='ocrx_word' id='word_1_1255' title='bbox 2179 3463 2304 3495; x_wconf 79' lang='lat' dir='ltr'>divinae</span> <span class='ocrx_word' id='word_1_1256' title='bbox 2326 3462 2479 3504; x_wconf 77' lang='lat' dir='ltr'>largitatis</span> 
     </span>
     <span class='ocr_line' id='line_1_165' title="bbox 1405 3506 2478 3550; baseline -0.002 -10"><span class='ocrx_word' id='word_1_1257' title='bbox 1405 3509 1496 3550; x_wconf 87' lang='lat' dir='ltr'>quod</span> <span class='ocrx_word' id='word_1_1258' title='bbox 1518 3508 1656 3540; x_wconf 86' lang='lat' dir='ltr'>creditur</span> <span class='ocrx_word' id='word_1_1259' title='bbox 1678 3506 1900 3548; x_wconf 82' lang='lat' dir='ltr'>profitentibus</span> <span class='ocrx_word' id='word_1_1260' title='bbox 1924 3508 2002 3540; x_wconf 81' lang='lat' dir='ltr'>dari.</span> <span class='ocrx_word' id='word_1_1261' title='bbox 2032 3507 2375 3549; x_wconf 63' lang='lat' dir='ltr'>Una-&lt;consequentis</span> <span class='ocrx_word' id='word_1_1262' title='bbox 2392 3517 2478 3539; x_wconf 57' lang='lat' dir='ltr'>veon-</span> 
     </span>
     <span class='ocr_line' id='line_1_166' title="bbox 1406 3551 2479 3594; baseline -0.001 -10"><span class='ocrx_word' id='word_1_1263' title='bbox 1406 3552 1543 3584; x_wconf 84' lang='lat' dir='ltr'>tritionis</span> <span class='ocrx_word' id='word_1_1264' title='bbox 1557 3559 1712 3593; x_wconf 86' lang='lat' dir='ltr'>tempore,</span> <span class='ocrx_word' id='word_1_1265' title='bbox 1731 3552 1839 3584; x_wconf 88' lang='lat' dir='ltr'>solum</span> <span class='ocrx_word' id='word_1_1266' title='bbox 1862 3552 1896 3583; x_wconf 92' lang='lat' dir='ltr'>id</span> <span class='ocrx_word' id='word_1_1267' title='bbox 1919 3553 2098 3594; x_wconf 85' lang='lat' dir='ltr'>assequitur</span> <span class='ocrx_word' id='word_1_1268' title='bbox 2113 3553 2202 3594; x_wconf 87' lang='lat' dir='ltr'>quod</span> <span class='ocrx_word' id='word_1_1269' title='bbox 2220 3562 2283 3594; x_wconf 85' lang='lat' dir='ltr'>per</span> <span class='ocrx_word' id='word_1_1270' title='bbox 2305 3551 2479 3593; x_wconf 72' lang='lat' dir='ltr'>praesentis</span> 
     </span>
     <span class='ocr_line' id='line_1_167' title="bbox 1405 3595 2478 3638; baseline 0 -11"><span class='ocrx_word' id='word_1_1271' title='bbox 1405 3595 1613 3633; x_wconf 82' lang='lat' dir='ltr'>contritionis,</span> <span class='ocrx_word' id='word_1_1272' title='bbox 1631 3596 1786 3638; x_wconf 91' lang='lat' dir='ltr'>propositi</span> <span class='ocrx_word' id='word_1_1273' title='bbox 1811 3607 1847 3628; x_wconf 90' lang='lat' dir='ltr'>ac</span> <span class='ocrx_word' id='word_1_1274' title='bbox 1871 3597 2057 3629; x_wconf 82' lang='lat' dir='ltr'>sacramenti</span> <span class='ocrx_word' id='word_1_1275' title='bbox 2080 3597 2215 3638; x_wconf 80' lang='lat' dir='ltr'>gratiam</span> <span class='ocrx_word' id='word_1_1276' title='bbox 2237 3596 2478 3628; x_wconf 66' lang='lat' dir='ltr'>obtineraroon·</span> 
     </span>
     <span class='ocr_line' id='line_1_168' title="bbox 1405 3641 1513 3682; baseline -0.009 -10"><span class='ocrx_word' id='word_1_1277' title='bbox 1405 3641 1513 3682; x_wconf 89' lang='lat' dir='ltr'>tinget.</span> 
     </span>
    </p>
   </div>
   <div class='ocr_carea' id='block_1_39' title="bbox 2554 2186 2617 2199">
    <p class='ocr_par' dir='ltr' id='par_1_49' title="bbox 2554 2186 2617 2199">
     <span class='ocr_line' id='line_1_169' title="bbox 2554 2186 2617 2199; baseline 0.032 -2"><span class='ocrx_word' id='word_1_1278' title='bbox 2554 2186 2617 2199; x_wconf 72' lang='lat'><em>11111</em></span> 
     </span>
    </p>
   </div>
  </div>
 </body>
</html>
