2768 4198
59 771 69 782 ·
83 770 119 793 Cf.
131 776 194 792 num.
205 775 237 796 ιιι,
248 777 270 791 x.

59 814 70 824 ⁸
79 812 115 835 Cf.
126 819 191 835 num.
202 818 228 839 n,
239 818 270 834 tv.

59 1040 70 1051 ⁸
82 1039 172 1062 stanin.
193 1039 223 1061 ae
240 1038 271 1060 E-

58 1066 124 1115 ssiiif'
131 1071 205 1118 ⁶5⁰3&
212 1071 272 1115 ἔπ’

1004 272 1272 320 QUAESTIO
1302 272 1386 319 CL,
1415 269 1714 308 ART1CULUS
1745 263 1790 306 11'

295 354 530 401 vocandum,
557 365 636 390 non
665 360 720 390 est
749 352 982 401 reputandus
1013 351 1228 400 superfluus
1257 351 1364 387 cibus

297 409 358 446 vel
395 415 521 458 potus.
563 407 649 443 Nec
684 413 814 443 tamen
851 405 1052 454 requiritur
1086 405 1134 442 ad
1174 404 1365 441 vomitum

296 460 590 511 provocandum
635 459 741 507 quod
779 458 824 496 sit
868 466 981 507 potus
1025 458 1236 495 inebrians:
1278 457 1365 507 quia

2418 270 2486 306 185

1420 351 1537 387 etiam
1570 357 1684 399 potus
1713 361 1837 398 aquae
1871 348 2022 397 tepidae
2050 348 2240 384 vomitum
2272 355 2411 384 causat.
2444 349 2492 384 Et

1419 403 1507 441 ideo
1536 410 1693 452 propter
1720 403 1821 450 hanc
1856 414 2011 439 causam
2041 413 2120 438 non
2157 409 2399 438 excusaretur
2428 402 2492 437 ali-

1421 457 1505 506 quis
1534 457 1582 493 ab
1613 455 1806 493 ebrietate.

978 553 1314 587 Commenta-ia
1335 553 1590 585 cardinalis
1612 552 1818 585 Caietani

327 644 348 665 N
372 634 504 666 articulo
529 634 669 665 secundo
694 633 838 664 eiusdem
861 633 1057 675 quaestionis
1082 633 1367 674 centesimaequin-

302 646 532 720 Iquagesitnae
556 678 692 709 dubium
712 678 859 715 occurrit,
883 688 925 708 an
948 685 1046 719 potus
1069 677 1135 708 vini
1150 687 1187 708 ex
1211 678 1272 708 hoc
1296 677 1367 718 ipso

298 723 447 754 reddatur
469 722 635 764 culpabilis
658 723 833 754 mortaliter
856 723 946 764 quod
969 723 1071 763 privat
1094 722 1246 753 scientem
1269 728 1300 753 et
1313 731 1369 752 vo—

298 768 417 798 lentem
446 777 507 798 usu
537 766 668 798 rationis
683 767 710 798 *.
735 785 755 790 -—
779 768 820 798 Et
842 767 917 798 huic
945 767 1123 798 annectitur
1152 767 1288 797 alterurn
1312 766 1369 797 du-

298 812 389 843 bium
404 811 431 848 *‚
455 822 495 842 an
519 811 706 842 huiusmodi
722 818 818 852 potus
841 812 954 843 habeat
968 811 1125 842 rationem
1148 811 1268 851 peccati
1285 821 1371 841 mor-

298 855 369 887 talis
393 865 430 887 ex
451 856 523 897 ipso
552 856 671 886 damno
702 866 779 887 usus
803 856 948 893 rationis;
979 866 1019 886 an
1052 866 1089 886 ex
1111 855 1269 897 periculo,
1295 855 1371 896 quia

299 900 417 932 scilicet
439 900 571 940 exponit
593 900 760 931 hominem
779 900 921 942 periculo
941 907 1147 941 peccatorum
1170 899 1370 936 mortalium3

299 954 339 975 an
363 954 400 975 ex
423 952 562 986 utroque
586 945 694 976 simul.
719 945 755 975 In
778 945 880 976 littera
903 945 1063 986 siquidem
1078 951 1252 985 utrumque
1275 943 1373 974 simul
1397 947 1399 960 ¹

323 996 440 1020 onitur.

300 999 320 1030 p
355 1033 413 1064 Est
442 1033 602 1074 siquidem
629 1033 724 1073 primi
748 1033 838 1064 dubii
869 1033 949 1064 ratio
966 1033 983 1052 *
1007 1033 1082 1074 quia
1110 1032 1197 1063 nulla
1229 1031 1372 1063 conditio

300 1087 382 1119 quae
406 1084 512 1118 potest
543 1077 656 1108 salvari
678 1084 745 1109 tam
778 1078 812 1109 in
845 1085 916 1109 actu
940 1078 1084 1108 virtuoso
1116 1087 1215 1118 quam
1241 1076 1371 1112 vitioso,

299 1121 373 1154 facit
395 1132 432 1153 ex
455 1132 488 1152 se
519 1121 710 1153 sufficienter
741 1129 848 1153 actum
872 1121 1047 1152 mortaliter
1079 1121 1282 1161 culpabilem.
1311 1119 1373 1151 Sed

300 1167 358 1197 ista
389 1166 548 1203 conditio,
581 1165 840 1198 scilicet1inferre
873 1165 1086 1207 privationem
1121 1175 1198 1195 usus
1230 1164 1372 1201 rationis,

300 1217 406 1252 potest
421 1211 533 1241 salvari
549 1210 582 1241 in
599 1218 670 1242 actu
689 1211 835 1243 virtuoso
855 1217 886 1242 et
900 1210 1028 1241 vitioso.
1053 1209 1139 1249 Ergo
1156 1215 1245 1239 actus
1266 1215 1373 1248 potus,

300 1265 337 1286 ex
360 1255 422 1286 hoc
445 1256 535 1297 quod
559 1262 606 1287 est
628 1255 802 1296 privativus
825 1264 904 1286 usus
927 1253 1077 1290 rationis,
1102 1263 1169 1284 non
1193 1259 1240 1284 est
1263 1262 1373 1293 pecca-

300 1307 371 1331 tum
395 1299 540 1341 mortale.

314 1340 461 1375 ‘Minor
482 1344 636 1385 probatur
658 1342 887 1385 multipliciter.
911 1342 1031 1378 Primo,
1056 1341 1132 1382 quia
1155 1341 1257 1372 sciens
1272 1348 1303 1372 et
1320 1351 1376 1371 vo-

300 1388 367 1419 lens
391 1388 543 1426 dormire,
563 1387 633 1419 vult
655 1397 688 1419 se
713 1388 836 1429 privare
860 1397 920 1418 usu
944 1386 1086 1418 rationis.
1111 1386 1153 1417 Et
1175 1392 1282 1416 tamen
1307 1395 1373 1416 non

301 1440 421 1474 peccat.

59 1526 72 1582 ἑ
90 1525 158 1554 luia,
169 1526 272 1548 conclus.

63 2242 73 2290 ἶ
87 2241 198 2290 fiendas.
213 2241 235 2268 ⁶,
247 2241 275 2262 ad

73 2285 79 2296 ,
110 2285 114 2289 .

65 2416 75 2427 ⁴
89 2415 124 2438 Cf.
137 2421 200 2437 num.
215 2421 236 2437 v.

71 3039 82 3050 ⁸
89 3037 172 3061 conci.
180 3037 204 3063 6,
212 3037 242 3059 nd
249 3043 282 3066 5.-

71 3064 108 3087 Cf.
123 3070 186 3086 num.
201 3069 243 3085 vu.

76 3394 86 3405 ⁸
100 3393 136 3415 Cf.
151 3398 214 3414 num.
232 3398 261 3413 ιν.

356 1477 516 1514 Secundo,
539 1475 615 1518 quia
637 1483 767 1518 propter
788 1475 950 1506 vomitum
973 1474 1132 1505 inebrians
1155 1484 1188 1504 se
1212 1484 1279 1505 non
1303 1484 1375 1515 pec-

301 1528 360 1553 cat.
384 1538 406 1544 -
428 1520 496 1553 Nec
518 1520 620 1557 valet,
642 1520 748 1562 inquit
770 1519 926 1551 Martinus
940 1519 968 1556 *,
993 1519 1083 1561 quod
1106 1518 1150 1550 ait
1172 1518 1319 1550 Thomas
1341 1519 1373 1549 in

300 1564 509 1606 responsione
541 1564 581 1596 ad
603 1564 750 1602 tertium,
779 1564 870 1606 quod
897 1564 974 1606 quia
1002 1563 1144 1595 vomitus
1172 1570 1279 1604 potest
1308 1563 1376 1594 fieri

300 1618 356 1654 per
375 1618 494 1652 aquam
514 1610 666 1652 tepidam,
686 1609 759 1640 ideo
778 1615 909 1650 propter
933 1608 1015 1640 hanc
1039 1617 1169 1639 causam
1191 1618 1257 1639 non
1283 1618 1375 1639 excu-

300 1659 424 1686 saretur
446 1652 519 1695 quis
542 1655 581 1685 ab
605 1652 764 1685 ebrietate.
792 1653 882 1684 Tum
905 1653 980 1695 quia
1005 1659 1103 1693 potus
1126 1653 1251 1694 tepidae
1275 1663 1376 1694 aquae

300 1708 367 1730 non
390 1705 545 1740 provocat
559 1698 721 1730 vomitum
736 1698 769 1729 in
793 1697 980 1729 hominibus
1001 1697 1163 1728 omnibus.
1187 1697 1277 1728 Tum
1300 1697 1376 1739 quia

299 1742 441 1774 ‘vomitus
466 1751 503 1774 ex
525 1742 587 1774 alia
610 1749 641 1774 et
664 1743 725 1774 alia
753 1752 849 1774 causa
871 1749 1084 1784 provocatus,
1109 1742 1185 1773 alias
1209 1742 1377 1782 superflui-

299 1794 379 1819 tates
403 1786 528 1820 emittit.

310 1832 334 1846 '''·
355 1830 478 1869 Tertio,
501 1832 579 1874 quia
602 1832 628 1863 si
651 1831 724 1874 quis
753 1838 835 1863 esset
856 1831 927 1862 talis
962 1830 1193 1872 complexionis
1222 1832 1311 1872 quod
1339 1841 1377 1862 ex

299 1875 375 1907 vino
400 1883 700 1919 quantumcumque
724 1883 754 1907 et
783 1875 1060 1918 qualitercumque
1088 1882 1219 1916 sumpto
1245 1875 1378 1907 inebria-

301 1927 405 1958 retur,
429 1928 461 1952 et
481 1930 518 1952 ex
541 1921 605 1952 alio
628 1928 709 1962 potu
733 1920 860 1961 gravius
885 1919 1062 1951 laederetur
1084 1920 1117 1950 in
1142 1929 1293 1960 corpore,
1318 1920 1376 1952 iste

301 1973 384 1996 esset
404 1965 586 2006 perplexus,
601 1965 627 1995 si
650 1975 716 1996 non
740 1964 848 1996 liceret
863 1963 922 1995 sibi
937 1964 983 1995 uti
1007 1964 1114 1995 minus
1130 1965 1216 1995 malo
1236 1964 1376 1996 bibendo

300 2009 424 2046 vinum,
448 2019 506 2050 per
527 2009 591 2041 hoc
615 2010 748 2040 scienter
771 2009 958 2040 inebriando
982 2019 1024 2040 se.

358 2054 501 2092 Quarto,
531 2054 570 2084 ad
594 2054 775 2085 evitandam
803 2053 966 2085 saevitiam
992 2053 1117 2095 tyranni
1151 2054 1202 2084 vel
1224 2053 1376 2091 infidelis,

302 2099 334 2129 in
359 2109 433 2130 casu
457 2098 558 2129 homo
582 2105 692 2140 posset
710 2109 742 2129 se
766 2097 930 2135 inebriare,
947 2105 983 2128 ut
1005 2098 1049 2129 sic
1064 2097 1295 2139 relinqueretur
1317 2109 1376 2139 pro
1402 2111 1403 2116 ¹

303 2141 470 2175 communi
493 2143 592 2180 bono,
618 2150 676 2175 etc.

359 2188 397 2218 11.
417 2187 506 2218 Haec
521 2193 596 2219 sunt
611 2187 732 2218 motiva
747 2194 877 2228 sumpta
891 2196 928 2218 ex
944 2187 1092 2223 Martino,
1109 2186 1165 2217 ubi
1181 2196 1287 2227 supra.
1312 2187 1377 2225 Qui

303 2231 409 2269 etiam,
433 2231 552 2263 ibidem
566 2232 594 2269 *,
618 2239 730 2264 tenens
753 2230 995 2262 conclusionem
1026 2231 1181 2262 dictarum
1204 2231 1376 2269 rationum,

303 2276 400 2308 solvit
430 2276 568 2307 rationes
589 2276 739 2308 Auctoris
762 2275 795 2307 in
818 2275 881 2307 hoc
913 2275 1058 2307 articulo.
1091 2275 1193 2316 Negat
1220 2275 1378 2317 siquidem

302 2321 391 2352 illam
414 2320 585 2352 maiorem:
614 2321 816 2362 Quicumque
838 2321 943 2351 sciens
959 2326 990 2351 et
1014 2320 1124 2351 volens
1133 2320 1247 2361 privat
1266 2330 1301 2352 se
1317 2331 1377 2352 usu

305 2365 450 2403 rationis,
475 2371 606 2407 propter
628 2364 793 2396 instantias
817 2364 1022 2406 supradictas.

359 2410 412 2440 Ad
435 2410 610 2440 secundam
632 2419 709 2441 vero
733 2409 901 2446 rationem,
928 2409 966 2440 de
990 2409 1152 2450 periculo,
1177 2409 1253 2440 dicit
1275 2410 1333 2441 tria
1349 2410 1377 2441 *.

304 2453 423 2490 Primo,
437 2454 527 2495 quod
543 2453 732 2485 huiusmodi
743 2453 884 2495 pericula
899 2464 964 2485 non
981 2461 1056 2485 sunt
1071 2454 1259 2493 communia
1274 2455 1378 2486 omni·
1403 2451 1405 2478 ἶ

303 2499 364 2530 bus
389 2498 493 2530 ebriis.

361 2542 520 2579 Secundo,
540 2543 631 2584 quod
653 2541 841 2573 huiusmodi
864 2543 1013 2584 periculis
1033 2549 1138 2584 potest
1160 2543 1319 2584 provideri
1339 2554 1379 2575 ne

305 2593 489 2629 sequantur,
506 2587 730 2629 praecipiendo
755 2587 842 2628 prius
865 2588 956 2628 quod
979 2594 1126 2618 caveatur
1148 2594 1179 2619 et
1195 2588 1380 2620 observetur

307 2642 379 2663 cum
406 2632 463 2662 erit
487 2631 602 2662 ebrius.

361 2676 484 2713 Tertio,
505 2675 595 2718 quod
619 2676 737 2716 duplex
755 2682 803 2707 est
817 2676 1014 2717 periculum:
1039 2676 1249 2714 circumdans,
1266 2677 1317 2707 vel
1333 2677 1379 2708 in-

306 2721 449 2752 volvens.
473 2721 514 2751 Et
529 2720 619 2761 quod
634 2720 706 2751 licet
721 2730 787 2751 non
803 2720 905 2761 possit
920 2721 992 2762 quis
1009 2730 1166 2762 exponere
1186 2731 1219 2752 se
1235 2721 1379 2762 periculo

306 2765 497 2802 invehenti,
523 2774 613 2796 secus
637 2771 684 2796 est
714 2764 753 2795 de
780 2764 923 2805 periculo
951 2765 1186 2802 circumdante,
1211 2766 1306 2807 quale
1334 2773 1381 2797 est

307 2810 393 2842 istud
417 2809 624 2851 quandoque.

1405 2829 1407 2841 ι

363 2854 404 2885 Et
437 2854 476 2884 ad
509 2853 730 2886 auctoritatem
759 2853 921 2884 Ambrosii
945 2854 978 2884 in
1000 2853 1103 2885 littera
1135 2855 1282 2891 allatam,
1307 2855 1382 2886 dicit
1406 2885 1407 2896 ,

308 2899 398 2941 quod
421 2898 565 2940 loquitur
579 2898 780 2935 Ambrosius,
797 2908 863 2928 non
879 2898 1106 2935 universaliter,
1123 2900 1180 2930 sed
1203 2901 1380 2931 secundum

308 2943 341 2974 id
364 2943 454 2985 quod
477 2942 587 2973 multis
611 2941 732 2973 accidit.

367 2988 418 3018 Ad
449 2987 608 3018 rationem
629 2997 706 3018 vero
738 2986 866 3021 allatam
896 2986 929 3018 in
953 2987 1055 3018 littera
1085 2988 1248 3028 arguendo
1267 2988 1301 3018 in
1323 2998 1381 3029 op-

310 3032 464 3073 positum,
489 3041 526 3062 ex
551 3031 736 3063 Canonibus
758 3032 1003 3072 Apostolorum,
1029 3031 1104 3063 dicit
1126 3032 1193 3063 duo
1208 3031 1236 3062 *.
1260 3033 1381 3070 Primo,

311 3077 399 3118 quod
423 3086 491 3107 non
514 3076 658 3118 loquitur
682 3075 742 3106 nisi
765 3075 804 3106 de
827 3076 960 3106 assiduis
983 3075 1016 3106 in
1036 3076 1200 3107 ebrietate:
1225 3083 1261 3107 ut
1276 3084 1381 3108 osten-

312 3119 357 3151 dit
378 3121 412 3162 ly
439 3121 623 3152 deserviens
654 3121 808 3163 ebrietati.
833 3138 854 3143 -
878 3120 1045 3157 Secundo,
1074 3121 1164 3162 quod
1195 3120 1383 3152 huiusmodi

313 3174 438 3205 poenae
461 3174 528 3195 non
552 3165 660 3196 solum
683 3175 742 3206 pro
766 3164 902 3201 mortali,
927 3165 982 3195 sed
1006 3165 1101 3195 etiarn
1127 3165 1299 3206 aliquando
1322 3176 1382 3207 pro

312 3208 436 3245 veniali,
460 3215 491 3240 et
514 3209 581 3240 sine
605 3209 709 3251 culpa,
726 3219 793 3240 non
816 3216 923 3240 tamen
947 3209 1014 3240 sine
1037 3219 1141 3247 causa,
1156 3209 1381 3250 imponuntur:

313 3252 481 3327 praecgppe
503 3260 635 3295 propter
656 3253 869 3285 indecentiam
893 3261 924 3285 et
947 3254 1222 3295 exprobrationem
1248 3254 1330 3292 facti,
1348 3261 1384 3286 ut

315 3303 361 3327 est
384 3307 400 3327 e
423 3302 524 3329 netas.

370 3340 508 3371 Secundi
524 3348 632 3373 autem
652 3341 741 3374 dubii
764 3342 845 3374 ratio
862 3352 899 3373 ex
914 3343 1053 3374 Martino
1075 3343 1140 3374 iam
1168 3342 1250 3373 dicta
1266 3350 1322 3374 est.
1342 3343 1394 3374 Et·

315 3385 491 3425 assignatur
513 3385 574 3416 alia
588 3385 614 3417 ¹⁸².
639 3386 724 3424 Quia
747 3387 887 3427 pericula
913 3388 1139 3429 consequentia
1162 3397 1218 3428 per
1240 3388 1384 3418 accidens

316 3440 347 3460 se
373 3429 500 3460 habent.
532 3429 658 3470 Species
685 3437 793 3462 autem
816 3431 959 3462 mortalis
982 3433 1102 3473 peccati
1126 3441 1192 3463 non
1215 3432 1385 3463 attenditur

316 3474 493 3505 secundum
520 3483 556 3504 ea
584 3483 665 3514 quae
694 3482 768 3506 sunt
800 3485 856 3516 per
879 3476 1039 3514 accidens,
1064 3477 1119 3507 sed
1145 3477 1323 3507 secundum
1351 3476 1384 3506 id

316 3519 406 3560 quod
430 3528 485 3558 per
508 3528 540 3548 se
564 3525 611 3548 est
634 3518 794 3551 obiectum
818 3526 916 3552 actus.

372 3562 424 3593 III.
449 3563 499 3593 Ad
515 3561 706 3593 evidentiam
721 3563 849 3600 horum,
866 3564 945 3595 scito
969 3566 1058 3606 quod
1082 3568 1204 3597 Auctor
1227 3575 1294 3596 non
1311 3565 1385 3597 dicit

318 3607 407 3648 quod
430 3606 552 3647 privare
576 3616 608 3637 se
632 3616 693 3637 usu
717 3607 846 3638 rationis
869 3609 1041 3640 constituat
1060 3616 1227 3650 peccatum
1251 3609 1384 3641 mortale

462 3669 571 3693 Summa
590 3667 692 3692 Tar-201„
711 3668 742 3692 D.
761 3668 876 3693 Tamus.
886 3669 917 3693 Τ.
933 3670 988 3694 VII.

1421 639 1476 663 aut
1499 632 1639 663 veniale:
1671 633 1727 662 sed
1758 633 1850 663 docet
1879 632 1967 673 quod
1998 632 2120 672 privare
2152 641 2185 661 se
2210 641 2269 661 usu
2299 630 2431 661 rationis
2455 641 2497 661 ex

1422 677 1606 708 inordinata
1622 677 1877 718 concupiscentia
1895 678 1971 715 vini,
1989 683 2036 707 est
2051 683 2218 716 peccatum
2233 682 2264 706 et
2287 675 2431 706 mortale.
2457 675 2497 705 Et

1423 721 1449 751 si
1474 728 1656 762 quaeratur:
1682 721 1717 751 In
1733 731 1799 762 quo
1817 721 1959 752 consistit
1973 720 2032 751 ista
2055 717 2267 751 inordinatio?
2290 720 2323 750 in
2342 726 2496 760 promptu

1423 773 1470 796 est
1492 765 1676 806 responsio:
1701 766 1790 806 quod
1815 765 1959 796 consistit
1981 765 2013 796 in
2038 764 2100 796 hoc
2124 765 2232 806 quod,
2256 771 2388 805 propter
2411 764 2496 795 dele-

1424 810 1596 841 ctationem
1620 810 1653 840 in
1677 816 1775 850 potu,
1799 820 1864 840 non
1890 817 1978 840 curat
2002 810 2102 840 sciens
2127 816 2158 840 et
2179 809 2291 840 volens
2319 809 2441 850 privare
2465 819 2497 839 se

1425 864 1485 885 usu
1510 854 1651 885 rationis.
1676 855 1722 885 Ita
1745 855 1834 895 quod
1858 865 1923 885 non
1944 854 2077 895 privatio
2094 864 2171 884 usus
2195 854 2325 885 rationis
2341 853 2497 890 absolute,

1425 909 1482 929 nec
1514 898 1680 929 delectatio
1708 898 1741 928 in
1765 906 1846 938 potu
1875 899 1941 929 vini
1969 899 2131 935 absolute,
2157 898 2286 939 culpam
2313 898 2496 929 constituit:

1425 943 1481 973 sed
1505 942 1671 973 delectatio
1695 942 1728 972 in
1745 949 1825 982 potu
1842 943 1907 973 vini
1930 942 2112 973 inebriantis
2128 943 2160 973 in
2175 943 2292 974 sciente
2316 950 2347 974 et
2369 943 2499 973 volente

1397 988 1399 992 ⁴
1425 987 1524 1023 illam,
1542 986 1707 1018 constituit
1722 986 1878 1017 rationem
1891 987 2004 1028 culpae
2019 987 2173 1018 mortalis.
2191 988 2231 1018 Et
2247 988 2279 1017 in
2297 987 2359 1018 hoc
2371 987 2499 1028 proprie

1426 1031 1568 1062 consistit
1583 1038 1672 1062 actus
1695 1030 1850 1061 ebrietatis
1859 1040 1869 1061 .:
1895 1041 1987 1071 quae,
2006 1041 2079 1062 cum
2103 1032 2364 1072 intemperantiae
2380 1032 2500 1073 species

1426 1075 1475 1111 sit,
1500 1082 1547 1106 est
1570 1075 1651 1106 circa
1679 1074 1860 1105 delectabile
1890 1076 2068 1106 secundum
2099 1086 2229 1106 sensum
2261 1083 2380 1113 tactuS,
2406 1077 2500 1118 quale

1426 1126 1473 1150 est
1495 1126 1592 1159 potus
1616 1119 1682 1149 vini
1706 1119 1899 1150 inebriantis.

1482 1164 1530 1194 Ex
1552 1163 1615 1194 hoc
1638 1170 1747 1194 autem
1770 1163 1982 1194 fundamento
2003 1171 2088 1204 patet
2112 1164 2227 1204 primo,
2249 1165 2338 1205 quod
2362 1165 2500 1196 rationes

1427 1207 1555 1238 Martini
1570 1205 1586 1222 ¹*
1611 1217 1677 1238 non
1701 1214 1776 1238 sunt
1796 1214 1906 1238 contra
1921 1208 2070 1239 Auctoris
2095 1208 2271 1239 doctrinam
2287 1209 2326 1239 de
2342 1210 2500 1246 ebrietate,

1426 1251 1601 1282 formaliter
1624 1252 1804 1293 loquendo:
1838 1253 1894 1283 sed
1918 1252 2030 1283 allatae
2053 1263 2128 1283 suae
2153 1253 2298 1289 rationes,
2324 1253 2349 1283 si
2373 1255 2501 1285 conclu-

1399 1293 1401 1314 *
1427 1295 1517 1332 dunt,
1542 1295 1682 1327 inferunt
1705 1302 1830 1327 tantum
1854 1297 1943 1337 quod
1968 1297 2101 1327 ebrietas
2124 1297 2343 1334 materialiter,
2368 1298 2429 1329 hoc
2457 1306 2503 1330 est

1427 1340 1534 1371 bibere
1558 1341 1754 1371 advertenter
1772 1351 1872 1382 usque
1896 1342 1936 1371 ad
1952 1341 2067 1372 mentis
2087 1341 2322 1378 alienationem,
2343 1352 2408 1372 non
2429 1353 2503 1383 pro-

1427 1391 1497 1425 pter
1521 1385 1765 1415 delectationem
1788 1392 1902 1426 potus,
1928 1386 1982 1416 sed
2006 1392 2137 1426 propter
2167 1386 2307 1427 aliquam
2335 1386 2504 1418 honestam

1427 1429 1461 1459 in
1484 1439 1517 1459 se
1542 1439 1681 1466 causam,
1708 1437 1754 1461 est
1776 1429 1871 1460 licita.
1903 1430 2002 1467 Quod
2026 1440 2111 1460 nunc
2136 1440 2201 1460 non
2226 1430 2350 1461 affirmo
2376 1442 2433 1462 nec
2457 1432 2503 1462 in-

1427 1472 1528 1504 fitior:
1561 1474 1616 1504 sed
1640 1474 1672 1504 in
1703 1474 1913 1514 responsione
1936 1475 1975 1504 ad
2003 1475 2132 1505 tertium
2164 1475 2241 1505 haec
2271 1476 2416 1516 quaestio
2444 1483 2503 1507 tra-

1429 1518 1563 1550 ctabitur
1577 1518 1604 1555 *,
1630 1525 1670 1555 et,
1695 1518 1722 1549 si
1741 1519 1828 1549 Deus
1852 1519 1962 1550 lumen
1987 1519 2117 1555 dederit,
2142 1519 2414 1551 determinabitur.

1483 1563 1574 1594 Patet
1596 1563 1749 1600 secundo,
1774 1564 1864 1604 quod
1889 1563 2008 1603 solutio
2033 1563 2160 1594 Martini
2185 1564 2223 1594 ad
2248 1564 2385 1603 primam
2410 1565 2504 1596 ratio-

1429 1617 1504 1638 nem
1527 1607 1676 1639 Auctoris
1699 1608 1772 1639 data
1786 1608 1818 1645 *,
1844 1608 1923 1638 nihil
1946 1608 2043 1639 valet:
2076 1608 2150 1649 quia
2174 1608 2319 1649 loquitur
2342 1610 2380 1640 de
2404 1610 2504 1650 priva-

1427 1652 1514 1683 tione
1538 1662 1616 1683 usus
1641 1652 1772 1684 rationis
1796 1652 1951 1689 absolute,
1978 1659 2008 1683 et
2031 1655 2154 1684 Auctor
2176 1653 2320 1694 loquitur
2339 1654 2378 1684 de
2403 1654 2504 1694 priva-

1428 1697 1515 1728 tione
1539 1707 1616 1728 usus
1640 1697 1771 1728 rationis
1795 1707 1832 1728 ex
1856 1697 2032 1728 delectabili
2056 1697 2243 1728 inebriativo
2267 1705 2358 1738 potu.

1485 1742 1537 1772 IV.
1563 1742 1611 1772 De
1635 1741 1725 1772 dictis
1749 1749 1857 1773 autem
1881 1742 1921 1772 ad
1945 1741 2103 1772 rationem
2127 1742 2166 1772 de
2189 1742 2333 1782 periculo
2349 1742 2375 1779 *,
2401 1750 2431 1774 et
2448 1744 2503 1774 ob-

1428 1786 1564 1817 iectione
1594 1786 1687 1817 allata
1717 1786 1750 1816 in
1781 1786 1923 1817 secundo
1956 1786 2056 1817 dubio
2071 1786 2098 1823 *,
2124 1786 2296 1817 dicendum
2325 1795 2372 1818 est
2403 1789 2492 1829 quod

1429 1840 1504 1862 cum
1528 1830 1661 1862 ebrietas
1692 1831 1808 1862 directe
1839 1838 2024 1871 opponatur
2051 1831 2139 1861 bono
2171 1831 2301 1862 rationis
2333 1831 2504 1869 humanae,

1428 1875 1490 1906 hoc
1514 1881 1560 1906 est
1584 1875 1656 1906 usui
1674 1875 1806 1906 rationis
1822 1875 1999 1912 humanae;
2024 1882 2055 1905 et
2070 1875 2192 1915 reliqua
2209 1875 2283 1906 vitia
2300 1877 2506 1908 essentialiter

1428 1930 1465 1950 ex
1488 1920 1553 1951 suis
1578 1919 1693 1951 directe
1716 1920 1809 1950 malis
1829 1920 1966 1961 speciem
1992 1920 2244 1960 gravitatemque
2260 1921 2412 1958 habeant;
2438 1932 2504 1952 non

1402 1989 1403 2001 ἶ
1428 1971 1475 1995 est
1498 1964 1587 1995 aliter
1603 1965 1642 1995 de
1658 1964 1806 1995 ebrietate
1829 1964 2012 1996 dicendum.
2036 1964 2098 1995 Sed
2118 1964 2379 2005 distinguendum
2396 1966 2505 2006 potius

1402 2005 1403 2040 Ῐ
1429 2015 1484 2045 est,
1509 2009 1598 2051 quod
1623 2009 1755 2040 ebrietas
1779 2009 1873 2040 habet
1897 2009 2059 2049 duplicem
2082 2008 2277 2048 gravitatem.
2303 2010 2412 2041 Unam
2432 2012 2505 2041 sub-

1430 2053 1627 2085 stantialem:
1657 2060 1688 2084 et
1719 2054 1797 2085 haec
1825 2054 1998 2085 attenditur
2029 2053 2207 2084 secundum
2235 2054 2342 2094 ipsum
2375 2056 2506 2086 rationis

1429 2108 1526 2129 usum
1550 2108 1587 2128 ex
1611 2098 1786 2129 delectabili
1810 2106 1890 2139 potu
1916 2098 2086 2139 privatum.
2113 2098 2254 2128 Alteram
2275 2107 2507 2140 consequenter

1402 2150 1404 2154 ’
1431 2153 1464 2173 se
1480 2143 1663 2174 habentem:
1685 2150 1716 2173 et
1730 2143 1807 2174 haec
1822 2143 1995 2174 attenditur
2010 2153 2107 2183 penes
2124 2143 2303 2182 periculum
2319 2143 2403 2174 mala
2419 2154 2507 2175 com·

1432 2187 1588 2223 mittendi,
1613 2194 1644 2218 et
1667 2197 1764 2227 penes
1788 2187 1998 2218 omissionem
2018 2188 2181 2217 bonorum
2204 2197 2288 2228 quae
2305 2188 2429 2228 operari
2453 2196 2508 2220 aut

1432 2231 1586 2273 consequi
1610 2231 1780 2262 debuisset.
1805 2232 1846 2262 Et
1868 2232 1940 2262 licet
1962 2232 2040 2262 haec
2064 2241 2096 2261 se
2121 2230 2257 2263 habeant
2283 2242 2340 2272 per
2364 2233 2508 2263 accidens

1432 2285 1491 2316 pro
1515 2282 1637 2317 quanto
1662 2282 1737 2306 sunt
1760 2283 1844 2307 extra
1868 2276 2017 2316 speciem,
2042 2286 2108 2306 non
2132 2282 2239 2306 tamen
2263 2287 2295 2306 se
2319 2276 2437 2308 habent
2452 2288 2509 2317 per

1432 2320 1578 2351 accidens
1601 2330 1661 2361 pro
1685 2327 1807 2361 quanto
1824 2328 1899 2352 sunt
1922 2320 2105 2361 regulariter
2121 2330 2176 2350 seu
2194 2321 2409 2352 communiter
2433 2332 2509 2352 con-

1433 2365 1607 2406 sequentia,
1624 2371 1654 2396 et
1677 2365 1819 2406 praevisa
1838 2365 1871 2395 in
1889 2365 2066 2401 communi,
2082 2365 2133 2395 vel
2149 2364 2261 2395 saltem
2280 2365 2313 2396 in
2329 2376 2385 2396 sua
2402 2377 2507 2397 causa.

1433 2410 1526 2441 Unde
1551 2410 1589 2440 ad
1619 2409 1755 2440 dubium
1770 2409 1788 2429 *
1811 2410 1883 2440 dico
1918 2410 2006 2451 quod
2039 2420 2105 2440 non
2131 2420 2167 2440 ex
2190 2410 2252 2440 hoc
2277 2410 2382 2450 primo
2414 2411 2510 2442 habet

1433 2454 1565 2485 ebrietas
1589 2455 1680 2495 quod
1703 2455 1743 2485 sit
1766 2461 1933 2495 peccatum
1963 2461 1993 2484 et
2016 2455 2106 2495 quod
2130 2455 2169 2485 sit
2193 2455 2340 2485 mortale:
2366 2456 2421 2485 sed
2446 2456 2507 2487 hoc

1433 2499 1528 2530 habet
1546 2499 1664 2540 primo,
1680 2506 1716 2530 ut
1740 2499 1861 2530 dictum
1886 2505 1942 2535 est,
1967 2509 2003 2529 ex
2026 2509 2086 2529 suo
2111 2508 2240 2538 genere;
2271 2506 2302 2530 et
2321 2500 2508 2530 secundario

1433 2544 1528 2575 habet
1550 2554 1588 2574 ex
1610 2544 1682 2580 hoc,
1708 2543 1825 2574 scilicet
1849 2554 1886 2574 ex
1910 2543 2052 2584 periculo
2077 2543 2220 2574 mortalis
2244 2545 2374 2584 peccati,
2401 2545 2451 2575 cui
2476 2555 2508 2575 se

1434 2588 1535 2620 sciens
1559 2595 1590 2619 et
1612 2588 1724 2619 volens
1749 2588 1930 2619 committit.

1490 2634 1528 2664 V.
1546 2633 1644 2671 Quod
1668 2640 1776 2664 autem
1792 2632 1979 2663 huiusmodi
1997 2632 2137 2672 pericula
2152 2642 2217 2662 non
2233 2632 2295 2663 sint
2319 2633 2505 2663 communia

1434 2677 1585 2709 omnibus
1605 2677 1708 2714 ebriis,
1725 2684 1761 2708 ut
1777 2677 1880 2718 prima
1903 2676 2030 2708 Martini
2054 2676 2191 2706 obiectio
2216 2676 2291 2707 dicit
2305 2676 2332 2713 *,
2351 2677 2428 2707 nihil
2452 2678 2508 2708 ob-

1435 2729 1514 2759 stat,
1539 2722 1565 2752 si
1589 2729 1664 2753 sunt
1697 2721 1925 2762 consequentia
1950 2728 1985 2751 ut
2012 2721 2045 2751 in
2078 2720 2232 2760 pluribus.
2269 2721 2398 2751 Moralis
2424 2721 2509 2752 enim

1406 2809 1407 2812 Ἰ
1435 2766 1579 2798 doctrina
1601 2759 1735 2797 attendit
1758 2766 1791 2796 id
1814 2766 1903 2807 quod
1927 2765 2142 2796 communiter
2164 2765 2285 2796 accidit.

1492 2811 1591 2848 Quod
1606 2821 1682 2841 vero
1706 2810 1894 2841 huiusmodi
1917 2810 2064 2850 periculis
2082 2810 2182 2850 possit
2205 2810 2293 2850 prius
2310 2810 2415 2840 ebrius
2436 2820 2510 2850 pro-

1434 2855 1540 2886 videre
1553 2865 1609 2896 per
1621 2855 1702 2886 alios
1718 2865 1758 2885 ne
1773 2861 1950 2891 occurrant,
1964 2861 2000 2885 ut
2012 2854 2154 2885 secundo
2171 2853 2361 2885 obiicitur‘:
2383 2854 2509 2891 falsum,

1435 2900 1552 2941 primo,
1570 2907 1617 2930 est
1640 2900 1747 2941 quoad
1768 2898 2042 2940 concupiscentias
2059 2905 2089 2929 et
2105 2898 2203 2929 malas
2223 2898 2412 2935 locutiones,
2433 2906 2509 2939 puta

1406 2979 1408 2987 Α
1436 2944 1516 2975 velle
1539 2951 1702 2985 percutere
1721 2944 1772 2974 vel
1795 2944 1938 2975 occidere
1954 2943 2005 2974 vel
2029 2943 2206 2980 adulterari,
2225 2950 2255 2974 et
2271 2943 2373 2974 dicere
2389 2943 2508 2984 turpia;

1436 2989 1583 3030 quamvis
1606 2989 1639 3019 in
1663 2988 1857 3030 quibusdam
1890 2988 2075 3029 potantibus
2105 2998 2219 3018 verum
2246 2987 2286 3018 sit
2308 2988 2417 3028 quoad
2441 2998 2511 3018 exe-

1437 3034 1581 3064 cutiones
1605 3033 1783 3070 exteriores,
1804 3040 1882 3073 puta
1905 3043 1944 3063 ne
1968 3032 2147 3073 percutiant
2165 3032 2215 3063 vel
2240 3032 2400 3069 occidant,
2425 3032 2509 3063 clau-

1437 3077 1542 3108 dendo
1565 3078 1673 3118 ipsum
1697 3077 1730 3108 in
1754 3088 1887 3108 camera.
1911 3095 1932 3100 -
1957 3077 2090 3113 Deinde,
2107 3076 2183 3117 quia
2211 3076 2288 3107 istae
2311 3077 2509 3116 provisiones

1438 3129 1512 3153 sunt
1535 3132 1592 3162 per
1614 3121 1769 3159 accidens,
1795 3128 1826 3152 et
1841 3122 1958 3163 ‘paucis
1982 3121 2190 3157 conveniunt;
2215 3120 2298 3157 ideo,
2319 3122 2511 3152 attendendo

1438 3166 1478 3197 ad
1502 3176 1538 3197 ea
1561 3177 1643 3207 quae
1668 3173 1910 3207 consequuntur
1933 3172 2040 3196 actum
2065 3165 2220 3196 ebrietatis
2245 3175 2281 3195 ex
2304 3175 2362 3195 sua
2389 3173 2510 3202 natura,

1438 3217 1475 3241 ut
1504 3214 1626 3241 Auctor
1653 3211 1763 3247 docet,
1795 3210 1909 3241 dicitur
1939 3210 2028 3250 quod
2057 3210 2135 3240 haec
2164 3209 2348 3240 secundaria
2377 3210 2512 3250 gravitas

1439 3265 1506 3285 non
1530 3261 1696 3286 excusatur
1726 3261 1856 3295 propter
1886 3254 2075 3285 huiusmodi
2098 3254 2276 3295 potentiam
2306 3254 2509 3294 providendi:

1439 3299 1595 3340 quamvis,
1611 3299 1636 3329 si
1660 3299 1860 3339 provisiones
1883 3304 2090 3339 apponerent,
2113 3298 2343 3329 diminueretur
2367 3306 2397 3330 et
2420 3309 2512 3330 excu-

1439 3350 1559 3374 saretur
1582 3353 1600 3373 a
1623 3350 1723 3379 tanto,
1748 3343 1802 3373 sed
1826 3352 1893 3373 non
1908 3353 1927 3373 a
1950 3349 2031 3373 toto.

1494 3387 1663 3418 Distinctio
1688 3388 1820 3418 demum
1843 3387 1935 3418 tertio
1959 3387 2032 3418 loco
2066 3387 2203 3418 adducta
2226 3387 2265 3417 de
2289 3387 2431 3427 periculo
2455 3388 2512 3418 cir-

1440 3432 1610 3462 cumdante
1635 3438 1666 3463 et
1692 3431 1874 3462 involvente
1887 3431 1915 3468 *,
1939 3441 2006 3462 non
2034 3431 2137 3468 solvit,
2162 3431 2187 3462 si
2218 3432 2432 3462 communiter
2459 3442 2512 3473 pe-

1441 3476 1539 3507 ricula
1563 3476 1704 3506 mortalis
1728 3476 1848 3516 peccati
1872 3483 2128 3517 consequuntur:
2161 3475 2236 3517 quia
2260 3483 2336 3507 tunc
2361 3483 2441 3507 esset
2459 3487 2512 3517 pe-

1411 3539 1412 3542 =
1440 3521 1577 3551 riculum
1601 3520 1766 3551 involvens
1784 3520 1952 3551 hominem
1967 3520 1999 3551 in
2016 3527 2146 3561 peccato
2171 3521 2309 3551 mortali.
2334 3523 2385 3551 An
2406 3527 2512 3551 autem

1441 3565 1517 3596 ebrii
1542 3565 1755 3596 communiter
1777 3564 1810 3595 in
1834 3565 1896 3596 hoc
1915 3565 2064 3602 incidant,
2084 3565 2184 3596 fateor
2208 3575 2260 3596 me
2277 3565 2412 3596 nescire:
2438 3565 2513 3605 quia

1440 3619 1507 3640 non
1530 3609 1594 3640 vidi
1619 3610 1739 3640 multos
1764 3609 1878 3640 ebrios.

2336 3677 2369 3700 24

2530 1220 2539 1228 ⁸
2553 1217 2624 1238 Num.
2641 1223 2655 1238 ι.

2534 1529 2541 1537 ’
2558 1526 2626 1547 Num.
2642 1532 2664 1547 x.

2534 1620 2542 1628 ⁸
2558 1618 2626 1640 Num.
2644 1625 2668 1643 ιι,
2685 1618 2734 1639 init.

2534 1752 2541 1758 ¹
2556 1749 2631 1775 lbid.‚
2651 1750 2688 1771 Ad
2705 1756 2742 1771 se—

2532 1776 2638 1797 cundum.

2496 1812 2503 1825 ν
2534 1805 2541 1813 ·
2555 1803 2621 1828 ibid„
2643 1802 2746 1824 Secundi

2533 1832 2617 1851 aulem.

2537 2415 2545 2423 ⁸
2560 2413 2630 2435 Num.
2647 2420 2661 2435 κ

2538 2685 2546 2691 ”
2557 2682 2626 2703 Num.
2637 2688 2661 2705 ιι.
2670 2682 2748 2703 Adse-

2537 2709 2643 2730 cundum.

2539 2862 2547 2869 ⁸
2556 2859 2622 2885 lbid.,
2632 2859 2747 2880 Secundo.

2542 3438 2549 3445 ⁸
2560 3435 2626 3461 1bid.,
2641 3435 2727 3456 Tertio.
