2768 4198
87 389 95 396 ·
110 387 166 414 Cap.
183 393 215 408 1¹1.

88 545 131 566 ’ἰν
134 546 164 566 de
152 551 203 566 eac
244 544 299 566 Cum

86 572 184 593 dilectus
186 551 232 596 ,de
246 571 299 592 Ele

86 599 163 620 ctione
171 602 206 619 etc
217 597 291 622 :Glos

86 631 189 700 ’601ιὲῗὲ
183 641 187 645 ’
197 604 300 678 dciiſjii’z.

88 944 96 951 ·
113 941 148 963 Cf,
165 907 217 962 liid
232 940 296 965 Cor„

87 975 136 996 cap.
154 974 188 989 ιν,
205 973 261 988 vers,
277 973 288 987 2

90 1561 99 1570 ¹
123 1560 249 1581 Comment.
278 1559 302 1580 in

89 1586 163 1614 Epist
187 1586 238 1634 ad
246 1586 301 1641 ’Ῑ“’1ἰ

90 1619 197 1662 Ctpctin
199 1619 271 1667 Moy-3
269 1645 302 1665 es,

90 1673 144 1688 caus
148 1666 225 1693 .VIlI,
237 1673 275 1694 qu.
288 1672 302 1687 1.

189 1703 205 1728 Υ

89 1991 98 1999 ⁴
114 1989 179 2010 Vers.
197 1995 211 2010 1.

90 2048 98 2055 ·
114 2046 170 2067 Ord.

327 260 404 296 472

328 326 554 375 spiritualia,
585 334 621 363 et
649 326 825 363 inferiora
863 336 1024 372 corpora
1045 329 1062 344 α
1091 335 1159 371 per
1188 322 1398 370 superiora,

327 388 369 416 ut
396 379 631 427 Augustinus
661 379 761 426 dicit,
783 378 820 414 in
842 379 890 414 lll
912 378 958 413 de
982 377 1084 412 Trin.
1105 376 1125 397 ²¹⁶
1154 376 1231 412 Sed
1252 376 1399 424 episco-

327 446 400 482 pus
429 432 634 470 assumitur
662 432 709 469 ad
739 431 909 478 regimen
938 430 1112 466 aliorum.
1154 430 1255 476 Ergo
1286 429 1400 466 debet

329 499 410 523 esse
442 486 574 523 ceteris
603 485 749 522 melior.

383 540 457 576 SED
475 551 620 576 CONTRA
636 549 702 574 EST
718 537 823 585 quod
839 535 1078 573 Decretalis*
1091 535 1179 572 dicit
1196 535 1303 583 quod
1326 535 1402 571 suf-

326 593 405 630 ficit
426 593 563 640 eligere
585 593 745 636 bonum,
767 601 838 626 nec
859 597 1010 637 oportet
1030 589 1168 637 eligere
1189 588 1400 626 meliorem.

381 647 608 682 Rssspouosso
637 655 825 680 DICENDUM
845 643 952 690 quod
973 642 1071 679 circa
1095 642 1401 691 assumptionem

328 752 420 789 dum
451 763 496 788 ex
523 758 629 799 parte
659 750 738 786 eius
768 750 834 798 qui
862 749 1088 796 assumitur,
1120 757 1156 786 et
1184 749 1327 798 aliquid
1357 761 1404 786 ex

325 813 431 853 parte
462 805 543 841 eius
572 804 637 852 qui
666 804 836 840 assumit.
867 804 926 840 Ex
954 811 1063 852 parte
1093 803 1196 840 enim
1228 803 1308 839 eius
1339 803 1403 851 qui

326 857 496 904 assumit,
525 858 588 894 vel
618 857 794 905 eligendo
823 857 886 894 vel
914 857 1172 905 providendo,
1200 856 1405 906 requiritur
1430 867 1432 872 ⁴

325 909 456 960 quodss
471 911 634 949 fideliter
653 911 784 948 divina
799 910 1009 948 ministeria
1030 910 1223 959 dispenset
1242 910 1273 947 ²¹⁸.
1291 911 1403 957 Quae
1431 919 1433 955 ξ

293 982 296 987 -
326 965 484 1013 quidem
505 965 716 1014 dispensari
738 965 878 1002 debent
898 964 947 1002 ad
969 964 1166 1001 utilitatem
1193 964 1403 1011 Ecclesiae,

326 1019 541 1055 secundum
559 1019 651 1056 illud
672 1020 684 1055 I
706 1019 758 1055 ad
782 1019 870 1055 Cor.
891 1030 953 1055 xiv
966 1017 1004 1064 ²¹⁶,
1021 1019 1084 1055 Ad
1101 1018 1403 1066 aedificationem

326 1126 479 1162 nisteria
508 1126 639 1164 divina
675 1126 897 1163 hominibus
927 1126 1217 1163 committuntur
1249 1133 1407 1175 propter

326 1192 462 1216 eorum
493 1179 859 1227 remunerationem,
885 1191 1004 1228 quam
1035 1187 1235 1229 expectare
1266 1180 1407 1217 debent

326 1233 365 1270 in
394 1233 533 1271 futuro.
565 1235 614 1271 Et
641 1233 728 1270 ideo
758 1234 820 1271 ille
839 1234 905 1282 qui
936 1234 1051 1271 debet
1079 1233 1247 1283 aliquem
1269 1234 1407 1282 eligere

327 1287 364 1324 in
396 1287 636 1336 episcopum,
657 1288 719 1324 vel
751 1288 797 1325 de
829 1300 875 1324 eo
904 1287 1123 1337 providere,
1149 1300 1229 1325 non
1258 1295 1409 1325 tenetur

327 1353 526 1378 assumere
554 1341 756 1379 meliorem
787 1341 1021 1390 simpliciter,
1052 1342 1159 1390 quod
1189 1349 1244 1378 est
1273 1354 1407 1378 secun-

328 1394 422 1431 dum
443 1395 657 1432 caritatem:
685 1397 754 1433 sed
774 1395 975 1432 meliorem
1005 1395 1136 1443 quoad
1157 1395 1328 1443 regimen
1350 1408 1408 1432 ec-

328 1448 487 1496 clesiae,
517 1449 583 1498 qui
611 1448 752 1486 scilicet
778 1449 900 1498 possit
928 1448 1129 1486 ecclesiam
1159 1456 1196 1485 et
1223 1449 1409 1486 instruere

330 1509 366 1539 et
395 1502 600 1540 defendere
630 1511 667 1540 et
694 1503 857 1552 pacifice
885 1504 1112 1551 gubernare.
1142 1502 1255 1540 Unde
1277 1510 1409 1540 contra

330 1556 522 1604 quosdam
552 1556 817 1617 Hieronymus
846 1556 935 1594 dicit
957 1556 976 1578 ’¹‘
1005 1556 1111 1604 quod
1140 1557 1295 1605 quidam
1333 1569 1408 1594 non

291 1616 520 1657 ·quaerunt
546 1622 610 1647 eos
638 1611 675 1647 in
704 1610 875 1647 Ecclesia
904 1610 1101 1647 columnas
1137 1610 1288 1660 erigere
1315 1622 1409 1659 quos
1436 1615 1437 1619 ’

324 1663 413 1710 plus
450 1669 684 1724 cognoscant
706 1669 721 1692 Υ
753 1663 947 1700 Ecclesiae
978 1664 1180 1712 prodesse:
1216 1665 1283 1700 sed
1316 1676 1410 1712 quos

331 1716 392 1752 vel
419 1717 490 1766 ipsi
506 1723 649 1764 amant,
670 1717 730 1754 vel
757 1729 920 1766 quorum
939 1722 1028 1753 sunt
1049 1716 1236 1765 obsequiis
1255 1717 1407 1764 deliniti,

330 1769 390 1806 vel
411 1782 486 1819 pro
515 1771 649 1820 quibus
678 1771 870 1808 maiorum
900 1770 1086 1819 quispiam
1115 1771 1331 1820 rogaverit,
1361 1777 1407 1818 et,

332 1828 373 1859 ut
401 1824 589 1861 deteriora
618 1830 778 1871 taceam,
804 1825 870 1873 qui
897 1830 937 1860 ut
963 1824 1090 1861 clerici
1108 1825 1254 1872 fierent
1279 1837 1409 1862 mune-

330 1876 434 1915 ribus
463 1878 723 1926 impetrarunt.
759 1879 847 1915 Hoc
875 1885 1005 1914 autem
1034 1877 1197 1927 pertinet
1225 1878 1274 1915 ad
1303 1891 1410 1915 acce·
1435 1870 1437 1900 ἶ

330 1931 502 1978 ptionem
531 1944 808 1981 personarum:
839 1943 939 1980 quae
967 1931 1006 1968 in
1035 1931 1172 1969 talibus
1206 1939 1263 1969 est
1291 1944 1409 1980 grave
1436 1946 1437 1963 1

330 1993 546 2047 peccatum.
568 1986 680 2023 Unde
701 1998 817 2035 super
837 1985 929 2022 illud
949 1986 1024 2022 Iac.
1046 1985 1115 2033 11²⁸,
1144 1986 1303 2023 Fratres
1321 1986 1408 2032 mei,
1435 1988 1437 2032 ζ

331 2039 444 2076 nolite
463 2040 500 2076 in
511 2051 769 2088 personarum
785 2039 1002 2088 acceptione
1021 2046 1105 2086 etc„
1128 2038 1218 2076 dicit
1237 2039 1376 2077 Glossa
1390 2039 1411 2061 ’¹‘

330 2093 554 2141 Augustini:
585 2094 627 2131 Si
652 2094 752 2130 hanc
779 2093 994 2131 distantiam
1027 2093 1180 2130 sedendi
1216 2099 1253 2130 et
1286 2093 1413 2131 standi

331 2147 382 2184 ad
407 2148 572 2184 honores
599 2147 868 2185 ecclesiasticos
896 2148 1126 2208 referamus,
1157 2159 1232 2184 non
1261 2153 1316 2184 est
1336 2159 1408 2196 pu-

331 2201 488 2238 tandum
516 2201 598 2238 leve
624 2213 704 2238 esse
725 2207 926 2250 peccatum
956 2202 993 2238 in
1016 2213 1274 2249 personarum
1303 2213 1410 2238 acce-

327 2254 456 2302 ptione
484 2254 625 2291 habere
641 2255 765 2303 fidem
795 2255 956 2292 Domini
979 2254 1141 2305 gloriae.
1180 2254 1273 2297 Quis
1309 2255 1408 2292 enim

387 2368 414 2401 a)
434 2374 591 2400 corpora-
610 2367 672 2393 Orn.
693 2368 740 2394 Pa.

334 2403 412 2465 chi
433 2403 513 2436 quod.
526 2418 543 2422 -
563 2403 643 2429 talem
669 2404 753 2438 eligat
776 2404 823 2437 qui
847 2404 917 2429 addit
937 2404 996 2430 Ρ.-
1015 2404 1066 2429 Pro
1092 2403 1250 2433 ministeria,
1277 2404 1409 2437 mysteria

958 245 1226 292 QUAESTIO
1257 243 1488 290 CLXXXV,
1518 244 1819 282 ARTlCULUS
1850 245 1897 281 111

1427 355 1429 379 ἰ
1440 324 1556 372 ferat
1589 323 1681 372 eligi
1716 323 1867 360 divitem
1903 323 1954 360 ad
1979 323 2106 360 sedem
2143 324 2298 360 honoris
2325 325 2532 372 Ecclesiae,

1454 382 1665 425 contempto
1687 388 1861 425 paupere
1889 378 2128 414 instructiore
2155 382 2192 413 et
2217 378 2436 415 sanctiore?

1509 430 1566 466 Ex
1596 437 1702 478 parte
1740 438 1870 467 autem
1895 430 1979 467 eius
2018 431 2083 479 qui
2113 431 2338 478 assumitur,
2367 443 2447 468 non
2476 443 2532 468 10-

1428 486 1429 495 *
1455 482 1617 530 quiritur
1637 483 1741 531 quod
1762 491 1911 532 reputet
1930 496 1971 520 se
1992 484 2074 521 aliis
2094 484 2307 532 meliorem,
2329 486 2405 521 hoc
2431 485 2534 522 enim

1457 544 1556 573 esset
1575 537 1787 584 superbum
1809 545 1846 574 et
1864 545 2249 587 praesumptuosum:
2281 539 2349 575 sed
2369 538 2508 575 sufficit
2522 536 2535 559 δ

1428 594 1430 606 ³
1456 590 1559 638 quod
1581 589 1671 626 nihil
1691 590 1729 626 in
1749 602 1790 626 se
1810 590 1978 628 inveniat
1991 603 2061 640 per
2081 592 2186 640 quod
2205 591 2376 628 illicitum
2397 590 2431 628 ei
2451 592 2535 628 red-

1429 677 1431 690 ,
1457 643 1568 680 datur
1596 655 1794 680 assumere
1823 644 2066 692 praelationis
2095 645 2278 682 officium.
2310 645 2422 683 Unde
2450 645 2538 682 licet

327 699 482 736 alicuius
512 698 560 734 ad
590 697 867 746 episcopatum,
897 696 1040 744 aliquid
1070 703 1125 732 est
1158 696 1402 732 consideran·
1429 713 1431 742 l

1457 697 1593 733 Petrus
1622 696 1874 744 interrogatus
1905 705 2004 735 esset
2032 710 2081 735 an
2110 699 2324 736 Dominum
2361 700 2447 747 plus
2475 711 2536 735 ee-

1457 750 1546 787 teris
1576 749 1765 798 diligeret,
1795 750 1835 787 in
1864 763 1934 787 sua
1963 752 2214 800 responsione
2243 765 2322 790 non
2351 765 2392 789 se
2427 764 2538 801 praee

1457 804 1540 840 tulit
1569 803 1715 845 ceteris,
1737 805 1805 840 sed
1835 804 2032 852 respondit
2051 805 2273 854 simpliciter
2292 806 2400 855 quod
2429 806 2538 843 Chri-

1458 865 1560 894 stum
1592 865 1739 894 amaret
1759 857 1790 894 ³¹⁸.

1511 913 1571 948 AD
1605 922 1745 948 PRtMUM
1779 922 1881 948 ERGO
1915 923 2104 949 DICENDUM
2132 913 2239 960 quod
2277 912 2472 950 Dominus
2501 913 2540 950 in

1431 964 1573 1010 ¹{Petro
1611 964 1755 1002 sciebat
1785 977 1830 1001 ex
1867 977 1939 1001 suo
1977 977 2139 1002 munere
2176 977 2260 1002 esse
2289 965 2540 1004 idoneitatem

1432 1019 1433 1040 ³
1459 1018 1576 1055 etiarn
1614 1026 1803 1066 quantum
1832 1017 1883 1055 ad
1911 1018 2002 1065 alia,
2033 1019 2247 1056 Ecclesiam
2285 1019 2538 1067 gubernandi.

324 1073 518 1109 Ecclesiae
555 1073 723 1121 quaerite
750 1078 789 1108 ut
821 1072 1038 1109 abundetis:
1068 1084 1147 1110 non
1176 1081 1306 1110 autem
1335 1071 1405 1109 mi·
1433 1079 1434 1082 ’

1460 1073 1509 1109 Ε1
1537 1072 1626 1109 ideo
1656 1084 1746 1109 eum
1776 1071 1824 1109 de
1853 1072 2031 1120 ampliori
2066 1072 2268 1110 dilectione
2307 1073 2542 1111 examinavit

1460 1126 1510 1163 ad
1539 1126 1824 1163 ostendendum
1848 1126 1967 1173 quod,
1989 1126 2054 1163 ubi
2082 1126 2174 1163 alias
2196 1126 2390 1163 invenitur
2417 1127 2539 1164 homo

1461 1179 1624 1217 idoneus
1654 1180 1701 1216 ad
1732 1179 1928 1216 Ecclesiae
1957 1179 2141 1228 regimen,
2161 1179 2368 1230 praecipue
2397 1180 2542 1219 attendi

1461 1233 1576 1271 debet
1605 1233 1642 1270 in
1673 1233 1755 1282 ipso
1786 1233 1993 1273 eminentia
2022 1233 2176 1271 divinae
2205 1233 2431 1272 dilectionis.

1515 1289 1574 1323 An
1594 1299 1787 1324 SECUNDUM
1807 1291 1994 1325 niceunum'
2022 1287 2129 1336 quod
2158 1288 2365 1325 auctoritas
2393 1288 2456 1326 illa
2484 1295 2542 1328 est

1462 1340 1706 1388 intelligenda
1734 1348 1923 1390 quantum
1944 1341 1994 1378 ad
2014 1341 2184 1379 studium
2213 1341 2311 1379 illius
2334 1341 2399 1391 qui
2426 1341 2466 1379 in
2485 1341 2542 1379 di-

1435 1394 1602 1442 ³gnitate
1641 1402 1698 1431 est
1736 1394 1982 1432 constitutus:

1462 1447 1620 1485 tendere
1640 1456 1682 1485 ut
1700 1448 1816 1485 talem
1837 1461 1878 1485 se
1899 1449 2076 1486 exhibeat
2094 1457 2136 1486 ut
2156 1456 2302 1486 ceteros
2329 1457 2366 1486 et
2385 1448 2543 1487 scientia

1464 1509 1500 1539 et
1529 1501 1724 1539 sanctitate
1754 1503 1970 1551 praecellat.
2000 1503 2112 1540 Unde
2141 1502 2352 1552 Gregorius
2381 1502 2482 1551 dicit,
2501 1501 2541 1541 ini

1436 1598 1437 1610 ἵ
1462 1555 1649 1593 Pastoral.
1670 1555 1710 1592 *τ
1744 1556 1908 1593 Tantum
1936 1556 2044 1593 debet
2070 1557 2256 1595 actionem
2279 1557 2416 1606 populi
2441 1557 2541 1598 actio

1463 1609 1730 1647 transcendere
1759 1610 1965 1658 praesulis,
1995 1616 2179 1658 quantum
2217 1611 2358 1648 distare
2392 1611 2488 1649 solet
2515 1623 2542 1649 a

1462 1674 1586 1713 grege
1613 1663 1689 1700 vita
1704 1663 1881 1712 pastoris.
1911 1664 2004 1700 Non
2024 1671 2154 1701 autem
2174 1664 2245 1701 sibi
2272 1665 2541 1714 imputandum

1465 1724 1520 1754 est
1549 1716 1579 1753 si
1608 1724 1694 1753 ante
1723 1716 2001 1765 praelationem
2022 1717 2268 1755 excellentior
2296 1731 2375 1756 non
2401 1718 2482 1767 fuit,
2500 1723 2544 1756 ut

1465 1782 1511 1807 ex
1538 1770 1614 1807 hoc
1643 1770 1782 1807 debeat
1809 1769 2018 1808 vilissimus
2048 1772 2226 1821 reputari.

1518 1825 1578 1860 An
1606 1835 1769 1861 ’remum
1798 1835 1984 1862 mesanum
2017 1825 2135 1872 quod,
2165 1825 2261 1862 sicut
2289 1825 2426 1864 dicitur
2453 1827 2469 1863 1
2491 1825 2545 1864 ad

1470 1878 1558 1915 Cor.
1579 1889 1628 1914 xu
1647 1876 1679 1923 ²¹⁸,
1708 1877 1909 1914 divisiones
1926 1878 2146 1927 gratiarum
2165 1883 2200 1915 et
2222 1879 2580 1918 ministrationum·

1464 1937 1499 1968 et
1518 1931 1781 1990 operationum
1800 1936 1898 1968 sunt.
1927 1931 2041 1969 Unde
2062 1931 2154 1969 nihil
2173 1932 2352 1982 prohibet
2375 1931 2543 1984 aliquem

1466 1997 1547 2022 esse
1577 1984 1699 2033 magis
1736 1984 1922 2022 idoneum
1956 1985 2005 2023 ad
2039 1985 2211 2024 officium
2250 1985 2444 2047 regiminis
2475 1986 2543 2039 qui

1435 2035 1595 2081 ‘atamen
1633 2050 1712 2076 non
1752 2038 1896 2076 excellit
1933 2038 1972 2077 in
2005 2040 2126 2088 gratia
2163 2039 2381 2078 sanctitatis.
2421 2040 2543 2080 Secus

1435 2089 1437 2125 i
1464 2101 1596 2130 autem
1626 2100 1682 2129 est
1714 2092 1751 2129 in
1782 2092 1966 2142 regimine
1996 2093 2140 2131 ordinis
2169 2094 2366 2141 naturalis,
2395 2093 2436 2134 in
2462 2107 2543 2145 quo

1464 2147 1503 2184 id
1531 2147 1637 2196 quod
1659 2154 1716 2183 est
1743 2146 1919 2196 superius
1938 2154 2097 2185 naturae
2127 2147 2275 2195 ordine,
2297 2159 2343 2186 ex
2357 2123 2437 2186 'hoc
2455 2147 2542 2199 ipso

1463 2201 1580 2238 habet
1617 2199 1806 2237 maiorem
1841 2200 2090 2239 idoneitatem
2128 2201 2177 2239 ad
2206 2202 2282 2239 hoc
2309 2201 2418 2251 quod
2450 2202 2544 2241 infe-

1436 2255 1439 2303 }
1465 2253 1566 2291 riora
1596 2253 1784 2302 disponat.

1516 2368 1543 2402 γ)
1563 2371 1767 2400 cognoscunt.-
1784 2371 1951 2402 cognoscunt
1970 2369 2077 2400 PHKL;
2097 2377 2146 2403 pro
2165 2370 2206 2395 uel
2219 2370 2279 2402 ipsi,
2289 2370 2352 2402 plus
2366 2370 2418 2404 ipsi
2429 2371 2476 2403 1³15
2495 2378 2543 2404 pro

1464 2403 1578 2433 deliniti,
1600 2403 1685 2428 dediti
1703 2403 1807 2435 ADEH,
1827 2404 1911 2429 debiti
1929 2405 1947 2436 1,
1967 2404 2074 2430 deliniti
2092 2405 2134 2430 ve!
2152 2405 2239 2430 dediti
2257 2405 2394 2433 PBCFKa.

1516 2438 1543 2473 δ)
1563 2439 1703 2473 susflcit.=
1722 2439 1771 2465 hoc
1790 2440 1890 2473 sufficit
1910 2440 2022 2466 BFHIK.

1016 2510 1355 2543 Commenta-ia
1377 2509 1632 2543 cardinalis
1655 2509 1860 2543 Caietani

337 2592 390 2656 IN
408 2581 541 2613 articulo
566 2579 659 2611 tertio
690 2579 835 2611 eiusdem
857 2580 1075 2621 quaestionis,
1106 2581 1242 2613 dubium
1271 2581 1409 2613 occurrit
1434 2581 1437 2615 l
1461 2580 1623 2622 loquitur,
1656 2580 1774 2612 scilicet
1802 2581 1841 2612 de
1871 2582 2130 2613 remuneratione
2161 2581 2366 2615 servitiorum
2395 2575 2540 2625 ecclesia-

365 2636 447 2658 circa
474 2625 572 2656 illud:
605 2625 727 2656 Divina
758 2625 938 2657 ministeria
966 2626 1149 2658 hominibus
1175 2637 1239 2658 non
1264 2628 1407 2658 commit-

332 2676 448 2702 tuntur
465 2675 602 2712 propter
625 2679 737 2701 eorum
759 2670 1064 2702 remunerationem.
1089 2670 1223 2702 Videtur
1239 2670 1325 2703 enim
1346 2671 1408 2702 hoe
1435 2671 1437 2705 ἓ

334 2726 401 2747 esse
426 2715 649 2747 falsissimum:
679 2714 835 2756 quoniam
859 2722 890 2746 et
913 2722 995 2746 recta
1018 2715 1100 2747 ratio
1125 2722 1156 2747 et
1178 2715 1247 2748 iura
1271 2716 1409 2748 clamant

334 2760 423 2802 quod
453 2761 533 2791 bene
558 2759 660 2790 meriti
693 2760 731 2790 de
755 2759 893 2791 Ecclesia
923 2760 1025 2791 clerici
1057 2760 1172 2792 debent
1201 2761 1240 2792 ab
1268 2761 1408 2792 Ecclesia

333 2805 527 2836 remunerari
551 2804 768 2836 ecclesiasticis
792 2804 966 2841 beneficiis;
998 2815 1082 2846 quae
1106 2813 1230 2837 constat
1253 2805 1408 2846 pertinere

334 2851 374 2880 ad
398 2850 504 2880 divina
528 2849 710 2885 ministeria,
736 2858 810 2880 cum
835 2849 1011 2881 beneficiati
1036 2850 1171 2881 ministri
1194 2851 1253 2881 Dei
1278 2850 1351 2882 sint.

391 2895 442 2925 Ad
465 2895 527 2925 hoc
547 2894 662 2925 dicitur
678 2894 856 2935 dupliciter.
880 2894 999 2931 Primo,
1017 2895 1106 2936 quod
1122 2896 1216 2926 verba
1233 2905 1270 2926 ex
1286 2896 1408 2926 ratione

334 2939 459 2970 dicendi
483 2940 645 2980 pensanda
669 2946 753 2970 sunt.
790 2939 825 2970 In
849 2939 951 2970 littera
975 2947 1083 2971 autem
1111 2940 1190 2972 ratio
1214 2940 1338 2972 dicendi
1362 2947 1408 2972 est

334 2983 507 3014 differentia
530 2984 611 3015 inter
635 2993 702 3014 esse
726 2983 893 3014 meliorem
917 2983 1115 3025 simpliciter,
1141 2985 1202 3016 hoc
1226 2992 1273 3016 est
1297 2995 1407 3016 secun—

335 3029 413 3059 dum
438 3028 614 3065 caritatem;
639 3034 670 3059 et
693 3038 761 3059 esse
785 3029 952 3059 meliorem
969 3029 1008 3060 ad
1024 3029 1096 3066 hoc,
1113 3029 1195 3061 idest
1208 3030 1249 3061 ad
1265 3030 1407 3071 regimen

335 3073 502 3104 Ecclesiae.
529 3073 570 3103 Et
592 3073 703 3103 volens
728 3073 918 3105 concludere
941 3076 1064 3105 Auctor
1087 3075 1177 3116 quod
1201 3085 1267 3106 non
1292 3084 1338 3108 est
1362 3083 1407 3107 at—

334 3117 492 3148 tendenda
515 3117 618 3148 maior
641 3117 767 3148 bonitas
790 3118 984 3159 simpliciter,
1009 3129 1086 3150 usus
1111 3126 1158 3151 est
1181 3119 1263 3151 dicta
1287 3130 1406 3161 propo-

335 3162 465 3199 sitione,
490 3161 625 3193 scilicet:
656 3163 778 3194 Divina
802 3164 981 3195 ministeria
1011 3174 1074 3195 non
1099 3165 1346 3196 committuntur
1373 3167 1405 3196 in

335 3208 640 3244 remunerationem,
666 3208 780 3248 procul
795 3208 895 3239 dubio
920 3208 1023 3240 meriti
1047 3209 1137 3250 quod
1154 3219 1191 3240 ex
1207 3209 1334 3242 caritate
1349 3217 1405 3242 est.

335 3250 419 3281 Nam
442 3251 468 3282 si
492 3250 643 3283 beneficia
667 3252 876 3285 ecclesiastica
899 3252 1110 3294 dispensanda
1126 3261 1230 3285 essent
1253 3255 1285 3285 in
1301 3264 1407 3286 remu-

337 3295 534 3326 nerationem
546 3296 734 3328 meritorum
747 3297 892 3334 caritatis,
909 3298 1022 3339 procul
1035 3298 1145 3336 dubio,
1158 3306 1281 3340 quanto
1293 3299 1408 3342 aliquis

337 3346 418 3370 esset
441 3340 554 3371 melior
577 3341 755 3373 secundum
779 3342 958 3379 caritatem,
983 3342 1084 3384 magis
1107 3343 1234 3375 deberet
1258 3344 1317 3375 sibi
1340 3345 1407 3376 dari
1433 3371 1435 3373 ,

337 3383 583 3415 ecclesiasticum
606 3385 756 3426 regimen.
781 3387 832 3418 Ad
856 3386 918 3418 hoc
941 3387 1037 3428 igitur
1061 3388 1312 3426 excludendum,
1337 3392 1406 3421 Au-

338 3433 406 3458 ctor
429 3427 546 3459 dictam
569 3430 702 3469 protulit
725 3431 1000 3472 propositionem,
1030 3432 1266 3473 intelligendam
1293 3412 1332 3464 de
1361 3444 1407 3465 re-

338 3472 558 3503 muneratione
575 3474 678 3504 meriti
698 3485 734 3505 ex
750 3475 884 3507 caritate.
904 3476 938 3507 ln
959 3477 1050 3508 cuius
1066 3477 1204 3518 signum,
1225 3478 1405 3519 subiungit:

338 3526 434 3557 quam
465 3519 758 3550 remunerationem
794 3526 965 3560 expectare
994 3521 1108 3553 debent
1141 3523 1174 3553 in
1195 3522 1329 3563 ficturo.
1366 3523 1407 3553 Et

338 3560 382 3592 sic
415 3567 514 3592 cessat
543 3561 696 3593 obiectio:
728 3573 811 3604 quae
838 3564 877 3594 de
905 3564 969 3596 alio
999 3575 1112 3605 genere
1142 3566 1407 3598 remunerationis

1462 2624 1667 2701 sticggplffido
1691 2670 1806 2702 dicitur
1829 2670 1930 2712 quod,
1954 2670 2120 2712 loquendo
2145 2671 2241 2703 etiam
2260 2672 2479 2706 universaliter
2501 2667 2542 2706 de

1435 2720 1437 2754 ζ
1462 2715 1729 2751 remuneratione,
1754 2715 1844 2757 quod
1867 2715 1901 2746 in
1921 2715 2143 2748 distributione
2159 2716 2362 2748 ecclesiastici
2376 2707 2540 2770 regiminis

1435 2797 1436 2800 Ἴ
1462 2758 1678 2800 principaliter
1701 2770 1767 2791 non
1793 2759 1886 2791 debet
1905 2760 2024 2792 attendi
2041 2761 2256 2793 remuneratio
2272 2760 2338 2792 sive
2353 2761 2457 2794 meriti
2473 2760 2540 2795 sive

1462 2804 1665 2835 servitiorum
1681 2803 1746 2835 sive
1762 2814 2047 2846 quorumcumque
2064 2805 2202 2836 aliorum
2217 2804 2466 2837 beneficiorum:
2484 2807 2540 2838 sed

1461 2849 1555 2880 debet
1578 2849 1794 2890 principaliter
1817 2850 1937 2880 attendi
1962 2850 2080 2881 utilitas
2096 2850 2264 2887 Ecclesiae,
2290 2850 2459 2892 praecipue
2475 2851 2540 2892 spi-

1435 2911 1436 2914 =
1461 2893 1594 2925 ritualis.
1629 2893 1670 2924 Et
1702 2901 1886 2935 propterea,
1920 2894 1994 2926 licet
2022 2894 2147 2935 possint
2180 2895 2311 2936 praelati
2343 2902 2373 2926 et
2403 2895 2540 2928 debeant

1461 2937 1650 2970 secundario
1676 2948 1809 2979 pensare
1832 2938 2040 2970 ecclesiastica
2065 2938 2189 2970 servitia
2213 2945 2338 2980 recepta
2361 2940 2400 2970 ab
2417 2939 2539 2982 aliquo,

1462 2993 1527 3013 non
1545 2990 1653 3014 tamen
1677 2983 1757 3014 adeo
1782 2983 1871 3024 quod
1896 2990 2028 3025 propter
2043 2983 2315 3014 remunerandum
2332 2983 2425 3015 illum
2449 2992 2539 3026 post-

1461 3034 1601 3068 ponatur
1632 3027 1732 3068 magis
1762 3027 1900 3059 idoneus
1931 3029 1971 3059 ad
2005 3027 2253 3059 ecclesiasticum
2275 3028 2429 3069 regimen.
2465 3029 2539 3068 Sed,

1461 3072 1570 3103 ceteris
1602 3072 1747 3113 paribus,
1781 3079 1887 3113 potest
1917 3079 1948 3104 et
1971 3073 2064 3103 debet
2086 3072 2179 3103 illum
2207 3071 2376 3113 praeficere
2406 3074 2463 3116 qui
2491 3082 2539 3106 est

1461 3116 1562 3157 magis
1586 3117 1666 3148 bene
1691 3116 1822 3148 meritus
1847 3117 1886 3148 de
1910 3116 2060 3148 Ecclesia.
2097 3116 2138 3147 Et
2160 3116 2222 3148 hoc
2246 3117 2354 3148 solum
2378 3125 2426 3150 est
2447 3119 2539 3160 quod

1461 3168 1544 3192 recta
1567 3161 1646 3192 ratio
1671 3161 1768 3193 dictat
1795 3161 1877 3193 circa
1900 3160 2157 3192 distributionem
2188 3162 2388 3194 ecclesiastici
2411 3163 2541 3205 regimi-

1461 3216 1520 3243 ms,
1538 3213 1597 3238 etc.

1518 3250 1556 3282 11.
1581 3250 1616 3281 In
1641 3250 1758 3282 eodem
1780 3249 1931 3286 articulm
1962 3249 2127 3290 diligenter
2150 3251 2277 3283 adverte
2301 3250 2538 3286 distinctionem

1460 3294 1493 3325 in
1517 3295 1619 3326 littera
1643 3295 1798 3336 positam:
1823 3293 1952 3333 scilicet,
1976 3294 2055 3336 quid
2079 3295 2247 3327 conveniat
2270 3295 2484 3335 distribuenti,
2505 3303 2539 3328 et

1460 3339 1539 3381 quid
1563 3338 1738 3380 acceptanti
1761 3337 1993 3380 episcopatum.
2031 3339 2070 3370 Et
2100 3339 2201 3371 menti
2230 3339 2291 3382 fige
2319 3340 2409 3382 quod
2433 3337 2537 3375 distil-

1460 3384 1557 3415 butor
1590 3389 1715 3414 tenetur
1743 3382 1783 3413 ad
1806 3382 2073 3424 comparativam,
2106 3384 2168 3416 hoc
2192 3391 2254 3422 est,
2288 3385 2328 3415 ad
2351 3383 2536 3427 eligendum

1461 3427 1627 3459 meliorem
1640 3427 1680 3458 ad
1692 3426 1833 3478 regimen
1846 3426 2005 3459 ecclesiae.
2031 3428 2093 3459 Ubi
2110 3429 2169 3460 tria
2179 3428 2398 3461 includuntur.
2414 3427 2536 3467 Primo,

2565 862 2576 874 ⁸
2589 861 2653 883 loen.
2669 866 2720 890 σιμ.
2730 866 2768 884 xxi

2564 894 2624 910 ven.
2639 893 2666 916 ¹⁵·

2022 1394 2139 1432 debet
2171 1395 2275 1432 enirn
2304 1397 2353 1433 ad
2381 1396 2458 1433 hoc
2485 1395 2541 1433 in·
2572 1403 2587 1414 ⁴*

2568 1563 2768 1592 ‘Panae-pn

2593 1883 2661 1908 Vm.
2675 1891 2693 1912 4
2706 1890 2759 1913 sqq.

1461 3472 1551 3513 quod
1567 3471 1731 3513 eligendus
1747 3471 1787 3502 sit
1803 3472 1910 3503 bonus
1926 3473 2104 3504 secundum
2118 3473 2300 3505 caritatem:
2325 3472 2434 3505 nullus
2449 3473 2535 3505 enim
2565 3486 2569 3491 ·
2598 3487 2600 3489 ’

1460 3522 1608 3557 peccator
1638 3522 1685 3546 est
1713 3515 1870 3556 eligibilis.
1902 3516 1944 3548 Et
1973 3517 2094 3558 loquor
2124 3518 2163 3549 de
2195 3524 2327 3560 peccato
2350 3517 2488 3550 mortali.
2512 3535 2534 3543 -

1461 3559 1626 3596 Secundo,
1651 3560 1740 3601 quod
1764 3560 1804 3591 sit
1834 3561 1939 3592 bonus
1969 3571 2025 3592 seu
2049 3561 2186 3594 idoneus
2209 3562 2249 3593 ad
2272 3562 2431 3595 Ecclesiae
2454 3562 2535 3603 regi-
