2768 4198
49 827 140 876 aas*

50 1527 178 1557 *Cup-n.

52 1669 75 1682 a

52 1695 87 1719 16.

27 2081 30 2083 Α
55 2067 66 2079 ⁸
79 2066 148 2089 Vera.
163 2067 196 2089 16.

57 2334 68 2344 ⁸
90 2333 113 2355 1²²
135 2332 200 2360 11⁸⁶,

54 2366 109 2387 ux,
123 2363 167 2382 nrt.
182 2365 223 2387 ι,ι
249 2365 269 2387 3.

57 2388 67 2397 ·
81 2387 149 2408 Vm.
163 2391 198 2408 22.

58 2762 133 2812 ἔκαιε.
141 2767 218 2790 cum,
228 2765 270 2783 nrt.

59 2979 70 2991 ⁸
85 2978 150 3000 ναι.
165 2984 198 3000 ιο.

59 3028 71 3040 ’
83 3027 151 3050 νει-ι.
165 3033 199 3055 ²⁵·

62 3347 74 3358 ⁴
137 3362 143 3368 .
160 3352 184 3368 n.

944 272 1213 319 QUAESTio
1243 271 1457 318 CXXXVI,
1488 269 1788 307 ARTlCULUS
1820 270 1831 305 l

2437 279 2484 315 97

549 482 969 560 QUAESTIO
1010 477 2237 537 CENTESIMATRIGESIMASEXTA

1067 603 1108 642 D
1134 602 1172 642 E
1226 602 1259 642 Ρ
1284 602 1324 642 Α
1348 601 1387 641 T
1410 601 1427 640 1
1452 601 1490 641 E
1512 600 1554 641 N
1577 600 1615 640 T
1641 600 1657 640 1
1682 600 1723 640 A

1086 719 1120 743 m
1151 718 1312 749 QmNQUE
1340 708 1544 743 ARTicuLos
1578 717 1697 742 Divisit

143 833 166 849 m
185 832 263 854 mu,
291 825 484 909 Damon
512 814 835 852 considerandum
866 823 921 851 est
950 814 997 851 de
1024 814 1204 864 patientia
1223 814 1256 851 ²¹⁸.

375 869 425 907 Et
453 868 552 906 circa
580 869 654 906 hoc
683 876 920 917 quaeruntur
947 868 1131 917 quinque.

344 923 498 960 Primo:
527 930 655 959 utrum
685 922 867 972 patientia
895 922 941 959 sit
968 922 1101 959 virtus.

345 976 549 1013 Secundo:
578 984 706 1013 utrum
738 975 783 1012 sit
811 975 980 1013 maxima
1006 975 1205 1012 virtutum.

1474 813 1627 851 Tertio:
1657 820 1785 849 utrum
1816 811 1936 861 possit
1962 811 2095 849 haberi
2125 810 2206 848 sine
2235 809 2363 858 gratia.

1474 894 1644 940 Quarto:
1674 901 1804 929 utrum
1833 892 1879 929 sit
1907 904 1995 941 pars
2025 890 2264 928 fortitudinis.

1477 972 1640 1019 Quinto:
1670 979 1798 1008 utrum
1829 971 1874 1008 sit
1903 971 2005 1008 idem
2028 983 2114 1008 cum
2143 970 2441 1019 longanimitate.

1113 1091 1432 1134 ARTICULUS
1464 1089 1671 1132 PRIMUS

995 1185 1172 1216 UTRUM
1204 1183 1479 1215 PATIENTIA
1511 1183 1587 1213 Sir
1619 1182 1799 1213 vmrus

1045 1266 1137 1298 Supra.
1157 1273 1203 1298 qu.
1223 1272 1332 1296 cxxv111;
1352 1265 1396 1289 Ad
1416 1264 1493 1296 Helu,
1513 1271 1569 1297 cap.
1589 1271 1613 1293 x,
1634 1265 1692 1288 lect.
1711 1271 1745 1288 iv.

381 1381 393 1405 2
412 1381 419 1396 ⁸
436 1394 442 1400 ,

447 1392 481 1475 {i
506 1411 688 1462 patientia
715 1422 795 1448 non
823 1410 870 1447 sit
896 1410 1029 1446 virtus.
1067 1409 1236 1446 Virtutes
1264 1407 1368 1444 enim

328 1378 382 1421 Ϊτ-ιῇ
438 1415 442 1420 ,
468 1415 471 1419 .

346 1420 376 1445 '⁴⁸7'
429 1418 452 1442 u:
458 1418 466 1428 ς

344 1460 359 1475 ,η
466 1463 468 1467 ι
492 1467 497 1470 .

293 1740 417 1773 aestus
444 1743 564 1782 neque
590 1732 658 1770 sol.
693 1733 796 1781 Ergo
825 1731 1006 1781 patientia
1034 1743 1112 1768 non
1153 1739 1208 1767 est
1235 1729 1368 1767 virtus.

348 1800 384 1826 2.
411 1787 648 1833 ΡΜΠΕΚΕΑ,
677 1786 781 1823 nulla
806 1785 928 1823 virtus
957 1785 995 1822 in
1024 1784 1134 1822 malis
1162 1791 1288 1834 potest
1315 1783 1370 1820 in-

292 1840 432 1880 veniri:
462 1840 552 1890 quia
579 1840 699 1877 virtus
726 1845 782 1877 est
806 1850 905 1888 quae
931 1839 1072 1876 bonum
1099 1838 1203 1886 facit
1231 1837 1371 1874 hahen-

53 1905 109 1957 im:
127 1947 144 1980 ἐ
159 1903 267 1980 {92:⁸55-
293 1901 367 1934 tem
385 1894 418 1932 *.
449 1893 527 1932 Sed
554 1893 736 1943 patientia
756 1892 992 1941 quandoque
1012 1892 1051 1929 in
1072 1891 1182 1928 malis
1206 1890 1370 1927 homini-

53 1960 122 1981 n.8·.·¹
146 1973 153 1980 .
199 1971 206 1980 0
222 1961 267 1980 eet.

53 1990 84 2007 V!-

294 1950 367 1988 bus
405 1947 614 1985 invenitur:
652 1946 748 1983 sicut
775 1954 879 1995 patet
915 1945 953 1982 in
983 1945 1128 1992 avaris,
1159 1944 1224 1994 qui
1253 1944 1372 1981 multa

296 2003 398 2041 mala
425 2001 612 2050 patienter
648 2001 810 2037 tolerant
837 2007 878 2036 ut
905 1998 1087 2048 pecunias
1127 2005 1370 2046 congregent,

296 2055 510 2094 secundum
539 2054 632 2091 illud
662 2053 788 2090 Eccle.
808 2065 833 2090 v
851 2052 887 2090 *ε
922 2052 1073 2090 Cunctis
1109 2052 1238 2089 diebus
1274 2051 1373 2089 vitae
1398 2072 1399 2090 i

294 2121 388 2147 suae
415 2107 577 2146 comedit
602 2108 640 2144 in
669 2107 842 2154 tenebris,
862 2112 899 2144 et
925 2107 962 2143 in
991 2106 1093 2143 curis
1121 2106 1259 2152 multis,
1279 2111 1316 2142 et
1333 2105 1369 2141 in

296 2173 484 2201 aerumna
510 2167 624 2210 atque
651 2161 809 2198 tristitia.
850 2161 953 2208 Ergo
982 2159 1164 2209 patientia
1198 2171 1277 2196 non
1317 2166 1372 2195 est

297 2225 429 2254 virtus.

353 2271 388 2308 3.
409 2270 645 2314 PRAETEREA,
675 2267 818 2304 fructus
847 2279 870 2304 a
896 2266 1100 2304 virtutibus
1120 2265 1312 2312 differunt,
1333 2273 1375 2302 ut

246 2339 270 2354 u·
297 2335 414 2374 supra
431 2322 452 2345 ’⁸‘
477 2321 652 2359 habitum
681 2328 748 2358 est.
779 2320 856 2358 Sed
884 2319 1066 2370 patientia
1093 2318 1249 2368 ponitur
1275 2318 1374 2355 inter

297 2377 456 2436 fructus,
485 2382 526 2412 ut
554 2382 658 2424 patet
689 2374 814 2412 Galat.
843 2386 868 2411 v
887 2375 920 2411 *.
950 2374 1054 2422 Ergo
1083 2372 1264 2422 patientia
1293 2385 1372 2409 non

298 2438 354 2469 est
380 2438 512 2468 virtus.

353 2484 428 2521 SED
448 2495 596 2521 CONTRA
622 2493 689 2520 Es’r
708 2481 814 2531 quod
833 2481 1066 2530 Augustinus
1096 2479 1196 2527 dicit,
1217 2479 1256 2517 in
1275 2480 1373 2517 libro
1399 2507 1400 2510 η

297 2538 344 2575 de
369 2538 554 2574 Patientia
573 2537 609 2574 *ε
646 2536 771 2574 Virtus
798 2535 920 2572 animi
954 2546 1053 2584 quae
1074 2534 1257 2583 patientia
1285 2533 1374 2571 dici-
1399 2543 1401 2576 ζ

298 2597 371 2638 tur,
401 2596 479 2628 tam
507 2601 694 2640 magnum
714 2589 790 2627 Dei
815 2589 958 2626 donum
982 2594 1036 2625 est
1059 2593 1099 2624 ut
1120 2587 1233 2624 etiam
1259 2587 1373 2636 ipsius

298 2645 365 2694 qui
390 2645 498 2682 nobis
525 2656 610 2681 eam
638 2643 805 2694 largitur
825 2642 1009 2692 patientia
1031 2641 1287 2690 praedicetur.

353 2699 582 2736 Rssspounzo
602 2709 788 2735 memnon
807 2696 926 2745 quod,
951 2695 1047 2733 sicut
1066 2695 1211 2734 dictum
1237 2703 1293 2732 est
1312 2707 1373 2732 su-

298 2765 369 2802 pra
389 2753 422 2800 ²¹²,
451 2752 607 2789 virtutes
636 2751 803 2788 morales
831 2750 1055 2788 ordinantur
1073 2749 1123 2787 ad
1143 2749 1292 2785 bonum
1321 2748 1376 2785 in-

299 2814 487 2855 quantum
517 2812 747 2842 conservant
775 2805 922 2841 bonum
951 2803 1106 2840 rationis
1136 2810 1268 2839 contra
1305 2802 1376 2839 im-

298 2867 411 2910 petus
447 2859 685 2909 passionum.
731 2859 832 2895 Inter
868 2858 960 2894 alias
998 2864 1126 2894 autem
1163 2856 1374 2905 passiones,

298 2913 444 2951 tristitia
481 2913 615 2950 efficax
645 2920 701 2950 est
733 2911 782 2950 ad
810 2911 1103 2961 impediendum
1139 2911 1287 2947 bonum
1317 2922 1374 2947 ra·
1401 2920 1402 2924 ¹

299 2966 433 3005 tionis:
464 2966 679 3004 secundum
708 2965 800 3004 illud
830 2967 861 3002 ΙΙ
890 2965 942 3002 ad
970 2965 1058 3002 Cor.
1084 2976 1133 3001 vu
1156 2964 1194 3000 *z
1225 2963 1376 3000 Saeculi
1401 2966 1402 2992 ἶ

300 3021 447 3058 tristitia
466 3026 626 3057 mortem
646 3025 844 3068 operatur;
872 3026 909 3055 et
925 3018 1043 3056 Eccli.
1068 3029 1139 3055 xxx
1158 3017 1198 3053 *ε
1227 3017 1374 3054 Multos
1401 3020 1403 3049 ἶ

301 3074 434 3112 occidit
460 3074 623 3119 tristitia,
653 3079 689 3110 et
715 3085 791 3110 non
820 3078 875 3109 est
906 3072 1043 3109 utilitas
1075 3072 1112 3108 in
1147 3071 1223 3107 illa.
1261 3070 1375 3108 Unde
1402 3090 1403 3104 ι

301 3139 459 3164 necesse
489 3135 545 3164 est
571 3127 910 3176 haberefaliquam
938 3126 1117 3162 virtutem
1153 3137 1223 3174 per
1256 3136 1374 3173 quam
1402 3119 1403 3124 ’

302 3181 450 3219 bonum
479 3181 635 3218 rationis
664 3187 914 3217 conservetur
942 3187 1074 3216 contra
1102 3177 1302 3224 tristitiam,
1326 3190 1374 3214 ne

303 3233 444 3271 scilicet
462 3234 556 3272 ratio
577 3234 743 3272 tristitiae
764 3234 1002 3271 succumbat.
1034 3233 1119 3269 Hoc
1139 3240 1269 3269 autem
1289 3231 1376 3268 facit

303 3287 494 3336 patientia.
523 3289 636 3326 Unde
664 3287 899 3336 Augustinus
928 3286 1027 3333 dicit,
1048 3285 1086 3323 in
1114 3286 1211 3323 libro
1239 3286 1285 3322 de
1303 3286 1375 3322 Pa-

303 3341 430 3377 tientia
454 3340 492 3388 *,
530 3342 637 3390 quod
664 3342 847 3391 patientia
885 3340 1047 3378 hominis
1081 3345 1135 3376 est
1166 3350 1241 3388 qua
1270 3338 1374 3375 mala

359 3456 385 3488 α)
407 3455 475 3480 idest
493 3455 589 3480 sim.-
606 3455 675 3480 idest
695 3462 723 3480 se
742 3455 768 3480 in
793 3455 887 3488 BFpK,
907 3455 976 3480 idest
993 3455 1018 3480 si
1037 3455 1063 3480 in
1084 3455 1132 3487 pE,
1153 3455 1179 3479 in
1199 3455 1231 3479 Α.

451 3664 560 3688 Smne
579 3662 681 3686 Timor..
701 3662 732 3686 D.
747 3661 862 3686 Timum
881 3661 914 3687 Τ.
932 3662 987 3687 Vll.

507 1370 532 1396 n
559 1370 697 1395 ptumum
717 1369 773 1394 su:
800 1366 1043 1394 Pnocsmwa.
1072 1355 1234 1392 Videtur
1262 1353 1368 1403 quod
1394 1354 1396 1399 ἶ
1421 1366 1544 1402 aequo
1572 1354 1701 1390 animo
1726 1353 1942 1399 toleramus,
1964 1353 2061 1389 idest
2080 1352 2160 1389 sine
2178 1357 2194 1373 ²
2213 1351 2498 1401 perturbatione

1394 1408 1397 1459 1
1422 1407 1607 1454 tristitiae,
1639 1418 1686 1444 ne
1717 1407 1847 1443 animo
1882 1407 2011 1455 iniquo
2044 1407 2144 1443 bona
2181 1406 2400 1442 deseramus
2427 1417 2500 1454 per

316 1501 335 1515 ,¹
399 1486 434 1514 n,
451 1475 477 1514 ‘fi
507 1464 780 1515 perfectissime
800 1470 888 1500 sunt
907 1462 944 1500 in
963 1461 1096 1512 patria,
1117 1469 1159 1499 ut
1182 1460 1272 1499 dicit
1289 1463 1369 1497 Au·
1395 1462 1396 1483 ³

351 1514 525 1563 ⁴5³3&st
560 1518 700 1565 stinus,
730 1517 820 1554 XIV
847 1517 894 1554 de
924 1517 1029 1554 Trin.
1049 1514 1070 1537 *
1103 1515 1180 1553 Sed
1210 1514 1261 1552 ibi
1290 1526 1369 1552 non
1395 1492 1397 1528 Ι

295 1582 351 1613 est
377 1572 576 1624 patientia:
607 1571 695 1622 quia
716 1571 818 1608 nulla
847 1577 934 1608 sunt
956 1570 1009 1608 ibi
1037 1570 1140 1607 mala
1157 1568 1368 1616 toleranda,
1396 1605 1397 1614 ,

293 1626 508 1667 secundum
527 1625 619 1663 illud
639 1624 760 1662 Isaiae
779 1636 864 1662 κω(
882 1623 903 1646 *
927 1631 963 1661 et
981 1623 1212 1673 Apocalyps.
1232 1634 1292 1660 xxi
1307 1621 1368 1659 *ἢ
1396 1632 1397 1636 ’

205 1673 266 1691 ”““
292 1681 384 1720 Νοη
413 1679 578 1718 esurient
603 1690 725 1728 neque
750 1678 893 1724 sitient,
923 1683 959 1714 et
986 1689 1061 1714 non
1089 1677 1275 1726 percutiet
1306 1687 1370 1713 eos

1423 1473 1521 1511 quae
1548 1462 1599 1498 ad
1627 1461 1785 1498 meliora
1809 1461 2090 1508 perveniamus.
2121 1459 2233 1497 Unde
2254 1459 2498 1496 manifestum

1424 1523 1480 1552 est
1508 1514 1731 1564 patientiam
1761 1526 1846 1551 esse
1874 1513 2069 1551 virtutem.

1477 1571 1536 1606 AD
1553 1580 1692 1606 ptumum
1711 1579 1811 1605 ERGO
1827 1579 2014 1605 mCENDUM
2035 1567 2141 1616 quod
2155 1566 2312 1604 virtutes
2332 1567 2500 1603 morales

1424 1635 1503 1660 non
1523 1629 1724 1660 remanent
1744 1622 1957 1659 secundum
1985 1621 2152 1658 eundern
2174 1628 2301 1657 actum
2321 1620 2360 1656 in
2380 1619 2500 1668 patria

1424 1689 1543 1726 quern
1573 1677 1716 1713 habent
1743 1675 1782 1712 in
1805 1675 1881 1722 via,
1903 1675 2044 1712 scilicet
2071 1687 2141 1724 per
2169 1673 2500 1723 comparationem

1425 1730 1474 1768 ad
1503 1731 1606 1767 bona
1635 1729 1846 1779 praesentis
1874 1729 1987 1775 vitae,
2010 1741 2108 1778 quae
2138 1741 2217 1765 non
2247 1728 2501 1764 remanebunt

1424 1784 1463 1821 in
1492 1783 1633 1833 patria:
1664 1784 1732 1820 sed
1760 1795 1830 1832 per
1853 1782 2184 1831 comparationem
2213 1782 2261 1818 ad
2282 1782 2414 1828 finem,
2435 1780 2500 1829 qui

1425 1837 1495 1875 erit
1523 1837 1560 1874 in
1595 1836 1728 1886 patria.
1769 1836 1875 1873 Sicut
1907 1835 2046 1873 iustitia
2085 1848 2164 1873 non
2198 1836 2267 1872 erit
2304 1834 2342 1871 in
2379 1834 2500 1883 patria

1425 1891 1525 1928 circa
1553 1890 1769 1939 emptiones
1799 1897 1835 1926 et
1861 1889 2116 1936 venditiones,
2138 1897 2174 1926 et
2194 1888 2267 1926 alia
2288 1900 2388 1936 quae
2417 1900 2500 1936 per-

1424 1944 1544 1982 tinent
1563 1944 1612 1981 ad
1631 1943 1750 1981 vitam
1779 1951 2043 1992 praesentem:
2074 1943 2142 1980 sed
2162 1942 2200 1979 in
2220 1943 2295 1979 hoc
2315 1942 2421 1990 quod
2447 1949 2502 1978 est

1426 1997 1619 2035 subditum
1650 2010 1732 2034 esse
1761 1998 1859 2034 Deo.
1891 1996 2072 2034 Similiter
2100 2003 2205 2033 actus
2233 1995 2435 2045 patientiae
2464 1995 2500 2031 in

1425 2051 1547 2101 patria
1575 2063 1654 2088 non
1683 2051 1752 2088 erit
1772 2051 1810 2087 in
1839 2050 2061 2087 sustinendo
2092 2049 2236 2099 aliqua:
2267 2049 2335 2086 sed
2354 2049 2392 2085 in
2413 2048 2501 2085 frui-

1398 2128 1399 2155 1
1426 2105 1529 2142 tione
1558 2105 1751 2142 bonorum
1772 2104 1810 2140 in
1831 2116 1929 2153 quae
1958 2103 2161 2153 pervenire
2182 2103 2413 2141 volebamus
2434 2114 2500 2151 pa-

1425 2159 1568 2196 tiendo.
1607 2158 1719 2195 Unde
1753 2157 1987 2206 Augustinus
2022 2157 2121 2204 dicit,
2155 2157 2193 2194 in
2221 2157 2311 2193 XIV
2343 2156 2389 2192 de
2421 2156 2500 2193 civ.

1426 2212 1502 2249 Dei
1517 2211 1549 2258 ²⁸,
1579 2211 1687 2259 quod
1707 2212 1743 2248 in
1761 2211 1890 2259 patria
1910 2222 1984 2247 non
2006 2211 2076 2247 erit
2094 2211 2175 2258 ipsa
2189 2209 2384 2258 patientia,
2406 2220 2503 2257 quae

1427 2265 1639 2302 necessaria
1669 2277 1743 2302 non
1773 2270 1828 2301 est
1854 2264 1927 2300 nisi
1954 2264 2019 2301 ubi
2044 2264 2240 2300 toleranda
2265 2268 2353 2299 sunt
2378 2262 2502 2299 mala:
2531 2278 2540 2287 ·

1425 2319 1492 2356 sed
1517 2324 1714 2356 aeternum
1750 2318 1822 2355 erit
1847 2318 1886 2354 id
1912 2329 1986 2366 quo
2010 2329 2082 2366 per
2113 2317 2336 2366 patientiam
2369 2327 2503 2364 perve-

1427 2373 1540 2410 nitur.

1481 2428 1540 2463 AD
1569 2437 1761 2463 SECUNDUM
1790 2436 1976 2462 chssnnum
2006 2424 2124 2473 quod,
2146 2424 2242 2461 sicut
2267 2424 2502 2472 Augustinus

1428 2479 1527 2527 dicit,
1549 2479 1588 2516 in
1615 2479 1712 2516 libro
1741 2478 1787 2515 de
1805 2479 1989 2515 Patientia
2009 2477 2039 2526 *,
2063 2479 2248 2527 patientes
2263 2478 2422 2526 proprie
2450 2478 2503 2514 di-

1428 2539 1566 2571 cuntur
1593 2533 1659 2582 qui
1685 2532 1788 2569 mala
1817 2532 1964 2569 malunt
1991 2544 2066 2569 non
2096 2532 2358 2569 committendo
2381 2532 2501 2578 ferre,

1400 2609 1401 2616 κ
1427 2599 1543 2637 quam
1572 2598 1647 2623 non
1663 2587 1824 2634 ferendo
1845 2586 2088 2623 committere.
2118 2587 2164 2622 In
2186 2586 2257 2622 illis
2284 2591 2409 2622 autem
2439 2585 2504 2633 qui

1400 2673 1401 2678 ,
1428 2641 1531 2678 mala
1559 2640 1740 2677 sustinent
1767 2645 1808 2676 ut
1833 2640 1939 2677 mala
1953 2640 2121 2688 faciant,
2141 2651 2210 2676 nec
2229 2639 2405 2675 miranda
2435 2650 2503 2675 nec

1429 2695 1622 2732 laudanda
1656 2699 1711 2731 est
1738 2693 1938 2742 patientia,
1968 2705 2066 2742 quae
2093 2693 2198 2729 nulla
2233 2698 2303 2729 est:
2334 2692 2401 2729 sed
2433 2692 2500 2728 mi-

1429 2748 1551 2786 randa
1580 2748 1732 2793 duritia,
1762 2747 1940 2797 neganda
1963 2747 2157 2796 patientia.

1482 2804 1542 2839 An
1574 2813 1736 2838 TERTmM
1769 2812 1955 2838 DlCENDUM
1985 2801 2101 2849 quod,
2140 2799 2235 2837 sicut
2264 2810 2378 2847 supra
2399 2800 2418 2820 ’ῃ
2449 2798 2502 2835 di-

1429 2909 1520 2948 dam
1551 2908 1855 2946 delectationem.
1886 2909 1982 2945 Sunt
2007 2916 2136 2944 autem
2166 2907 2400 2955 operationes
2427 2906 2501 2942 vir-

1430 2969 1549 3000 tutum
1578 2962 1810 3000 delectabiles
1838 2962 2043 2999 secundum
2070 2962 2222 3010 seipsas,
2243 2968 2283 2996 ut
2302 2959 2436 2997 dicitur
2464 2959 2500 2995 in

2529 2488 2541 2500 ⁸
2554 2487 2611 2516 Cap.
2627 2494 2652 2515 u,
2668 2494 2690 2509 v.

2530 2804 2539 2813 ι

2554 2803 2563 2824 n·-

2555 2833 2571 2877 ’Τ

2564 2802 2637 2823 2111885

1430 2863 1534 2893 ctum
1565 2863 1636 2901 est,
1667 2855 1809 2892 fructus
1837 2854 1875 2891 in
1905 2854 1962 2890 sui
1992 2854 2137 2891 ratione
2170 2853 2350 2901 importat
2383 2865 2501 2900 quan·
2530 2836 2555 2878 zi
2592 2836 2612 2855 ¹’
2632 2835 2663 2857 q„

2640 2818 2646 2829 2
2661 2808 2675 2830 q

2678 2809 2700 2823 u.
2713 2808 2743 2829 xi,

2664 2844 2670 2850 .
2690 2835 2743 2852 Lxx,

1431 3018 1445 3054 I
1473 3017 1594 3054 Ethic.
1615 3016 1635 3038 '¹‘
1665 3016 1904 3052 Consuetum
1935 3023 1991 3052 est
2019 3022 2147 3052 autem
2178 3022 2218 3051 ut
2246 3012 2399 3050 nomine
2428 3012 2501 3049 vir·
2529 3015 2742 3071 J3fi³gff¹il¹1¹ssc¹k

1430 3078 1554 3108 tutum
1579 3068 1595 3099 β
1630 3069 1743 3106 etiam
1782 3069 1964 3106 virtutum
2003 3076 2108 3105 actus
2145 3067 2413 3116 significentur.
2454 3066 2503 3102 Et
2529 3075 2576 3090 ⁸¹¹¹·

1431 3124 1518 3162 ideo
1547 3123 1738 3173 patientia,
1769 3130 1956 3171 quantum
1978 3123 2026 3159 ad
2050 3122 2235 3167 habitum,
2256 3119 2409 3168 ponitur
2428 3119 2501 3155 vir-

1431 3186 1512 3215 tus:
1543 3185 1728 3226 quantum
1751 3184 1880 3213 autem
1901 3175 1950 3212 ad
1977 3175 2266 3212 delectationem
2293 3185 2410 3222 quam
2435 3173 2502 3209 ha—

1431 3232 1496 3268 bet
1524 3231 1561 3268 in
1592 3238 1689 3276 actu,
1710 3229 1865 3279 ponitur
1893 3230 2047 3266 fructus.
2077 3229 2127 3264 Et
2149 3226 2353 3276 praecipue
2383 3238 2502 3275 quan·

1431 3293 1512 3321 tum
1543 3285 1590 3321 ad
1620 3285 1695 3320 hoc
1723 3283 1829 3332 quod
1857 3295 1926 3331 per
1954 3281 2175 3330 patientiam
2214 3280 2364 3317 animus
2394 3292 2501 3328 prae-

1432 3346 1605 3375 servatur
1633 3349 1680 3373 ne
1711 3337 1895 3372 obruatur
1922 3334 2078 3372 tristitia.

1483 3452 1508 3486 β)
1529 3453 1670 3477 virtutum.
1683 3465 1701 3470 -
1721 3450 1831 3476 virtutis
1851 3449 1921 3474 PKa.

2631 3096 2644 3129 β
