2768 4198
939 273 1207 319 QUAESTIO
1238 272 1410 319 CLVIII,
1441 273 1738 310 ARTICULUS
1766 273 1801 310 V

328 353 510 383 Secundum
528 358 587 382 est:
613 352 790 388 Quomodo
810 350 958 382 differunt
972 352 1114 381 membra
1134 350 1343 382 distinctionis
1367 350 1370 403 Ι

272 397 304 426 in
320 397 422 427 littera
437 396 574 437 positae:
600 395 726 432 scilicet,
744 396 788 425 ira
801 405 838 426 ex
854 402 940 436 parte
957 395 1145 435 appetibilis,
1164 405 1238 425 cum
1255 405 1342 425 com-

273 448 400 480 paratur
423 440 558 471 invidiae
583 446 613 470 et
636 439 791 476 tristitiae3
816 446 846 470 et
870 449 906 470 ex
929 446 1016 479 parte
1040 439 1131 475 boni,
1157 449 1231 469 cum
1255 450 1342 469 com-

273 492 399 525 paratur
423 481 716 524 concupiscentiae?
740 484 780 514 Et
799 491 845 514 est
868 483 948 514 ratio
966 484 1052 514 dubii
1078 483 1152 526 quia
1174 483 1342 524 utrobique

273 528 440 569 appetibile
470 529 571 569 ipsius
601 528 664 558 irae
695 527 911 558 consideratur
942 538 978 558 ex
1002 534 1089 568 parte
1113 527 1162 558 sui
1190 527 1341 564 formalis,

273 574 362 614 quod
385 579 432 604 est
454 574 578 603 bonum
600 572 766 608 vindictae,
787 579 822 602 ut
846 579 931 612 patet
954 572 984 602 in
1009 572 1123 603 littera.

329 618 379 648 Ad
403 617 545 657 primum
569 616 703 647 dubium
727 616 842 647 dicitur
856 617 955 657 quod,
972 616 1045 647 licet
1067 615 1184 646 invidia
1204 616 1243 647 sit
1265 616 1342 646 boni

273 661 455 698 formaliter,
480 669 526 692 est
548 669 655 692 tamen
671 661 747 691 mali
770 661 952 691 virtualiter.
977 661 1060 690 Nam
1077 660 1169 690 dolor
1193 661 1230 690 de
1254 660 1342 690 bono

273 705 399 736 alterius
421 703 515 736 infert
530 705 728 736 voluntatem
745 705 820 735 mali
843 705 937 736 illius.
963 705 1028 742 Qui
1043 704 1127 735 enim
1144 704 1230 735 dolet
1252 705 1341 744 quod

273 750 348 780 alter
371 749 410 780 sit
433 749 529 786 dives,
545 750 639 781 vellet
660 750 748 790 quod
773 749 900 780 haberet
919 750 1041 779 malum
1065 748 1262 788 oppositum,
1284 748 1340 778 sci—

272 794 344 824 licet
367 794 578 834 privationem
603 793 793 825 divitiarum.

2387 286 2462 323 279

1451 352 1501 381 Ad
1525 352 1703 382 secundum
1726 352 1860 382 dubium
1885 351 1998 382 dicitur
2022 352 2111 392 quod
2134 351 2186 382 illa
2211 353 2353 382 membra
2377 352 2463 383 diffe-

1397 403 1469 426 runt
1491 396 1648 434 absolute,
1665 404 1695 427 et
1719 396 1854 427 relative.
1879 396 2034 426 Absolute
2058 396 2198 436 quidem,
2216 396 2291 436 quia
2314 396 2346 426 in
2362 397 2464 436 prima

1397 440 1634 479 comparatione
1670 440 1807 471 sumitur
1839 441 1902 470 irae
1939 440 2108 480 appetibile
2141 441 2316 480 integrum,
2348 440 2465 471 scilicet

1397 484 1613 523 compositum
1644 494 1679 514 ex
1708 485 1793 514 malo
1818 491 1848 515 et
1879 485 1983 520 bono,
2008 491 2044 514 ut
2070 484 2204 515 includit
2235 485 2356 515 malum
2388 495 2463 524 poe-

1397 538 1454 557 nae
1479 535 1509 558 et
1531 529 1655 558 bonurn
1679 528 1850 559 vindictae:
1875 529 1908 558 in
1934 529 2072 559 secunda
2096 535 2203 559 autem
2227 529 2464 568 comparatione

1396 572 1532 602 sumitur
1551 573 1778 602 tantummodo
1803 583 1861 612 pro
1878 573 1975 603 bono.
2001 573 2141 603 Relative
2164 583 2249 609 vero,
2267 573 2342 613 quia
2359 573 2463 613 primo

1396 615 1430 646 fit
1454 616 1650 656 comparatio
1675 618 1714 646 ad
1742 617 1816 647 vitia
1839 626 1921 657 quae
1945 624 2019 648 sunt
2048 624 2191 657 respectu
2217 617 2292 647 mali
2316 617 2463 657 proximi,

1397 660 1474 690 dum
1497 660 1541 690 ira
1572 660 1702 691 refertur
1731 662 1770 691 ad
1793 661 1946 691 invidiam
1970 668 2000 692 et
2028 661 2156 692 odium:
2182 661 2214 691 in
2238 662 2378 692 secundo
2410 672 2463 691 au-

1396 711 1460 734 tem
1491 704 1651 735 confertur
1678 705 1723 735 ira
1761 705 2033 746 concupiscentiae
2063 705 2254 746 inquantum
2288 713 2334 736 est
2362 715 2464 746 respe-

1397 755 1448 778 ctu
1473 749 1559 779 boni.

1367 804 1370 825 1

1068 945 1388 988 ARTICULUS
1420 944 1679 994 QUINTUS

486 1041 642 1072 UTRUM
667 1040 837 1072 SPECIES
862 1039 1130 1072 IRACUNDIAE
1155 1038 1498 1070 CONVENlENTER
1520 1037 1900 1068 DETERMINENTUR
1923 1040 1952 1068 A
1976 1038 2252 1070 PHILOSOPHO

1019 1120 1042 1144 1⁸
1062 1120 1117 1149 11¹⁶,
1137 1128 1182 1152 qu
1201 1127 1267 1150 xrw,
1288 1124 1334 1145 art.
1354 1118 1385 1150 8;
1405 1119 1439 1143 IV
1459 1118 1558 1147 Ethic„
1579 1119 1636 1144 lect
1656 1127 1709 1144 1111.

390 1246 399 1254 *¹
410 1258 462 1319 {⁴4
483 1257 798 1295 inconvenienter
848 1254 1147 1292 determinentur
1193 1252 1339 1301 species

387 1290 471 1366 57&
483 1310 703 1347 iracundiae
722 1321 745 1346 a
764 1306 1043 1356 philosopho,
1035 1319 1074 1343 1n
1099 1306 1151 1342 IV
1169 1306 1290 1342 Ethic.
1307 1305 1338 1352 ²¹²,

440 1356 549 1400 &ubi
588 1362 677 1400 dicit
717 1361 824 1409 quod
867 1359 1139 1396 iracundorum
1182 1358 1340 1418 quidam

272 1423 359 1453 sunt
385 1416 498 1462 acuti,
519 1415 677 1464 quidam
706 1413 844 1459 amari,
874 1413 1031 1462 quidam
1061 1412 1232 1460 difficiles
1260 1411 1340 1448 sive

270 1480 422 1519 graves.
452 1469 553 1516 Quia
573 1467 787 1506 secundum
811 1467 937 1515 ipsum
957 1466 988 1512 ²¹⁶,
1009 1465 1138 1502 amari
1165 1464 1341 1502 dicuntur

271 1534 433 1571 quorum
454 1523 512 1559 ira
540 1522 694 1571 difficile
710 1521 868 1558 solvitur
886 1525 922 1556 et
938 1519 1055 1556 multo
1075 1524 1242 1567 tempore
1260 1530 1341 1555 ma-

271 1581 343 1613 net.
375 1575 453 1612 Sed
472 1576 547 1612 hoc
562 1575 718 1613 videtur
735 1573 924 1623 pertinere
944 1572 993 1609 ad
1019 1571 1341 1609 circumstantiam

272 1628 468 1677 temporis.
485 1629 587 1677 Ergo
602 1628 753 1666 videtur
767 1626 873 1676 quod
889 1626 1003 1663 etiam
1019 1625 1233 1678 secundum
1251 1624 1342 1661 alias

273 1681 572 1719 circumstantias
609 1688 771 1731 possunt
799 1679 918 1728 accipi
960 1679 1055 1716 aliae
1089 1674 1236 1727 species
1264 1678 1341 1715 irae

325 1746 362 1772 2.
383 1735 618 1782 PRAETEREA,
639 1733 821 1782 difficiles,
843 1733 923 1770 sive
942 1744 1095 1782 graves,
1113 1731 1199 1768 dicit
1217 1731 1237 1752 ’¹‘
1259 1744 1341 1768 esse

271 1798 434 1836 quorum
472 1788 532 1825 ira
570 1800 644 1825 non
674 1791 929 1824 commutatur
963 1786 1045 1822 sine
1078 1785 1249 1822 cruciatu
1283 1785 1343 1821 vel

264 1841 473 1890 punitione.
505 1841 582 1878 Sed
610 1842 686 1878 hoc
715 1841 830 1877 etiam
866 1838 1030 1887 pertinet
1057 1839 1106 1875 ad
1135 1838 1342 1874 insolubili—

270 1902 387 1933 tatem
414 1894 504 1932 irae.
535 1894 638 1942 Ergo
667 1894 818 1931 videtur
846 1892 952 1940 quod
971 1892 1074 1928 idem
1105 1891 1178 1928 sint
1205 1891 1341 1939 diffici-

270 1947 323 1985 les
352 1955 387 1984 et
414 1947 552 1984 amari.

327 2001 362 2038 3.
382 2000 618 2046 Pmmsam,
640 1999 850 2045 Dominus⁷
881 1997 1015 2035 Matth.
1037 2009 1060 2034 v
1078 1997 1109 2044 *‚
1130 1997 1239 2045 ponit
1266 2005 1341 2035 tres

271 2054 410 2102 gradus
438 2053 528 2099 irae,
555 2065 644 2089 cum
674 2052 774 2099 dicit,
806 2052 881 2094 Qui
906 2051 1084 2088 irascitur
1099 2051 1225 2099 fratri
1249 2062 1319 2087 suo
1328 2065 1342 2095 ‚-

273 2114 321 2154 et,
347 2107 413 2155 qui
438 2106 578 2143 dixerit
596 2105 723 2154 fratri
747 2117 837 2151 suo,
874 2105 1005 2148 Raca‚·
1033 2111 1084 2150 et,
1114 2104 1180 2152 qui
1205 2104 1345 2140 dixerit

267 2160 387 2207 fratri
411 2171 492 2206 suo,
512 2160 644 2196 Fatue.
676 2158 752 2206 Qui
772 2157 929 2207 quidem
950 2157 1089 2205 gradus
1118 2156 1167 2193 ad
1190 2157 1339 2205 praedi-

273 2220 351 2250 ctas
379 2212 526 2261 species
554 2224 633 2249 non
663 2211 883 2248 referuntur.
914 2211 1017 2258 Ergo
1055 2209 1207 2247 videtur
1235 2211 1341 2259 quod

272 2266 465 2314 praedicta
494 2265 630 2302 divisio
658 2264 734 2301 irae
763 2276 843 2301 non
873 2263 918 2300 sit
947 2262 1192 2300 conveniens.

327 2320 402 2356 SED
421 2330 569 2356 CONTRA
591 2329 658 2354 Esr
686 2317 792 2366 quod
820 2315 1026 2364 Gregorius
1057 2316 1257 2364 Nyssenus
1287 2316 1340 2352 di-

33 2382 144 2405 Nemes-
154 2381 246 2431 «Ηυξ
273 2372 322 2409 cit
338 2372 360 2397 ⁸¹⁸
387 2372 492 2420 quod
520 2377 594 2407 tres
619 2376 707 2407 sunt
725 2369 988 2407 irascibilitatis
1014 2370 1173 2417 species:
1202 2369 1341 2406 scilicet

32 2410 117 2458 fff'i'i'&
126 2415 154 2432 ⁶⁸
172 2415 245 2464 {mii
272 2425 331 2462 ira
358 2436 456 2474 quae
474 2429 634 2461 vocatur
648 2423 791 2472 fellea‚·
820 2430 856 2459 et
879 2423 1008 2460 mania
1029 2427 1047 2443 ²
1049 2434 1177 2471 ⁷quae
1208 2422 1342 2459 dicitur

33 2469 79 2485 m
271 2478 436 2524 insania;
467 2485 503 2514 et
518 2478 651 2536 furor.
681 2478 791 2524 Quae
811 2476 881 2513 tria
899 2476 1079 2513 videntur
1100 2488 1182 2513 esse
1203 2477 1340 2513 eadem

271 2531 390 2569 tribus
423 2530 662 2579 praemissis:
697 2543 787 2567 nam
823 2530 922 2566 iram
948 2528 1110 2578 selleam
1140 2529 1229 2566 dicit
1258 2542 1340 2566 esse

271 2596 370 2633 quae
390 2583 622 2632 principium
650 2588 687 2619 et
712 2589 855 2620 motum
883 2583 1005 2627 hahet,
1031 2582 1138 2630 quod
1164 2571 1339 2619 Philoso-

34 2647 246 2675 ’Loc-cit-‚n-89-
272 2638 371 2686 phus
390 2637 410 2659 ’1‘
439 2636 606 2673 attribuit
632 2637 770 2681 acutis,·
797 2636 966 2672 maniam
986 2634 1001 2664 β
1028 2647 1124 2672 vero
1149 2635 1238 2672 dicit
1257 2648 1340 2673 esse

273 2692 371 2742 iram
391 2702 489 2739 quae
496 2695 698 2738 permanet
715 2695 751 2726 et
768 2690 804 2726 in
824 2694 1041 2726 vetustatem
1062 2689 1218 2735 devenit,
1235 2690 1341 2736 quod

32 1324 186 1374 :ew-⁸

31 1486 43 1498 ⁸
54 1485 124 1512 ibid..
138 1491 162 1507 ιι.
175 1490 208 1507 ιο.

32 1747 43 1759 ·
56 1724 126 1774 liud„
138 1751 163 1768 n.
177 1751 204 1768 u.

33 2017 44 2027 ⁸
57 2012 124 2034 Ven-
139 2018 173 2034 22.

34 2753 210 2778 ‘lbid·-n-¹o·
273 2743 530 2792 Philosophus
549 2743 569 2764 ’¹‘
598 2742 765 2779 attribuit
802 2742 966 2786 amaris,·
990 2742 1172 2789 furorem
1211 2749 1340 2779 autern

273 2797 361 2835 dicit
389 2809 472 2834 esse
502 2798 601 2833 iram
630 2808 727 2844 quae
759 2796 934 2832 observat
960 2801 1103 2843 tempus
1138 2795 1176 2831 in
1203 2795 1341 2844 suppli-

35 2852 206 2886 ’1bid‡·n-¹¹-
273 2851 387 2896 cium,
408 2850 513 2899 quod
534 2849 790 2897 Philosophus
808 2848 829 2870 ’¹‘
857 2847 1021 2885 attribuit
1039 2848 1263 2896 difficilibus.
1294 2849 1343 2885 Et

274 2903 438 2941 eandem
467 2903 581 2940 etiam
608 2902 837 2940 divisionem
866 2901 975 2950 ponit
1002 2902 1280 2949 Damascenus,
1303 2901 1341 2938 in

34 2964 246 3018 ἦρεῃῠῖξθζξξ-
275 2958 306 2994 11
334 2957 432 2994 libro
452 2956 483 2993 ²¹⁶.
523 2956 625 3004 Ergo
661 2955 855 3004 praedicta
893 2954 1116 3003 Philosophi
1154 2954 1340 2991 distinctio

133 2997 184 3057 γρ
275 3017 330 3048 est
359 3009 594 3047 conveniens
614 3014 640 3045 Υ.

327 3064 554 3100 ΒΕεΡοΝΒΕο
583 3074 769 3100 nicENDuM
798 3060 905 3109 quod
932 3060 1125 3109 praedicta
1154 3060 1342 3097 distinctio

275 3123 400 3175 potest
433 3116 562 3153 referri
589 3116 651 3153 vel
680 3115 729 3152 ad
761 3114 982 3163 passionem
1010 3113 1106 3159 irae,
1135 3113 1197 3149 vel
1228 3113 1342 3150 etiam

276 3169 324 3205 ad
353 3168 478 3217 ipsum
506 3176 708 3218 peccatum
737 3168 827 3205 irae.
859 3166 1072 3213 Quomodo
1092 3174 1220 3202 autem
1248 3166 1343 3203 refe-

36 3235 128 3257 ηιμ·
131 3241 181 3262 qu.
187 3240 249 3261 xm,
277 3228 379 3258 ratur
416 3221 466 3258 ad
502 3222 722 3270 passionem
751 3221 849 3267 irae,
881 3232 995 3268 supra
1018 3219 1038 3241 ’Β
1066 3219 1239 3255 habitum
1269 3226 1341 3267 est,

35 3265 78 3284 ⁸¹²
93 3262 115 3284 ⁸
277 3286 365 3311 cum
394 3274 441 3310 de
470 3275 646 3333 passione
675 3275 752 3311 irae
772 3281 957 3322 ageretur.
988 3273 1038 3309 Et
1066 3272 1119 3309 sic
1138 3271 1343 3321 praecipue

38 3339 106 3362 ·.cf
131 3345 177 3367 arg
201 3339 251 3360 sea
276 3327 426 3363 videtur
444 3327 537 3375 poni
553 3339 575 3363 a
590 3328 775 3375 Gregorio
795 3328 975 3375 Nysseno
998 3333 1034 3362 et
1052 3327 1295 3362 Damaseeno
1311 3325 1343 3362 ³¹².

37 3368 128 3388 “mm
278 3381 392 3416 Nunc
421 3386 549 3416 autem
578 3388 728 3428 oportet
756 3380 928 3429 accipere
968 3378 1250 3416 distinctionem
1279 3379 1344 3415 ha-

330 3494 357 3526 α)
378 3493 507 3518 mania.-
527 3492 619 3517 inania
637 3493 774 3525 BEFKpC.
793 3493 869 3517 inani
887 3494 937 3526 pA.

331 3528 356 3561 β)
377 3529 504 3553 maniam.
518 3542 537 3547 -
556 3527 675 3552 inanium
695 3528 825 3560 BEFKpC
844 3533 869 3553 et
887 3536 912 3558 a,
933 3528 1053 3554 manicas
1071 3530 1104 3560 H,
1118 3534 1146 3553 ut
1165 3537 1213 3553 nos
1234 3529 1266 3554 G.

330 3565 357 3598 γ)
377 3567 416 3589 est
434 3563 600 3589 conveniens.
611 3576 631 3581 -
649 3570 701 3587 non
721 3565 761 3588 est
780 3563 965 3588 inconveniens
984 3564 1030 3590 Pa.

329 3599 354 3632 δ)
374 3600 452 3625 enim.
465 3613 485 3618 —
501 3601 592 3623 autem
612 3598 641 3623 P.

1368 3511 1370 3548 1

1368 3566 1370 3594 4

424 1237 426 1239 ,
484 1217 507 1243 D
527 1216 690 1248 QumTUM
709 1215 763 1240 Sic
781 1213 1024 1239 paecunrrua.
1046 1200 1207 1237 Videtur
1232 1199 1338 1249 quod
1394 1211 1478 1235 rum
1500 1199 1714 1258 specierum
1735 1200 1949 1237 secundum
1970 1200 2076 1248 quod
2099 1201 2287 1248 pertinent
2307 1202 2356 1238 ad
2375 1214 2462 1250 pec-

1395 1259 1522 1288 catum
1552 1252 1642 1299 irae,
1662 1261 1777 1311 prout
1804 1253 1958 1301 ponitur
1986 1265 2008 1289 a
2036 1253 2284 1313 Philosopho.

1449 1306 1578 1341 Potest
1614 1305 1716 1342 enirn
1737 1304 1750 1327 δ
1779 1306 2006 1343 inordinatio
2043 1307 2119 1343 irae
2152 1319 2197 1343 ex
2225 1308 2376 1344 duobus
2412 1316 2464 1345 at-

1394 1357 1509 1394 tendi.
1536 1358 1666 1395 Primo
1687 1358 1857 1406 quidem,
1880 1371 1925 1395 ex
1945 1359 2028 1407 ipsa
2047 1359 2123 1396 irae
2145 1360 2300 1407 origine.
2322 1361 2371 1397 Et
2390 1362 2465 1397 hoc

1394 1410 1557 1459 pertinet
1586 1411 1634 1448 ad
1663 1417 1810 1457 acutos,
1839 1412 1903 1460 qui
1932 1412 2043 1449 nimis
2073 1412 2146 1450 cito
2175 1413 2399 1460 irascuntur,
2430 1422 2465 1451 et

1397 1476 1443 1500 ex
1471 1463 1638 1512 qualibet
1656 1465 1732 1501 levi
1761 1477 1887 1502 causa.
1908 1485 1932 1493 —
1953 1465 2037 1502 Alio
2059 1467 2191 1513 modo,
2213 1479 2258 1503 ex
2286 1467 2368 1515 ipsa
2388 1467 2464 1504 irae

1397 1517 1607 1564 duratione,
1630 1530 1676 1554 eo
1706 1518 1845 1555 scilicet
1873 1519 1978 1567 quod
2006 1519 2060 1555 ira
2089 1519 2201 1556 nimis
2234 1528 2463 1568 perseverat.

1398 1571 1515 1617 Quod
1539 1571 1695 1619 quidem
1715 1579 1841 1620 potest
1870 1583 1952 1608 esse
1975 1572 2184 1621 dupliciter.
2215 1573 2301 1610 Uno
2331 1574 2464 1621 modo,

1398 1624 1487 1672 quia
1506 1636 1622 1660 causa
1642 1624 1732 1671 irae,
1754 1625 1893 1662 scilicet
1912 1625 2046 1662 iniuria
2066 1625 2177 1673 illata,
2200 1626 2312 1663 nimis
2337 1635 2466 1664 manet

1397 1677 1436 1714 in
1465 1677 1653 1714 memoria
1680 1677 1866 1715 hominis:
1896 1678 2000 1715 unde
2030 1691 2075 1715 ex
2102 1679 2178 1716 hoc
2205 1681 2326 1716 homo
2357 1680 2466 1717 diuti-

1398 1742 1488 1767 nam
1526 1730 1711 1767 tristitiam
1749 1731 1930 1780 concipit;
1962 1739 1998 1768 et
2031 1732 2118 1769 ideo
2149 1741 2235 1769 sunt
2269 1733 2340 1770 sibi
2375 1733 2465 1782 ipsis

1397 1795 1532 1831 graves
1561 1791 1598 1820 et
1620 1785 1757 1821 amari.
1779 1806 1802 1812 —
1831 1784 1917 1821 Alio
1944 1785 2063 1821 modo
2094 1786 2275 1834 contingit
2295 1799 2339 1823 ex
2358 1795 2465 1835 parte

1398 1837 1514 1884 ipsius
1542 1836 1745 1883 vindictae,
1767 1849 1885 1886 quarn
1915 1837 2049 1886 aliquis
2078 1839 2267 1876 obstinato
2298 1841 2464 1888 appetitu

1398 1889 1555 1938 quaerit.
1586 1890 1635 1926 Et
1654 1890 1728 1927 hoc
1752 1891 1914 1940 pertinet
1941 1891 1990 1928 ad
2010 1892 2180 1940 difficiles
2208 1892 2288 1930 sive
2312 1905 2463 1943 graves,

1398 1943 1462 1992 qui
1490 1955 1569 1979 non
1599 1943 1790 1981 dimittunt
1816 1944 1912 1981 iram
1942 1956 2143 1993 quousque
2171 1946 2343 1994 puniant.

1450 1998 1509 2033 An
1546 2008 1684 2034 PRIMUM
1721 2009 1820 2034 ERGO
1853 2009 2039 2035 DicENDUM
2064 1998 2169 2045 quod
2198 1999 2234 2035 in
2266 1999 2464 2048 speciebus

1397 2049 1598 2097 praedictis
1627 2062 1705 2086 non
1735 2050 1990 2099 principaliter
2011 2051 2271 2088 consideratur
2290 2060 2463 2101 tempus:

1397 2102 1464 2139 sed
1492 2102 1648 2139 facilitas
1672 2103 1839 2140 hominis
1859 2103 1907 2140 ad
1937 2103 2044 2151 iram,
2065 2105 2128 2141 vel
2153 2105 2311 2142 firmitas
2339 2105 2377 2142 in
2397 2106 2463 2143 ira.

1450 2158 1508 2192 An
1543 2167 1735 2193 SECUNDUM
1767 2168 1952 2193 mcENDUM
1988 2157 2094 2205 quod
2128 2158 2296 2206 utrique,
2327 2159 2466 2196 scilicet

1396 2209 1524 2245 amari
1550 2216 1586 2245 et
1614 2209 1802 2257 difficiles,
1833 2210 1975 2246 habent
2007 2210 2103 2247 iram
2133 2210 2366 2259 diuturnam,
2398 2213 2465 2249 sed

1395 2269 1552 2310 propter
1580 2261 1693 2298 aliam
1722 2274 1890 2299 causam.
1921 2263 2024 2299 Nam
2045 2264 2173 2300 amari
2199 2265 2342 2301 habent
2369 2265 2464 2302 iram

1395 2322 1686 2363 permanentem
1731 2322 1887 2364 propter
1928 2317 2233 2364 permanentiam
2276 2317 2464 2366 tristitiae,

1396 2380 1514 2416 quam
1551 2367 1706 2404 interius
1735 2373 1748 2389 ⁸
1789 2375 1918 2405 tenent
1953 2369 2141 2406 clausam:
2186 2377 2222 2406 et
2260 2371 2349 2419 quia
2387 2384 2465 2408 non

1394 2428 1652 2470 prorumpunt
1680 2421 1728 2458 ad
1758 2422 1944 2458 exteriora
1980 2422 2197 2460 iracundiae
2233 2423 2357 2472 signa,
2388 2437 2465 2461 non

1394 2482 1556 2524 possunt
1583 2474 1805 2523 persuaderi
1830 2475 1877 2512 ab
1907 2475 2008 2521 aliis;
2038 2488 2109 2512 nec
2129 2488 2175 2512 ex
2202 2477 2334 2525 seipsis
2365 2490 2465 2514 rece—

1396 2529 1491 2565 dunt
1518 2528 1566 2564 ab
1595 2527 1661 2575 ira,
1682 2528 1752 2564 nisi
1779 2536 1892 2577 prout
1921 2528 2162 2566 diuturnitate
2190 2531 2374 2578 temporis
2403 2531 2464 2568 tri-

1396 2581 1493 2618 stitia
1522 2581 1706 2627 aboletur,
1729 2581 1837 2618 etsie
1865 2581 1993 2618 deficit
2020 2581 2085 2618 ira.
2107 2604 2131 2610 -
2162 2583 2238 2619 Sed
2267 2583 2304 2620 in
2332 2584 2464 2631 diffici-

1396 2635 1491 2672 libus
1519 2643 1575 2671 est
1602 2634 1657 2671 ira
1686 2634 1861 2671 diuturna
1890 2642 2045 2683 propter
2072 2635 2283 2672 vehemens
2317 2636 2464 2674 deside-

1397 2688 1494 2725 rium
1521 2687 1723 2724 vindictae.
1754 2688 1803 2724 Et
1830 2687 1918 2724 ideo
1938 2695 2111 2736 tempore
2141 2701 2218 2725 non
2240 2688 2419 2736 digeritur
2438 2689 2462 2738 ζ,

1397 2741 1464 2778 sed
1493 2753 1561 2789 per
1589 2741 1710 2777 solam
1739 2740 1978 2789 punitionem
2009 2741 2176 2789 quiescit.

1449 2796 1507 2831 An
1535 2805 1694 2831 TERTIUM
1730 2805 1915 2830 DlCENDuM
1954 2793 2059 2842 quod
2087 2795 2227 2842 gradus
2259 2795 2336 2831 irae
2366 2808 2464 2843 quos

1397 2847 1588 2884 Dominus
1617 2847 1744 2895 ponit,
1775 2859 1854 2883 non
1881 2847 2069 2895 pertinent
2107 2847 2154 2884 ad
2185 2848 2354 2885 diversas
2387 2849 2462 2885 irae

1397 2900 1555 2949 species,
1577 2900 1644 2936 sed
1664 2899 1900 2948 accipiuntur
1919 2900 2131 2937 secundum
2150 2913 2374 2949 processum
2394 2903 2463 2938 hu-

1398 2953 1501 2990 mani
1539 2961 1656 2990 actus.
1687 2954 1729 2990 In
1758 2953 1897 3001 quibus
1935 2953 2060 3001 primo
2096 2954 2239 3002 aliquid
2273 2954 2311 2991 in
2348 2955 2462 2992 corde

1399 3006 1618 3055 concipitur.
1648 3007 1698 3043 Et
1717 3013 1902 3055 quantum
1923 3007 1971 3043 ad
1990 3007 2065 3043 hoc
2092 3007 2199 3044 dicit:
2233 3007 2308 3049 Qui
2334 3008 2462 3044 irasci-

1398 3066 1459 3096 tur
1475 3061 1600 3108 fratri
1625 3071 1706 3096 suo.
1726 3079 1751 3087 -
1781 3059 2003 3096 Secundum
2034 3067 2161 3096 autem
2191 3068 2247 3097 est
2279 3073 2367 3097 cum
2395 3073 2464 3109 per

1398 3113 1524 3161 aliqua
1543 3113 1650 3160 signa
1670 3112 1853 3149 exteriora
1873 3112 2133 3150 manifestatur
2155 3113 2326 3160 exterius,
2349 3114 2462 3151 etiam

1399 3173 1604 3214 antequam
1624 3173 1849 3214 prorumpat
1868 3165 1907 3202 in
1927 3165 2118 3202 effectum.
2140 3167 2189 3202 Et
2208 3174 2392 3215 quantum
2414 3168 2463 3204 ad

1399 3219 1473 3255 hoc
1494 3218 1601 3255 dicit:
1635 3219 1710 3260 Qui
1736 3219 1876 3255 dixerit
1889 3219 2014 3266 fratri
2030 3231 2110 3264 suo,
2136 3220 2252 3264 Raca,
2273 3220 2378 3267 quod
2408 3228 2464 3257 est

1399 3271 1604 3308 interiectio
1629 3271 1833 3308 irascentis.
1850 3293 1874 3299 -
1894 3271 2046 3308 Tertius
2070 3272 2208 3319 gradus
2232 3280 2287 3309 est
2307 3273 2462 3322 quando

1399 3332 1599 3373 peccatum
1619 3324 1774 3361 interius
1795 3331 2021 3372 conceptum
2047 3324 2096 3361 ad
2117 3325 2295 3362 effectum
2323 3327 2462 3375 perdu-

1401 3378 1503 3414 citur.
1533 3378 1602 3414 Est
1629 3385 1756 3414 autem
1786 3377 1943 3413 effectus
1962 3377 2039 3414 irae
2068 3386 2344 3416 nocumentum
2374 3381 2462 3416 alte-

1451 3493 1473 3525 ε)
1494 3493 1614 3517 interius.
1627 3506 1646 3511 -
1664 3493 1734 3517 inter
1753 3491 1855 3516 viscera
1874 3492 1903 3517 P.

1396 3528 1475 3596 cmg)
1492 3528 1639 3588 lcgz'geritur.
1653 3541 1670 3547 —-
1689 3527 1820 3560 dirigitur
1838 3527 1934 3560 AEpK‚
1953 3527 2092 3560 digeretur
2107 3528 2136 3557 L,
2150 3528 2308 3561 diriguntur
2325 3530 2362 3560 (...
2378 3529 2462 3561 quies-
