2768 4198
932 269 1201 315 QUAESTIO
1232 271 1479 319 CLXXXVI,
1510 273 1807 311 ARTICULUS
1836 274 1872 310 X
2415 279 2489 315 505

987 411 1324 445 Commentaria
1346 413 1599 446 cardinalis
1621 415 1823 448 Caietam

335 522 356 543 n
379 512 514 543 articulo
537 510 664 542 decimo
694 509 839 540 eiusdem
866 507 1374 547 centesimaeoctogesimaesextae
1482 512 1568 542 Nota
1598 513 1758 550 secundo,
1788 513 1822 543 in
1850 514 2057 554 responsione
2087 514 2128 545 ad
2158 514 2302 551 tertium,
2325 521 2360 545 tu
2385 514 2494 545 favens

308 525 542 598 Iquaesfionis,
566 561 643 586 nota
661 553 778 594 primo,
802 559 838 584 tu
853 552 911 593 qui
925 559 1002 583 vota
1017 551 1179 592 religionis
1202 553 1242 583 ad
1266 563 1374 593 super·
1426 554 1581 594 religiosis
1604 557 1761 596 praelatos
1784 567 1860 588 suos
1884 559 2162 589 contemnentibus
2185 566 2216 590 et
2239 569 2256 589 a
2279 558 2344 589 suis
2368 559 2492 598 regula-

306 601 498 642 erogationis
521 600 608 630 bona
630 605 724 639 putas
748 597 883 634 extendi,
907 596 1028 627 litterae
1043 597 1139 627 verba
1161 596 1194 626 in
1218 597 1374 638 principio
1426 598 1513 629 ribus
1533 601 1738 632 observantiis
1754 602 1982 641 recedentibus,
2006 610 2164 644 quantum
2181 603 2320 634 criminis
2337 603 2492 634 incurras:

307 645 450 687 corporis
473 643 612 680 articuli,
644 649 676 674 et
701 642 751 673 vel
774 642 848 672 inde
876 640 1078 682 deprehende
1101 650 1240 671 errorem
1263 648 1374 676 tuum,
1427 652 1503 673 cum
1525 644 1612 681 tales,
1636 645 1825 684 experientia
1848 647 2029 687 Augustini,
2053 654 2084 678 et
2107 647 2226 678 iudicio
2250 647 2314 678 divi
2332 647 2492 683 Thomae‚

307 691 385 721 dum
399 689 477 730 legis
493 688 583 730 quod
598 687 772 729 reIigiosus
785 686 990 727 fornicando
1013 690 1127 717 contra
1150 686 1307 717 castitatis
1323 696 1375 718 vo·
1429 694 1460 718 et
1482 688 1666 719 auctoritate
1691 689 1856 729 1eremiae,
1885 691 1947 722 sint
1969 692 2098 732 pessimi
2122 699 2152 723 et
2176 692 2383 732 correptionis
2406 691 2494 722 inca-

307 740 386 773 tum,
411 739 443 765 et
462 732 615 774 ficrando
645 737 759 763 contra
782 731 991 772 paupertatis
1018 734 1126 762 votum
1149 731 1231 771 agit,
1256 735 1287 761 et
1310 741 1374 761 non
1430 742 1532 772 paces.
1557 733 1639 763 Nam
1662 733 1743 764 sicut
1766 734 1907 765 favorem
1926 743 2086 776 praestans
2101 736 2254 776 religiosis
2277 736 2432 777 particeps
2448 742 2494 766 est

305 780 409 810 solum
433 783 546 810 contra
569 777 714 808 divinum
738 781 959 817 praeceptum.
985 774 1120 806 Constat
1143 774 1230 805 enim
1253 773 1376 806 furtum
1430 776 1592 807 bonorum
1614 787 1695 818 quae
1711 779 1749 809 ab
1766 778 1842 819 ipsis
1857 778 1952 817 fiunt,
1976 780 2020 811 ita
2034 780 2140 812 fautor
2155 781 2315 812 malorum
2338 779 2495 821 particeps

306 830 337 854 et
359 822 606 854 fornicationem
627 821 726 853 vitare
749 831 817 852 non
836 830 903 851 esse
926 820 1052 851 bonum
1075 819 1375 860 supererogationis,
1431 827 1477 851 est
1501 821 1671 852 criminum
1694 832 1817 854 eorum.

307 868 362 899 sed
386 866 591 899 necessitatis.

473 3662 582 3687 Sunium
601 3662 703 3688 Tuon.
723 3663 754 3688 D.
769 3662 884 3687 Tnonmn
903 3662 936 3688 T.
954 3663 1008 3688 Vll.
2336 3650 2370 3681 ⁶4
