2768 4198
23 561 71 583 ’CL
78 567 142 582 num.
150 566 175 582 ιιι
181 566 232 588 sqq.

25 3504 34 3513 ⁸
45 3503 93 3530 Qu.
104 3509 184 3531 cxviii,
194 3506 235 3525 art.

24 3538 46 3557 4,
63 3541 75 3546 -
89 3530 124 3552 Cf.
142 3530 234 3552 Comm.

24 3562 87 3579 num.
102 3563 118 3579 ι.

261 264 338 310 468

908 257 1175 304 QUAESTIO
1206 255 1436 302 CLXXXV,
1465 256 1765 293 ARTICULUS
1797 258 1808 293 Ι

941 380 1277 413 Conunentaria
1300 377 1556 410 Cardinalis
1579 379 1780 412 Caietam

293 484 313 504 N
337 473 468 504 articulo
493 471 596 512 primo
621 468 815 510 quaestionis
832 462 1331 504 centesimaeoctogesimaequin-

266 486 360 554 Itae,
386 524 461 548 nota
485 515 573 556 quod
597 517 737 549 Auctor,
763 518 836 551 post
861 510 1096 540 distinctionem
1120 508 1218 539 trium
1249 516 1331 547 quae

260 562 293 592 in
324 561 506 602 episcopatu
539 558 758 593 inveniuntur,
782 555 925 596 quinque
951 554 1042 594 ponit
1066 552 1288 584 conclusiones
1303 552 1330 582 *.

260 608 381 643 Prima,
402 606 488 636 iuxta
511 603 638 634 tertium
662 601 694 631 in
720 601 906 640 episcopatu
930 599 1107 633 inventum,
1133 597 1250 627 scilicet
1273 596 1331 626 ho-

262 660 373 681 norem
401 660 437 680 ac
460 646 680 678 sufficientiam
705 644 948 685 temporalium,
975 643 1029 673 ubi
1053 642 1144 672 dicit:
1176 641 1330 672 Illicitum

262 700 307 725 est
330 693 499 734 manifeste
515 696 665 732 appetere
681 691 896 730 episcopatum
922 688 1048 718 ratione
1071 685 1255 717 huiusmodi
1271 686 1332 716 cir-

261 739 485 769 cumstantium
510 737 680 772 bonorum,
715 740 745 764 et
771 734 914 774 pertinet
944 732 987 762 ad
1010 733 1122 762 vitium
1148 730 1333 770 cupiditatis

261 784 310 813 vel
328 782 518 812 ambitionis.
545 779 636 810 Circa
653 789 751 819 quam
768 778 1011 808 conclusionem
1032 776 1168 806 dubium
1185 774 1332 811 occurrit,

260 837 298 865 an
323 825 507 856 huiusmodi
531 824 678 854 illicitum
698 823 738 853 sit
761 822 803 852 ita
825 822 971 852 illicitum
996 821 1085 862 quod
1102 821 1141 851 sit
1164 827 1332 860 peccatum

210 896 217 900 s
259 871 401 901 mortale.
437 870 483 900 Ex
510 869 612 899 littera
636 868 721 898 enim
746 874 857 897 neutra
887 876 959 907 pars
983 866 1135 896 habetur:
1167 875 1225 895 nec
1249 871 1333 895 caret
1357 890 1359 896 ,

259 915 463 955 ambiguitate
489 920 557 944 utra
581 923 652 953 pars
676 911 862 942 affirmanda
886 911 935 942 sit.

314 959 363 989 Ad
386 959 447 989 hoc
471 957 584 988 dicitur
607 957 697 998 quod
721 963 869 997 appetere
888 955 1111 996 episcopatum
1135 954 1258 985 ratione
1275 953 1332 983 cir·
1357 963 1358 966 ¹

259 1003 485 1034 cumstantium
516 1002 679 1032 bonorum
714 1001 869 1041 contingit
897 1000 1080 1040 dupliciter:
1113 1009 1179 1029 uno
1212 998 1330 1034 modo,

259 1059 294 1078 ex
318 1055 404 1088 parte
428 1047 586 1088 appetitus
611 1053 755 1082 tantum:
782 1046 844 1076 alio
866 1045 977 1082 modo,
1002 1045 1097 1075 etiam
1121 1054 1158 1074 ex
1182 1050 1270 1083 parte
1286 1042 1331 1073 rei

257 1094 425 1132 appetitae.
458 1091 543 1123 Cum
568 1090 654 1121 enim
677 1091 792 1121 dicitur
822 1090 1044 1131 episcopatum
1068 1088 1176 1129 appeti
1207 1087 1331 1118 ratione

257 1136 531 1168 circumstantium
554 1134 733 1172 bonorum,
768 1135 901 1175 ponitur
923 1134 967 1165 ibi
991 1141 1080 1164 actus
1103 1132 1274 1173 appetendi
1298 1132 1331 1162 in

256 1183 288 1223 ly
312 1183 418 1223 appeti
425 1189 438 1219 ;
456 1181 588 1221 ponitur
611 1191 659 1211 res
679 1180 819 1221 appetita
842 1180 874 1210 in
890 1179 923 1221 ly
940 1180 1156 1220 episcopatum
1164 1185 1177 1215 ,·
1199 1177 1332 1218 ponitur

258 1227 335 1257 ratio
368 1225 537 1268 appetendi
566 1225 598 1255 in
629 1226 662 1267 ly
693 1226 820 1256 ratione
854 1224 1132 1256 circumstantium
1163 1222 1330 1253 bonorum.

256 1272 349 1302 Ratio
374 1277 480 1301 autem
501 1269 671 1311 appetendi
694 1269 765 1301 finis
782 1276 838 1300 est.
864 1269 906 1299 Et
929 1268 1035 1299 referri
1061 1274 1165 1308 potest
1188 1267 1228 1297 ad
1248 1267 1329 1298 duo:

257 1317 374 1346 scilicet
397 1316 436 1346 ad
460 1325 527 1345 rem
552 1314 744 1356 appetitam;
770 1321 800 1345 et
824 1314 863 1344 ad
886 1314 995 1354 ipsum
1017 1320 1124 1344 actum
1148 1312 1331 1352 appetendi.

256 1361 296 1391 Et
320 1361 344 1391 si
369 1360 500 1402 quidem
523 1360 656 1391 refertur
679 1360 718 1390 ad
742 1369 808 1389 rem
833 1358 1007 1399 appetitam
1032 1364 1063 1389 et
1086 1358 1125 1388 ad
1144 1364 1252 1388 actum
1276 1367 1330 1397 ap-

256 1405 382 1445 petendi
406 1405 513 1443 simul,
538 1415 649 1436 sensus
666 1411 712 1435 est
735 1404 825 1445 quod
849 1403 929 1434 illud
953 1403 1044 1444 quod
1067 1409 1114 1433 est
1137 1402 1217 1433 ratio
1234 1412 1331 1442 appe-

256 1450 351 1487 tendi,
377 1450 536 1491 appetitur
559 1457 590 1481 et
613 1457 648 1482 ut
672 1448 743 1479 finis
767 1449 812 1480 rei
835 1448 1008 1489 appetitae,
1034 1454 1064 1479 et
1088 1454 1123 1478 ut
1146 1446 1217 1478 finis
1242 1454 1330 1478 actus

256 1495 435 1536 appetendi.
459 1495 499 1526 Et
516 1494 559 1525 sic
579 1501 731 1535 appetens
748 1493 970 1534 episcopatum
986 1492 1108 1524 ratione
1125 1492 1332 1523 circumstan-
1356 1492 1358 1512 ἲ

256 1541 336 1571 tium
368 1541 544 1576 bonorum,
569 1539 690 1580 appetit
713 1538 781 1580 ipsa
805 1538 1040 1569 circumstantia
1064 1538 1149 1568 bona
1173 1543 1209 1568 ut
1231 1536 1330 1567 finem

256 1585 476 1625 episcopatus,
507 1591 539 1615 et
561 1591 598 1615 ut
620 1583 718 1615 finem
749 1584 799 1614 sui
823 1590 912 1614 actus
936 1582 1118 1624 appetendi.
1142 1599 1164 1605 -
1189 1582 1330 1619 Quando

255 1639 329 1660 vero
354 1629 433 1660 ratio
458 1629 627 1670 appetendi
651 1628 785 1659 refertur
813 1628 854 1659 ad
877 1627 1056 1668 appetitum
1080 1633 1222 1663 tantum,
1253 1634 1331 1657 tunc

256 1685 322 1705 non
346 1674 516 1705 denotatur
539 1674 630 1715 quod
652 1673 685 1704 id
708 1674 798 1715 quod
823 1680 869 1704 est
892 1673 972 1704 ratio
989 1671 1171 1712 appetendi,
1196 1671 1236 1702 sit
1258 1670 1330 1702 finis
1357 1683 1358 1686 ¹

256 1719 298 1750 rei
323 1719 496 1760 appetitae:
522 1719 577 1750 sed
601 1719 770 1749 denotatur
793 1718 882 1759 quod
904 1724 950 1748 est
969 1716 1041 1748 finis
1057 1726 1190 1748 movens
1216 1717 1255 1747 ad
1275 1726 1330 1757 ap·
1356 1733 1358 1739 ·

255 1764 440 1804 petendum.
465 1764 507 1795 Et
530 1764 573 1795 sic
596 1771 749 1804 appetens
774 1762 997 1803 episcopatum
1021 1762 1143 1793 ratione
1166 1761 1330 1792 bonorum

255 1808 538 1845 circumstantium,
563 1818 629 1840 non
653 1808 779 1839 ordinat
795 1808 1018 1849 episcopatum
1036 1808 1075 1838 ad
1091 1807 1177 1838 bona
1194 1805 1330 1836 circum·
1356 1804 1358 1826 ἕ

255 1853 370 1884 stantia
393 1860 429 1884 ut
452 1854 491 1884 ad
514 1852 628 1884 finem:
654 1853 709 1884 sed
733 1853 912 1894 appetitum
937 1862 1035 1884 suum
1059 1850 1185 1883 ordinat
1208 1851 1248 1881 ad
1272 1850 1330 1881 cir-
1356 1871 1358 1891 4

1356 1918 1358 1927 ,
1383 1897 1446 1927 hoc
1470 1902 1518 1928 est
1540 1896 1754 1928 ministerium
1777 1897 1836 1928 Dei
1860 1904 1891 1929 et
1914 1897 2102 1929 sufficientia
2125 1898 2366 1940 temporalium,
2395 1907 2462 1930 non

257 1898 446 1929 cumstantia
470 1899 556 1929 bona
581 1905 615 1929 ut
638 1899 676 1929 ad
701 1897 810 1929 finem.

311 1943 394 1974 Inter
424 1943 484 1974 hos
513 1949 623 1974 autem
655 1943 738 1974 duos
769 1942 885 1973 modos
911 1941 1083 1983 appetendi
1107 1940 1330 1981 episcopatum

255 1988 376 2018 ratione
401 1988 674 2019 circumstantium
691 1988 864 2023 bonorum,
881 1987 959 2018 haec
975 1992 1021 2017 est
1040 1985 1225 2022 differentia,
1241 1985 1331 2026 quod

256 2032 360 2073 primo
380 2033 480 2063 modo
505 2040 652 2073 appetere
676 2039 722 2063 est
746 2032 882 2063 omnino
899 2038 930 2062 et
945 2030 1110 2062 manifeste
1128 2040 1329 2071 perversum:

255 2077 410 2118 quoniam
440 2077 566 2108 ordinat
594 2077 816 2118 episcopatum
839 2076 948 2118 quoad
972 2075 1179 2117 principalem
1202 2082 1329 2113 actum,

256 2122 311 2163 qui
336 2129 382 2153 est
405 2132 480 2153 cura
503 2122 696 2158 animarum,
722 2123 761 2153 ad
785 2122 871 2153 bona
895 2120 1131 2152 circumstantia
1156 2127 1192 2151 ut
1214 2118 1328 2157 finem;

256 2167 344 2208 quod
377 2167 490 2207 procul
513 2167 612 2198 dubio
637 2173 684 2198 est
706 2173 874 2207 peccatum
897 2166 1033 2197 mortale
1060 2175 1097 2195 ex
1120 2175 1181 2196 suo
1205 2174 1329 2205 genere.

255 2211 296 2242 Et
319 2211 505 2242 huiusmodi
530 2211 742 2252 perversitatis
758 2211 896 2242 radicem
913 2210 1014 2251 tetigit
1027 2212 1152 2241 Auctor
1176 2209 1209 2240 in
1229 2209 1331 2242 littera

257 2256 346 2292 dum,
372 2255 596 2296 distinguendo
619 2256 677 2287 tria
701 2255 829 2286 inventa
852 2255 885 2286 in
910 2255 1112 2296 episcopatu,
1136 2254 1258 2285 addidit
1281 2264 1332 2285 or-

258 2300 383 2336 dinem,
415 2300 522 2331 dicens
552 2301 640 2341 quod
667 2300 850 2341 principale
880 2305 910 2331 et
929 2299 1040 2341 finale
1067 2303 1114 2330 est
1141 2299 1331 2340 episcopalis

257 2345 412 2385 operatio,
433 2354 497 2385 qua
521 2345 655 2376 utilitati
671 2345 900 2388 proximorum
926 2344 1116 2375 consulitur.

314 2387 401 2420 Cum
416 2399 492 2420 vero
510 2389 712 2430 episcopatus
728 2389 790 2419 alio
807 2389 907 2419 modo
924 2388 1085 2430 appetitur
1100 2394 1231 2428 propter
1246 2387 1331 2418 bona

257 2433 501 2470 circumstantia,
525 2434 685 2474 appetitus
710 2434 841 2475 quidem
865 2433 970 2464 malus
986 2440 1045 2464 est:
1072 2442 1110 2463 eo
1128 2432 1216 2473 quod
1233 2442 1330 2473 appe-

257 2478 356 2509 tibilia
379 2478 507 2509 inventa
529 2478 562 2509 in
586 2478 772 2519 episcopatu
797 2488 863 2509 non
888 2478 1028 2509 eundem
1044 2477 1189 2508 ordinem
1214 2476 1332 2508 habent

257 2530 401 2563 respectu
425 2523 603 2564 appetentis
639 2533 738 2564 quem
761 2523 879 2554 habent
913 2522 994 2553 inter
1017 2531 1066 2559 se:
1100 2521 1257 2563 quoniam
1283 2532 1331 2553 re-

257 2574 367 2608 spectu
391 2568 586 2608 appetentis,
611 2568 695 2598 bona
719 2567 955 2599 circumstantia
984 2576 1018 2597 se
1041 2566 1159 2598 habent
1182 2573 1219 2598 ut
1240 2566 1329 2604 finis;

256 2612 337 2643 inter
359 2621 392 2642 se
416 2619 523 2643 autem
548 2622 614 2643 non
638 2612 682 2643 sic
706 2622 738 2643 se
762 2612 889 2649 habent,
915 2611 970 2642 sed
993 2611 1078 2642 bona
1095 2611 1331 2643 circumstantia

256 2667 290 2687 se
313 2656 431 2688 habent
453 2663 490 2688 ut
513 2657 552 2687 ad
575 2655 684 2688 finem.
712 2657 855 2688 Mortalis
879 2664 987 2688 autem
1011 2655 1171 2697 appetitus
1195 2666 1261 2687 non
1284 2655 1330 2687 vi-

257 2702 350 2732 detur
372 2702 551 2732 secundum
574 2711 675 2742 genus
699 2710 811 2733 suum:
837 2711 874 2732 ex
898 2711 937 2732 eo
961 2701 1051 2742 quod
1075 2700 1146 2732 talis
1169 2701 1330 2742 appetitus

257 2745 450 2787 compatitur
473 2756 582 2778 secum
601 2746 824 2778 rectitudinem
838 2746 1012 2778 voluntatis
1031 2752 1175 2786 respectu
1192 2746 1330 2778 aliorum

256 2791 288 2821 in
302 2790 488 2831 episcopatu
504 2791 719 2822 inventorum.
738 2791 834 2822 Verbi
850 2791 959 2831 gratia,
978 2791 1112 2822 loannes
1130 2798 1278 2822 movetur
1290 2791 1329 2822 ad

257 2835 473 2876 appetendum
493 2835 714 2876 episcopatum
731 2835 852 2868 ratione
867 2836 1029 2866 bonorum
1045 2835 1328 2873 circumstantium,

258 2887 294 2911 ut
317 2880 433 2912 scilicet
464 2880 576 2911 habeat
600 2880 821 2912 sufficientiam
845 2880 1073 2922 temporalium
1098 2886 1128 2911 et
1151 2880 1329 2911 honorem:

257 2931 476 2961 veruntamen,
501 2934 575 2955 cum
599 2925 670 2962 hoc,
695 2925 831 2956 intendit
850 2925 951 2956 facere
968 2925 1112 2956 debitum
1129 2934 1225 2956 suum
1250 2924 1330 2956 circa

258 2979 367 3000 curam
386 2969 566 3000 animarum
590 2976 621 3000 et
644 2970 901 3002 distributionem
917 2970 1080 3001 bonorum
1099 2976 1164 3001 tam
1182 2969 1330 3001 ecclesiae

258 3023 355 3055 quam
384 3014 578 3054 pauperibus
607 3021 725 3051 terrae;
758 3025 815 3046 nec
839 3014 975 3046 intendit
1002 3014 1048 3046 uti
1073 3014 1259 3055 episcopatu
1290 3014 1331 3046 ad

258 3058 356 3089 finem
379 3059 625 3100 temporalium,
658 3060 730 3097 sed,
761 3067 921 3102 quantum
950 3059 1009 3090 sibi
1041 3059 1242 3096 conceditur,
1268 3058 1330 3091 frui

259 3102 406 3143 portione
430 3114 488 3134 sua
511 3110 542 3134 et
565 3103 671 3135 debito
697 3103 755 3135 sibi
774 3105 911 3140 honore,
936 3110 967 3135 et
980 3103 1178 3141 huiusmodi,
1204 3103 1243 3134 ad
1262 3103 1330 3135 lau-

260 3147 333 3178 dem
356 3147 424 3179 Dei.
451 3148 485 3179 In
509 3147 571 3179 hoc
595 3148 737 3189 appetitu
762 3159 799 3180 ex
818 3148 880 3180 hoc
897 3149 998 3190 capite
1021 3149 1145 3180 nullam
1161 3158 1220 3189 ego
1236 3148 1330 3180 video

260 3192 493 3223 deformitatem
516 3193 694 3231 mortalem,
715 3201 845 3234 propter
868 3193 985 3224 dictam
1001 3193 1167 3224 rationem.
1193 3193 1234 3224 Et
1256 3202 1331 3234 pro—

262 3243 367 3276 pterea
397 3244 477 3277 puto
508 3239 683 3268 Auctorem
707 3238 840 3275 dixisse,
866 3239 1032 3276 illicitum,
1058 3245 1088 3269 et
1112 3248 1179 3269 non
1205 3237 1331 3275 dixisse,

263 3281 408 3312 mortale.

318 3325 358 3355 Et
381 3325 594 3357 confirmatur.
628 3326 712 3364 Quia
743 3337 800 3358 nec
825 3326 951 3358 avaritia
981 3337 1038 3358 nec
1066 3327 1218 3364 ambitio,
1249 3337 1331 3369 quae

264 3368 328 3399 duo
352 3369 427 3400 vitia
450 3370 500 3400 hic
519 3370 552 3400 in
571 3370 671 3402 littera
687 3371 836 3402 dicuntur
851 3371 994 3408 inveniri,
1011 3378 1086 3403 sunt
1102 3378 1229 3412 peccata
1245 3382 1332 3403 mor-

262 3413 346 3450 talia,
371 3414 500 3454 quando
525 3415 611 3446 deest
635 3416 763 3446 materia
787 3416 914 3452 iniusta,
939 3423 994 3447 aut
1017 3415 1089 3447 finis
1109 3417 1241 3448 ultimus
1265 3427 1332 3448 non

263 3457 394 3498 ponitur
416 3458 448 3488 in
472 3459 605 3498 pecunia
629 3469 684 3490 seu
705 3460 847 3491 honore:
872 3467 908 3492 ut
930 3471 967 3491 ex
991 3460 1332 3501 propriis.tractatibus

264 3501 442 3543 superius*
464 3502 556 3533 latius
579 3510 675 3543 patet.
712 3504 746 3534 In
778 3505 839 3535 hoc
867 3511 975 3535 autem
1003 3515 1076 3535 casu
1108 3515 1173 3535 non
1202 3505 1333 3545 ponitur

263 3545 334 3577 finis
357 3546 490 3577 ultimus
513 3546 545 3576 in
562 3547 758 3583 huiusmodi,
776 3558 833 3579 nec
848 3548 1000 3580 iniustitia
1024 3559 1061 3580 ex
1080 3556 1167 3589 parte
1184 3549 1332 3580 materiae

263 3590 429 3632 appetitae.

1442 463 1479 494 Il.
1497 464 1559 494 Sed
1576 472 1686 495 contra
1702 465 1764 496 hoc
1780 467 1885 497 obstat
1900 467 1989 508 quod
2007 467 2158 498 clericum
2178 474 2327 508 appetere
2342 468 2459 500 benefl-

1386 507 1472 538 cium
1497 515 1533 538 ut
1555 509 1670 540 habeat
1693 509 1915 542 sufficientiam
1938 513 2175 552 temporalium,
2201 513 2328 543 nullum
2351 523 2462 553 pecca-

1358 586 1359 590 ,
1386 559 1456 582 tum
1480 559 1536 583 est.
1566 553 1665 593 Igitur
1688 562 1836 594 appetere
1860 556 2083 597 episcopatum
2107 564 2143 588 ut
2165 558 2280 588 habeat
2303 557 2461 588 sufficien-

1386 596 1463 627 tiam
1487 598 1724 637 temporalium,
1751 609 1825 629 cum
1849 610 1986 640 persona
2002 608 2049 632 est
2068 602 2193 639 nobilis,
2219 612 2274 633 seu
2299 603 2370 633 talis
2393 613 2461 643 gra-

1387 641 1446 671 dus
1471 649 1526 672 aut
1542 648 1642 673 status
1668 649 1703 673 ut
1726 643 1846 674 reditus
1862 645 2058 685 episcopales
2082 647 2144 678 sint
2168 647 2405 687 proportionati
2422 648 2462 678 ad

1386 685 1608 736 sufficientiam
1638 688 1868 728 temporalium
1897 697 2041 729 respectu
2072 691 2192 732 ipsius,
2218 702 2284 722 non
2314 692 2371 723 erit
2402 692 2462 722 illi-

1387 737 1495 761 citum.
2144 740 2146 743 ’

1442 776 1493 805 Ad
1518 775 1580 806 hoc
1604 777 1817 816 respondetur
1839 778 1940 818 quod,
1964 778 2130 819 loquendo
2154 790 2280 821 semper
2303 781 2346 812 ita
2371 782 2460 822 quod

1385 820 1471 850 bona
1503 821 1692 861 temporalia
1722 822 1784 852 sint
1813 822 1893 853 ratio
1918 823 2088 863 appetendi
2119 834 2156 855 ex
2183 831 2272 865 parte
2300 826 2461 866 appetitus

1385 871 1520 901 tantum,
1545 866 1636 906 quod
1660 876 1727 896 non
1747 874 1794 897 est
1817 867 1930 904 simile,
1951 878 2007 899 seu
2024 869 2136 899 eadem
2152 869 2243 906 ratio,
2264 870 2303 900 de
2318 871 2461 911 appetitu

1386 909 1489 940 clerici
1513 918 1658 951 respectu
1682 911 1826 942 beneficii
1850 912 1883 943 in
1907 913 2074 943 communi
2106 920 2136 943 et
2166 913 2354 945 sufficientia
2382 922 2461 946 tem-

1385 954 1559 995 poralium;
1586 962 1616 986 et
1640 955 1679 985 de
1702 956 1846 997 appetitu
1869 964 2015 998 respectu
2040 958 2244 998 episcopatus
2261 965 2292 989 et
2308 958 2463 991 sufficien-

1384 999 1445 1029 tiae
1469 999 1706 1040 temporalium.
1731 1001 1773 1032 Et
1795 1002 1875 1032 ratio
1891 1001 2078 1033 diversitatis
2102 1009 2148 1033 est
2171 1003 2247 1044 quia
2270 1003 2462 1035 beneficium

1383 1043 1416 1074 in
1437 1045 1604 1075 communi
1624 1045 1719 1076 habet
1735 1045 1957 1077 sufficientiam
1974 1046 2202 1087 temporalium
2218 1054 2349 1088 propter
2363 1048 2463 1079 vitam

1385 1088 1574 1120 clericorum
1604 1090 1834 1130 deputatorum
1865 1092 1965 1122 cultui
1995 1091 2124 1122 divino:
2157 1102 2194 1123 ac
2220 1103 2277 1133 per
2300 1093 2381 1129 hoc,
2407 1093 2463 1134 qui

1385 1133 1449 1163 iam
1473 1133 1605 1165 clericus
1629 1142 1676 1166 est
1703 1142 1734 1166 et
1763 1145 1800 1166 ex
1829 1136 1891 1167 hoc
1914 1136 1986 1177 ipso
2018 1137 2190 1177 deputatus
2217 1137 2326 1168 divino
2350 1138 2462 1175 cultui,

1383 1177 1479 1209 habet
1498 1185 1569 1210 actu
1594 1179 1681 1210 unde
1705 1180 1764 1211 sibi
1788 1181 1920 1212 debetur
1943 1181 2085 1222 primum
2109 1182 2276 1214 inventum
2293 1182 2326 1213 in
2343 1180 2462 1214 benefi-

1385 1223 1434 1254 cio
1459 1223 1690 1261 ecclesiastico;
1716 1232 1747 1256 et
1770 1225 1823 1262 sic,
1840 1227 2022 1266 appetendo
2037 1227 2227 1263 secundum,
2252 1226 2371 1258 scilicet
2395 1226 2463 1259 suf-

1384 1267 1557 1299 ficientiam
1588 1270 1835 1310 temporalium,
1871 1271 2010 1302 eundem
2035 1271 2182 1302 ordinem
2212 1271 2245 1302 in
2269 1271 2361 1303 nullo
2392 1282 2463 1313 per-

1383 1313 1486 1349 vertit,
1511 1321 1567 1344 aut
1590 1320 1695 1344 mutat
1718 1314 1864 1346 ordinem
1889 1316 2112 1357 appetibilium
2128 1316 2335 1347 inventorum
2358 1317 2390 1347 in
2407 1317 2462 1348 be·

1384 1357 1498 1389 neficio
1524 1358 1746 1395 ecclesiastico,
1772 1360 1828 1390 sed
1852 1361 1992 1392 eundem
2008 1362 2156 1392 ordinem
2175 1361 2294 1392 habent
2316 1368 2462 1402 respectu

1384 1403 1544 1444 appetitus
1569 1404 1672 1434 clerici
1695 1404 1773 1435 haec
1797 1405 1883 1441 duo,
1907 1406 2027 1437 scilicet
2049 1416 2117 1438 esse
2141 1405 2326 1438 ministrum
2348 1406 2409 1437 Dei
2432 1413 2464 1438 et

1383 1448 1499 1479 habere
1522 1447 1746 1480 sufficientiam
1762 1451 2000 1490 temporalium,
2025 1461 2123 1492 quem
2147 1451 2264 1482 habent
2280 1451 2362 1482 inter
2377 1461 2410 1482 se
2429 1451 2462 1482 in

1383 1493 1456 1534 ipso
1480 1492 1645 1530 beneficio,
1670 1503 1708 1524 ex
1730 1504 1808 1535 quo,
1834 1501 1871 1525 ut
1894 1495 2015 1526 dictum
2035 1504 2092 1533 est,
2113 1496 2171 1527 iste
2188 1496 2250 1527 iam
2269 1503 2316 1527 est
2331 1495 2463 1529 clericus

1384 1545 1415 1568 et
1438 1537 1497 1568 Dei
1522 1537 1676 1569 minister.
1700 1539 1767 1569 Nec
1791 1546 1886 1571 restat
1909 1540 1967 1571 sibi
1990 1540 2053 1572 hoc
2077 1542 2295 1582 appetendum
2314 1540 2347 1571 in
2367 1541 2463 1572 bene-

1356 1614 1358 1621 ,
1383 1582 1467 1619 ficio,
1489 1593 1565 1614 cum
1588 1583 1710 1624 appetit
1732 1583 1944 1616 beneficium:
1969 1586 2024 1616 sed
2048 1586 2258 1617 solummodo
2283 1592 2379 1617 restat
2403 1585 2462 1617 sibi

1384 1628 1604 1668 appetendum
1627 1629 1817 1666 secundum,
1842 1639 1925 1671 quae
1948 1637 1995 1661 est
2014 1630 2203 1662 sufficientia
2221 1630 2462 1672 temporalium.

1385 1672 1419 1703 In
1444 1682 1511 1713 quo
1536 1673 1664 1703 nullum
1688 1681 1855 1713 peccatum
1880 1675 2062 1707 committit.

1440 1717 1538 1748 Secus
1554 1724 1662 1748 autem
1680 1724 1727 1748 est
1742 1718 1782 1748 de
1796 1718 1883 1750 laicis
1898 1720 2122 1760 appetentibus
2138 1720 2322 1751 clericatum
2338 1719 2462 1752 ratione

1384 1760 1591 1792 sufficientiae
1615 1762 1861 1803 temporalium:
1886 1774 2028 1805 quorum
2052 1765 2167 1806 plenus
2191 1771 2238 1796 est
2261 1764 2359 1796 orbis.
2390 1764 2461 1796 Ho-

1384 1816 1457 1837 rum
1481 1806 1568 1837 enim
1591 1807 1752 1847 appetitus
1777 1814 1823 1839 est
1839 1808 2006 1839 manifeste
2025 1809 2164 1846 illicitus,
2188 1817 2320 1850 propter
2335 1809 2462 1850 supra*

1384 1851 1502 1882 dictam
1531 1850 1705 1883 rationem:
1738 1852 1814 1893 quia
1845 1853 1964 1884 scilicet
1993 1853 2058 1884 duo
2089 1854 2218 1884 inventa
2240 1853 2273 1884 in
2298 1853 2460 1891 clericatu,

1385 1941 1500 1972 eodem
1523 1942 1624 1972 modo
1648 1951 1682 1972 se
1705 1942 1824 1973 habent
1845 1942 1928 1974 inter
1951 1953 1984 1974 se
2011 1953 2078 1984 quo
2103 1953 2136 1974 se
2159 1943 2278 1974 habent
2301 1944 2341 1974 ad
2365 1953 2462 1984 appe-

1385 1993 1520 2023 tentem;
1549 1986 1706 2028 quoniam
1729 1986 1876 2017 divinum
1900 1987 2114 2019 ministerium
2138 1998 2171 2019 se
2194 1987 2290 2019 habet
2313 1995 2350 2020 ut
2371 1987 2461 2026 finis,

1386 2038 1416 2063 et
1439 2029 1628 2062 sufficientia
1647 2031 1875 2072 temporalium
1906 2039 1942 2063 ut
1964 2033 2004 2063 ad
2028 2031 2144 2069 finem;
2179 2039 2325 2074 respectu
2354 2040 2463 2065 autem

1385 2076 1574 2117 appetentis,
1599 2075 1786 2107 sufficientia
1810 2077 2039 2118 temporalium
2063 2077 2195 2118 ponitur
2210 2077 2299 2119 quod
2315 2087 2349 2109 se
2368 2077 2464 2110 habet

1386 2128 1422 2152 ut
1444 2120 1516 2152 finis
1539 2120 1697 2152 laicorum
1720 2121 1969 2162 praedictorum.
2005 2122 2046 2153 Et
2069 2122 2094 2153 si
2118 2122 2321 2154 interveniret
2347 2122 2399 2154 hic
2422 2121 2463 2154 si-

1385 2165 1470 2196 milis
1489 2166 1677 2206 perversitas
1697 2175 1734 2197 ex
1753 2172 1841 2207 parte
1858 2166 1902 2198 rei
1916 2167 2074 2208 appetitae
2090 2167 2194 2208 qualis
2209 2166 2242 2198 in
2258 2167 2463 2208 episcopatus

1386 2210 1530 2251 appetitu
1554 2211 1710 2242 declarata
1734 2218 1781 2242 est
1795 2211 1823 2247 *,
1839 2211 1902 2242 hoc
1925 2219 1973 2243 est
1988 2213 2080 2253 quod
2102 2212 2202 2244 laicus
2225 2212 2387 2244 ordinaret
2402 2212 2463 2244 cle-

1386 2255 1522 2286 ricatum
1545 2255 1584 2286 ad
1609 2256 1694 2286 bona
1717 2255 1906 2296 temporalia
1927 2263 1963 2288 ut
1978 2257 2018 2287 ad
2034 2256 2133 2288 finem
2148 2256 2324 2294 clericatus,
2349 2257 2464 2298 procul

1385 2300 1484 2331 dubio
1509 2306 1653 2340 peccaret
1677 2299 1863 2337 mortaliter.
1899 2300 2065 2339 Quoniam
2089 2312 2126 2332 ex
2150 2311 2210 2333 suo
2233 2311 2349 2342 genere
2377 2299 2464 2333 rnor-

1385 2345 1447 2376 tale
1471 2350 1638 2384 peccatum
1662 2351 1709 2375 est
1736 2344 1899 2384 spirituale
1927 2345 2067 2376 ordinari
2089 2346 2130 2376 ad
2153 2346 2331 2387 temporale
2363 2353 2400 2378 ut
2423 2346 2463 2378 ad

1386 2388 1498 2420 finem:
1524 2387 1559 2420 fit
1583 2388 1669 2419 enim
1693 2398 1808 2430 magna
1830 2389 1947 2420 iniuria
1970 2389 2003 2420 in
2026 2390 2089 2421 hoc
2113 2389 2341 2431 spiritualibus.

1441 2433 1620 2464 Redeundo
1644 2433 1740 2474 igitur
1762 2434 1802 2463 ad
1826 2434 2032 2474 propositum
2056 2434 2245 2466 obiectionis
2270 2434 2388 2472 factae,
2413 2434 2461 2466 di—

1385 2478 1466 2510 citur
1495 2478 1584 2519 quod
1609 2488 1647 2509 ex
1669 2478 1718 2509 his
1746 2485 1833 2518 patet
1862 2479 1958 2510 aliam
1981 2489 2049 2510 esse
2073 2479 2230 2511 rationem
2255 2480 2294 2511 de
2317 2479 2461 2520 appetitu

1385 2523 1453 2554 eius
1477 2522 1533 2564 qui
1550 2522 1671 2564 appetit
1686 2522 1910 2564 episcopatum
1925 2530 2056 2565 propter
2071 2523 2271 2565 temporalia.
2296 2524 2462 2562 Quoniam

1384 2574 1529 2609 respectu
1553 2567 1639 2599 illius
1662 2567 1846 2608 appetibilia
1869 2567 1998 2600 inventa
2021 2568 2054 2599 in
2079 2569 2266 2610 episcopatu
2299 2579 2366 2600 non
2390 2568 2462 2601 reti-

1386 2619 1462 2644 nent
1490 2619 1612 2644 rectum
1643 2611 1790 2643 ordinem
1820 2622 1919 2653 quern
1951 2613 2032 2644 inter
2055 2623 2088 2644 se
2111 2613 2244 2645 habent:
2275 2613 2463 2646 sufficientia

1385 2658 1472 2688 enim
1496 2657 1646 2688 omnium
1670 2657 1899 2698 temporalium
1922 2657 1955 2688 in
1972 2658 2159 2699 episcopatu
2176 2658 2355 2690 secundum
2371 2668 2404 2689 se
2428 2668 2462 2690 se

1385 2702 1479 2734 habet
1510 2709 1546 2733 ut
1575 2702 1614 2732 ad
1643 2700 1760 2738 finem;
1791 2708 1935 2743 respectu
1965 2709 2074 2734 autem
2097 2703 2194 2734 huius
2223 2702 2400 2744 appetentis
2429 2713 2462 2735 se

1384 2747 1478 2778 habet
1502 2753 1538 2778 ut
1560 2745 1642 2778 finis.
1667 2747 1708 2778 Et
1732 2753 1901 2788 propterea
1916 2747 2104 2779 huiusmodi
2120 2747 2250 2779 illicitus
2265 2757 2392 2788 semper
2405 2757 2461 2789 ap-

1386 2792 1504 2833 petitus
1528 2791 1698 2823 invenitur.

1441 2837 1482 2867 Et
1506 2836 1684 2867 secundum
1708 2836 1770 2867 hoc
1794 2836 1978 2878 accipienda
1999 2843 2074 2868 sunt
2088 2836 2183 2868 verba
2198 2835 2333 2868 Domini
2350 2843 2460 2869 contra

1385 2881 1585 2912 Pharisaeos:
1605 2882 1727 2912 Amant
1736 2881 1863 2922 primos
1877 2882 2044 2913 accubitus
2059 2882 2092 2912 in
2109 2882 2206 2913 cenis.
2229 2881 2358 2913 Habent
2373 2881 2461 2912 enim

1384 2926 1462 2957 haec
1477 2925 1632 2956 rationem
1651 2925 1719 2956 eius
1734 2926 1823 2967 quod
1840 2932 1887 2957 est
1903 2926 1943 2957 ad
1958 2925 2072 2957 finem:
2098 2925 2254 2967 quoniam
2273 2932 2349 2956 sunt
2363 2935 2458 2967 quae-

1386 2971 1460 3001 dam
1483 2970 1639 3001 virtutum
1657 2970 1850 3001 testimonia.
1875 2970 1917 3002 Et
1935 2977 2104 3012 propterea
2119 2979 2264 3011 perverse
2279 2977 2380 3011 agunt
2402 2971 2460 3012 qui

1385 3015 1462 3046 haec
1486 3021 1642 3055 appetunt
1666 3021 1701 3046 ut
1723 3014 1832 3052 finem,
1857 3015 1953 3047 etiam
1975 3025 2014 3046 ex
2035 3021 2122 3057 parte
2139 3014 2308 3056 appetitus.
2333 3015 2375 3046 Et
2397 3015 2460 3047 hoc

1385 3059 1557 3091 insinuavit
1580 3059 1741 3090 Dominus
1764 3069 1821 3100 per
1843 3059 1876 3101 ly
1898 3064 2022 3091 amant.

1442 3104 1494 3136 111.
1519 3103 1669 3136 Secunda
1689 3104 1863 3143 conclusio,
1880 3104 1967 3135 iuxta
1982 3103 2161 3135 secundum
2178 3103 2372 3142 membrum,
2397 3111 2456 3136 est:

1385 3149 1545 3191 Appetere
1561 3149 1777 3190 episcopatum
1794 3149 1922 3180 ratione
1935 3147 2133 3180 celsitudinis
2147 3147 2275 3189 gradus
2298 3153 2345 3180 est
2359 3158 2459 3191 prae-

1385 3199 1618 3234 sumptuosum.
1644 3192 1736 3225 Circa
1759 3202 1857 3234 quam
1881 3191 2124 3224 conclusionem
2147 3192 2272 3232 applica
2294 3199 2330 3224 tu
2350 3192 2458 3225 distin-

1386 3238 1525 3270 ctionem
1542 3248 1638 3280 supra
1652 3237 1671 3258 *
1686 3236 1840 3279 positam:
1866 3246 1906 3268 an
1929 3235 2047 3268 scilieet
2061 3236 2094 3278 ly
2110 3237 2237 3268 ratione
2259 3237 2460 3270 celsitudinis

1387 3283 1469 3314 dicat
1497 3281 1595 3313 finem
1625 3282 1785 3323 appetitus
1814 3287 1956 3317 tantum;
1988 3291 2028 3311 an
2054 3279 2152 3312 finem
2176 3281 2335 3322 appetitus
2360 3289 2391 3313 et
2413 3283 2457 3314 rei

1386 3327 1544 3368 appetitae
1572 3326 1679 3358 simul.
1715 3326 1756 3357 Et
1788 3325 1814 3356 si
1842 3325 1917 3356 dicit
1946 3324 2044 3356 finem
2071 3326 2115 3356 rei
2139 3326 2314 3367 appetitae,
2345 3328 2458 3368 procul

1386 3371 1486 3403 dubio
1501 3377 1668 3412 peccatum
1685 3369 1819 3401 mortale
1835 3376 1882 3400 est
1897 3369 2084 3400 huiusmodi
2100 3370 2277 3411 appetitus:
2301 3371 2457 3413 quoniam

1386 3416 1567 3447 animarum
1589 3424 1699 3446 curam
1722 3413 1849 3444 ordinat
1871 3414 1910 3444 ad
1934 3414 1983 3446 sui
2000 3415 2222 3447 celsitudinem
2238 3422 2274 3448 ut
2289 3415 2329 3447 ad
2348 3414 2456 3447 finem.

1387 3461 1449 3492 Sed
1473 3460 1499 3491 si
1522 3459 1606 3490 dicat
1628 3459 1785 3491 rationem
1808 3458 1977 3498 appetendi
2001 3466 2136 3496 tantum,
2160 3459 2308 3491 illicitum
2326 3467 2382 3497 est,
2407 3470 2456 3491 ea-

1387 3505 1460 3535 dem
1485 3504 1605 3534 ratione
1629 3513 1693 3543 qua
1717 3502 1812 3533 etiam
1836 3510 1983 3543 appetere
2007 3504 2129 3535 ratione
2148 3503 2353 3535 sufficientiae
2377 3511 2455 3535 tem-

1387 3547 1548 3589 poralium
1571 3554 1636 3578 erat
1659 3546 1804 3578 illicitum
1820 3547 1847 3578 ¹⁸¹.

1444 3591 1627 3623 Obscurum
1650 3597 1757 3622 tamen
1781 3599 1922 3623 remanet
1945 3603 2011 3634 quo
2035 3599 2128 3633 pacto
2152 3593 2338 3624 huiusmodi
2363 3602 2456 3633 appe-

2489 2217 2500 2229 ·
2505 2215 2574 2245 thid„
2579 2215 2645 2240 12&
2650 2216 2704 2240 noe.

2485 3241 2496 3253 ⁸
2508 3241 2577 3270 ma,
2590 3241 2629 3265 M
2647 3241 2699 3264 hoc.

2483 3554 2564 3583 qbid„
2569 3554 2625 3578 &a
2630 3562 2696 3579 um.
