2768 4198
99 892 107 900 ·
122 890 156 912 Cf.
180 895 216 917 qu.
233 894 308 914 mxi,

97 916 184 938 Introd.

95 2311 115 2347 ἰ’
120 2309 188 2358 O&fiilis
193 2309 262 2357 <3¹reg

98 2632 107 2643 ⁸
123 2632 188 2653 Vera.
203 2637 224 2659 7,
238 2632 259 2653 8.

101 3215 111 3223 ·
126 3213 175 3235 Lib.
191 3212 243 3239 vn,
260 3218 311 3240 cap.

100 3246 147 3261 Vffl.

338 299 411 346 392

997 294 1263 342 QUAESTIO
1295 291 1504 338 CLXXIV,
1535 290 1832 328 ARTICULUS
1864 292 1875 327 l

473 504 882 586 QUAESTIO
927 499 2402 577 CENTESIMASEPTUAGESIMAQUARTA

1009 620 1093 660 DE
1126 619 1438 660 DIVISIONE
1471 619 1863 659 PROPHETIAE

1176 736 1211 760 IN
1240 736 1307 761 SEX
1334 735 1541 761 ARTICULOS
1569 735 1688 760 DlVlSA

339 840 526 921 DElNDE
563 823 884 862 considerandum
920 830 975 858 est
1012 822 1059 858 de
1097 821 1283 858 divisione
1318 822 1433 880 pro-l

420 880 571 930 phetiae
591 878 621 915 ²¹⁶.

337 936 384 971 Et
413 934 510 970 circa
539 934 614 969 hoc
643 936 879 979 quaeruntur
907 940 985 964 sex.

390 987 538 1023 Primo:
569 986 615 1022 de
651 979 840 1021 divisione
875 981 1100 1030 prophetiae
1130 981 1168 1017 in
1198 993 1286 1017 suas
1322 969 1432 1029 spe-¹

390 1051 589 1129 Segiietido:
619 1098 748 1127 utrum
777 1089 823 1125 sit
851 1088 960 1124 altior
987 1087 1190 1136 prophetia
1219 1099 1318 1135 quae
1351 1093 1408 1122 est

441 1145 522 1182 sine
551 1142 773 1191 imaginaria
800 1141 963 1179 visione.

1514 820 1669 857 Tertio:
1701 821 1749 857 de
1779 820 1996 857 diversitate
2024 822 2214 869 graduum
2242 824 2478 872 prophetiae.

1514 874 1684 920 Quarto:
1715 882 1844 910 utrum
1865 874 2024 921 Moyses
2054 875 2122 912 fuit
2141 876 2302 914 eximius
2322 883 2339 898 α
2366 880 2533 927 prophe-

1567 935 1706 963 tarum.

1514 980 1676 1026 Quinto:
1698 987 1826 1016 utrum
1843 980 1979 1028 aliquis
1995 982 2299 1030 comprehensor
2317 985 2438 1031 possit
2451 998 2534 1022 esse

1567 1033 1770 1082 propheta.

1514 1087 1650 1123 Sexto:
1679 1094 1808 1124 utrum
1838 1087 2040 1136 prophetia
2070 1088 2232 1125 creverit
2253 1101 2323 1138 per
2349 1092 2535 1140 temporis

1567 1152 1808 1188 processum.

1156 1242 1371 1284 ARTICU
1380 1241 1478 1283 LUS
1510 1241 1720 1284 PRIMUS

468 1338 624 1369 UTRUM
649 1336 993 1368 CONVENIENTER
1016 1335 1261 1366 DlVlDATUR
1283 1330 1534 1366 PROPHETIA
1558 1335 1601 1365 IN
1626 1335 1911 1366 PROPHETIAM
1935 1325 2395 1377 PRAEDESTINATIONJS,

1024 1388 1380 1422 PRAESCIENTIAE,
1405 1389 1463 1419 ET
1488 1388 1843 1420 COMMINATIONIS

901 1469 942 1494 De
964 1468 1054 1499 Verit.‚
1076 1476 1120 1501 qu.
1139 1476 1183 1498 ιιι,
1203 1473 1250 1494 art.

454 1580 496 1602 *314

376 1601 387 1609 ι
403 1600 411 1610 a
465 1594 511 1633 εἰς

395 1615 406 1623 ⁸
479 1611 525 1647 ,Αἲξ

374 1653 387 1662 .,
411 1633 535 1695 *be„

333 1831 433 1857 cesse
460 1824 515 1855 est
540 1818 714 1854 omnibus
742 1816 862 1853 modis
897 1816 1064 1861 evenire,
1096 1820 1135 1851 ut
1161 1815 1242 1851 sine
1278 1819 1406 1850 nostro

333 1874 534 1922 impleatur
548 1871 719 1916 arbitrio,
742 1876 780 1906 ut
799 1871 893 1906 haec
910 1869 957 1905 de
975 1880 1050 1917 qua
1069 1869 1131 1905 hic
1149 1868 1280 1918 agitur
1287 1881 1301 1912 ,·
1328 1866 1406 1904 alia

333 1933 385 1964 est
412 1938 462 1963 ex
483 1924 735 1974 praescientia
768 1923 853 1968 Dei,
883 1923 945 1959 cui
973 1927 1142 1959 nostrum
1179 1921 1409 1958 admiscetur

333 1979 552 2023 arbitrium
579 1978 656 2015 alia
675 1983 730 2014 est
747 1988 846 2025 quae
869 1976 1112 2013 comminatio
1141 1975 1288 2021 dicitur,
1309 1985 1408 2023 quae

322 2036 376 2082 fit
393 2035 440 2071 ob
458 2033 612 2082 signum
631 2031 782 2067 divinae
805 2029 1156 2066 animadversionis.
1188 2029 1282 2066 Illud
1303 2028 1405 2065 enim

335 2088 440 2136 quod
462 2084 706 2133 consequitur
726 2094 885 2120 omnem
911 2082 1164 2132 prophetiam,
1186 2094 1264 2119 non
1293 2082 1408 2119 debet

1274 1475 1318 1497 10;
1340 1469 1370 1493 In
1391 1468 1495 1498 Ierem.,
1516 1476 1572 1500 cap.
1590 1476 1667 1500 xvm;
1690 1469 1718 1493 In
1738 1469 1847 1499 Matth„
1869 1477 1924 1502 cap.
1945 1477 1961 1495 ι.

485 1580 493 1586 f
546 1563 568 1587 D
589 1561 728 1587 pannum
754 1561 808 1586 sm
834 1560 1078 1586 PROCEDlTUR.
1111 1547 1274 1585 Videtur
1300 1547 1407 1596 quod
1434 1549 1436 1601 Ι
1461 1547 1658 1594 dicentem,
1691 1564 1710 1582 «κ
1731 1549 1816 1586 Vidi
1841 1549 2051 1586 Dominum
2075 1550 2276 1599 sedentem,
2297 1559 2368 1590 etc.
2391 1568 2411 1587 ›
2445 1554 2536 1591 Ter·

546 1603 862 1640 inconvenienter
900 1601 1092 1639 dividatur
1133 1601 1334 1650 prophetia
1371 1601 1409 1637 in
1433 1604 1436 1660 Ι
1461 1601 1554 1638 tium
1572 1613 1695 1651 genus
1713 1608 1767 1638 est
1793 1603 2000 1639 somnium:
2028 1603 2125 1640 sicut
2141 1605 2260 1642 Iacob
2286 1606 2430 1644 scalam
2449 1607 2536 1645 dor-

450 1688 472 1703 ,
493 1663 515 1700 (1
547 1658 685 1695 Glossa
704 1656 724 1677 '¹‘
753 1668 868 1705 super
897 1654 1134 1702 Matth.1’¹”¹‘‚
1163 1656 1264 1691 Ecce
1294 1654 1407 1703 virgo
1433 1664 1435 1705 l
1461 1655 1581 1691 miens
1599 1655 1702 1692 vidit.
1737 1655 1923 1698 Quartum
1941 1667 2065 1706 genus
2083 1662 2138 1694 est
2158 1669 2232 1706 per
2254 1660 2414 1696 nubem:
2440 1661 2538 1699 sicut

390 1684 487 1744 gfff)
502 1703 584 1747 Nin
615 1716 720 1746 utero
749 1709 909 1755 habebit,
930 1708 997 1745 ubi
1027 1708 1163 1745 dicitur
1183 1707 1291 1756 quod
1313 1712 1405 1756 pro-
1433 1708 1436 1761 i
1461 1708 1513 1744 ad
1538 1709 1706 1756 Moysen
1725 1709 1892 1757 loquitur
1910 1707 1926 1738 β
1953 1710 2068 1747 Deus.
2103 1710 2282 1752 Quintum
2304 1724 2439 1762 genus,
2457 1726 2537 1752 vox

327 1766 455 1816 phetia
484 1765 560 1801 alia
589 1770 644 1800 est
660 1775 710 1800 ex
731 1762 1077 1811 praedestinatione
1103 1761 1188 1806 Dei,
1209 1772 1324 1809 quam
1345 1772 1407 1797 ne-

1460 1761 1506 1797 de
1533 1761 1661 1798 caelo.-
1689 1761 1787 1798 sicut
1811 1763 1864 1799 ad
1879 1763 2079 1800 Abraham
2107 1765 2234 1801 sonuit
2259 1765 2398 1812 dicens,
2430 1782 2449 1800 ι
2472 1768 2537 1806 Ne

1461 1814 1586 1851 mittas
1614 1827 1772 1852 manum
1801 1816 1838 1852 in
1862 1827 2028 1864 puerum
2052 1832 2085 1854 ».
2119 1818 2277 1855 Sextum
2305 1831 2444 1869 genus,
2472 1833 2535 1859 ac-

1461 1873 1567 1916 cepta
1599 1869 1811 1916 parabola.-
1845 1869 1942 1906 sicut
1972 1870 2076 1917 apud
2109 1871 2287 1908 Balaam.
2328 1872 2534 1922 Septimum

1459 1932 1604 1970 genus,
1634 1922 1786 1970 repletio
1815 1922 1976 1971 Spiritus
2009 1923 2158 1961 Sancti:
2191 1925 2290 1961 sicut
2309 1937 2408 1974 pene
2434 1928 2539 1978 apud

1461 1986 1591 2012 omnes
1613 1976 1830 2023 prophetas.
1869 1975 1983 2013 Ponit
2019 1976 2132 2014 etiarn
2152 1976 2172 1999 *
2199 1977 2270 2015 tria
2306 1990 2448 2026 genera
2479 1980 2536 2018 vi-

1460 2027 1635 2065 sionum:
1666 2041 1802 2075 unum,
1831 2029 2038 2066 secundum
2067 2030 2195 2068 oculos
2223 2033 2412 2080 corporis,·
2445 2034 2536 2072 alte-

1461 2093 1565 2127 rum,
1595 2083 1801 2119 secundum
1835 2083 2008 2131 spiritum
2043 2083 2317 2134 imaginarium
2326 2099 2340 2131 ;
2371 2087 2535 2135 tertium,

334 2140 425 2190 poni
464 2147 505 2176 ut
546 2138 766 2174 membrum
811 2135 987 2173 dividens
1028 2135 1284 2185 prophetiam.
1329 2135 1406 2172 Sed
1454 2146 1528 2183 per
1555 2135 1729 2172 intuitum
1759 2136 1902 2173 mentis.
1934 2136 2010 2173 Sed
2039 2137 2136 2174 haec
2162 2149 2242 2176 non
2272 2139 2538 2188 exprimuntur

335 2193 462 2231 omnis
480 2191 681 2241 prophetia
710 2198 766 2226 est
786 2189 999 2226 secundum
1030 2188 1323 2238 praescientiam
1353 2188 1406 2226 di-

334 2247 488 2284 vinam:
519 2244 610 2293 quia
624 2244 834 2292 prophetae
860 2243 992 2292 legunt
1010 2243 1047 2279 in
1068 2242 1164 2279 libro
1187 2242 1405 2290 praescien-

336 2301 421 2345 tiae,
446 2306 487 2335 ut
516 2297 603 2334 dicit
632 2297 770 2334 Glossa
788 2295 819 2342 ³¹²,
842 2295 961 2332 Isaiae
982 2295 1187 2332 xxxv111**.
1218 2296 1321 2343 Ergo
1349 2295 1406 2332 vi-

337 2354 447 2390 detur
476 2351 582 2398 quod
602 2362 680 2386 non
702 2350 841 2386 debeat
860 2348 952 2397 poni
971 2361 1048 2384 una
1076 2348 1223 2396 species
1242 2349 1407 2398 prophe-

335 2406 408 2443 tiae
439 2416 537 2453 quae
568 2411 623 2439 est
651 2402 865 2439 secundum
894 2401 1195 2450 praescientiam.

393 2471 427 2496 2.
459 2458 698 2502 PRAETEREA,
736 2455 844 2492 sicuti
880 2454 1023 2503 aliquid
1060 2455 1312 2503 prophetatur
1349 2467 1406 2491 se-

338 2511 508 2549 cundum
546 2508 911 2555 comminationem,
948 2508 998 2544 ita
1035 2507 1149 2544 etiam
1192 2508 1406 2545 secundum

336 2563 651 2615 promissionem:
683 2570 720 2599 et
743 2569 903 2611 utraque
931 2560 1109 2597 variatur.
1140 2561 1286 2598 Dicitur
1305 2561 1406 2598 enim

338 2620 473 2655 Ierem.
494 2615 640 2653 xvn1*:
669 2617 836 2664 Repente
864 2614 1000 2663 loquar
1027 2614 1229 2651 adversum
1255 2620 1406 2664 gentem

337 2678 373 2709 et
389 2672 591 2708 adversum
621 2681 797 2719 regnum,
828 2674 867 2704 ut
885 2667 1073 2705 eradicem
1102 2673 1138 2704 et
1155 2668 1345 2705 destruam
1374 2674 1411 2705 et

337 2724 550 2773 disperdam
579 2722 673 2759 illud
679 2736 691 2759 .·
718 2723 753 2758 si
774 2721 1042 2770 poenitentiam
1071 2722 1194 2771 egerit
1218 2733 1314 2771 gens
1342 2721 1406 2758 illa

337 2790 360 2815 a
390 2778 491 2814 malo
519 2789 606 2822 suo,
636 2787 754 2825 agam
782 2781 818 2812 et
844 2787 916 2825 ego
944 2774 1238 2823 poenitentiam:
1268 2782 1304 2812 et
1332 2776 1407 2812 hoc

336 2831 500 2880 pertinet
528 2830 576 2867 ad
605 2828 845 2878 prophetiam
874 2827 1195 2865 comminationis.
1226 2828 1275 2865 Et
1306 2836 1409 2876 post-

339 2884 418 2921 ea*
446 2883 573 2920 subdit
593 2883 640 2919 de
669 2881 869 2931 prophetia
889 2881 1170 2930 promissionis:
1201 2881 1330 2918 Subito
1356 2882 1407 2918 lo-

338 2949 436 2986 quar
463 2937 510 2973 de
536 2942 649 2986 gente
676 2941 710 2972 et
729 2936 774 2972 de
802 2946 935 2984 regna,
957 2940 996 2971 ut
1022 2934 1217 2982 aedificem
1241 2940 1277 2971 et
1297 2935 1408 2983 plan-

338 2997 410 3027 tem
432 2990 544 3027 illud:
572 2990 605 3026 si
621 2989 764 3037 fecerit
790 2988 933 3025 malum
954 2988 991 3024 in
1012 2987 1130 3024 oculis
1148 2988 1253 3034 meis,
1279 2989 1408 3036 poeni-

338 3044 491 3081 tentiam
520 3054 638 3092 agam
672 3053 786 3090 super
813 3042 911 3078 bono
947 3041 1049 3089 quod
1075 3041 1219 3078 locutus
1252 3053 1336 3078 sum
1371 3047 1411 3079 ut

333 3099 504 3144 facerem
533 3096 578 3132 ei.
616 3096 732 3143 Ergo,
766 3094 862 3131 sicut
890 3094 1045 3143 ponitur
1070 3094 1274 3146 prophetia
1303 3107 1408 3132 com-

339 3149 568 3195 minationis,
590 3148 640 3185 ita
661 3148 775 3185 debet
792 3147 885 3196 poni
913 3147 1115 3196 prophetia
1132 3148 1407 3196 promissionis.

395 3204 428 3240 3.
449 3203 684 3248 PRAETEREA,
706 3201 874 3238 Isidorus
893 3200 992 3247 dicit,
1014 3200 1052 3237 in
1071 3200 1168 3238 libro
1187 3202 1354 3250 Etymol.
1370 3201 1407 3238 *ε

338 3256 561 3304 Prophetiae
596 3266 740 3305 genera
776 3260 863 3291 sunt
887 3259 1037 3302 septem.
1075 3254 1247 3291 Primum
1275 3266 1408 3305 genus,

1460 2188 1498 2225 in
1526 2188 1631 2237 prius
1650 2188 1670 2210 '¹‘
1699 2189 1798 2226 dicta
1827 2189 2026 2228 divisione.
2066 2191 2169 2239 Ergo
2198 2199 2255 2229 est
2287 2192 2534 2232 insufficiens.

1515 2242 1590 2278 SED
1610 2253 1758 2279 CONTRA
1777 2254 1844 2279 EST
1863 2243 2067 2281 auctoritas
2087 2244 2329 2294 Hieronymi,
2351 2246 2458 2284 cuius
2482 2247 2537 2285 di-

1461 2294 1556 2331 citur
1585 2307 1667 2331 esse
1696 2296 1823 2343 glossa
1842 2295 1873 2332 *.

1515 2349 1742 2385 ΒΕεΡοΝῡΕο
1764 2360 1947 2386 οιοεΝουΜ
1968 2350 2074 2398 quod
2103 2351 2250 2400 species
2277 2352 2479 2391 habituum
2501 2362 2538 2392 et

1461 2408 1615 2438 actuum
1634 2401 1673 2438 in
1694 2401 1904 2439 moralibus
1927 2402 2208 2451 distinguuntur
2232 2405 2446 2443 secundum
2467 2407 2536 2444 ob-

1460 2453 1570 2491 iecta.
1601 2455 1806 2492 Obiectum
1828 2463 1958 2492 autem
1978 2456 2203 2505 prophetiae
2223 2465 2278 2494 est
2297 2458 2335 2495 id
2356 2460 2460 2508 quod
2482 2468 2538 2497 est

1461 2508 1500 2545 in
1528 2508 1744 2556 cognitione
1774 2508 1901 2546 divina
1929 2521 2045 2559 supra
2073 2510 2284 2548 humanam
2319 2512 2536 2551 facultatem

1462 2562 1636 2598 existens.
1672 2562 1722 2598 Et
1749 2561 1837 2599 ideo
1867 2564 2081 2600 secundum
2110 2564 2251 2601 horum
2281 2564 2536 2604 differentiam

1462 2615 1703 2663 distinguitur
1729 2616 1931 2664 prophetia
1960 2616 1997 2653 in
2022 2617 2194 2654 diversas
2222 2618 2381 2666 speeies,
2402 2631 2536 2658 secun-

1463 2669 1556 2706 dum
1585 2669 1690 2718 prius
1708 2668 1728 2690 ’¹‘
1757 2668 1896 2706 dictam
1927 2669 2170 2709 divisionem.
2200 2671 2357 2709 Dictum
2387 2679 2444 2710 est
2468 2685 2536 2711 au·
2564 2687 2574 2698 ·

1461 2730 1540 2759 tem
1569 2734 1685 2771 supra
1704 2721 1724 2744 '¹‘
1752 2722 1858 2771 quod
1886 2723 2055 2761 futurum
2089 2731 2146 2761 est
2173 2724 2210 2761 in
2241 2724 2371 2763 divina
2406 2726 2536 2774 cogni-
2563 2735 2575 2747 ·

1460 2776 1564 2813 tione
1581 2775 1788 2824 dupliciter.
1811 2776 1898 2813 Uno
1914 2777 2045 2823 modo,
2061 2785 2175 2826 prout
2195 2785 2252 2815 est
2270 2778 2308 2816 in
2323 2791 2393 2816 sua
2408 2791 2534 2817 causa.

1463 2830 1512 2866 Et
1540 2829 1594 2866 sic
1630 2828 1813 2878 accipitur
1846 2830 2044 2878 prophetia
2074 2831 2398 2869 comminationis:
2435 2844 2535 2882 quae

1464 2895 1542 2920 non
1571 2894 1726 2932 semper
1749 2882 1938 2931 impletur,
1959 2884 2028 2921 sed
2047 2896 2116 2933 per
2144 2896 2230 2921 eam
2249 2889 2265 2913 Υ
2292 2886 2535 2933 praenuntia-

1461 2943 1523 2973 tur
1551 2935 1648 2973 ordo
1669 2948 1807 2973 causae
1837 2937 1885 2974 ad
1906 2935 2076 2984 effectus,
2098 2937 2162 2985 qui
2185 2938 2434 2988 quandoque,
2454 2939 2536 2976 aliis

1461 2989 1834 3038 supervenientibus,
1855 2989 2072 3039 impeditur.
2103 3010 2127 3017 -
2155 2990 2243 3028 Alio
2272 2991 2404 3038 modo,
2425 3003 2535 3040 prae—

1462 3042 1659 3091 cognoscit
1695 3043 1802 3080 Deus
1839 3043 1966 3091 aliqua
1994 3043 2032 3081 in
2060 3043 2204 3092 seipsis.
2234 3043 2305 3080 Vel
2333 3052 2374 3081 ut
2405 3045 2536 3083 fienda

1462 3097 1510 3133 ab
1530 3097 1627 3145 ipso.
1649 3096 1699 3132 Et
1717 3097 1857 3133 horum
1878 3103 1934 3133 est
1947 3096 2147 3146 prophetia
2155 3097 2510 3144 praedestinationis
2522 3113 2534 3137 .-

1463 3149 1562 3198 quia,
1592 3149 1807 3187 secundum
1836 3150 2124 3187 Damascenum
2144 3148 2175 3195 ³¹¹,
2205 3150 2311 3187 Deus
2328 3152 2534 3199 praedesti·
2562 3161 2573 3172 ·

1462 3208 1526 3240 nat
1545 3215 1590 3239 ea
1609 3214 1708 3251 quae
1726 3215 1801 3240 non
1820 3208 1907 3239 sunt
1925 3203 1963 3239 in
1983 3202 2102 3240 nobis.
2122 3222 2146 3230 -
2162 3202 2233 3239 Vel
2254 3211 2295 3240 ut
2314 3204 2446 3242 fienda
2464 3217 2535 3254 per
2594 3204 2600 3211 '

1460 3256 1625 3293 liberum
1655 3255 1850 3293 arbitrium
1870 3254 2047 3292 hominis.
2085 3255 2134 3292 Et
2162 3255 2214 3293 sic
2244 3264 2299 3294 est
2331 3258 2533 3307 prophetia

340 3309 491 3354 extasis,
521 3309 623 3357 quod
648 3314 703 3345 est
728 3308 861 3344 mentis
888 3319 1083 3344 excessus:
1109 3308 1206 3344 sicut
1231 3308 1323 3345 vidit
1339 3309 1408 3346 Pe-
1457 3309 1742 3358 praescientiae.
1772 3309 1884 3356 Quae
1911 3315 2036 3357 potest
2056 3321 2139 3345 esse
2164 3309 2358 3347 bonorum
2388 3319 2425 3348 et
2453 3323 2533 3348 ma-

340 3366 420 3397 trus
451 3373 518 3398 vas
544 3361 770 3398 submissum
798 3361 844 3398 de
870 3360 975 3397 caelo
1004 3372 1090 3397 cum
1118 3361 1235 3398 variis
1262 3362 1409 3399 anima-

340 3414 447 3450 libus.
477 3414 689 3450 Secundum
712 3426 846 3463 genus,
875 3414 987 3450 visio.-
1014 3414 1110 3450 sicut
1135 3415 1239 3462 apud
1264 3416 1408 3452 Isaiam

394 3528 422 3559 α)
433 3527 531 3560 suerit.
544 3527 628 3560 -suit
641 3527 837 3554 BCEFHIKLa.
848 3541 868 3548 —-
881 3528 932 3552 Pro
946 3528 1072 3557 eximius,
1083 3529 1220 3554 exhimior
1232 3530 1261 3559 C,
1273 3530 1411 3554 maximus

342 3563 375 3592 Η,
394 3562 632 3588 excellentissimus
651 3563 678 3588 P.

396 3597 421 3630 β)
441 3598 566 3630 loquitur.
579 3611 598 3617 -
617 3598 720 3623 locutus
738 3598 756 3627 Ι,
775 3598 932 3630 loquebatur
955 3598 1020 3623 PsC.
1032 3612 1052 3618 -
1070 3599 1121 3623 Pro
1145 3606 1202 3623 vox
1219 3599 1252 3624 de
1270 3599 1352 3628 caelo,
1371 3602 1411 3624 est

342 3641 399 3659 vox
417 3634 451 3659 de
468 3633 542 3658 caelo
561 3633 666 3663 ADHK,
685 3636 725 3658 est
743 3640 800 3657 vox
818 3633 851 3657 de
869 3633 950 3658 caelis
970 3633 1016 3658 Pa.

1461 3363 1609 3399 lorum:
1648 3362 1754 3410 quod
1781 3373 1860 3398 non
1889 3361 2072 3410 contingit
2107 3362 2154 3399 de
2187 3363 2388 3412 prophetia
2425 3376 2534 3413 prae-

1462 3414 1734 3460 destinationis,
1764 3426 1864 3463 quae
1893 3421 1949 3451 est
1976 3415 2169 3452 bonorum
2197 3423 2357 3453 tantum.

1502 3531 1545 3570 ff)
1553 3529 1612 3589 1³31
1626 3535 1679 3560 per
1696 3535 1763 3554 eam.
1776 3541 1795 3548 -
1809 3535 1861 3560 per
1882 3535 1940 3553 eam
1959 3528 2145 3562 ABEFKLpC,
2164 3533 2191 3555 et
2204 3537 2257 3562 per
2279 3536 2339 3555 eam
2358 3529 2390 3560 D.
2403 3537 2456 3562 per
2473 3537 2532 3556 eam

1463 3571 1534 3589 emm
1564 3571 1576 3588 s
1602 3583 1607 3589 .
2189 3570 2194 3575 ·

2563 1993 2574 2004 0
2586 1991 2646 2015 ma.

2563 2207 2575 2220 ·
2583 2208 2641 2237 Art·
2650 2214 2668 2236 ι.
2678 2207 2767 2238 windo

2563 2307 2575 2318 '⁸
2588 2306 2648 2329 [bid.
