2768 4198
72 1622 82 1631 ⁸
97 1621 146 1642 Art.
162 1626 178 1646 ι,
193 1620 222 1641 ad
239 1625 258 1641 2.

72 2118 80 2125 ⁸
96 2114 149 2136 Loc.
167 2115 186 2136 ci
200 2131 205 2135 .

72 2174 79 2182 ⁸
91 2172 117 2193 Ci
143 2172 239 2193 aristot.
251 2171 283 2192 E—

71 2199 124 2220 thr'c.
136 2199 173 2219 lib.
182 2198 223 2224 IV,
233 2204 259 2219 ca

71 2232 102 2251 tx,
119 2232 139 2246 n.
156 2224 223 2252 7.—S.
239 2224 259 2246 T

72 2254 113 2274 lect
138 2258 193 2273 xvu.

180 2763 285 2783 x,n.i.-

72 2758 155 2805 &L'li'lii
167 2763 287 2805 icenxvn.
343 2782 354 2802 -l
376 2788 379 2792 ’
414 2803 420 2812 ,

75 3452 83 3461 ·
95 3451 150 3478 Cap.
163 3456 212 3476 vin,
224 3455 287 3478 n.13,

324 327 392 361 142

318 395 475 433 brabile.
507 396 556 432 Et
584 395 671 432 ideo
696 393 929 431 verecundia
958 391 1202 441 principalius
1230 391 1393 440 pertinet
1418 395 1419 398 ’

319 450 366 487 ad
396 449 688 498 temperantiam
719 459 835 496 quam
865 446 913 482 ad
943 445 1110 492 aliquam
1141 445 1255 481 aliam
1275 444 1391 481 virtu-

318 512 407 550 tem,
439 502 584 539 ratione
605 501 752 546 motivi,
783 499 887 547 quod
917 506 973 535 est
1002 507 1132 546 turpe:
1161 510 1240 534 non
1261 506 1391 535 autem
1418 525 1419 528 η

318 556 530 594 secundum
561 555 727 604 speciem
748 552 947 601 passionis,
968 563 1068 599 quae
1090 559 1145 587 est
1168 551 1292 588 timor.
1325 552 1391 588 Se-

319 611 487 647 cundum
517 617 645 645 tamen
675 606 780 655 quod
808 605 898 642 vitia
928 604 1008 641 aliis
1036 605 1240 641 virtutibus
1270 617 1393 654 oppo-

318 664 384 700 sita
409 671 496 700 sunt
524 661 646 710 turpia
667 668 702 696 et
722 658 1012 707 exprobrabilia,
1034 666 1160 706 potest
1189 658 1302 694 etiam
1325 670 1391 694 ve—

319 716 498 754 recundia
528 715 576 751 ad
605 713 694 750 alias
722 712 881 749 virtutes
909 712 1110 760 pertinere.

370 773 428 806 AD
466 779 625 805 TERTiuM
664 777 848 803 D1CENDUM
882 765 986 813 quod
1019 765 1254 802 verecundia
1287 765 1393 802 fovet

316 825 554 860 honestatem
594 819 835 856 removendo
866 831 911 855 ea
949 831 1048 867 quae
1077 828 1165 855 sunt
1202 819 1391 855 honestati

317 875 518 912 contraria:
557 886 636 910 non
670 873 718 909 ita
752 872 859 921 quod
888 874 1075 921 pertingat
1104 873 1151 910 ad
1180 872 1390 921 perfectam

317 929 503 966 rationem
533 927 753 964 honestatis.

367 984 426 1018 Ao
456 993 630 1024 QUARTUM
663 992 849 1017 DICENDUM
887 979 993 1028 quod
1028 979 1185 1028 quilibet
1222 979 1391 1016 defectus

316 1044 444 1072 causat
472 1035 628 1071 vitium:
660 1046 739 1070 non
764 1041 893 1070 autem
923 1033 1122 1082 quodlibet
1150 1034 1296 1070 bonum
1317 1033 1391 1069 suf·
1418 1080 1420 1082 Ι

991 315 1259 361 QUAEsrio
1290 315 1465 362 cxciv,
1495 316 1794 353 ARTmULUs
1825 317 1855 352 ιι

1445 392 1601 440 ᾖείῑῃειά
1631 394 1818 431 rationem
1847 394 2008 431 virtutis.
2048 395 2097 431 Et
2134 395 2222 431 ideo
2259 407 2337 431 non
2372 403 2523 444 oportet

1446 445 1552 493 quod
1591 459 1705 483 omne
1741 448 1831 485 illud
1866 448 1925 484 cui
1960 448 2101 485 directe
2131 448 2337 498 opponitur
2364 448 2521 496 vitium,

1446 497 1491 534 sit
1524 498 1656 536 virtus.
1694 520 1719 528 —
1757 501 1948 548 Quamvis
1986 514 2104 538 omne
2137 502 2274 539 vitium
2304 510 2524 550 opponatur

1446 550 1556 587 alicui
1585 551 1713 588 virtuti
1751 556 1964 592 seeundum
2001 567 2111 592 suam
2148 555 2346 604 originem.
2387 556 2436 592 Et
2470 555 2523 592 sic

1445 604 1730 651 inverecundia,
1749 607 1975 654 inquantum
1996 608 2172 657 provenit
2188 621 2233 645 ex
2248 609 2368 646 nimio
2389 621 2522 646 amore

1445 657 1734 706 turpitudinum,
1767 660 1974 708 opponitur
2001 663 2287 710 temperantiae.

1497 713 1556 747 AD
1578 723 1743 754 QUINTUM
1770 724 1958 750 DICENDUM
1981 716 2087 763 quod
2118 727 2162 752 ex
2191 716 2385 753 multoties
2414 727 2523 752 vere-

1446 764 1605 801 cundari
1643 774 1820 803 causatur
1852 766 2003 803 habitus
2030 767 2179 805 virtutis
2212 769 2418 818 acquisitae
2454 782 2524 818 per

1445 830 1563 867 quam
1598 818 1735 868 aliquis
1768 820 1893 868 turpia
1921 820 2035 867 vitet,
2066 821 2114 858 de
2152 822 2292 871 quibus
2329 831 2384 860 est
2411 835 2521 860 vere-

1446 871 1605 909 cundia:
1646 885 1724 909 non
1754 881 1881 910 autem
1915 880 1958 910 ut
1990 873 2124 923 aliquis
2152 875 2309 913 ulterius
2337 888 2523 913 verecun-

1447 925 1568 962 detur.
1609 926 1686 963 Sed
1716 938 1761 962 ex
1790 926 1853 963 illo
1883 926 2015 964 habitu
2043 927 2191 965 virtutis
2227 929 2433 978 acquisitae
2470 929 2523 967 sic

1446 991 1486 1015 se
1524 979 1641 1016 habet
1676 980 1812 1028 aliquis
1847 980 1954 1028 quod
1983 980 2104 1029 magis
2133 979 2457 1020 verecundaretur
2493 983 2523 1020 si

1447 1032 1605 1070 materia
1634 1033 1892 1071 verecundiae
1921 1034 2085 1071 adesset.

1006 1131 1346 1164 Commenta-ta
1369 1131 1625 1165 Cardinaus
1648 1132 1852 1165 Caietam

345 1224 364 1244 N
398 1213 531 1244 articulo
562 1212 667 1252 primo
700 1211 897 1252 quaestionis
922 1211 1389 1253 centesimaequadragesimae-
1414 1210 1418 1234 Ι

318 1226 475 1299 Iquartae
505 1257 642 1287 dubium
674 1257 811 1287 occurrit
841 1257 880 1286 ad
910 1256 1094 1293 hominem,
1120 1257 1201 1287 circa
1231 1257 1389 1288 rationem
1415 1274 1417 1302 2

314 1313 411 1344 quare
427 1301 617 1333 verecundia
632 1311 698 1332 non
722 1301 762 1332 sit
784 1301 893 1332 virtus.
915 1301 1080 1339 Quoniam
1105 1301 1130 1332 si
1151 1301 1230 1332 ratio
1248 1301 1341 1332 allata
1356 1301 1388 1332 in

313 1348 415 1379 littera
435 1347 527 1383 valet,
542 1346 687 1387 sequitur
702 1347 791 1387 quod
808 1346 1003 1386 poenitentia
1019 1357 1086 1377 non
1102 1346 1160 1377 erit
1175 1346 1284 1378 virtus.
1303 1347 1391 1384 Quo-

315 1393 400 1423 niam
425 1392 506 1423 sicut
529 1401 595 1422 non
622 1391 772 1422 convenit
795 1391 863 1421 viro
881 1391 1025 1431 praedito
1049 1391 1165 1422 virtute
1189 1391 1390 1422 committere
1415 1389 1418 1429 l

314 1445 369 1468 aut
393 1437 504 1468 timere
527 1443 620 1476 turpe
643 1443 674 1466 et
698 1436 931 1476 exprobrabile,
955 1435 998 1466 ita
1022 1446 1088 1466 non
1113 1436 1262 1468 convenit
1285 1436 1389 1467 eidem

315 1482 514 1514 committere
528 1481 658 1519 crimen,
668 1481 757 1521 quod
770 1488 816 1511 est
829 1480 960 1512 materia
973 1481 1197 1521 poenitentiae.
1215 1482 1255 1512 Et
1266 1481 1291 1511 si
1305 1491 1392 1512 com·
1416 1484 1417 1487 ’

315 1527 437 1558 misisse
455 1533 621 1567 peccatum
639 1524 754 1556 sufficit
776 1526 815 1556 ad
833 1525 983 1557 virtutem
1003 1525 1229 1566 poenitentiae,
1247 1525 1390 1557 sufficere

314 1582 446 1613 quoque
470 1571 564 1602 debet
588 1570 786 1601 commisisse
814 1577 907 1611 turpe
931 1570 970 1600 ad
997 1570 1147 1601 virtutem
1171 1570 1389 1602 verecundiae.

380 1617 430 1647 Ad
463 1616 525 1646 hoc
556 1616 729 1656 respondet
765 1618 888 1646 Auctor
919 1614 1067 1652 inferius,
1098 1615 1131 1645 in
1163 1625 1218 1656 qu.
1245 1625 1344 1646 Lxxxv
1373 1615 1391 1635 *
1416 1630 1418 1646 ι

314 1661 440 1692 Tertiae
471 1660 587 1696 Partis,
612 1660 667 1690 ubi
699 1659 774 1690 dicit
804 1669 871 1690 non
901 1669 969 1690 esse
1000 1660 1134 1691 eandem
1166 1660 1324 1691 rationem
1352 1657 1391 1691 de

315 1705 510 1746 poenitentia
533 1712 564 1735 et
586 1704 787 1735 verecundia.
820 1704 906 1742 Quia
925 1705 1115 1735 verecundia
1143 1704 1270 1745 respicit
1298 1712 1391 1745 turpe

314 1761 380 1781 non
405 1750 513 1781 solum
543 1757 578 1780 ut
606 1749 830 1789 praeteritum,
856 1749 911 1779 sed
940 1756 976 1780 ut
1006 1758 1170 1789 praesens:
1196 1749 1392 1789 poenitentia
1416 1755 1417 1772 ³

314 1803 421 1826 autem
453 1802 488 1825 ut
519 1793 734 1834 praeteritum.
767 1794 938 1834 Repugnat
967 1801 1076 1824 autern
1107 1793 1252 1824 virtuoso
1276 1793 1417 1824 habere*

313 1847 405 1880 turpe
430 1848 588 1879 praesens,
614 1848 680 1868 non
705 1846 812 1870 autem
837 1837 1004 1868 habuisse:
1035 1847 1110 1868 cum
1136 1847 1173 1868 ex
1196 1837 1314 1868 vitioso
1338 1837 1392 1868 fiat

313 1885 385 1925 quis
408 1884 580 1914 virtuosus.

370 1929 599 1963 Veruntamen,
614 1937 688 1958 curn
705 1926 754 1957 his
774 1927 937 1962 omnibus,
952 1933 1059 1958 teneas
1076 1926 1307 1967 poenitentiam
1323 1936 1390 1957 non
1415 1927 1417 1956 ἐ

313 1983 380 2004 esse
404 1973 555 2004 virtutem
579 1972 639 2002 nisi
660 1982 697 2003 ex
721 1971 960 2012 suppositione:
985 1971 1143 2012 quoniam
1167 1981 1233 2002 non
1254 1971 1391 2012 pertinet

312 2019 351 2049 ad
377 2017 605 2059 perfectionem
629 2016 770 2047 hominis
798 2016 999 2056 simpliciter,
1025 2016 1081 2047 sed
1105 2026 1142 2047 ex
1165 2016 1390 2057 suppositione

313 2062 443 2104 peccati,
458 2069 493 2093 ut
505 2062 537 2092 in
555 2061 671 2093 ultimo
689 2061 823 2092 articulo
840 2060 959 2092 ibidem
982 2063 1105 2092 Auctor
1121 2061 1224 2092 docet.
1251 2061 1292 2092 Et
1316 2071 1389 2102 pro-

313 2116 419 2148 pterea
434 2107 465 2137 in
482 2107 588 2147 primo
604 2106 738 2137 articulo
753 2106 771 2125 *
789 2105 910 2136 ibidem
927 2105 1016 2137 dicit:
1042 2107 1156 2147 Magis
1170 2106 1210 2136 de
1220 2107 1388 2147 poeniten-

312 2154 357 2184 tia
388 2162 484 2193 quam
501 2152 541 2182 de
565 2151 760 2182 verecundia
780 2155 886 2191 potest
910 2151 974 2181 dici
996 2151 1083 2192 quod
1105 2155 1153 2182 est
1177 2151 1289 2182 virtus.
1315 2151 1389 2182 Pro-

312 2204 381 2238 pter
398 2197 515 2227 dictam
531 2196 698 2232 rationem,
716 2202 864 2226 notanter
884 2195 960 2226 dixit
977 2195 1008 2236 ly
1026 2196 1153 2236 magis:
1176 2195 1252 2236 quia
1276 2202 1387 2226 neutra

313 2249 360 2272 est
383 2242 529 2278 studiosi,
548 2240 607 2271 nisi
632 2250 674 2271 ex
695 2241 913 2281 suppositione
928 2239 957 2270 *.

1090 2385 1306 2428 ARTICU
1315 2385 1414 2428 LUS

1499 1212 1536 1243 11.
1562 1212 1598 1242 In
1615 1211 1826 1252 responsione
1843 1212 1883 1242 ad
1907 1212 2059 1253 quintum
2076 1213 2222 1243 eiusdem
2246 1213 2380 1250 articuli,
2398 1214 2525 1246 adverte

1443 1256 1700 1288 distinctionem:
1732 1257 1823 1298 quod
1853 1257 1973 1288 scilicet
2003 1267 2040 1288 ex
2071 1257 2280 1299 frequentatis
2310 1258 2525 1290 laudabilibus

1415 1306 1418 1335 ἐ
1443 1301 1567 1332 actibus
1591 1301 1749 1332 similibus
1772 1309 1942 1342 generatur
1971 1302 2169 1344 quandoque
2194 1302 2320 1334 habitus
2344 1303 2470 1335 virtutis
2485 1305 2525 1335 ad

1416 1338 1417 1379 Ῐ
1443 1346 1563 1377 similes
1587 1354 1686 1382 actus,
1704 1347 1785 1378 sicut
1794 1346 1998 1388 fabricando
2014 1347 2111 1389 fabri
2121 1347 2229 1388 fimus
2237 1355 2251 1385 ,·
2274 1356 2305 1380 et
2327 1349 2526 1390 quandoque

1443 1398 1612 1432 generatur
1642 1391 1767 1422 virtutis
1798 1391 1926 1423 habitus
1957 1402 2023 1423 non
2054 1393 2095 1423 ad
2125 1391 2245 1423 similes
2275 1400 2381 1430 actus,
2406 1394 2462 1424 sed
2485 1394 2526 1424 ad

1416 1436 1418 1481 ᾗ
1443 1435 1574 1467 effectus
1598 1446 1722 1468 eorum.
1747 1437 1795 1467 Ex
1811 1437 1976 1468 multoties
1995 1437 2082 1468 enim
2106 1437 2312 1468 verecundari
2332 1448 2397 1469 non
2414 1438 2526 1470 causa-

1443 1488 1495 1512 tur
1518 1481 1618 1512 virtus
1648 1482 1897 1519 verecundandi,
1922 1482 1979 1513 sed
2008 1481 2109 1514 virtus
2133 1481 2254 1514 vitandi
2285 1483 2409 1524 turpia,
2433 1483 2525 1525 quod

1444 1533 1491 1556 est
1515 1525 1644 1557 effectus
1660 1526 1885 1558 verecundiae:
1911 1526 2027 1558 timens
2051 1526 2212 1568 siquidem
2232 1534 2326 1568 turpe
2339 1527 2418 1560 vitat
2433 1527 2525 1560 illud.

1443 1570 1538 1601 Ratio
1563 1578 1671 1602 autem
1695 1571 1883 1602 diversitatis
1907 1578 1954 1602 est
1975 1572 2052 1613 quia
2075 1578 2165 1603 actus
2188 1571 2323 1613 quidam
2346 1573 2526 1605 secundum

1443 1625 1541 1646 suum
1557 1625 1659 1656 genus
1683 1623 1828 1656 spectant
1843 1616 1883 1646 ad
1906 1626 2008 1657 genus
2031 1616 2167 1653 virtutis,
2184 1624 2219 1648 ut
2242 1617 2368 1658 operari
2390 1617 2524 1655 iustum,

1444 1660 1527 1691 forte
1546 1667 1602 1691 aut
1617 1667 1842 1701 temperatum,
1860 1667 1937 1692 etc.:
1963 1661 2096 1702 quidam
2120 1671 2196 1692 vero
2213 1662 2393 1693 secundum
2409 1672 2443 1694 se
2458 1672 2525 1694 non

1443 1705 1606 1745 attingunt
1629 1705 1669 1736 ad
1692 1706 1818 1737 virtutis
1841 1716 1954 1746 genus,
1974 1707 2029 1737 sed
2046 1707 2226 1738 secundum
2249 1717 2346 1738 suum
2365 1706 2524 1740 effectum.

1444 1750 1486 1781 Et
1501 1757 1671 1790 propterea
1690 1750 1723 1781 in
1739 1750 1802 1781 illis
1818 1761 1856 1782 ex
1871 1750 2022 1792 operibus
2038 1750 2130 1782 iustis
2146 1750 2182 1783 fit
2196 1751 2326 1788 iustitia,
2344 1759 2375 1784 et
2394 1762 2432 1783 ex
2447 1762 2524 1794 ope-

1444 1794 1532 1825 ribus
1549 1794 1687 1825 fortibus
1703 1794 1876 1826 fortitudo:
1898 1795 1930 1826 in
1945 1794 2014 1826 istis
2030 1803 2137 1827 autem
2153 1806 2190 1827 ex
2205 1796 2358 1836 operibus
2374 1807 2525 1829 verecun-

1445 1838 1514 1869 diae
1547 1849 1613 1869 non
1638 1839 1849 1870 verecundiae
1872 1839 1989 1875 virtus.
2011 1839 2067 1870 sed
2095 1840 2324 1881 temperantiae
2354 1841 2455 1873 virtus
2478 1841 2524 1873 fit.

1501 1883 1560 1913 Per
1583 1883 1645 1914 hoc
1668 1890 1777 1914 autem
1801 1884 1891 1925 quod
1916 1893 2071 1924 negamus
2095 1895 2132 1915 ex
2155 1884 2273 1916 talibus
2297 1885 2450 1926 operibus
2471 1896 2526 1928 ge-

1444 1927 1545 1958 nerari
1578 1927 1730 1959 virtutem
1760 1929 1988 1965 verecundiae,
2019 1938 2086 1959 non
2118 1929 2276 1970 intelligas
2308 1930 2398 1971 quod
2429 1931 2525 1963 etiam

1443 1982 1599 2012 negemus
1621 1973 1764 2013 generari
1785 1982 1821 2004 ex
1845 1972 1962 2004 talibus
1986 1973 2182 2004 habitualem
2206 1974 2370 2016 quandam
2389 1974 2525 2016 disponi—

1442 2017 1567 2048 tionem
1591 2017 1630 2048 ad
1654 2018 1953 2055 verecundandum,
1977 2028 2061 2059 quae
2092 2028 2159 2049 non
2183 2026 2231 2050 est
2253 2018 2364 2051 vinus.
2393 2019 2442 2050 Ex
2466 2019 2527 2052 fre-

1442 2061 1616 2103 quentibus
1641 2062 1802 2104 siquidem
1827 2063 1950 2094 actibus
1978 2062 2188 2095 verecundiae
2216 2062 2345 2095 assuefit
2368 2074 2441 2105 pars
2455 2074 2526 2098 sen-

1441 2106 1534 2137 sitiva
1557 2107 1598 2137 ad
1621 2113 1711 2138 actus
1734 2107 1960 2138 verecundiae:
1986 2107 2069 2139 sicut
2091 2117 2129 2139 ex
2152 2107 2222 2139 aliis
2245 2108 2408 2140 consuetis
2431 2109 2527 2151 proni
2556 2113 2665 2140 ’γῆ-(ει
2683 2113 2767 2136 diver·-

1441 2161 1556 2182 sumus
1586 2151 1626 2182 ad
1658 2152 1784 2183 similia.
1816 2152 1858 2184 Et
1887 2152 2049 2184 intantum
2078 2153 2141 2184 hoc
2171 2152 2298 2184 videtur
2326 2153 2461 2185 inveniri
2490 2161 2527 2186 ut

1441 2196 1539 2227 etiam
1570 2197 1768 2238 quandoque
1799 2197 1958 2238 perfectos
1987 2197 2074 2228 viros
2104 2198 2304 2229 verecundos
2333 2208 2419 2236 esse,
2441 2199 2525 2232 beati

1441 2240 1594 2271 Bernardi
1617 2241 1682 2272 vita
1706 2241 1814 2273 testari
1836 2242 1983 2273 videatur
1997 2241 2025 2274 *.

1448 2385 1754 2428 SECUNDUS

950 2480 1107 2511 UTRUM
1132 2480 1416 2512 VERECUNDIA
1441 2480 1508 2511 SIT
1532 2481 1589 2511 DE
1613 2480 1744 2512 TURPI
1769 2480 1890 2512 ACTU

583 2562 604 2586 1⁵¹
626 2561 681 2590 11⁸⁸,
701 2568 745 2594 qu.
764 2568 814 2590 xm,
834 2566 880 2585 art.
900 2568 926 2591 4,
946 2560 978 2584 ad
999 2567 1022 2589 2,
1045 2559 1071 2591 3;
1093 2559 1135 2584 De
1159 2559 1253 2589 Ver-it„
1274 2567 1320 2593 qu.
1339 2567 1411 2590 xxvr,
1431 2565 1480 2586 art.
1500 2568 1526 2592 4,
1547 2561 1578 2585 ad
1599 2568 1630 2593 7;
1652 2560 1681 2585 In
1702 2560 1803 2586 Psalm.
1822 2561 1917 2592 XLlll;
1939 2561 1972 2586 1v
1993 2561 2096 2592 Ethic„
2117 2562 2176 2588 lect.
2195 2570 2257 2588 xvu.

527 2693 764 2731 verecundia
793 2706 872 2730 non
896 2693 942 2730 sit
971 2693 1017 2730 de
1038 2693 1139 2742 turpi
1159 2700 1258 2730 actu.
1289 2693 1390 2731 Dicit
1416 2697 1418 2736 ἔ

510 2746 631 2785 enim
658 2747 928 2797 Philosophus,
955 2747 993 2784 in
1015 2747 1065 2784 IV
1083 2747 1204 2784 Ethic.
1220 2746 1251 2794 *,
1282 2747 1389 2796 quod
1416 2747 1418 2803 l

528 2801 761 2839 verecundia
782 2809 837 2838 est
859 2801 972 2838 timor
991 2801 1280 2851 ingloriationis.
1312 2801 1390 2839 Sed
1416 2806 1418 2839 i

315 2855 548 2904 quandoque
574 2854 622 2892 illi
643 2855 706 2904 qui
731 2855 821 2892 nihil
841 2863 950 2904 turpe
972 2863 1191 2905 operantur,
1213 2854 1391 2903 ingloria·
1416 2844 1418 2872 Ι

92 2917 119 2937 1‘2
137 2922 283 2941 uun-vers-
314 2909 458 2946 tionem
485 2909 688 2946 sustinent:
720 2909 932 2946 secundum
954 2908 1044 2946 illud
1065 2907 1207 2946 Psalmi
1226 2907 1267 2945 *ε
1296 2909 1389 2945 Pro-

308 2968 395 3011 pter
423 2967 457 2999 te
483 2962 644 2999 sustinui
670 2963 930 3011 opprobrium,
956 2962 1103 3011 operuit
1130 2962 1303 3011 confusio
1319 2963 1390 3011 sa-

313 3017 407 3053 ciem
428 3027 565 3054 meam.
597 3016 699 3064 Ergo
719 3015 952 3053 verecundia
976 3028 1054 3053 non
1076 3024 1131 3052 est
1158 3016 1311 3065 proprie
1341 3016 1389 3053 de

313 3069 413 3118 turpi
442 3077 540 3106 actu.

370 3135 404 3160 2.
434 3123 670 3170 PRAETEREA,
701 3122 761 3159 illa
790 3123 915 3159 solum
944 3122 1124 3160 videntur
1153 3134 1234 3159 esse
1264 3122 1388 3172 turpia

315 3188 412 3225 quae
432 3177 576 3214 habent
595 3176 782 3213 rationem
802 3175 960 3225 peccati.
987 3176 1064 3213 Sed
1085 3175 1133 3214 de
1154 3175 1388 3224 quibusdam

314 3230 434 3267 homo
453 3230 736 3267 verecundatur
764 3242 863 3279 quae
883 3242 962 3267 non
982 3238 1070 3267 sunt
1089 3237 1266 3279 peccata:
1296 3238 1389 3280 puta

315 3283 345 3319 si
374 3283 508 3332 aliquis
538 3291 711 3321 exerceat
734 3283 885 3320 servilia
906 3288 924 3305 ²
953 3295 1083 3333 opera.
1115 3284 1217 3332 Ergo
1237 3283 1390 3322 videtur

315 3336 421 3384 quod
449 3337 682 3374 verecundia
716 3349 794 3375 non
823 3337 868 3374 sit
896 3338 1051 3387 proprie
1083 3337 1129 3374 de
1159 3337 1258 3386 turpi
1287 3345 1388 3375 actu.

372 3390 405 3426 3.
437 3389 678 3437 PRAETEREA,
710 3390 954 3440 operationes
981 3391 1164 3428 virtutum
1194 3403 1273 3428 non
1302 3399 1389 3428 sunt

315 3450 457 3491 turpeS,
487 3443 554 3479 sed
578 3444 870 3492 pulcherrimae,
900 3452 941 3481 ut
971 3444 1105 3482 dicitur
1134 3444 1171 3481 in
1198 3443 1388 3481 lEthic.*

1443 2694 1575 2740 bescet,
1593 2701 1662 2731 ete.
1689 2694 1792 2742 Ergo
1807 2694 2042 2732 verecundia
2059 2707 2137 2732 non
2158 2702 2215 2732 est
2235 2695 2282 2733 de
2302 2696 2404 2746 turpi
2424 2705 2524 2735 actu.

1496 2759 1534 2794 4.
1566 2748 1807 2795 PRAETEREA,
1838 2747 1868 2785 si
1897 2748 2133 2787 verecundia
2161 2749 2317 2799 proprie
2347 2757 2447 2788 esset
2476 2751 2524 2789 de

1444 2800 1545 2850 turpi
1582 2809 1690 2848 actu,
1731 2808 1926 2851 oporteret
1962 2802 2068 2852 quod
2107 2802 2155 2840 de
2191 2802 2312 2852 magis
2350 2803 2524 2853 turpibus

1443 2854 1564 2891 homo
1584 2854 1705 2903 magis
1724 2855 2061 2893 verecundaretur.
2094 2856 2171 2894 Sed
2196 2856 2432 2906 quandoque
2453 2858 2523 2895 ho-

1443 2920 1508 2945 mo
1545 2909 1631 2957 plus
1658 2909 1944 2947 verecundatur
1981 2910 2029 2947 de
2057 2909 2116 2947 his
2149 2922 2248 2960 quae
2278 2918 2366 2948 sunt
2394 2911 2522 2950 minus

1444 2970 1623 3011 peccata:
1653 2975 1744 3000 cum
1777 2970 1907 3000 tamen
1946 2962 1994 3000 de
2026 2963 2261 3012 gravissimis
2289 2960 2522 3013 quibusdam

1443 3015 1609 3065 peccatis
1641 3015 1848 3065 glorientur
1872 3014 1903 3064 β,
1942 3018 2157 3056 secundum
2196 3017 2287 3054 illud
2320 3017 2462 3055 Psalmi
2483 3017 2521 3056 *τ

1443 3123 1598 3173 proprie
1628 3131 1684 3160 est
1713 3123 1760 3161 de
1789 3123 1889 3173 turpi
1918 3132 2017 3162 actu.

1498 3177 1573 3214 SED
1593 3188 1742 3215 CONTRA
1762 3189 1828 3215 EST
1856 3177 1965 3226 quod
1992 3177 2260 3215 Damascenus
2289 3176 2390 3225 dicit,
2420 3178 2459 3216 in
2488 3180 2519 3217 11

1442 3229 1538 3267 libro
1553 3230 1586 3278 ²¹¹,
1603 3238 1639 3267 et
1655 3231 1862 3279 Gregorius
1882 3231 2084 3279 Nyssenus
2093 3229 2145 3278 ¹⁶⁴¹,
2162 3231 2269 3280 quod
2289 3233 2520 3271 verecundia
2549 3242 2610 3292 imm
2618 3242 2680 3266 me
2696 3243 2764 3267 oren.

2549 3286 2669 3320 wama.
2699 3286 2763 3320 'Nae

2547 3322 2633 3372 {frti
2647 3330 2675 3372 ἵ·
2687 3339 2699 3376 ,·
2710 3330 2762 3379 ἒρῗ

2547 3382 2587 3399 xtv
2597 3377 2631 3399 vel
2641 3383 2695 3400 xm.
2704 3377 2761 3399 -ln-

2548 3431 2557 3441 ·
2567 3429 2591 3452 1·
2648 3404 2763 3460 {effi-⁸⁴⁸1

2547 3460 2588 3480 nrt.
2603 3461 2629 3484 ,ς
2643 3463 2683 3484 aa.
2703 3462 2761 3482 ιιιι.

1442 3289 1497 3321 est
1527 3284 1641 3321 timor·
1677 3284 1714 3321 in
1745 3284 1847 3334 turpi
1872 3289 1975 3330 actu,
2004 3284 2067 3321 vel
2096 3284 2134 3321 in
2164 3284 2266 3333 turpi
2285 3291 2518 3334 perpetrato.

1497 3339 1725 3376 Respoumzo
1745 3349 1931 3385 atestinum
1951 3337 2069 3387 quod,
2090 3337 2187 3375 sicut
2206 3350 2322 3388 supra
2334 3339 2353 3360 *¹
2374 3339 2518 3378 dictum

1443 3398 1509 3438 est,
1531 3403 1621 3428 cum
1641 3390 1689 3428 de
1709 3389 1889 3439 passione
1909 3390 2054 3428 timoris
2074 3399 2260 3440 ageretur,
2287 3391 2404 3430 timor
2430 3405 2519 3443 pro-

1442 3444 1522 3493 prie
1544 3451 1600 3481 est
1629 3444 1676 3481 de
1697 3443 1799 3480 malo
1820 3443 1954 3491 arduo,
1986 3445 2091 3494 quod
2120 3444 2261 3484 scilicet
2289 3445 2443 3484 difficile
2462 3447 2518 3484 vi-

2554 2140 2768 2190 ..ms-a

2585 2193 2615 2216 de
2621 2193 2735 2221 Boii-na„

2554 2223 2593 2244 cu
2602 2219 2697 2248 διατι,
2706 2222 2768 2249 Aug.

2552 3056 2765 3086 ·Pe.u.vers.3

1447 3069 1548 3112 Quid
1577 3069 1759 3120 gloriaris
1788 3070 1825 3107 in
1855 3069 2033 3108 malitia?
2065 3071 2168 3119 Ergo
2187 3070 2423 3109 verecundia
2442 3084 2522 3110 non
2550 3083 2710 3112 ‹nim-incip.)

2546 3403 2626 3426 mo

74 3484 103 3504 ¹4-
116 3489 123 3493 -
137 3478 160 3498 s.
176 3477 219 3498 Th.
236 3477 286 3498 lect.

75 3510 124 3526 xm,

317 3496 394 3532 Sed
415 3495 647 3545 quandoque
667 3497 782 3546 aliqui
796 3498 1105 3535 verecundantur
1124 3497 1249 3546 aliqua
1269 3509 1388 3546 opera
2546 3487 2587 3506 m.
2606 3489 2625 3512 ³'

1442 3504 1552 3534 tatur.
1583 3497 1651 3533 Est
1678 3504 1807 3534 autem
1835 3497 1976 3547 duplex
2004 3498 2213 3548 turpitudo.
2249 3499 2334 3537 Una
2363 3499 2517 3550 quidem

315 3548 463 3586 virtutis
489 3549 628 3586 facere:
659 3558 700 3586 ut
729 3550 862 3587 dicitur
882 3552 974 3588 Luc.
994 3563 1027 3588 1x
1042 3550 1079 3587 *z
1104 3551 1180 3593 Qui
1197 3550 1391 3587 erubuerit

74 3565 82 3572 ·
100 3563 164 3584 vm.
180 3563 215 3584 2⁶.
1441 3549 1597 3587 vitiosa:
1629 3562 1726 3598 quae
1743 3550 1883 3587 scilicet
1903 3551 2071 3589 consistit
2091 3551 2129 3590 in
2150 3552 2391 3590 deformitate
2411 3560 2518 3591 actus

371 3667 397 3695 αι)
417 3664 533 3690 seruilia.
553 3678 570 3683 -
589 3665 679 3697 aliqua
700 3665 808 3690 servilia
828 3665 902 3690 ABF.
1500 3664 1524 3698 β)
1544 3666 1705 3699 glorientur.
1717 3681 1736 3686 -
1755 3667 1887 3700 glorietur
1907 3668 2024 3693 PAGLa.
