2768 4198
907 277 1177 324 QUAESTIO
1208 278 1420 325 CLXXXI,
1451 278 1749 315 ARTICULUS
1779 278 1831 315 IV

2383 279 2462 325 439

277 366 489 406 creaturae,
520 370 619 407 quae
656 357 767 394 nobis
804 369 882 393 non
917 356 1099 405 competit
1131 357 1341 393 secundum
1367 356 1370 407 Ι
1396 357 1592 406 utriusque
1620 357 1722 394 vitae
1760 357 1971 394 secundum
2008 369 2048 393 se
2083 355 2366 403 consideratae,
2396 356 2463 393 sed

277 412 451 449 ordinem
480 418 636 448 naturae
664 417 828 457 nostrae,
858 409 952 446 sicut
980 409 1162 458 competit
1181 410 1341 457 angelis:

276 465 344 502 sed
373 465 586 502 secundum
613 463 803 500 visionem
831 462 916 499 Dei.

328 520 387 554 An
425 526 586 554 marum
623 527 810 554 mcznnun
846 515 953 563 quod
995 515 1213 553 durabilitas
1242 515 1341 552 vitae

276 570 423 607 activae
451 570 490 606 in
509 577 607 607 statu
635 569 825 618 praesenti
850 569 1036 606 excedens
1065 569 1342 606 durabilitatem

273 622 376 659 vitae
396 622 727 672 contemplativae,
747 635 827 660 non
845 622 1022 671 provenit
1042 634 1087 659 ex
1113 622 1342 671 proprietate

329 755 351 788 ε)
372 757 473 780 nostro.
484 768 505 774 -
522 755 610 780 nostri
627 755 674 780 Pa.

1398 422 1444 446 ex
1473 410 1622 447 defectu
1651 418 1781 447 nostro
1802 415 1825 457 ⁸,
1856 410 1921 458 qui
1942 422 1986 446 ex
2007 409 2175 458 corporis
2204 409 2386 457 gravitate
2407 421 2463 445 re-

1397 463 1583 500 trahimur
1610 463 1658 500 ab
1680 463 1873 500 altitudine
1894 462 2236 511 contemplationis.
2266 462 2377 500 Unde
2397 462 2464 498 ibi-

1398 516 1487 553 dem
1506 516 1526 538 *
1545 516 1672 553 subdit
1700 517 1907 564 Gregorius
1927 516 2031 565 quod
2052 516 2132 564 ipsa
2151 527 2221 552 sua
2248 516 2465 564 infirmitate

1397 570 1446 606 ab
1466 570 1713 606 immensitate
1731 575 1856 606 tantae
1875 570 2099 606 celsitudinis
2117 569 2287 618 repulsus
2315 569 2465 605 animus

1397 623 1434 659 in
1462 623 1657 671 semetipso
1687 623 1878 660 relabitur.

947 835 1285 868 commentaria
1308 834 1563 868 cardinalis
1585 836 1790 870 Caietam

276 925 323 988 IN
347 914 479 945 articulo
503 922 616 955 quarto
637 914 779 946 eiusdem
802 915 1007 956 quaestionis,
1023 916 1162 947 notanda
1177 915 1267 946 valde
1284 916 1341 946 do-

304 959 403 990 ctrina
426 959 564 990 occurrit
593 959 626 990 in
655 960 862 1001 responsione
887 961 931 991 ad
958 961 1145 991 secundum.
1178 959 1342 996 Quoniam

271 1003 345 1034 inde
359 1003 478 1034 solutio
494 1003 579 1034 illius
596 1004 740 1035 occultae
755 1004 950 1045 quaestionis
965 1005 1114 1036 habetur:
1138 1007 1200 1041 An,
1215 1004 1341 1040 scilicet,

271 1047 419 1078 homines
450 1048 532 1078 beati
564 1048 719 1089 assumpti
743 1049 782 1079 ad
811 1049 937 1079 ordines
967 1049 1155 1089 angelorum
1187 1049 1230 1079 ita
1253 1049 1342 1090 quod

273 1091 335 1123 sint
359 1092 537 1132 superiores
561 1092 754 1134 quibusdam
778 1093 906 1133 angelis,
926 1093 1108 1124 illuminent
1131 1094 1261 1133 angelos
1284 1093 1342 1123 mi-

272 1146 333 1167 nus
357 1137 466 1167 beatos
489 1146 532 1173 se,
557 1147 641 1177 quos
665 1144 788 1168 constat
804 1147 871 1167 esse
893 1137 1056 1167 inferiores
1080 1137 1113 1167 in
1137 1137 1247 1168 ordine
1270 1138 1341 1168 bea-

272 1180 425 1212 titudinis.
449 1181 545 1211 Verbi
568 1181 684 1221 gratia:
709 1183 760 1212 An
777 1187 904 1212 sanctus
923 1181 1044 1217 Petrus,
1064 1181 1171 1221 posito
1196 1182 1284 1221 quod
1304 1181 1343 1212 sit

272 1224 354 1255 inter
376 1224 540 1265 Seraphin,
556 1224 716 1255 illuminet
739 1225 869 1265 angelos
890 1225 945 1266 qui
970 1231 1045 1255 sunt
1066 1225 1098 1254 in
1123 1225 1234 1255 ordine
1258 1225 1340 1256 Che-

271 1269 382 1305 rubin,
401 1275 431 1300 et
453 1268 497 1301 sic
514 1269 555 1300 de
576 1269 654 1300 aliis.
678 1269 726 1300 Ex
747 1269 810 1300 hoc
833 1269 919 1300 enim
937 1270 1011 1300 loco
1026 1269 1123 1299 habes
1146 1269 1185 1299 ab
1202 1272 1341 1300 Auctore

267 1310 621 1353 ,pm-tempne'gativam:
653 1313 770 1344 scilicet
791 1314 880 1354 quod
902 1313 1050 1344 homines
1078 1312 1149 1353 puri
1182 1323 1247 1343 non
1272 1313 1342 1343 illu—

272 1356 396 1388 minant
411 1357 557 1396 angelos;
582 1357 684 1387 immo
700 1367 758 1388 nec
777 1357 857 1388 alios
879 1357 1206 1388 homines-inferiores
1222 1357 1340 1388 ibidem

270 1401 392 1431 beatos.
417 1401 582 1437 Quoniam
605 1401 682 1432 haec
705 1409 752 1432 est
767 1401 940 1432 differentia
962 1402 1044 1432 inter
1062 1401 1209 1432 homines
1232 1409 1263 1432 et
1286 1412 1340 1432 an-

269 1444 360 1486 gelos
382 1444 512 1482 ibidem,
529 1446 618 1486 quod
641 1445 674 1475 in
698 1445 884 1476 hominibus
901 1456 967 1476 non
991 1453 1132 1477 remanet
1147 1446 1210 1476 vita
1229 1445 1340 1482 activa,

270 1489 311 1519 ad
333 1498 432 1530 quam
456 1496 577 1530 spectat
600 1489 728 1526 docere,
753 1490 843 1530 quod
865 1489 909 1520 ibi
931 1497 1063 1521 vocatur
1085 1490 1281 1520 illuminare:
1306 1490 1340 1520 in

270 1533 390 1573 angelis
413 1540 531 1570 autem,
555 1543 658 1575 usque
681 1534 721 1564 ad
744 1533 841 1564 finem
865 1534 988 1570 mundi,
1013 1541 1147 1575 utraque
1170 1534 1234 1565 vita
1257 1544 1339 1575 quo—

266 1577 447 1609 dammodo
471 1585 533 1615 est,
558 1578 714 1619 quoniam
738 1585 769 1609 et
792 1579 1062 1619 contemplantur,
1088 1585 1119 1609 et
1141 1585 1215 1610 sunt
1237 1578 1339 1610 admi—

30 1625 94 1650 ’Λᾶ
109 1624 178 1654 ἂι,
191 1630 244 1656 ⁶⁸9·
270 1623 452 1655 nistratorii
473 1623 608 1664 spiritus
630 1623 663 1653 in
687 1624 900 1654 ministerium
925 1624 1024 1661 missi,
1049 1629 1108 1654 etc.
1121 1622 1140 1642 *

41 1959 50 1971 ἰ
75 1960 91 1972 ,Ι
102 1959 154 1971 ιι,ι,»

34 1983 62 1997 'u
80 1983 160 1998 1:5¹&st
195 1985 205 1998 1⁴

30 1658 123 1682 '¹¹⁸⁰‘
136 1658 170 1681 ¹⁴⁹
324 1668 391 1699 Nec
414 1667 523 1698 solum
555 1667 631 1698 haec
655 1666 828 1698 differentia
850 1667 982 1708 ponitur
1009 1667 1043 1698 in
1070 1667 1188 1704 littera,
1211 1667 1266 1698 sed
1289 1677 1338 1697 ra-

34 1744 86 1760 ms
124 1744 140 1748 ..
167 1746 177 1757 fl
227 1740 230 1743 .
269 1711 357 1743 tione
378 1711 499 1743 ibidem
522 1711 686 1753 probatur.
717 1711 860 1749 Scilicet,
885 1712 961 1754 quia
983 1711 1234 1742 illuminationes
1257 1710 1340 1743 fiunt

24 1756 26 1761 ’
98 1754 117 1763 '⁴
144 1776 157 1789 ,ι
269 1755 311 1787 de
338 1756 388 1787 his
418 1766 502 1798 quae
525 1757 691 1797 pertinent
717 1756 761 1787 ad
789 1756 1056 1797 dispensationem
1086 1757 1336 1787 ministeriorum

22 1798 110 1839 32¹1?
130 1799 182 1839 ,0²1³ss
218 1827 219 1831 ,
268 1800 342 1837 Dei.
365 1801 496 1841 Angelis
518 1807 625 1831 autem
641 1801 819 1832 secundum
842 1807 971 1831 naturae
990 1811 1065 1831 suae
1082 1801 1227 1832 ordinem
1251 1810 1337 1831 com-

22 1845 159 1892 ·-ffiss-{ss'xg
168 1861 169 1864 =
223 1857 230 1875 ε
269 1845 348 1886 petit
377 1845 608 1876 administratio
638 1845 794 1876 inferioris
825 1852 995 1876 creaturae.
1026 1845 1067 1875 Et
1099 1852 1267 1886 propterea
1294 1844 1338 1875 eis

25 1890 54 1916 Ἲτ
82 1887 98 1912 i·
130 1902 133 1912 ·
161 1899 174 1917 1³
268 1889 419 1921 convenit
437 1890 617 1920 illuminare
634 1889 807 1920 inferiores.
831 1890 943 1920 Homo
967 1899 1043 1920 vero
1059 1889 1135 1930 quia
1159 1889 1337 1920 secundum

270 1941 400 1967 naturae
416 1934 562 1965 ordinem
578 1944 644 1965 non
668 1941 715 1965 est
737 1934 973 1965 administrator
990 1933 1148 1964 inferioris
1164 1941 1336 1971 creaturae;

269 1989 328 2010 nec
351 1978 475 2010 homini
499 1979 655 2020 promissa
670 1986 716 2009 est
731 1978 907 2010 similitudo
931 1988 1006 2010 cum
1029 1978 1148 2019 angelis
1171 1978 1279 2019 quoad
1302 1988 1338 2009 ea

292 2033 352 2054 uae
375 2029 518 2064 spectant
540 2023 580 2054 ad
603 2023 748 2054 ordinem
779 2029 929 2060 naturae,
954 2023 1047 2064 quale
1071 2029 1118 2054 est
1141 2033 1208 2053 esse
1239 2022 1337 2055 admi-

269 2067 469 2099 mstrativum
501 2067 658 2098 inferioris
689 2074 862 2099 creaturae:
895 2067 968 2098 ideo
992 2067 1117 2098 homini
1146 2067 1240 2098 beato
1270 2077 1337 2098 non

269 2111 419 2144 convenit
440 2112 630 2143 illuminare.

1395 916 1493 946 beatis
1516 917 1556 947 sit
1580 917 1720 947 duorum
1743 916 1865 953 notitia,
1886 916 2004 947 scilicet
2026 915 2125 956 ipsius
2141 915 2210 951 Dei,
2228 925 2292 956 qua
2316 914 2461 945 essentia-

1394 961 1464 991 liter
1486 960 1566 991 beati
1598 967 1687 997 sunt,
1712 967 1743 990 et
1765 960 2013 991 ministeriorum
2036 960 2112 996 Dei,
2136 970 2218 1000 quae
2250 958 2462 990 mediantibus

1395 1005 1514 1044 angelis
1539 1005 1704 1046 exequitur
1726 1004 1757 1034 in
1778 1005 1840 1036 hoc
1855 1005 1996 1035 mundo:
2017 1004 2125 1045 quoad
2149 1004 2286 1044 primam
2301 1003 2458 1039 notitiam,

1395 1059 1452 1080 nec
1476 1049 1576 1079 homo
1593 1059 1649 1080 nec
1674 1049 1805 1088 angelus
1828 1049 1987 1080 illuminat
2010 1049 2108 1079 alium
2131 1048 2328 1084 inferiorem;
2353 1048 2461 1088 quoad

1394 1094 1567 1124 secundam
1590 1103 1665 1124 vero
1695 1093 1857 1130 notitiam,
1883 1104 1948 1124 non
1977 1093 2126 1129 hominis,
2151 1093 2205 1123 sed
2228 1091 2330 1132 angeli
2355 1099 2401 1122 est
2423 1091 2460 1122 il-

1393 1137 1559 1174 luminare,
1583 1137 1659 1179 quia
1683 1137 1722 1167 ad
1750 1138 1947 1177 angelorum,
1973 1144 2003 1168 et
2026 1147 2092 1167 non
2115 1136 2285 1167 hominum
2318 1135 2460 1166 officium

1394 1182 1456 1212 hoc
1481 1189 1609 1222 spectat.

1450 1226 1487 1257 11.
1511 1226 1578 1256 Nec
1601 1225 1716 1255 fallaris
1743 1236 1780 1256 ex
1809 1225 1888 1262 hoc,
1913 1232 2028 1265 putans
2057 1225 2204 1255 homines
2231 1225 2358 1260 beatos,
2382 1231 2460 1264 puta

1393 1277 1539 1301 sanctum
1562 1270 1702 1306 Petrum,
1719 1280 1895 1310 nunquam,
1913 1270 2018 1300 divina
2041 1269 2284 1309 dispensatione,
2305 1268 2385 1299 circa
2401 1278 2459 1298 nos

1394 1314 1515 1354 aliquid
1539 1314 1674 1354 operari.
1698 1314 1770 1344 Hoc
1794 1314 1879 1344 enim
1895 1315 1933 1344 ab
1948 1314 2006 1344 hac
2030 1314 2215 1354 quaestione
2239 1313 2380 1343 alienum
2396 1319 2457 1343 est:

1394 1358 1549 1399 quoniam
1574 1358 1612 1388 de
1635 1358 1732 1388 beatis
1752 1358 1832 1388 inter
1856 1368 1888 1388 se
1912 1358 2055 1398 quaestio
2080 1365 2135 1389 est.
2160 1360 2212 1388 An
2231 1364 2338 1387 autem
2362 1357 2459 1387 sancti

1393 1402 1491 1443 aliqui
1520 1401 1702 1432 immediate
1730 1412 1786 1442 per
1814 1402 1954 1442 seipsos,
1983 1402 2033 1432 vel
2063 1412 2119 1442 per
2148 1402 2336 1441 angelorum
2365 1400 2458 1431 mini-

1393 1446 1525 1477 sterium
1556 1446 1612 1486 qui
1640 1446 1771 1476 nomine
1798 1446 1928 1476 illorum
1957 1452 2141 1476 sanctorum
2172 1456 2204 1476 se
2236 1451 2368 1482 vocant,
2400 1455 2459 1475 nos

1393 1490 1588 1531 quandoque
1616 1489 1814 1526 illuminent,
1839 1497 1894 1520 aut
1924 1490 2003 1520 circa
2033 1500 2093 1520 nos
2121 1489 2241 1530 aliquid
2271 1495 2457 1529 operentur:

1393 1545 1458 1566 non
1476 1534 1565 1565 facile
1582 1534 1723 1565 dixerim.
1749 1534 2022 1575 Quandoquidem
2040 1533 2120 1564 ratio
2136 1533 2294 1574 praedicta
2317 1533 2404 1564 ducit
2419 1533 2459 1563 ad

1392 1586 1515 1620 partem
1538 1578 1730 1619 negativam:
1755 1578 1947 1619 dispensatio
1965 1585 2071 1609 autem
2087 1577 2192 1608 divina
2216 1578 2254 1607 ad
2274 1583 2395 1617 partem
2414 1577 2458 1607 af-

1391 1622 1591 1654 firmativam.
1615 1623 1767 1663 Legimus
1783 1623 1869 1653 enim
1885 1623 1973 1664 quod
1997 1623 2099 1653 multa
2115 1631 2251 1662 corpora
2272 1627 2456 1652 sanctorum

1390 1673 1608 1699 surrexerunt
1629 1677 1701 1698 cum
1729 1667 1866 1705 Christo,
1884 1673 1915 1698 et
1932 1672 2156 1708 apparuerunt
2170 1666 2322 1697 multis*:
2342 1684 2362 1688 —
2385 1675 2458 1705 pro-

1392 1712 1444 1743 cul
1463 1711 1561 1743 dubio
1577 1712 1676 1742 beati:
1701 1721 1776 1742 cum
1792 1718 1895 1742 essent
1910 1711 2019 1748 sancti,
2040 1718 2071 1742 et
2089 1711 2350 1741 resurrectionem
2367 1709 2457 1740 Chri-

1392 1756 1440 1793 sti,
1457 1756 1641 1797 apparendo
1664 1756 1783 1792 multis,
1803 1762 1994 1787 attestantes.
2020 1755 2060 1786 Et
2076 1762 2242 1796 propterea
2265 1764 2329 1784 non
2347 1754 2456 1784 incon-

1390 1811 1467 1841 grue
1491 1800 1551 1831 dici
1575 1810 1669 1841 posse
1692 1800 1815 1831 videtur
1838 1801 1926 1841 quod
1942 1800 2022 1830 ordo
2046 1800 2186 1830 caelestis
2209 1799 2326 1839 patriae
2350 1799 2455 1828 beato-

1390 1855 1462 1875 rum
1478 1845 1559 1876 inter
1574 1855 1607 1875 se
1623 1854 1790 1885 nunquam
1806 1844 1952 1881 variatur,
1969 1851 2005 1875 ut
2018 1846 2141 1874 Auctor
2158 1844 2191 1874 in
2207 1843 2315 1874 Primo
2331 1842 2427 1873 Libro
2439 1842 2456 1862 *

1391 1889 1514 1920 docuit:
1540 1899 1579 1920 eo
1596 1889 1685 1930 quod
1700 1889 1830 1919 variatio
1853 1889 1907 1919 illa
1930 1889 2118 1919 miraculose
2134 1887 2233 1924 fieret;
2259 1894 2289 1918 et
2305 1897 2379 1929 curn
2395 1886 2455 1916 mi-

1390 1934 1495 1964 racula
1518 1933 1596 1964 fiant
1613 1938 1750 1974 propter
1772 1934 1952 1971 utilitatem,
1977 1940 2012 1964 ut
2035 1933 2210 1973 Apostolus
2234 1932 2326 1962 docet
2339 1931 2366 1967 *,
2391 1930 2455 1960 fru-

1391 1984 1453 2008 stra
1475 1978 1519 2008 ibi
1540 1977 1661 2014 fierent,
1685 1977 1741 2008 ubi
1763 1977 1850 2008 nulla
1874 1985 1954 2008 esset
1976 1977 2104 2009 utilitas.
2133 1977 2222 2008 Ordo
2244 1986 2320 2007 vero
2343 1985 2454 2015 super-

1391 2032 1510 2053 norum
1540 2022 1659 2053 civium
1690 2022 1729 2052 ad
1753 2032 1812 2052 nos
1840 2021 2048 2062 dispensative
2076 2022 2270 2062 quandoque
2300 2026 2454 2050 mutatur:

1391 2077 1430 2097 eo
1447 2067 1535 2108 quod
1559 2066 1621 2097 hoc
1640 2066 1679 2096 ad
1703 2066 1870 2097 utilitatem
1888 2065 2046 2097 Ecclesiae
2070 2066 2200 2102 confert,
2218 2066 2307 2101 dum,
2324 2063 2456 2105 peregri-

1391 2118 1502 2142 nantes
1525 2110 1593 2147 hic,
1618 2121 1654 2141 ex
1678 2110 1726 2141 his
1749 2110 1804 2152 qui
1828 2111 1996 2141 nobiscum
2025 2110 2164 2147 fuerunt,
2189 2109 2309 2150 regredi
2333 2108 2372 2139 ad
2396 2118 2455 2139 nos

324 2157 373 2188 Ex
395 2156 512 2198 quibus
536 2157 650 2197 collige
672 2156 914 2197 responsionem
935 2155 1066 2192 litterae,
1089 2155 1190 2196 quod,
1207 2165 1282 2186 cum
1305 2155 1338 2186 in
1364 2163 1367 2185 ι
1391 2155 1570 2196 experimur
1583 2155 1611 2186 *.

2593 415 2604 431 Ε

2493 517 2503 527 ·
2510 516 2565 538 Loc.
2575 517 2613 539 cit.
2623 518 2645 538 in
2656 523 2704 545 arg.

2486 1673 2698 1702 ’Matth.eap.xxv==‚

2485 1706 2545 1722 vers.
2560 1707 2592 1729 52,
2607 1707 2639 1729 53.

2485 1850 2494 1860 ·
2527 1856 2549 1871 u.
2558 1855 2603 1876 cvi,
2612 1854 2654 1872 art.
2661 1856 2696 1879 3.-

2484 1876 2503 1898 C
2515 1876 2656 1898 commem.

2484 1937 2493 1947 ⁸
2502 1937 2512 1958 1
2522 1936 2556 1958 ad
2569 1937 2632 1964 Cor„
2644 1943 2695 1965 cap.

2483 1969 2525 1990 ιιι,
2540 1970 2599 1985 vers.
2614 1970 2634 1990 7.

2483 2104 2492 2113 ⁸
2506 2102 2541 2124 Cf.
2556 2102 2616 2124 Part.
2628 2102 2645 2129 1,
2655 2108 2694 2129 qu.

2483 2135 2553 2177 ξνιιι,
2568 2133 2609 2151 ειη.
2625 2129 2651 2156 8,
2665 2129 2695 2150 ad
