2768 4198
66 826 78 838 ⁸
92 825 157 847 Vers.
173 831 209 847 20.

65 1667 74 1676 ⁸
88 1666 137 1687 Art.
155 1665 257 1692 praeced.

65 1776 74 1783 ⁸
82 1774 118 1795 De
123 1774 210 1795 Invent.
216 1773 277 1794 Rhe-

63 1803 109 1822 tor.
125 1801 163 1822 lib.
180 1800 207 1827 u,
226 1806 275 1827 cap.

65 1856 74 1864 ⁸
88 1854 124 1875 De
143 1853 274 1882 Affectibus.

65 2206 74 2216 ⁸
89 2205 116 2226 D.
130 2206 180 2234 389.

65 2255 74 2264 ⁸
94 2254 142 2281 Qu.
163 2259 219 2280 ceu,
234 2257 275 2275 art,

309 306 384 342 258

993 298 1260 346 QUAESTIO
1291 298 1410 345 CLV,
1439 298 1739 336 ARTICULUS
1769 299 1820 336 1v

1045 441 1403 483 ARTICULUS
1455 442 1760 491 QUARTUS

772 537 928 568 UTRUM
953 534 1255 566 CONTINENTIA
1279 534 1346 565 SIT
1375 534 1544 565 MELIOR
1567 534 1694 571 QUAM
1718 535 2032 567 TEMPERANTIA

1016 613 1047 638 111
1069 613 1158 644 Seni„
1178 614 1237 638 dist.
1257 620 1344 644 xxxm,
1364 621 1407 646 qu.
1427 620 1465 642 111,
1484 617 1530 638 art.
1552 620 1574 643 2,
1595 613 1646 645 qu⁸
1669 621 1689 643 1,
1710 614 1742 638 ad
1765 621 1786 639 1.

339 733 343 740 s
390 719 399 743 ι
423 728 462 745 „fl
517 711 538 736 D
555 709 726 740 QUARTUM
751 708 803 733 s1c
821 706 1062 732 PRocnmrua.
1088 694 1248 732 Videtur
1267 694 1372 742 quod

353 743 379 773 3³
444 744 492 798 '7⁷5
517 750 745 788 continentia
774 749 819 786 sit
847 749 984 785 melior
1012 760 1129 796 quarn
1158 755 1373 796 temperan-

352 804 440 850 ⁴¹1<
461 802 575 845 (tia.
606 803 752 840 Dicitur
786 802 887 839 enim
916 802 1032 838 Eccli.
1061 813 1145 838 xxvi
1167 801 1207 837 *z
1243 801 1373 838 Omnis

359 833 639 894 (mantem
665 856 886 905 ponderatio
922 867 997 892 non
1027 860 1082 891 est
1106 855 1224 904 digna
1256 854 1372 891 conti-

304 912 421 948 nentis
447 910 609 947 animae.
641 911 743 958 Ergo
763 909 866 946 nulla
893 909 1012 946 virtus
1031 915 1156 957 potest
1176 907 1372 944 continen-

303 964 375 1001 tiae
404 963 622 1012 adaequari.

357 1029 391 1054 2.
427 1018 671 1063 PRAETEREA,
701 1023 844 1064 quanto
883 1015 1010 1064 aliqua
1046 1015 1166 1051 virtus
1204 1021 1373 1051 meretur

303 1071 425 1107 maius
463 1070 700 1119 praemium,
729 1077 833 1106 tanto
871 1068 997 1117 potior
1033 1076 1099 1105 est.
1148 1068 1226 1104 Sed
1255 1067 1372 1104 conti-

303 1124 430 1161 nentia
458 1124 607 1161 videtur
643 1122 780 1159 mereri
809 1122 934 1159 maius
969 1121 1208 1170 praemium:
1239 1121 1373 1158 dicitur

303 1177 405 1214 enim
435 1178 467 1213 ΙΙ
495 1177 548 1214 ad
569 1177 665 1214 Tim.
688 1181 705 1197 α
725 1188 747 1213 11
766 1175 804 1212 *z
833 1176 925 1213 Non
947 1176 1192 1212 coronabitur
1219 1175 1291 1211 nisi
1309 1174 1375 1223 qui

303 1231 467 1281 legitime
485 1230 705 1274 certaverit,·
733 1230 853 1277 magis
873 1236 1001 1266 autem
1023 1236 1139 1266 certat
1160 1227 1371 1275 continens,
1398 1230 1400 1246 ³

303 1284 367 1333 qui
394 1284 534 1333 patitur
556 1284 806 1321 vehementes
832 1280 1193 1331 concupiscentias¹³
1220 1293 1371 1330 pravas,
1399 1321 1400 1338 ἢ

303 1350 420 1387 quam
449 1345 697 1386 temperatus,
726 1337 792 1384 qui
821 1349 900 1373 non
928 1337 1044 1373 habet
1072 1348 1136 1373 eas
1164 1336 1373 1372 vehemen-

301 1399 369 1428 tes.
401 1392 501 1439 Ergo
523 1390 753 1428 continentia
774 1397 830 1426 est
856 1390 983 1438 potior
1001 1389 1121 1426 virtus
1140 1401 1257 1438 quam
1278 1395 1374 1425 tem-
1399 1419 1401 1440 Ε

1399 1474 1401 1493 2
1428 1441 1654 1478 abstinentia
1683 1453 1704 1478 a
1733 1442 1847 1478 rebus
1885 1441 2026 1478 illicitis.
2066 1443 2115 1479 Et
2143 1442 2196 1479 sic
2230 1443 2365 1481 dicitur
2395 1445 2502 1493 quod

1399 1496 1402 1529 ζ
1427 1495 1549 1533 omnis
1562 1495 1788 1544 ponderatio
1809 1507 1884 1532 non
1913 1501 1968 1532 est
1993 1495 2111 1546 digna
2131 1497 2284 1534 animae
2312 1498 2501 1536 continen-

331 1452 482 1482 erantla.

302 1457 326 1494 p
358 1499 391 1535 3.
421 1499 664 1544 PRAETEREA,
698 1498 876 1533 voluntas
919 1503 975 1533 est
1013 1495 1162 1543 dignior
1203 1495 1373 1544 potentia

303 1563 419 1600 quam
443 1551 502 1588 vis
531 1549 845 1599 concupiscibilis.
881 1550 958 1587 Sed
990 1548 1222 1586 continentia
1251 1556 1306 1585 est
1334 1548 1372 1585 in

302 1606 509 1651 voluntate,
531 1603 782 1653 temperantia
801 1610 930 1640 autem
951 1603 989 1640 in
1008 1603 1048 1640 vi
1077 1602 1372 1652 concupiscibili,

303 1666 344 1695 ut
373 1670 418 1695 ex
446 1658 554 1695 dictis
573 1657 593 1679 ’¹‘
620 1664 733 1706 patet.
764 1657 867 1704 Ergo
898 1656 1129 1693 continentia
1163 1663 1220 1692 est
1247 1655 1374 1705 potior

302 1711 421 1750 virtus
450 1723 566 1760 quam
595 1709 856 1759 temperantia.

358 1766 432 1802 SED
461 1776 608 1802 CONTRA
644 1775 711 1801 EST
739 1763 844 1812 quod
874 1762 1022 1800 Tullius
1051 1762 1071 1784 '¹‘
1109 1770 1145 1798 et
1181 1761 1373 1799 Androni-

304 1831 369 1855 cus
388 1818 408 1840 *
434 1826 583 1867 ponunt
613 1816 883 1854 continentiam
908 1816 1127 1853 adiunctam
1157 1823 1372 1863 temperan-

302 1871 375 1909 tiae
404 1871 498 1907 sicut
525 1869 722 1920 principali
750 1869 888 1906 virtuti.

356 1926 582 1961 RESPONDEO
603 1935 788 1960 DICENDUM
809 1922 927 1970 quod,
944 1921 1039 1958 sicut
1058 1933 1174 1970 supra
1188 1921 1208 1942 '¹‘
1228 1921 1370 1958 dictum

303 1985 368 2025 est,
390 1990 532 2014 nomen
559 1976 813 2014 continentiae
834 1975 1032 2024 dupliciter
1060 1974 1253 2023 accipitur.
1283 1974 1371 2011 Uno

302 2031 434 2077 modo,
456 2031 668 2068 secundum
697 2030 803 2078 quod
831 2030 1012 2078 importat
1041 2028 1293 2066 cessationem
1323 2028 1371 2065 ab

302 2085 481 2122 omnibus
501 2083 812 2121 delectationibus
830 2082 1018 2120 venereis.
1041 2082 1090 2118 Et
1109 2081 1162 2119 sic
1181 2081 1371 2119 sumendo

302 2151 445 2175 nomen
474 2137 747 2183 continentiae,
779 2136 1010 2173 continentia
1039 2143 1095 2172 est
1123 2135 1250 2184 potior
1277 2142 1372 2172 tem-

302 2192 471 2241 perantia
500 2191 717 2239 simpliciter
738 2190 837 2227 dicta
856 2189 893 2226 *t
923 2196 964 2226 ut
990 2196 1094 2238 patet
1114 2200 1158 2225 ex
1186 2188 1244 2225 his
1273 2201 1372 2237 quae

302 2257 417 2294 supra
435 2244 456 2266 ‘¹‘
485 2244 583 2281 dicta
618 2251 703 2281 sunt
733 2244 780 2280 de
816 2241 1117 2292 praeeminentia
1152 2241 1373 2290 virginitatis

303 2299 351 2336 ad
381 2298 588 2335 castitatem
618 2296 835 2345 simpliciter
864 2296 1014 2334 dictam.

357 2351 441 2388 Alio
480 2350 599 2388 modo
635 2357 760 2399 potest
787 2349 907 2398 accipi
941 2360 1085 2385 nomen
1119 2347 1372 2384 continentiae

304 2404 517 2442 secundum
542 2403 647 2453 quod
675 2403 853 2452 importat
873 2401 1121 2453 resistentia-m
1152 2400 1303 2438 rationis
1324 2401 1372 2438 ad

305 2457 628 2506 concupiscentias
657 2468 795 2505 pravas
820 2468 918 2505 quae
948 2463 1034 2492 sunt
1062 2454 1101 2491 in
1129 2454 1286 2492 homine
1307 2467 1373 2492 ve-

303 2513 512 2548 hementes.
557 2511 606 2547 Et
642 2509 855 2547 secundum
899 2510 994 2555 hoc,
1029 2508 1281 2558 temperantia
1319 2515 1374 2545 est

304 2565 424 2601 multo
446 2563 573 2613 potior
595 2576 711 2612 quam
736 2562 979 2600 continentia.
1010 2561 1111 2609 Quia
1132 2562 1279 2599 bonum
1299 2561 1373 2598 vir-

304 2618 390 2654 tutis
419 2617 607 2654 laudabile
638 2624 693 2653 est
722 2628 767 2653 ex
797 2628 843 2652 eo
872 2616 977 2665 quod
1006 2623 1062 2652 est
1082 2615 1294 2652 secundum
1315 2627 1371 2651 ra-

304 2671 458 2708 tionem.
488 2670 579 2707 Plus
607 2677 735 2707 autem
765 2669 867 2718 viget
894 2669 1041 2706 bonum
1073 2668 1224 2706 rationis
1253 2668 1290 2705 in
1325 2680 1371 2705 eo

304 2724 367 2774 qui
397 2731 452 2761 est
479 2731 724 2773 temperatus,
751 2723 788 2760 in
818 2735 896 2771 quo
927 2722 1040 2759 etiam
1074 2722 1154 2771 ipse
1184 2721 1372 2771 appetitus

304 2778 506 2815 sensitivus
528 2785 582 2814 est
611 2776 803 2814 subiectus
824 2775 958 2813 rationi
984 2783 1020 2812 et
1039 2775 1147 2823 quasi
1176 2787 1198 2812 a
1227 2775 1371 2812 ratione

305 2831 505 2878 edomitus,
527 2843 644 2879 quam
674 2830 711 2867 in
742 2842 787 2866 eo
817 2829 882 2878 qui
913 2837 968 2866 est
996 2829 1205 2876 continens,
1226 2828 1263 2866 in
1293 2841 1370 2877 quo

358 2945 384 2977 α)
406 2945 436 2969 11
450 2945 488 2970 ad
511 2943 577 2970 Ttm.
589 2957 609 2964 —
627 2944 644 2968 1
658 2944 695 2969 ad
716 2944 778 2969 Cor.
798 2942 1019 2968 ABCEFHIKLa.

357 2980 381 3013 β)
401 2980 636 3012 concupiscentias.
648 2993 666 2999 -—
682 2980 821 3012 passiones
839 2982 866 3004 et
883 2979 1111 3011 concupiscentias
1129 2979 1176 3005 Pa.

1426 693 1615 742 appetitus
1657 693 1859 731 sensitivus
1895 695 2147 733 vehementer
2181 697 2317 734 resistit
2363 698 2500 735 rationi

1425 759 1496 795 per
1537 746 1866 795 concupiscentias
1911 760 2063 796 pravas.
2113 750 2225 787 Unde
2268 751 2500 789 continentia

1427 807 1672 848 comparatur
1699 801 1747 837 ad
1776 801 2068 849 temperantiam
2106 803 2203 840 sicut
2232 803 2499 853 imperfectum

1427 853 1476 890 ad
1504 853 1731 902 perfectum.

1479 908 1538 942 Αι)
1568 918 1707 943 patmum
1735 917 1834 943 ERGO
1864 918 2051 945 DicENDun
2079 909 2185 956 quod
2207 910 2411 947 auctoritas
2439 911 2500 949 illa

1426 967 1553 1008 potest
1581 959 1780 1008 dupliciter
1807 959 1973 1008 intelligi.
2003 961 2091 998 Uno
2120 962 2258 1010 modo,
2285 964 2499 1002 secundum

1426 1013 1532 1061 quod
1553 1013 1735 1062 accipitur
1749 1013 1982 1051 continentia
1999 1021 2116 1063 prout
2134 1015 2298 1053 abstinet
2311 1017 2361 1054 ab
2377 1018 2500 1056 omni-

1427 1067 1498 1103 bus
1525 1066 1712 1104 venereis.
1743 1068 1793 1104 Et
1819 1067 1896 1104 hoc
1924 1067 2044 1105 modo
2073 1068 2211 1106 dicitur
2244 1070 2351 1118 quod
2379 1072 2502 1108 omnis

1420 1120 1646 1168 ponderatio
1673 1132 1749 1157 non
1778 1126 1833 1157 est
1858 1121 1976 1170 digna
2000 1121 2154 1158 animae
2179 1123 2400 1160 continentis
2418 1130 2446 1171 Ὺ,
2461 1124 2500 1162 in

1426 1186 1566 1222 genere
1583 1174 1780 1211 castitatis:
1802 1174 1892 1222 quia
1911 1185 1982 1211 nec
2003 1174 2118 1212 etiam
2133 1175 2344 1213 fecunditas
2364 1177 2500 1226 carnis,

1427 1239 1525 1276 quae
1548 1227 1740 1276 quaeritur
1767 1227 1806 1264 in
1834 1228 2093 1276 matrimonio,
2119 1228 2356 1278 adaequatur
2383 1230 2502 1268 conti-

1427 1281 1579 1318 nentiae
1593 1281 1765 1329 virginali
1784 1282 1847 1318 vel
1862 1281 2019 1329 viduali,
2035 1289 2077 1318 ut
2095 1293 2211 1330 supra
2228 1282 2249 1305 '¹‘
2269 1282 2412 1321 dictum
2433 1292 2499 1322 est.
2529 1292 2539 1303 ⁴

1480 1334 1567 1371 Alio
1597 1335 1716 1371 modo
1737 1342 1863 1383 potest
1890 1334 2043 1383 intelligi
2063 1336 2277 1373 secundum
2306 1338 2412 1385 quod
2432 1349 2501 1375 no-

1427 1399 1519 1424 men
1539 1388 1792 1425 continentiae
1822 1388 2003 1437 accipitur
2022 1389 2280 1427 communiter
2303 1403 2374 1439 pro
2394 1391 2501 1428 omni

1427 1548 1483 1594 tis,
1503 1548 1592 1597 quia
1620 1561 1699 1586 non
1729 1548 1879 1598 respicit
1908 1549 2213 1586 aestimationem
2243 1551 2324 1588 auri
2353 1553 2415 1589 vel
2444 1564 2502 1590 ar-

1427 1601 1541 1650 genti,
1561 1613 1661 1651 quae
1691 1609 1976 1639 commutantur
2004 1602 2053 1639 ad
2080 1604 2245 1652 pondus.

1480 1657 1540 1692 Ao
1569 1667 1760 1692 SECUNDUM
1780 1667 1966 1693 memnon
1986 1656 2090 1705 quod
2111 1655 2335 1705 magnitudo
2361 1668 2502 1695 concu-

1426 1708 1646 1757 piscentiae,
1662 1721 1732 1746 seu
1753 1708 1922 1746 debilitas
1943 1708 2036 1756 eius,
2054 1721 2098 1747 ex
2117 1709 2259 1759 duplici
2279 1723 2392 1748 causa
2413 1723 2501 1760 pro-

1428 1761 1563 1799 cedere
1582 1769 1719 1811 potest.
1741 1761 1987 1811 Quandoque
2006 1763 2109 1800 enim
2129 1763 2301 1812 procedit
2321 1776 2366 1801 ex
2387 1777 2502 1803 causa

1428 1814 1627 1863 corporali.
1657 1814 1829 1862 Quidam
1850 1815 1952 1852 enim
1981 1828 2027 1853 ex
2047 1817 2206 1854 naturali
2235 1818 2500 1867 complexione

1427 1875 1515 1904 sunt
1541 1868 1662 1916 magis
1691 1868 1804 1916 proni
1831 1869 1880 1906 ad
1901 1869 2252 1918 concupiscendum
2282 1882 2401 1919 quam
2426 1871 2499 1910 alii}
2536 1883 2538 1885 ’

1427 1921 1476 1957 Et
1503 1920 1641 1958 iterum
1661 1921 1820 1971 quidam
1849 1921 1992 1958 habent
2012 1922 2315 1971 opportunitates
2339 1924 2501 1965 delecta-

1427 1974 1590 2023 tionum,
1608 1974 1956 2024 concupiscentiam
1980 1974 2278 2024 inflammantes,
2296 1977 2416 2026 magis
2435 1990 2501 2028 pa-

1427 2036 1526 2065 ratas
1545 2040 1662 2077 quam
1683 2028 1755 2066 alii.
1786 2029 1836 2066 Et
1863 2028 1947 2066 talis
1967 2028 2139 2067 debilitas
2169 2030 2501 2080 concupiscentiae

1428 2081 1604 2119 diminuit
1618 2082 1817 2119 meritum:
1839 2082 2064 2130 magnitudo
2079 2094 2174 2120 vero
2189 2091 2313 2132 auget.
2329 2105 2354 2113 -
2371 2084 2502 2132 Quan-

1427 2135 1556 2183 doque
1575 2147 1671 2172 vero
1701 2135 1873 2172 debilitas
1892 2136 1954 2172 vel
1984 2136 2208 2184 magnitudo
2228 2138 2502 2188 concupiscen-

1427 2189 1500 2226 tiae
1530 2188 1708 2238 provenit
1746 2200 1791 2226 ex
1821 2200 1935 2226 causa
1965 2189 2147 2239 spirituali
2181 2189 2383 2232 laudabili0·
2408 2198 2502 2241 puta

1427 2254 1472 2279 ex
1501 2241 1746 2279 vehementia
1785 2242 1946 2279 caritatis
1973 2243 2037 2280 vel
2075 2243 2292 2282 fortitudine
2325 2244 2500 2294 rationis,

1427 2295 1522 2332 sicut
1542 2302 1597 2332 est
1617 2295 1654 2332 in
1682 2294 1841 2332 homine
1861 2303 2084 2344 temperato.
2116 2297 2165 2334 Et
2191 2298 2268 2335 hoc
2291 2298 2412 2336 modo
2437 2299 2502 2338 de—

1427 2348 1549 2385 bilitas
1565 2348 1895 2396 concupiscentiae
1912 2357 2024 2397 auget
2038 2350 2232 2398 meritum,
2245 2352 2392 2389 ratione
2407 2363 2514 2390 suaev

1428 2413 1586 2438 causae:
1616 2401 1839 2449 magnitudo
1866 2414 1962 2439 vero
1990 2402 2137 2439 minuit.

1479 2457 1539 2492 AD
1576 2466 1737 2492 TERTmM
1766 2466 1951 2492 DtCENDUM
1989 2458 2095 2504 quod
2131 2456 2311 2494 voluntas
2345 2457 2502 2507 propin-

1427 2508 1539 2558 quior
1567 2516 1623 2545 est
1650 2508 1786 2545 rationi
1815 2520 1933 2557 quam
1952 2509 2011 2546 vis
2041 2509 2358 2559 concupiscibilis.
2387 2510 2500 2549 Unde

1426 2563 1575 2599 bonum
1614 2561 1788 2609 rationis,
1817 2574 1862 2599 ex
1891 2574 1969 2610 quo
1998 2562 2118 2600 virtus
2153 2563 2346 2611 laudatur,
2377 2564 2501 2602 maius

1427 2627 1510 2652 esse
1539 2614 1750 2652 ostenditur
1769 2627 1814 2652 ex
1843 2616 1918 2652 hoc
1937 2616 2043 2664 quod
2063 2616 2238 2665 pertingit
2266 2629 2345 2654 non
2374 2618 2500 2655 solum

1426 2680 1548 2717 usque
1583 2668 1631 2706 ad
1660 2669 1916 2716 voluntatem,
1947 2669 2015 2706 sed
2044 2669 2158 2706 etiam
2190 2681 2314 2719 usque
2343 2670 2391 2708 ad
2419 2671 2500 2708 vim

1427 2721 1775 2771 concupiscibilem,
1797 2721 1902 2772 quod
1932 2722 2065 2760 accidit
2091 2722 2129 2760 in
2160 2735 2206 2760 eo
2230 2723 2294 2773 qui
2323 2731 2378 2761 est
2404 2731 2499 2762 tern-

1426 2775 1730 2824 peratussquam
1759 2775 1790 2812 si
1817 2775 2003 2824 pertingat
2022 2777 2149 2814 solum
2178 2778 2227 2815 ad
2246 2777 2498 2825 voluntatem,

1425 2836 1466 2866 ut
1494 2828 1628 2867 accidit
1656 2828 1695 2866 in
1723 2840 1770 2866 eo
1800 2829 1866 2878 qui
1895 2836 1950 2866 est
1978 2829 2188 2868 continens.

1479 2944 1505 2977 γ)
1525 2943 1633 2969 animae
1651 2943 1821 2969 continentis.
1833 2957 1853 2963 -
1871 2949 1928 2968 esse
1946 2942 2084 2968 continens
2103 2942 2223 2976 BFHpA.
2234 2956 2255 2963 -
2272 2949 2320 2968 nec
2337 2950 2392 2969 om.
2412 2943 2439 2968 Ρ.

980 3059 1318 3093 Commentariis.
1341 3060 1597 3093 Cardinalis
1620 3060 1824 3094 Caietam

335 3151 354 3171 u
383 3141 516 3172 articulo
543 3148 657 3182 quarto
689 3141 833 3172 eiusdem
863 3140 1076 3181 quaestionis,
1101 3141 1133 3171 in
1161 3141 1371 3181 responsione

308 3153 375 3216 lad
406 3185 601 3222 secundum,
630 3192 707 3216 nota
735 3186 816 3216 bene
846 3185 936 3225 quod
967 3185 1156 3225 magnitudo
1188 3185 1371 3216 tentationis

306 3240 342 3260 ex
365 3229 572 3270 dispositione
596 3229 749 3270 corporis,
768 3229 818 3260 vel
842 3229 1023 3260 divitiarum
1047 3239 1129 3270 quae
1153 3230 1318 3267 habentur,
1341 3236 1372 3261 et

307 3274 507 3310 huiusmodi,
532 3281 626 3314 auget
653 3274 802 3305 meritum
830 3273 1055 3305 resistentibus.
1086 3274 1127 3305 Et
1153 3281 1284 3315 propter
1309 3274 1371 3305 hoc

307 3317 462 3353 mulieres,
487 3328 568 3359 quae
593 3329 628 3349 ex
652 3318 786 3349 naturali
814 3318 1035 3359 complexione
1059 3318 1159 3359 magis
1183 3325 1274 3349 natae
1298 3325 1372 3350 sunt

309 3361 357 3400 agi
381 3372 477 3402 quam
505 3372 611 3402 agere,
637 3362 735 3402 magis
764 3369 925 3393 merentur
953 3362 1125 3394 resistendo
1154 3362 1371 3403 passionibus:

1423 3147 1454 3172 et
1470 3140 1613 3172 similiter
1630 3141 1742 3172 divites
1758 3140 1910 3172 habentes
1927 3139 2170 3180 oportunitates,
2184 3145 2253 3176 etc„
2271 3139 2358 3171 iuxta
2373 3139 2454 3172 illud
2465 3141 2496 3171 *ε

1428 3185 1494 3223 Qui
1510 3186 1619 3226 potuit
1641 3185 1840 3226 transgredi,
1858 3189 1888 3216 et
1907 3194 1970 3216 non
1991 3189 2040 3215 est
2061 3188 2298 3225 transgressus.
2314 3201 2336 3208 -
2352 3183 2414 3215 Sed
2430 3195 2497 3216 ma·

1423 3229 1560 3270 gnitudo
1576 3229 1790 3262 tentationum
1807 3239 1845 3260 ex
1859 3227 2050 3270 negligentia
2072 3227 2220 3268 propriae
2244 3229 2407 3260 custodiae
2423 3239 2496 3270 pro·

1424 3274 1570 3311 veniens,
1599 3273 1717 3305 minuit
1747 3273 1915 3310 meritum,
1943 3272 2039 3304 etiam
2069 3271 2094 3303 si
2124 3271 2301 3303 resistatur:
2326 3273 2403 3314 quia
2427 3273 2496 3314 ipsa

1425 3318 1614 3359 magnitudo
1639 3324 1770 3359 peccato
1790 3316 1834 3354 fit,
1852 3316 1942 3358 quod
1964 3315 2078 3348 merito
2100 3316 2293 3349 adversatur.
2317 3317 2358 3349 Et
2373 3317 2446 3348 ideo
2462 3317 2495 3349 in

1425 3362 1527 3394 littera
1552 3362 1667 3393 dicitur
1690 3361 1779 3403 quod
1805 3362 1930 3392 ratione
1952 3370 2032 3392 suae
2055 3370 2174 3392 causae
2196 3362 2313 3392 minuit
2335 3362 2494 3393 meritum.

760 3521 776 3523 -
788 3521 1181 3524 -ffl-ssffjss-—Wffl-
1213 3503 1601 3544 Π-...Μο-ἓ-
1614 3520 1925 3524 --——--——-
1934 3520 2039 3523 -—-

2525 3147 2534 3156 ”
2539 3145 2611 3169 Ecca.

2523 3178 2583 3195 vera.
2596 3179 2629 3195 ιο.

2617 3151 2737 3176 capam,
