2768 4198
73 927 82 936 ⁸
103 924 138 946 Cf.
166 931 204 951 qu.
234 930 283 950 ειν,

73 951 159 973 Introd.

72 979 94 989 ⁸·
109 978 154 1005 Qu.
170 983 246 999 εινιιι.

73 1671 81 1679 ’
92 1669 124 1690 Ca
143 1685 148 1690 .
160 1675 180 1694 v,
192 1674 213 1689 n.
226 1674 284 1695 1‚3.—

72 1695 95 1717 S.
111 1675 154 1716 Ἱξι.
170 1695 220 1715 lect.
236 1700 283 1715 xm.

73 1724 93 1732 ⁸·
108 1722 203 1743 Aristot.
219 1721 283 1742 Rhet.

71 1749 111 1770 lib.
135 1748 163 1771 11,
186 1753 212 1768 ca
231 1764 235 1768 .
258 1753 283 1774 n,

72 1781 95 1796 n.
118 1782 132 1796 ι.
154 1786 163 1790 -
184 1754 227 1795 Cf.p
245 1780 283 1801 qu.

72 1807 146 1823 ctvru.
158 1805 198 1822 art.
211 1807 226 1826 ι,
236 1806 282 1827 arg.

71 1835 143 1881 Q'Cap
168 1860 198 1875 ιιι,

72 1986 80 1995 ’
87 1984 122 2006 De
130 1984 215 2005 Invent.
222 1983 280 2004 Rhe-

72 2013 116 2032 tor.
132 2011 171 2031 lib.
191 2010 219 2035 11,
230 2015 280 2037 cap.

70 2044 115 2059 ιιν.

70 2204 226 2253 {arxis

71 2627 83 2638 ⁸
96 2627 151 2654 Arg.
166 2632 182 2647 1.

74 2991 155 3039 39⁸1&
166 2997 284 3040 ¹1¹e¹a¹f·3;.'

316 292 391 329 266

997 286 1263 333 QUAESTIO
1294 286 1450 333 own,
1479 286 1777 324 ARTICULUS
1807 287 1820 323 1

421 533 830 614 QUAESTIO
870 529 2406 606 cENTESIMAQUINQUAGESIMASEPTIMA

851 649 935 690 DE
970 648 1326 689 CLEMENTIA
1361 647 1440 688 ET
1473 646 1965 690 MANSUETUDINE

1092 765 1127 790 IN
1159 764 1334 795 QUATUOR
1360 764 1565 790 ARTICULOS
1594 764 1711 789 DIVISA

395 876 500 901 amm:
548 861 868 899 considerandum
914 868 969 897 est
1009 860 1056 897 de
1103 860 1302 896 clementia
1340 861 1404 901 etl

313 876 682 958 Dmansuetudine
701 915 732 963 ²¹⁸,
763 922 799 951 et
826 914 927 951 vitiis
956 913 1138 964 oppositis
1157 912 1208 950 **.

311 971 421 1008 Circa
449 963 550 1019 ipsas
579 977 707 1006 autem
740 969 899 1006 virtutes
935 974 1171 1016 quaeruntur
1199 974 1375 1015 quatuor.

363 1024 512 1061 Primo:
548 1031 676 1060 utrum
714 1021 914 1059 clementia
944 1029 980 1058 et
1013 1019 1268 1057 mansuetudo
1305 1019 1377 1056 sint

414 1078 528 1114 idem.

1486 859 1688 895 Secundo:
1717 866 1845 895 utrum
1875 867 2035 908 utraque
2065 871 2196 897 earum
2225 860 2271 897 sit
2298 861 2428 898 virtus.

1485 912 1638 949 Tertio:
1676 919 1805 949 utrum
1842 919 2002 961 utraque
2041 924 2173 950 earum
2212 913 2258 951 sit
2293 926 2381 964 pars
2409 922 2502 951 tem-

1538 973 1744 1014 perantiae.

1486 1019 1655 1065 Quarto:
1686 1019 1733 1056 de
1763 1019 2048 1068 comparatione
2078 1031 2210 1056 earum
2237 1020 2287 1057 ad
2315 1020 2407 1057 alias
2427 1020 2501 1057 vir-

1538 1080 1648 1109 tutes.

1121 1182 1441 1225 ARTICULUS
1478 1181 1684 1225 PRIMUS

754 1279 910 1310 UTRUM
935 1277 1189 1309 CLEMENTIA
1213 1277 1270 1307 ET
1294 1276 1596 1308 MANSUETUDO
1620 1277 1718 1308 SINT
1741 1276 1924 1308 PENtTUS
1950 1277 2057 1308 IDEM

1019 1357 1051 1381 111
1071 1357 1154 1386 Sent„
1175 1357 1234 1382 dist.
1254 1364 1340 1386 xxxin,
1361 1364 1405 1389 qu.
1424 1363 1462 1386 111,
1482 1362 1528 1382 art.

340 1460 402 1504 ᾗῇ»
429 1468 497 1513 μζ(
522 1460 544 1485 D
569 1459 707 1484 PRIMUM
736 1459 789 1484 stc
819 1458 1060 1483 PRocnm‘rUR.
1091 1446 1248 1483 Videtur
1272 1445 1377 1494 quod

335 1488 721 1561 'Aia-elementia
755 1508 790 1537 et
825 1500 1080 1537 mansuetudo
1118 1499 1190 1536 sint
1227 1499 1377 1548 penitus

326 1556 375 1613 Α,

386 1568 448 1597 *⁷4
481 1573 490 1597 1
522 1555 638 1592 idem.
678 1554 936 1591 Mansuetudo
972 1553 1073 1590 enim
1113 1561 1168 1589 est
1201 1553 1377 1590 modera-

367 1581 465 1641 ἐν·’ὲῖ·“”)
480 1598 600 1645 tiva
635 1608 799 1644 irarum:
829 1615 870 1644 ut
907 1607 1164 1656 Philosophus
1202 1606 1309 1654 dicit,
1339 1606 1377 1643 in

312 1662 363 1698 IV
389 1660 510 1698 Ethic.
530 1661 549 1683 '¹‘
579 1663 637 1698 Ira
665 1669 793 1698 autem
824 1669 879 1698 est
906 1662 1088 1709 appetitus
1121 1660 1306 1697 vindictae
1323 1659 1375 1696 ²⁸²⁸.

313 1716 412 1752 Cum
443 1725 531 1760 ergo
562 1714 762 1751 clementia
789 1715 834 1751 sit
862 1714 992 1751 lenitas
1018 1714 1223 1762 superioris
1245 1714 1378 1750 adver-

310 1780 372 1805 sus
401 1768 619 1815 inferiorem
648 1768 685 1804 in
714 1767 976 1804 constituendis
998 1768 1144 1816 poenis,
1164 1774 1205 1803 ut
1230 1767 1377 1803 Seneca

312 1821 410 1862 dicit,
440 1819 478 1856 in
498 1823 529 1858 ΙΙ
559 1822 604 1857 de
628 1821 832 1857 Clementia
850 1819 887 1865 *;
918 1832 985 1868 per
1012 1832 1159 1869 poenas
1179 1828 1307 1856 autem
1336 1820 1379 1856 fit

310 1873 490 1911 vindicta:
521 1874 671 1911 videtur
698 1873 802 1922 quod
833 1874 1034 1911 clementia
1063 1881 1099 1910 et
1120 1872 1376 1910 mansuetudo

310 1927 382 1964 sint
410 1926 524 1964 idem.

364 1992 398 2017 2.
421 1981 654 2026 PRAETEREA,
676 1979 824 2015 Tullius
850 1980 948 2026 dicit,
969 1979 1006 2016 in
1029 1980 1059 2015 II
1081 1980 1189 2016 Rhet.
1210 1978 1241 2026 *,
1272 1978 1378 2027 quod

309 2034 503 2070 clementia
531 2038 583 2069 est
611 2033 728 2069 virtus
750 2044 822 2081 per
850 2045 964 2081 quam
993 2033 1144 2069 animus
1173 2033 1378 2069 concitatus

309 2088 345 2124 in
376 2087 503 2123 odium
541 2086 720 2131 alicuius,
751 2087 980 2136 benignitate
1017 2086 1218 2122 retinetur:
1256 2094 1291 2122 et
1324 2086 1376 2122 sie

310 2141 459 2178 videtur
482 2140 587 2188 quod
616 2139 817 2176 clementia
845 2140 891 2176 sit
920 2139 1158 2177 moderativa
1178 2139 1267 2177 odii.
1298 2139 1376 2177 Sed

309 2194 462 2240 odium,
492 2201 534 2229 ut
562 2193 794 2241 Augustinus
832 2193 920 2230 dicit
938 2193 978 2239 ²⁸,
1009 2201 1185 2230 causatur
1222 2194 1271 2230 ab
1299 2192 1374 2240 ira,

309 2247 406 2284 circa
434 2259 549 2295 quam
580 2254 636 2283 est
663 2248 929 2283 mansuetudo.
960 2247 1062 2294 Ergo
1091 2246 1243 2284 videtur
1270 2246 1375 2295 quod

309 2300 564 2337 mansuetudo
593 2307 630 2336 et
658 2300 857 2337 clementia
885 2299 958 2336 sint
986 2300 1102 2337 idem.

365 2355 398 2391 3.
429 2354 672 2400 PRAETEREA,
703 2353 806 2390 idem
840 2353 975 2390 vitium
1011 2366 1089 2391 non
1127 2353 1378 2391 contrariatur

310 2407 468 2444 diversis
503 2406 715 2444 virtutibus.
757 2406 834 2444 Sed
863 2407 964 2444 idem
997 2407 1132 2444 vitium
1171 2407 1378 2456 opponitur

308 2460 590 2498 mansuetudini
628 2468 663 2497 et
701 2461 945 2507 clementiae,
984 2460 1126 2498 scilicet
1163 2461 1375 2499 crudelitas.

310 2515 411 2562 Ergo
431 2514 582 2551 videtur
601 2513 705 2562 quod
734 2514 989 2551 mansuetudo
1020 2522 1055 2551 et
1084 2515 1285 2551 clementia
1305 2515 1378 2552 sint

309 2567 457 2616 penitus
485 2567 599 2604 idern.

363 2622 436 2658 SED
466 2632 611 2658 CONTRA
640 2632 706 2657 Es‘r
734 2621 838 2669 quod
859 2621 1073 2658 secundum
1102 2621 1337 2670 praedictam
1358 2622 1378 2643 ²¹⁶

310 2674 572 2711 definitionem
607 2674 797 2721 Senecae,
829 2675 1028 2712 clementia
1067 2682 1122 2711 est
1158 2675 1290 2712 lenitas
1316 2688 1377 2712 su·

304 2728 466 2776 perioris
492 2728 671 2764 adversus
698 2728 927 2776 inferiorem.
959 2729 1217 2766 Mansuetudo
1248 2737 1375 2766 autem

310 2794 387 2818 non
417 2781 541 2818 solum
572 2789 626 2818 est
655 2782 860 2830 superioris
890 2781 938 2819 acl
967 2781 1197 2829 inferiorem,
1219 2784 1285 2820 sed
1315 2795 1379 2820 cu-

310 2834 457 2872 iuslibet
486 2835 534 2871 ad
563 2834 783 2882 quemlibet.
823 2836 925 2883 Ergo
955 2837 1210 2873 mansuetudo
1241 2844 1276 2872 et
1306 2837 1378 2873 cle-

311 2888 453 2925 mentia
481 2900 559 2924 non
588 2896 674 2925 sunt
702 2888 851 2936 penitus
879 2888 996 2926 idem.

364 2943 591 2978 RESPONDEO
620 2953 805 2978 mer-,unum
834 2942 960 2989 quod,
991 2942 1087 2979 sicut
1115 2942 1250 2980 dicitur
1278 2943 1315 2979 in
1346 2944 1376 2979 II

310 2995 429 3032 Ethic.
450 2994 481 3041 ²¹²,
510 2994 629 3031 virtus
649 2994 802 3031 moralis
823 2994 990 3032 consistit
1014 2996 1116 3032 circa
1129 2997 1326 3044 passiones
1345 3002 1379 3033 et

311 3048 484 3085 actiones.
505 3047 709 3085 Passiones
724 3056 853 3085 autem
869 3048 1066 3085 interiores
1082 3057 1168 3085 sunt
1183 3049 1377 3086 actionum

313 3101 541 3138 exteriorum
569 3100 764 3150 principia,
785 3109 849 3138 aut
878 3101 990 3138 etiam
1013 3102 1298 3150 impedimenta.
1330 3103 1378 3139 Et

312 3154 398 3191 ideo
413 3154 571 3191 virtutes
590 3166 688 3204 quae
708 3154 954 3192 moderantur
973 3155 1170 3204 passiones
1190 3156 1378 3204 quodam-

312 3207 429 3244 modo
459 3216 688 3245 concurrunt
715 3208 753 3245 in
783 3208 949 3245 eundem
979 3208 1158 3246 effectum
1189 3221 1276 3246 cum
1304 3209 1378 3246 vir-

313 3260 452 3297 tutibus
481 3273 578 3310 quae
607 3261 855 3298 moderantur
882 3261 1050 3299 actiones
1071 3267 1109 3309 ²,
1139 3262 1225 3299 licet
1251 3262 1377 3311 specie

315 3313 497 3351 differant.
529 3314 632 3351 Sicut
661 3314 709 3352 ad
737 3314 915 3352 iustitiam
944 3315 1098 3364 proprie
1127 3316 1290 3365 pertinet
1315 3328 1377 3353 co-

314 3365 443 3403 hibere
471 3367 671 3404 hominem
699 3380 721 3404 a
750 3368 865 3415 furto,
895 3369 943 3406 ad
973 3369 1078 3418 quod
1114 3369 1247 3418 aliquis
1274 3369 1377 3406 incli-

369 3533 396 3565 α)
415 3533 541 3559 actiones.
553 3547 572 3554 ·-
586 3534 726 3565 passiones
745 3534 958 3568 BDEFKLpAC,
977 3536 1096 3562 actiones
1115 3536 1264 3562 exteriores
1284 3537 1316 3561 Η.

369 3567 395 3601 β)
415 3569 599 3594 moderantur.
612 3583 630 3588 —
649 3570 806 3595 moderatur
825 3570 905 3596 PDla.

369 3605 395 3637 γ)
415 3604 470 3630 hoc.
483 3618 502 3623 -
520 3611 569 3629 suo
589 3604 634 3629 Pa.

1551 1365 1574 1386 α,
1597 1356 1647 1389 qu⁸
1671 1364 1692 1386 ι,
1712 1357 1743 1381 ad
1764 1363 1787 1381 2.

1431 1451 1541 1481 natur
1568 1456 1638 1493 per
1656 1444 1915 1481 inordinatum
1935 1457 2112 1481 amorem
2139 1446 2202 1482 vel
2232 1445 2504 1494 concupiscen-

1431 1498 1523 1534 tiam
1551 1498 1749 1547 pecuniae,
1780 1510 1878 1547 quae
1908 1498 2157 1535 moderantur
2175 1497 2191 1528 β
2218 1511 2288 1548 per
2306 1498 2505 1536 liberalita-

1432 1559 1526 1588 tem:
1559 1559 1595 1588 et
1623 1551 1710 1588 ideo
1739 1551 1942 1589 liberalitas
1972 1552 2162 1589 concurrit
2190 1565 2279 1589 cum
2307 1552 2447 1590 iustitia
2467 1553 2505 1590 in

1432 1605 1508 1641 hoc
1527 1609 1542 1632 Υ
1572 1605 1710 1642 effectu
1746 1605 1812 1654 qui
1841 1613 1897 1642 est
1933 1605 2121 1642 abstinere
2150 1618 2172 1642 a
2201 1606 2312 1643 furto.
2349 1606 2399 1643 Et
2429 1606 2505 1643 hoc

1433 1658 1547 1695 etiarn
1577 1658 1899 1696 considerandum
1929 1667 1984 1696 est
2013 1659 2050 1695 in
2078 1659 2289 1708 proposito.
2324 1660 2428 1696 Nam
2459 1671 2504 1696 ex

1432 1711 1611 1761 passione
1649 1713 1726 1749 irae
1764 1720 1997 1760 provocatur
2034 1712 2170 1760 aliquis
2203 1713 2251 1749 ad
2285 1713 2362 1749 hoc
2400 1713 2505 1762 quod

1433 1765 1649 1812 graviorem
1669 1765 1804 1802 inferat
1821 1777 2006 1814 poenam.‘
2031 1767 2092 1804 Ad
2113 1765 2355 1803 clementiam
2375 1774 2504 1804 autem

1432 1818 1596 1867 pertinet
1624 1818 1765 1855 directe
1800 1819 1905 1866 quod
1934 1819 1980 1855 sit
2008 1818 2235 1856 diminutiva
2266 1832 2503 1868 poenarum:

1433 1872 1539 1920 quod
1559 1872 1717 1919 quidem
1734 1871 1911 1920 impediri
1930 1879 2061 1920 posset
2073 1870 2087 1894 ὅ
2107 1885 2176 1921 per
2195 1884 2393 1911 excessum
2413 1873 2503 1911 irae.

1434 1925 1483 1961 Et
1510 1924 1598 1961 ideo
1626 1924 1904 1971 mansuetudo,
1934 1924 2160 1972 inquantum
2196 1925 2359 1962 refrenat
2385 1926 2506 1975 impe-

1433 1985 1515 2014 tum
1536 1977 1625 2025 irae,
1648 1977 1838 2014 concurrit
1857 1977 1895 2014 in
1916 1978 2084 2015 eundem
2113 1978 2294 2015 effectum
2314 1990 2404 2015 cum
2433 1980 2505 2016 cle-

1433 2031 1587 2068 mentia.
1613 2030 1803 2068 Differunt
1831 2038 1961 2068 tamen
1989 2032 2037 2068 ab
2067 2031 2246 2079 invicem,
2277 2031 2505 2080 inquantum

1433 2084 1635 2122 clementia
1673 2092 1729 2121 est
1765 2085 2007 2122 moderativa
2045 2084 2239 2122 exterioris
2273 2085 2504 2134 punitionis:

1433 2138 1690 2175 mansuetudo
1729 2145 1858 2175 autem
1891 2139 2045 2187 proprie
2079 2138 2256 2176 diminuit
2282 2139 2504 2188 passionem

1432 2192 1522 2229 irae.

1485 2247 1545 2282 AD
1579 2257 1718 2283 ramum
1756 2256 1855 2282 ERGO
1893 2257 2078 2282 mmmmm
2108 2245 2215 2294 quod
2247 2247 2505 2284 mansuetudo

1430 2298 1585 2349 proprie
1614 2298 1765 2349 respicit
1792 2298 1918 2347 ipsum
1946 2298 2138 2336 vindictae
2166 2299 2390 2348 appetitum.
2427 2300 2506 2338 Sed

1432 2352 1634 2391 clementia
1661 2352 1812 2402 respicit
1830 2352 1932 2401 ipsas
1960 2365 2107 2402 poenas
2127 2364 2227 2401 quae
2258 2353 2420 2390 exterius
2440 2355 2505 2392 ad-

1430 2406 1610 2444 hibentur
1638 2406 1687 2443 ad
1714 2405 1935 2443 vindictam.

1485 2462 1545 2498 An
1571 2471 1763 2497 SECUNDUM
1792 2471 1977 2497 morannum
2007 2459 2112 2508 quod
2137 2458 2300 2496 'affectus
2336 2459 2504 2498 hominis

1431 2514 1633 2551 inclinatur
1661 2513 1710 2550 ad
1739 2512 2036 2550 minorationem
2065 2525 2200 2550 eorum
2229 2525 2328 2562 quae
2357 2514 2505 2551 homini

1431 2580 1501 2617 per
1528 2580 1569 2604 se
1598 2579 1678 2604 non
1705 2568 1867 2616 placent.
1898 2567 1956 2603 Ex
1983 2567 2059 2603 hoc
2087 2573 2216 2603 autem
2245 2566 2351 2616 quod
2370 2566 2505 2616 aliquis

1433 2629 1536 2658 amat
1564 2621 1745 2670 aliquem,
1767 2620 1948 2668 contingit
1967 2625 1978 2641 ⁸
2007 2620 2115 2668 quod
2134 2632 2213 2657 non
2241 2621 2364 2670 placet
2383 2620 2417 2658 ei
2436 2633 2505 2670 per

1432 2688 1473 2712 se
1501 2687 1628 2724 poena
1667 2674 1764 2720 eius,
1795 2674 1863 2711 sed
1900 2674 2024 2711 solum
2053 2674 2091 2710 in
2129 2673 2261 2710 ordine
2300 2675 2348 2712 ad
2385 2674 2503 2722 aliud,

1432 2736 1524 2778 puta
1553 2729 1602 2766 ad
1630 2727 1822 2774 iustitiam,
1851 2728 1914 2764 vel
1943 2727 1992 2764 ad
2022 2727 2299 2764 correctionem
2329 2727 2410 2764 eius
2439 2727 2504 2776 qui

1431 2782 1598 2831 punitur.
1628 2782 1677 2818 Et
1696 2781 1783 2819 ideo
1813 2793 1859 2817 ex
1888 2792 2019 2817 amore
2038 2780 2216 2830 provenit
2242 2780 2348 2829 quod
2368 2780 2504 2828 aliquis

1433 2836 1477 2874 sit
1504 2843 1707 2885 promptus
1727 2835 1776 2871 ad
1797 2834 2088 2872 diminuendum
2114 2845 2274 2883 poenas,
2294 2834 2399 2883 quod
2418 2845 2503 2883 per-

1431 2890 1524 2926 tinet
1552 2889 1601 2926 ad
1630 2887 1892 2925 clementiam:
1929 2895 1964 2924 et
1993 2899 2038 2924 ex
2067 2887 2157 2925 odio
2187 2886 2394 2936 impeditur
2421 2887 2504 2924 talis

1434 2942 1644 2980 diminutio.
1675 2943 1725 2979 Et
1746 2949 1904 2991 propter
1922 2942 1998 2978 hoc
2017 2940 2166 2978 Tullius
2187 2940 2276 2977 dicit
2295 2940 2402 2988 quod
2421 2940 2502 2978 ani·

1432 3009 1516 3033 mus
1544 2996 1750 3033 concitatus
1779 2995 1816 3031 in
1846 2995 1986 3041 odium,
2007 2994 2148 3031 scilicet
2174 2993 2224 3030 ad
2251 2993 2405 3042 gravius
2432 3005 2503 3042 pu-

1432 3049 1638 3096 niendum,
1666 3061 1735 3097 per
1769 3048 2004 3085 clementiam
2043 3047 2241 3092 retinetur,
2278 3059 2326 3083 ne
2364 3046 2504 3084 scilicet

1433 3103 1621 3140 acriorem
1656 3114 1825 3151 poenam
1853 3101 2008 3139 inferat:
2045 3113 2124 3137 non
2157 3099 2262 3148 quod
2301 3100 2503 3138 clementia

1432 3156 1478 3193 sit
1506 3156 1646 3194 directe
1676 3155 1753 3193 odii
1783 3154 2035 3199 moderativa,
2065 3153 2133 3190 sed
2162 3165 2325 3201 poenae.

1485 3211 1544 3247 An
1573 3221 1734 3246 TERTluM
1753 3219 1939 3245 mci-:unum
1959 3205 2063 3255 quod
2085 3206 2379 3254 mansuetudini,
2403 3219 2502 3255 quae

1432 3271 1488 3300 est
1515 3262 1655 3301 directe
1685 3261 1783 3299 circa
1820 3261 1915 3307 iras,
1943 3259 2096 3309 proprie
2135 3259 2341 3308 opponitur
2367 3260 2501 3298 vitium

1431 3315 1671 3361 iracundiae,
1700 3313 1806 3364 quod
1842 3313 2023 3362 importat
2061 3324 2258 3350 excessum
2295 3312 2384 3351 irae.
2425 3313 2502 3350 Sed

1432 3368 1632 3407 crudelitas
1659 3367 1841 3416 importat
1860 3377 2058 3403 excessum
2082 3365 2121 3402 in
2150 3365 2359 3415 puniendo.
2389 3366 2502 3404 Unde

1486 3533 1512 3567 ὃ)
1527 3537 1628 3567 posset.
1640 3547 1659 3554 -
1672 3533 1762 3566 possit
1780 3533 1967 3559 ABEFHKLa.

1487 3569 1508 3602 ε)
1529 3569 1673 3603 contingit.
1685 3582 1704 3588 —
1721 3569 1846 3594 convenit
1864 3569 1904 3595 ed.
1924 3577 1949 3599 a,
1966 3570 2094 3602 prouenit
2112 3570 2140 3595 P.

2629 1619 2648 1647 t
