2768 4198
65 566 75 575 ·
89 565 145 592 Cap.
161 569 208 585 vm.

917 266 1184 313 QUAESTIO
1216 264 1464 312 CLXXXIV,

1401 343 1404 358 l

1499 247 1798 303 ART1CUL1js
1829 267 1878 302 111
1896 313 1898 315 ,

1430 344 1552 391 gradu
1580 345 1824 393 perfectionis
1844 345 1909 394 qui
1939 345 2078 392 deficit,
2101 347 2204 383 nullo
2233 346 2352 383 modo
2373 346 2506 395 implet

299 405 489 451 perfectus
517 414 614 448 esse,
643 401 739 438 vade
767 406 801 436 et
827 399 946 436 vende
983 406 1074 435 etc.:
1111 398 1219 458 quasi
1256 397 1373 435 dicat:
1430 405 1692 447 praeceptum.
1723 399 1791 435 Est
1810 406 1938 435 autem
1959 398 2127 448 aliquis(
2154 399 2294 448 gradus
2314 400 2505 448 perfectae

304 457 395 493 Hoc
410 456 594 505 faciendo
623 455 674 491 ad
699 455 799 490 hunc
815 454 939 500 finem
966 451 1173 499 pervenies
1432 450 1643 487 dilectionis
1672 451 1736 499 qui
1767 464 1845 488 non
1874 460 1999 501 potest
2027 452 2178 502 impleri
2207 453 2245 489 in
2273 452 2354 496 via,
2383 461 2425 490 ut
2453 452 2507 490 di-

358 512 417 546 An
446 519 637 546 SECUNDUM
667 517 851 543 mCENDuM
878 505 996 553 quod,
1018 505 1114 541 sicut
1141 504 1405 554 Augustinus
1403 511 1405 546 ξ
1432 511 1534 541 ctum
1575 512 1631 540 est
1649 503 1689 541 *2
1728 517 1749 541 a
1778 517 1856 552 quo
1891 506 1956 554 qui
1993 506 2141 554 deficit,
2171 506 2416 543 manifestum
2451 514 2507 544 est
2533 510 2545 521 ⁶

306 563 412 609 dicit,
444 562 479 598 in
510 562 627 598 libro
636 560 681 596 de
708 560 866 606 Perfect.
897 559 1016 595 Iustit.
1036 557 1074 603 *,
1105 558 1287 606 perfectio
1318 569 1376 593 ca·
1403 558 1537 606 quod
1567 570 1645 594 non
1677 565 1733 594 est
1751 565 2007 606 transgressor
2024 559 2229 620 praecepti.
2261 561 2310 597 Et
2338 559 2507 597 similiter

306 615 420 652 ritatis
449 613 597 651 homini
625 613 662 649 in
690 613 762 649 hac
785 612 865 648 vita
893 611 1134 660 praecipitur,
1161 611 1250 660 quia
1279 615 1378 647 recte
1403 618 1405 636 ¹
1432 623 1511 647 non
1541 618 1597 647 est
1628 618 1886 659 transgressor
1919 613 2110 662 praecepti
2151 613 2216 662 qui
2250 626 2330 651 non
2363 613 2508 672 attingit

306 681 379 705 non
400 668 566 704 curritur
583 667 616 703 si
633 677 706 714 quo
727 665 957 702 currendum
978 670 1032 701 est
1050 664 1249 701 nesciatur.
1281 664 1378 706 Quo·
1404 680 1405 723 ᾗ
1432 664 1481 701 ad
1500 664 1650 701 medios
1670 664 1914 713 perfectionis
1934 667 2086 713 gradus,
2107 668 2323 704 dummodo
2353 667 2509 715 attingat

305 722 416 758 modo
445 726 569 758 autem
597 720 767 765 sciretur,
787 719 821 755 si
843 718 954 755 nullis
976 718 1190 766 praeceptis
1213 718 1378 754 ostende·
1404 714 1405 751 i
1432 717 1480 755 ad
1510 717 1702 755 infimum.

304 773 439 811 retur?
468 774 568 810 Cum
598 772 784 810 autemid
814 772 919 821 quod
941 771 1040 808 cadit
1070 768 1140 808 sub
1170 779 1377 820 praecepto
1403 755 1405 832 ξ
1485 773 1545 808 An
1569 783 1731 809 TERTtUM
1760 783 1946 809 memnon
1972 772 2090 821 quod,
2121 773 2217 810 sicut
2243 774 2363 811 homo
2392 774 2510 812 habet

305 827 562 865 diversimode
596 826 715 886 possit
753 826 919 875 impleri,
951 837 1029 862 non
1064 824 1227 862 efficitur
1261 832 1379 861 trans-
1404 840 1405 866 ι
1432 825 1630 873 quandam
1653 825 1936 878 perfectionem
1964 838 2057 862 suae
2085 835 2243 864 naturae
2263 828 2390 866 statim
2419 840 2506 866 cum

303 893 453 929 gressor
471 880 663 929 praecepti
684 879 819 928 aliquis
840 891 883 915 ex
906 880 981 916 hoc
1001 879 1107 927 quod
1128 891 1206 915 non
1229 878 1405 933 optimo
1404 887 1405 890 ’
1433 878 1619 926 nascitur,
1650 891 1749 927 quae
1779 879 1942 927 pertinet
1969 879 2018 916 ad
2047 879 2236 918 rationem
2264 881 2424 930 speciei,
2454 890 2510 920 est

303 934 422 971 modo
443 934 592 983 implet:
616 933 684 970 sed
704 933 842 970 sufficit
861 933 967 981 quod
988 944 1236 981 quocumque
1256 926 1405 969 modo
1432 939 1562 968 autem
1592 932 1665 969 alia
1702 932 1885 980 perfectio
1914 932 1964 969 ad
2002 945 2118 982 quam
2155 946 2225 982 per
2257 943 2508 983 augmentum

301 270 380 316 454

303 349 485 387 veniendi
522 349 570 386 ad
604 347 897 397 perfectionem,
929 346 1020 382 dum
1058 344 1212 391 dicitur,
1243 344 1285 380 Si
1319 344 1375 380 vis

65 1158 75 1167 ⁸
89 1156 146 1177 lbid.
163 1168 172 1172 -
188 1155 223 1177 Cf.
248 1155 278 1176 de

64 1183 146 1211 Spirit.
169 1184 193 1203 et
212 1182 275 1208 Litt,

64 1215 115 1237 cap.
128 1215 204 1230 xxxvi.

65 1932 81 1953 S
87 1907 149 1953 Ἣ
162 1911 223 1954 {icil
233 1911 263 1953 ¹2¹.
268 1917 276 1921 -

67 2004 146 2024 ’Ibid
150 2009 222 2031 ,.cap
237 2009 278 2030 xii,

84 2030 134 2051 ,ό
153 2030 207 2052 -.8
231 2020 278 2051 Th.

65 2057 153 2078 lectx

66 2132 103 2153 ⁸²²1
112 2132 157 2153 11³²

65 2163 106 2180 art.
123 2166 142 2187 3
155 2165 168 2179 a

66 2185 259 2234 εέἑῐῐιὲἒᾞῑ

189 2138 277 2156 mxcvi

198 2164 277 2187 2;.qu

79 3466 87 3474 ⁸
99 3463 166 3485 Num.
180 3469 195 3490 t,
206 3463 237 3485 Et
246 3469 290 3485 au—

75 3492 154 3518 Κείων.

302 988 458 1036 impleat
486 987 588 1024 illud.
619 987 807 1024 Perfectio
836 994 964 1023 autem
996 986 1148 1023 divinae
1169 985 1378 1022 dilectionis

302 1041 568 1078 universaliter
588 1041 744 1100 quidem
761 1033 860 1077 cadit
875 1041 947 1077 sub
966 1048 1185 1089 praecepto,
1203 1039 1252 1076 ita
1273 1040 1406 1088 quod
1404 1038 1406 1058 ¹

304 1095 418 1132 etiam
434 1094 616 1144 perfectio
637 1095 779 1143 patriae
800 1107 878 1131 non
900 1086 1110 1131 excluditur
1129 1093 1176 1130 ab
1193 1092 1256 1129 illo
1273 1105 1379 1142 prae-
1405 1094 1406 1106 ³

305 1157 429 1197 cepto,
451 1157 491 1185 ut
519 1149 753 1197 Augustinus
774 1148 862 1184 dicit
879 1147 915 1184 *z
946 1147 1014 1184 sed
1037 1146 1376 1200 transgressionem

303 1202 497 1251 praecepti
519 1201 646 1240 evadit
674 1201 738 1250 qui
760 1213 1006 1260 quocumque
1028 1200 1147 1238 modo
1177 1195 1378 1249 perfectio-

304 1269 394 1293 nem
425 1255 577 1293 divinae
606 1255 815 1293 dilectionis
845 1254 1000 1303 attingit.
1032 1255 1100 1291 Est
1128 1262 1193 1291 aut
1221 1255 1378 1291 infimus

305 1309 457 1347 divinae
478 1309 691 1347 dilectionis
710 1308 851 1357 gradus
870 1315 911 1345 ut
940 1308 1029 1345 nihil
1049 1320 1165 1357 supra
1192 1320 1293 1354 eum,
1315 1316 1379 1345 aut
1406 1312 1407 1328 l

305 1371 437 1400 contra
471 1375 582 1410 eum,
612 1371 677 1399 aut
713 1362 922 1411 aequaliter
957 1361 991 1398 ei
1021 1362 1210 1410 diligatur:
1250 1374 1271 1398 a
1300 1374 1378 1411 quo

358 1532 384 1564 ζ)
403 1532 509 1565 aliquis.
522 1546 540 1551 -
558 1531 629 1556 alius
648 1531 694 1556 Pa.

1432 985 1650 1023 adducitur.
1687 986 1736 1022 ita
1766 986 1880 1023 etiarn
1920 994 1976 1023 est
2003 986 2197 1046 quaedam
2229 988 2414 1036 perfectio
2451 1002 2510 1026 ca-

1432 1039 1547 1076 ritatis
1582 1039 1776 1087 pertinens
1810 1040 1859 1077 ad
1896 1039 2021 1089 ipsam
2050 1039 2220 1089 speciem
2256 1041 2440 1089 caritatis,
2470 1051 2510 1080 ut

1431 1092 1574 1129 scilicet
1602 1094 1708 1130 Deus
1728 1105 1845 1142 super
1864 1093 1997 1130 omnia
2017 1094 2192 1142 diligatur
2211 1102 2248 1132 et
2267 1094 2359 1132 nihil
2378 1103 2511 1134 contra

1404 1152 1406 1198 ξ
1432 1158 1522 1184 eurn
1557 1155 1725 1192 ametur;
1756 1154 1812 1184 est
1845 1155 1975 1184 autem
2004 1147 2077 1184 alia
2114 1148 2296 1197 perfectio
2333 1149 2510 1192 caritatis,

1405 1203 1406 1245 ξ
1432 1200 1546 1237 etiam
1576 1200 1614 1237 in
1643 1201 1716 1237 hac
1743 1200 1834 1247 vita,
1865 1201 1915 1238 ad
1943 1213 2064 1249 quam
2092 1201 2229 1250 aliquis
2257 1214 2327 1251 per
2354 1202 2512 1252 aliquod

1432 1254 1626 1303 spirituale
1665 1262 1916 1302 augmentum
1950 1255 2127 1304 pervenit
2152 1261 2183 1303 η,
2220 1263 2262 1293 ut
2294 1263 2387 1305 puta
2421 1269 2511 1295 cum

1432 1308 1552 1344 homo
1584 1308 1697 1344 etiam
1727 1320 1750 1344 a
1779 1308 1893 1345 rebus
1930 1308 2038 1346 licitis
2076 1309 2256 1356 abstinet,
2287 1317 2328 1347 ut
2354 1310 2512 1348 liberius

1433 1361 1573 1399 divinis
1603 1361 1798 1411 obsequiis
1825 1369 1950 1399 vacet.

1491 1529 1518 1562 η)
1535 1529 1671 1561 pervenit.
1686 1543 1704 1548 -
1720 1530 1882 1562 pervenitur-
1901 1531 2066 1564 BEFleAC
2086 1538 2112 1556 et
2129 1539 2155 1562 a,
2168 1532 2306 1558 invenitur
2321 1533 2352 1563 L,
2366 1538 2395 1558 ut
2415 1540 2467 1559 noe
2479 1533 2512 1562 Ga

986 1628 1326 1660 Commentario.
1348 1626 1606 1660 Cardinalis
1630 1627 1836 1661 Caietam

335 1739 354 1758 N
379 1727 512 1758 articulo
536 1727 629 1757 tertio
647 1726 791 1756 eiusdem
808 1725 1014 1766 quaestionis,
1041 1724 1175 1755 dubium
1199 1724 1304 1766 primo
1326 1734 1378 1755 oc-

308 1740 441 1808 Icurrit,
464 1779 494 1802 et
510 1770 694 1811 simpliciter
713 1777 743 1800 et
762 1770 801 1800 ad
818 1770 993 1806 hominem,
1011 1769 1180 1810 quomodo
1201 1776 1283 1800 stant
1302 1768 1379 1799 haec

305 1818 370 1848 duo
392 1816 503 1846 simul:
531 1815 662 1846 Caritas
684 1820 732 1845 est
744 1814 830 1856 finis
847 1815 1015 1855 praecepti
1021 1821 1034 1852 ‚²
1058 1821 1088 1844 et
1103 1814 1193 1854 quod
1208 1813 1276 1854 ipsa
1292 1813 1380 1844 cadit

303 1862 362 1893 sub
380 1865 563 1901 praecepto.
588 1860 780 1900 Repugnant
804 1859 962 1900 siquidem
979 1859 1056 1889 haec
1071 1858 1274 1889 adinvicem.
1300 1857 1379 1888 Sim-

305 1906 427 1947 pliciter
441 1905 583 1946 quidem,
601 1904 675 1945 quia
700 1911 914 1944 praeceptum,
940 1910 976 1934 ut
999 1910 1085 1944 patet
1107 1903 1150 1934 VI
1167 1903 1272 1934 Ethic.
1288 1902 1315 1938 *,
1332 1909 1380 1933 est
1403 1890 1406 1939 Ι

305 1958 395 1982 actus
419 1949 622 1990 prudentiae:
649 1959 730 1990 quae
755 1959 821 1979 non
846 1955 892 1979 est
916 1949 955 1979 de
978 1947 1056 1984 fine,
1082 1948 1137 1978 sed
1161 1948 1200 1978 de
1225 1947 1273 1978 his
1296 1957 1379 1988 quae

305 2003 379 2026 sunt
395 1995 435 2025 ad
451 1993 548 2024 finem
565 1994 591 2024 *.
609 1994 650 2024 Et
666 1993 857 2034 experientia
875 1992 1027 2024 continua
1041 1999 1174 2024 testatur
1189 1993 1289 2034 quod,
1303 2001 1379 2022 cum

305 2039 530 2081 praecipimus,
554 2048 679 2079 semper
703 2037 871 2078 supposito
895 2036 958 2068 fine
982 2037 1206 2078 praecipimus.

361 2084 547 2115 Secundum
564 2083 730 2114 hominem
747 2092 834 2119 vero,
852 2082 1007 2123 quoniam
1025 2091 1170 2122 expresse
1186 2084 1310 2113 Auctor
1325 2092 1379 2112 su-

304 2128 438 2170 perius*
454 2128 565 2159 docuit
580 2128 670 2169 quod
683 2127 756 2158 finis
777 2128 935 2168 praecepti
947 2137 1013 2157 non
1031 2127 1114 2157 cadit
1126 2127 1185 2158 sub
1198 2134 1380 2167 praecepto.

357 2174 398 2204 Et
421 2180 555 2213 augetur
579 2171 745 2203 dubium*
769 2182 805 2202 ex
829 2182 868 2202 eo
892 2172 982 2213 quod
1007 2171 1182 2202 contrariae
1205 2178 1280 2202 sunt
1304 2182 1379 2202 con·
1383 2185 1396 2189 -

305 2219 443 2249 ditiones
467 2217 550 2253 finis,
576 2224 606 2248 et
623 2216 691 2248 eius
707 2217 797 2257 quod
818 2216 1009 2257 praecipitur
1025 2217 1064 2247 ad
1080 2215 1188 2247 finem.
1213 2216 1380 2253 Quoniam

305 2262 377 2293 finis
401 2261 561 2302 appetitur
584 2261 651 2292 sine
675 2271 833 2297 mensura,
856 2268 891 2291 ut
915 2260 1011 2292 etiarn
1030 2261 1061 2291 in
1082 2261 1183 2291 littera
1200 2260 1381 2292 manifesta·
1406 2257 1409 2284 ¹

306 2315 373 2338 tur:
398 2307 431 2337 id
448 2313 555 2336 autem
573 2306 662 2346 quod
679 2313 726 2336 est
744 2305 784 2336 ad
800 2304 909 2342 finem,
927 2305 951 2335 si
967 2311 1051 2336 recte
1067 2304 1236 2346 appetitur,
1254 2312 1382 2345 oportet

307 2351 414 2392 appeti
439 2357 696 2381 commensurate
720 2350 758 2379 ad
783 2349 892 2381 finem.
922 2350 1012 2381 Unde
1037 2349 1062 2380 si
1087 2349 1198 2380 caritas
1222 2356 1269 2380 est
1291 2349 1380 2386 finis,

307 2396 375 2427 sine
398 2405 549 2426 mensura
572 2395 750 2435 appetenda
774 2402 836 2425 est:
862 2402 892 2425 et
916 2394 941 2425 si
966 2394 1048 2425 cadit
1064 2394 1123 2425 sub
1141 2401 1321 2435 praecepto,
1346 2404 1381 2425 ac

309 2451 364 2481 per
388 2440 450 2471 hoc
474 2440 514 2470 ad
537 2439 646 2475 finem,
670 2446 926 2470 commensurate
950 2439 991 2469 ad
1013 2437 1111 2469 finem
1130 2439 1309 2479 appetenda
1325 2447 1382 2470 est.

308 2486 396 2516 Haec
420 2491 527 2515 autem
551 2483 826 2524 incompossibilia
850 2484 1006 2515 videntur.
1030 2481 1127 2524 Ergo,
1145 2490 1202 2514 etc.

364 2529 400 2560 11.
426 2529 474 2559 Ad
499 2529 560 2559 hoc
584 2528 699 2559 dicitur
722 2528 810 2569 quod
830 2528 883 2559 illa
900 2527 1090 2570 propositio,
1106 2527 1198 2559 Finis
1215 2530 1384 2570 praecepti

309 2584 372 2605 non
398 2573 484 2605 cadit
506 2573 565 2604 sub
582 2578 768 2614 praecepto,
786 2572 973 2613 intelligitur
989 2572 1205 2609 determinate,
1223 2583 1278 2603 seu
1299 2572 1382 2603 limi-

308 2626 381 2654 tate‚
400 2624 543 2658 respectu
560 2617 645 2648 illius
663 2617 819 2658 praecepti
837 2617 929 2648 cuius
946 2625 993 2648 est
1007 2616 1089 2648 finis.
1106 2617 1175 2648 Stat
1191 2617 1277 2648 enirn
1293 2618 1382 2659 quod

309 2663 429 2704 aliquid
453 2663 494 2693 sit
515 2661 587 2692 finis
611 2662 707 2693 unius
731 2662 907 2703 praecepti,
939 2669 969 2693 et
991 2669 1099 2693 tamen
1123 2663 1213 2694 cadat
1236 2663 1296 2693 sub
1319 2663 1382 2693 alio

309 2714 478 2748 praecepto
503 2714 538 2738 ut
561 2707 745 2738 ordinatum
762 2707 803 2738 ad
819 2706 1004 2738 ulteriorem
1021 2705 1128 2739 finem.
1154 2706 1249 2738 Verbi
1266 2707 1382 2747 gratia:
1409 2726 1410 2753 3

310 2752 434 2784 sanitas
450 2759 496 2783 est
519 2750 590 2782 finis
615 2751 773 2792 praecepti
789 2751 981 2782 medicinae:
1007 2758 1038 2782 et
1053 2751 1126 2782 ideo
1143 2761 1210 2783 non
1227 2751 1310 2783 cadit
1324 2753 1383 2782 sub
1409 2756 1411 2782 ἔ

309 2796 484 2838 praeceptis
501 2796 686 2826 medicinae.
705 2795 789 2833 Quia
805 2802 912 2826 tamen
929 2796 1056 2834 sanitas,
1074 2796 1155 2827 sicut
1171 2804 1201 2828 et
1217 2796 1384 2838 quodlibet

310 2841 395 2872 aliud
417 2841 581 2881 corporale
602 2841 735 2877 bonum,
754 2840 919 2871 ordinatur
933 2841 972 2871 ad
991 2841 1152 2881 spirituale
1173 2841 1296 2872 bonum
1317 2841 1384 2871 ani·
1409 2841 1411 2854 ¹

311 2896 381 2916 mae
398 2893 433 2916 ut
449 2886 488 2916 ad
505 2884 612 2921 finem,
636 2885 710 2916 ideo
734 2885 850 2915 sanitas
866 2885 949 2916 cadit
968 2886 1026 2916 sub
1043 2892 1212 2926 praecepto
1228 2886 1267 2916 de
1283 2886 1383 2917 salute

311 2931 451 2962 animae:
483 2929 559 2971 quia
582 2930 633 2960 hic
657 2939 723 2960 non
747 2939 780 2960 se
803 2929 898 2961 habet
923 2939 957 2961 ut
980 2929 1070 2966 finis,
1101 2930 1156 2961 sed
1181 2937 1216 2961 ut
1239 2930 1271 2961 id
1294 2932 1384 2972 quod

311 2982 358 3006 est
382 2975 422 3005 ad
445 2973 552 3005 finem.
578 2974 618 3005 Et
642 2984 679 3006 ex
701 2974 761 3005 hac
785 2974 896 3005 eadem
922 2974 1024 3006 radice
1048 2974 1155 3006 videre
1179 2982 1272 3016 potes
1295 2976 1384 3016 quod

312 3020 427 3050 sanitas
459 3030 476 3050 a
507 3018 633 3050 medico
663 3018 806 3060 corporis
836 3018 996 3059 appetitur
1027 3019 1094 3050 sine
1118 3029 1284 3055 mensura,
1309 3021 1385 3061 quia

312 3065 405 3095 habet
435 3063 592 3094 rationem
622 3062 710 3094 finis:
743 3074 759 3093 a
787 3062 912 3094 medico
940 3070 1047 3094 autem
1070 3063 1195 3095 animae
1225 3065 1386 3106 appetitur

312 3119 386 3139 curn
411 3118 570 3144 mensura,
595 3114 715 3148 quanta
739 3107 856 3138 scilicet
880 3108 1005 3148 expedit
1029 3109 1068 3139 acl
1093 3109 1228 3140 salutem
1248 3109 1384 3147 animae,

313 3153 387 3194 quia
418 3153 511 3183 habet
539 3152 695 3183 rationem
723 3152 791 3183 eius
821 3153 912 3192 quod
940 3159 988 3183 est
1010 3153 1049 3183 ad
1073 3152 1179 3184 finem.
1217 3153 1326 3191 Unde,
1352 3154 1384 3184 in
1411 3165 1412 3179 ι

313 3197 491 3238 proposito,
516 3197 626 3228 caritas
650 3204 697 3228 est
715 3196 787 3228 finis
802 3197 1001 3238 reliquorum
1027 3205 1268 3238 praeceptorum
1289 3199 1383 3239 legis:

314 3249 344 3272 et
367 3242 439 3272 ideo
464 3242 522 3272 sub
547 3242 637 3272 nullo
660 3242 739 3281 legis
763 3249 931 3282 praecepto
957 3242 1128 3279 clauditur,
1154 3251 1189 3274 ut
1211 3250 1299 3283 patet
1323 3243 1384 3274 dis-

315 3286 470 3317 currendo
494 3286 526 3317 in
551 3286 724 3327 praeceptis
749 3286 900 3327 decalogi.
933 3286 989 3318 Est
1014 3294 1120 3318 tamen
1145 3287 1184 3318 ad
1208 3286 1305 3318 finem
1329 3287 1386 3330 qui
1412 3293 1413 3298 ¹

316 3330 402 3360 Deus
427 3337 487 3361 est:
514 3337 544 3361 et
567 3330 640 3361 ideo
664 3331 723 3362 sub
747 3331 856 3372 aliquo
881 3339 1049 3373 praecepto
1066 3331 1159 3363 cadit.
1185 3332 1225 3363 Et
1249 3342 1304 3373 per
1324 3333 1385 3363 hoc

317 3381 402 3413 patet
424 3374 542 3405 solutio
566 3375 687 3415 primae
711 3375 908 3409 obiectionis,
928 3382 993 3406 tam
1018 3376 1202 3417 simpliciter
1225 3386 1321 3417 quam
1347 3377 1385 3408 ad
1412 3378 1413 3406 1

318 3418 494 3449 hominem.

372 3462 424 3492 111.
449 3463 499 3492 Ad
523 3464 698 3494 secundum
716 3464 732 3483 *
756 3474 830 3495 vero
855 3464 969 3495 dicitur
992 3465 1090 3505 quod,
1115 3465 1189 3506 quia
1213 3464 1284 3496 finis
1309 3465 1386 3496 cari-
1412 3472 1414 3486 ¹

320 3506 400 3542 tatis,
426 3506 481 3546 qui
506 3514 551 3537 est
574 3507 640 3547 ipse
665 3508 761 3544 Deus,
786 3515 832 3539 est
855 3508 1006 3545 infinitus,
1027 3509 1099 3540 ideo
1116 3519 1182 3539 non
1202 3516 1248 3540 est
1267 3509 1386 3540 mirum

319 3550 345 3580 si
375 3550 504 3587 caritas,
536 3561 617 3592 quae
649 3559 684 3582 ut
714 3552 791 3593 quid
823 3553 1005 3592 proximum
1036 3553 1075 3583 ad
1104 3551 1201 3584 finem
1225 3552 1387 3584 infinitum

319 3594 519 3635 praecipitur,
536 3594 602 3626 sine
619 3605 766 3626 mensura
782 3596 981 3636 praecipitur.
1009 3597 1052 3627 lta
1069 3597 1158 3638 quod
1174 3596 1294 3628 caritati
1311 3607 1387 3628 con·

1432 1724 1519 1755 venit
1543 1725 1610 1756 sine
1635 1735 1785 1757 mensura
1805 1727 1911 1768 appeti
1936 1734 1967 1758 et
1984 1737 2020 1758 ex
2037 1738 2076 1758 eo
2100 1729 2190 1769 quod
2214 1735 2261 1760 est
2285 1727 2356 1759 finis
2372 1727 2512 1770 reliquo-

1433 1779 1506 1799 rum
1529 1777 1786 1810 praeceptorum,
1812 1778 1843 1802 et
1866 1781 1903 1802 ex
1925 1781 1965 1802 eo
1989 1772 2079 1813 quod
2100 1780 2147 1803 est
2170 1779 2207 1804 ut
2228 1772 2414 1804 immediate
2437 1780 2512 1814 pro·

1431 1814 1516 1844 xima
1532 1813 1658 1845 infinito
1675 1813 1744 1845 fini.
1763 1824 2062 1847 commensuratum
2074 1816 2298 1848 eniminfinito
2315 1817 2395 1848 nihil
2410 1828 2443 1848 m

1432 1865 1480 1889 est
1502 1868 1603 1900 quam
1625 1860 1715 1900 quod
1739 1859 1806 1890 sine
1830 1870 1980 1891 mensura
2004 1867 2061 1892 est.
2084 1860 2127 1892 Et
2149 1861 2226 1902 quia
2248 1861 2309 1892 hae
2333 1862 2416 1893 duae
2434 1858 2512 1894 enn-

1433 1903 1587 1940 ditiones,
1620 1903 1738 1935 scilicet
1767 1914 1835 1935 esse
1862 1903 1961 1935 finem
1985 1905 2185 1946 reliquorum
2213 1913 2458 1947 praeceptorum
2476 1914 2514 1945 fl

1405 1979 1406 1982 ,
1431 1957 1499 1978 esse
1530 1927 1755 1980 iminediatutn
1783 1947 1908 1980 infinito
1932 1948 2006 1986 fini,
2038 1959 2075 1981 ex
2104 1959 2171 1982 uno
2203 1958 2235 1982 et
2257 1950 2375 1992 eodem
2401 1950 2514 2003 insum

1432 1992 1568 2029 caritati,
1600 1993 1719 2024 scilicet
1748 2003 1786 2024 ex
1815 1993 1884 2034 ipsa
1913 1993 2049 2025 caritatis
2078 2001 2207 2033 natura,
2233 2001 2264 2026 et
2291 2005 2394 2027 unum
2418 1994 2468 2037 inm
2485 2000 2514 2049 rt

1405 2054 1407 2067 ³
1432 2037 1609 2079 reliquum:
1635 2038 1708 2068 ideo
1733 2041 1855 2070 Auctor
1879 2045 1911 2069 et
1934 2039 2144 2080 Augustinus,
2169 2045 2206 2070 ut
2228 2038 2310 2071 infra
2325 2040 2344 2059 *
2373 2047 2446 2081 pate

1433 2082 1596 2114 caritatem
1627 2082 1764 2123 praecipi
1797 2090 1832 2114 ut
1855 2082 1954 2114 finem
1985 2090 2016 2115 et
2038 2084 2106 2115 sine
2131 2093 2282 2116 mensura
2305 2082 2512 2157 dixemus-,31

1433 2127 1615 2159 notioribus
1638 2127 1818 2158 doctrinam
1842 2128 2011 2159 tradentes.

1486 2172 1600 2203 1v.1n
1623 2172 1739 2202 eodem
1760 2172 1906 2210 articulo,
1926 2172 2007 2204 circa
2026 2173 2118 2210 illud,
2134 2172 2296 2215 perfectio
2315 2174 2512 2214 mnsistitxs'n
2671 2194 2681 2205 ι

1406 2237 1408 2246 ,
1433 2217 1578 2248 consiliis
1601 2218 1903 2255 instrumentaliter,
1927 2218 2073 2258 quaestio
2094 2227 2264 2250 occurrens
2279 2218 2319 2249 ad
2336 2218 2513 2270 septimum
2560 2222 2565 2229 ·’
2721 2222 2725 2231 ’

1434 2260 1605 2292 articulum
1629 2260 1724 2292 huius
1749 2261 1962 2310 quaestionis,
1986 2261 2020 2293 in
2043 2261 2254 2303 responsione
2282 2262 2324 2306 ad
2351 2259 2512 2321 ρι’ἰιιιιιὶιιᾼ

1435 2305 1624 2336 remittatur.

1486 2351 1522 2381 ln
1539 2350 1655 2380 eodem
1671 2350 1817 2386 articulo,
1834 2350 1866 2380 in
1883 2351 2094 2391 responsione
2109 2351 2149 2381 ad
2166 2352 2356 2389 secundum,
2377 2352 2515 2385 dubiam

1435 2395 1575 2426 occurrit
1597 2394 1677 2425 circa
1701 2395 1984 2435 transgressionem
2003 2395 2164 2436 praecepti
2178 2395 2330 2427 caritatis·
2355 2396 2513 2437 quoniam

1435 2439 1604 2480 responsio
1628 2449 1696 2470 non
1719 2439 1843 2470 videtur
1861 2439 2047 2471 satisfacere.
2073 2440 2157 2471 Nam
2171 2439 2199 2471 si
2214 2440 2344 2472 dilectio
2361 2448 2392 2472 et
2405 2441 2514 2479 omnis

1436 2483 1593 2525 perfectae
1617 2483 1795 2515 dilectionis
1814 2484 1942 2521 modus,
1963 2484 2081 2516 scilicet
2097 2492 2140 2516 ex
2153 2489 2219 2517 toto
2234 2485 2332 2518 corde
2343 2492 2416 2523 etc„
2431 2485 2515 2526 cadit

1435 2529 1495 2559 sub
1512 2535 1693 2570 praecepto,
1705 2538 1905 2570 consequens
1918 2535 1964 2560 est
1979 2535 2015 2560 ut
2027 2529 2179 2560 omittens
2195 2530 2332 2560 modum
2347 2528 2514 2563 cadentem

1436 2574 1495 2604 sub
1519 2580 1690 2614 praecepto
1714 2579 1926 2614 transgressor
1948 2573 2107 2614 praecepti
2131 2573 2186 2605 sit.
2217 2583 2284 2604 non
2313 2574 2400 2605 enim
2429 2573 2516 2616 capit

1435 2618 1614 2649 intellectus
1638 2618 1727 2659 quod
1751 2618 1858 2648 omnis
1881 2618 1999 2649 modus
2023 2618 2102 2649 mihi
2126 2618 2347 2659 praecipiatur,
2369 2626 2400 2650 et
2422 2619 2513 2661 quod

1436 2663 1588 2694 obediens
1619 2662 1652 2693 in
1682 2671 1748 2693 uno
1779 2669 1906 2694 tantum
1935 2663 2036 2694 modo
2068 2673 2198 2695 excuser
2219 2673 2238 2694 a
2265 2663 2514 2704 transgmnione

1436 2707 1606 2748 praecepti,
1632 2714 1668 2738 ut
1691 2707 1782 2738 facile
1805 2714 1852 2739 est
1875 2707 1982 2739 videre
2003 2707 2166 2740 inductive
2187 2707 2222 2739 in
2244 2707 2407 2740 omnibus.
2432 2708 2513 2749 *Dua

1436 2762 1512 2793 ergo
1536 2751 1811 2792 incompossibilia
1833 2751 1866 2782 in
1883 2752 1986 2784 littera
2002 2752 2161 2789 dicuntur,
2186 2752 2267 2784 dum
2285 2752 2402 2785 dicitur
2423 2753 2513 2794 quod

1409 2799 1411 2839 ζ
1437 2798 1544 2828 nullus
1569 2797 1686 2827 modus
1711 2796 1865 2838 excipitur
1888 2806 1905 2827 a
1929 2804 2110 2839 praecepto,
2135 2804 2166 2828 et
2188 2797 2279 2839 quod
2301 2795 2334 2827 in
2352 2807 2419 2828 uno
2443 2804 2512 2831 tan—

1437 2849 1507 2873 tum
1532 2841 1685 2872 obediens
1709 2851 1781 2872 reus
1805 2851 1872 2872 non
1897 2849 1954 2872 est.

1488 2887 1525 2918 V.
1545 2887 1594 2917 Ad
1611 2886 1673 2917 hoc
1690 2885 1814 2922 dicitur,
1831 2886 1968 2917 modum
1985 2886 2140 2928 loquendi
2154 2885 2327 2926 Augustini
2346 2886 2513 2927 sequendo

1437 2931 1469 2962 in
1493 2931 1595 2962 littera
1619 2931 1668 2962 bis
1686 2930 1782 2967 allati,
1806 2931 1897 2972 quod
1920 2930 2032 2962 caritas
2047 2930 2184 2963 omnino
2207 2931 2246 2961 de
2262 2929 2400 2971 perfecta
2423 2940 2512 2971 prae-

1438 2976 1553 3017 cipitur
1577 2980 1612 3006 ut
1634 2985 1698 3016 quo
1721 2975 1918 3007 currendum
1942 2981 2001 3013 est,
2024 2975 2088 3007 hoc
2110 2981 2158 3006 est
2181 2982 2216 3006 ut
2235 2973 2316 3006 finis.
2342 2975 2383 3006 Et
2397 2985 2435 3007 ex
2450 2975 2513 3008 hoc

1410 3054 1412 3063 .
1437 3020 1573 3051 solvitur
1596 3020 1752 3061 quaestio.
1784 3019 1869 3058 Quia
1893 3019 1982 3052 aliter
2005 3019 2186 3060 obligamur
2209 3026 2379 3060 praecepto
2403 3019 2513 3071 quoad

1411 3082 1412 3098 1
1438 3065 1469 3095 id
1493 3065 1582 3107 quod
1607 3075 1639 3095 se
1662 3064 1758 3096 habet
1782 3071 1818 3096 ut
1838 3063 1927 3095 finis:
1959 3071 1991 3095 et
2013 3063 2102 3095 aliter
2133 3063 2240 3104 quoad
2264 3063 2296 3094 id
2323 3064 2414 3106 quod
2435 3063 2512 3095 sim*-
2614 3100 2617 3102 ,
2642 3099 2648 3104 ,

1439 3109 1561 3150 pliciter
1583 3109 1785 3150 praecipitur.
1816 3109 1901 3140 Nam
1927 3107 2017 3150 quod
2041 3107 2233 3148 praecipitur
2255 3115 2292 3139 ut
2315 3107 2401 3146 finis,
2425 3102 2512 3140 suffl-
2555 3103 2659 3143 'suff‘

1439 3154 1556 3185 cienter
1580 3154 1794 3185 obedientiam
1814 3153 1945 3184 sortitur
1966 3153 1992 3183 si
2016 3151 2060 3183 sic
2084 3160 2233 3192 paremus
2257 3159 2293 3183 ut
2315 3153 2514 3194 quandoque

1411 3224 1412 3227 ,
1438 3198 1535 3230 finem
1559 3206 1782 3239 assequamur:
1807 3198 1898 3239 quod
1921 3196 2112 3237 praecipitur
2136 3204 2243 3228 autem
2268 3198 2433 3234 absolute,
2456 3198 2512 3231 sb-

1440 3244 1544 3274 solute
1567 3253 1699 3284 quoque
1723 3242 1966 3283 adimplendum
1989 3249 2045 3273 est.
2068 3241 2264 3283 Unde‚-quia
2284 3241 2420 3275 caritatis

1440 3287 1535 3319 sectio
1559 3286 1751 3328 praecipitur
1773 3293 1809 3318 ut
1831 3284 1913 3322 finis,
1937 3284 2128 3317 sufficienter
2144 3285 2276 3327 quilibet
2300 3285 2363 3318 hoc
2386 3296 2511 3328 praece-

1441 3339 1533 3374 ptum
1565 3338 1667 3362 servat
1690 3331 1714 3362 si
1739 3330 1783 3362 ita
1806 3337 1908 3360 servat
1939 3336 1974 3360 ut
1998 3331 2194 3372 quandoque
2225 3331 2264 3363 ad
2295 3329 2393 3362 finem
2425 3330 2512 3370 hunc

1439 3376 1610 3417 perveniat.
1634 3373 1797 3406 Pet-veniet
1820 3381 1927 3405 autern
1952 3374 2084 3415 quilibet
2108 3374 2222 3415 procul
2245 3374 2344 3407 dubio
2363 3374 2420 3417 qui
2437 3373 2511 3406 cum

1439 3427 1739 3462 quantumcumque
1762 3418 1895 3449 minima
1919 3419 2045 3451 caritate
2068 3420 2107 3450 ad
2132 3420 2268 3460 patriam
2291 3420 2402 3452 currit:
2429 3427 2512 3460 quu-

1440 3465 1526 3495 niam
1550 3464 1613 3494 illic
1637 3463 1748 3494 caritas
1771 3462 1908 3503 perfecta
1925 3464 1992 3494 erit.
2018 3464 2111 3495 Unde
2135 3471 2222 3505 patet
2245 3464 2345 3505 quod,
2369 3465 2441 3496 licet
2464 3463 2511 3494 in-

1441 3507 1666 3549 compossibile
1689 3507 1728 3538 sit
1751 3508 1896 3538 absolute
1919 3508 2056 3549 praecipi
2074 3510 2205 3540 omnem
2222 3509 2358 3540 modum
2375 3515 2406 3541 et
2419 3517 2511 3539 reum

1441 3561 1507 3582 non
1531 3561 1598 3582 esse
1623 3551 1754 3582 unicum
1777 3558 1902 3583 tantum
1919 3553 2056 3584 modum
2071 3552 2238 3590 servando,
2258 3562 2324 3584 non
2342 3559 2389 3585 est
2403 3558 2510 3584 tamen

1441 3595 1700 3636 incompossibile
1725 3596 1749 3626 si
1774 3597 1879 3628 omnis
1903 3597 2020 3629 modus
2044 3596 2236 3639 praecipitur
2259 3605 2295 3629 ut
2316 3596 2405 3629 finis:
2430 3605 2511 3638 quo-
