2768 4198
38 925 51 935 ⁴
62 923 122 951 (hp-
134 925 172 949 ἰν,
186 927 210 944 ιι.
226 927 252 943 ιι.

941 255 1211 302 QUAESTlO
1242 255 1421 301 CXXIX,
1451 253 1750 291 ARTICULUS
1781 253 1831 289 lV

278 337 440 368 obiectum
456 335 742 376 magnanimitatis:
759 335 845 376 quia,
859 344 934 365 cum
951 334 991 364 sit
1006 334 1038 364 in
1055 333 1212 370 irascibili,
1227 341 1354 374 oportet

278 382 440 414 obiectum
463 380 532 411 eius
556 390 623 410 esse
647 380 814 420 quoddam
837 379 986 409 arduum.

332 426 505 462 Praeterea,
522 434 678 465 magnum
694 424 727 454 in
743 424 976 464 cuiuscumque
991 423 1115 453 virtutis
1140 432 1247 463 opere,
1266 422 1355 463 quod

278 471 392 502 dicitur
415 470 577 501 obiectum
602 468 809 509 magnanimi,
830 475 884 499 aut
908 466 1063 508 significat
1086 477 1236 507 magnam
1255 477 1355 507 quan-

277 516 400 547 titatem
423 521 512 546 actus
527 514 652 544 virtutis
676 514 861 549 substratae,
879 521 956 553 puta
979 511 1207 552 temperantiae
1224 512 1272 542 vel
1293 511 1356 541 for·
1382 548 1383 552 Ἰ

278 559 438 592 titudinis:
471 565 501 590 et
525 558 568 588 sic
595 558 729 588 redeunt
757 557 957 588 difficultates
991 557 1237 598 praemissarum
1261 556 1356 587 ratio-
1382 559 1383 570 ³

279 615 369 636 num.
398 606 464 634 Aut
487 602 642 643 significat
665 602 785 643 aliquid
810 602 1052 643 superadditum
1076 601 1242 643 quantitati
1268 608 1357 631 actus

278 648 364 680 iuius
380 649 555 679 substratae
569 646 704 678 virtutis.
726 647 767 678 Et
782 655 867 683 tunc,
885 646 1061 688 assignetur
1075 646 1165 677 illud.
1186 645 1271 683 Quia
1290 655 1357 675 non

279 700 420 734 apparet,
435 702 511 723 cum
535 692 760 732 magnanimus
784 691 976 723 fortissimus
999 691 1101 722 tendit
1123 691 1155 721 in
1180 690 1357 721 maximum
1383 703 1385 707 r

279 737 475 770 fortitudinis
506 743 628 773 actum,
658 737 748 778 quod
776 736 810 767 in
840 737 935 767 aliam
963 736 1072 768 tendat
1102 735 1358 775 magnitudinem

279 792 381 824 quam
412 780 608 813 fortitudinis
637 781 678 812 ad
706 782 787 812 intra
811 788 841 812 et
869 781 1003 812 honoris
1030 781 1070 812 ad
1094 788 1179 812 extra
1209 779 1262 822 (de
1290 789 1357 820 quo
1384 789 1385 820 j

280 837 346 858 non
371 834 419 858 est
441 826 482 857 ad
506 836 655 867 praesens
679 825 885 867 propositum
907 823 1025 869 loqui).

336 871 374 902 11.
392 870 443 902 Ad
459 871 556 902 huius
572 869 764 902 difficultatis
780 870 981 907 evidentiam,
995 870 1162 901 sciendum
1179 876 1225 907 est
1241 868 1358 909 primo,

279 915 369 956 quod
393 925 549 956 magnum
574 923 605 946 et
627 925 773 956 parvum,
790 922 825 946 ut
848 916 879 946 in
901 912 1209 946 Praedicamentis⁵
1233 913 1357 949 dicitur,
1385 918 1386 951 g

280 967 328 991 est
357 960 526 991 relativum
551 962 632 992 circa
663 960 885 1001 quantitatem.
915 960 1050 1000 Propter
1076 960 1165 1000 quod
1195 958 1359 999 importat,
1385 970 1386 979 ι

281 1005 362 1036 ultra
375 1005 566 1042 subiectum,
583 1005 794 1046 quantitatem
810 1012 841 1036 et
857 1005 1055 1036 relationem.
1072 1004 1113 1034 Et
1129 1004 1203 1034 licet
1219 1013 1256 1033 ex
1272 1009 1360 1043 parte
1385 1039 1387 1043 ι

280 1050 466 1091 quantitatis
490 1060 646 1090 magnum
675 1057 706 1081 et
729 1060 865 1091 parvum
896 1060 963 1081 non
987 1049 1222 1089 distinguantur
1245 1046 1360 1088 specie,
1385 1052 1387 1086 ι

281 1094 357 1136 quia
389 1094 532 1126 eiusdem
557 1101 604 1126 est
634 1092 753 1136 speciei
780 1094 863 1126 linea
886 1104 983 1134 parva
1007 1100 1193 1135 etkmagna‚
1218 1098 1248 1122 et
1272 1090 1359 1122 simi-
1385 1092 1388 1120 ὲ

280 1138 350 1170 liter
374 1138 556 1180 superficies
580 1146 611 1170 et
643 1148 778 1180 corpus;
811 1145 842 1170 et
865 1138 1008 1169 similiter
1031 1147 1069 1168 ex
1092 1143 1180 1177 parte
1201 1135 1358 1180 subiecti,

282 1194 337 1215 seu
362 1184 406 1215 rei
430 1191 578 1225 quantae,
596 1193 662 1214 non
679 1184 809 1224 exigunt
827 1192 983 1223 magnum
1003 1188 1034 1212 et
1056 1190 1192 1222 parvum
1215 1179 1359 1210 differen-

281 1228 359 1260 tiam
382 1228 577 1269 specificam,
602 1238 718 1268 magna
741 1227 901 1269 siquidem
924 1233 956 1257 et
979 1235 1076 1267 parva
1105 1235 1187 1266 aqua
1216 1224 1361 1255 eiusdem
1386 1256 1388 1267 3

282 1280 330 1304 est
353 1273 485 1314 speciei,
510 1281 542 1305 et
565 1273 710 1305 similiter
732 1282 849 1313 magna
878 1278 910 1303 et
931 1281 1028 1311 parva
1052 1270 1182 1301 albedo:
1208 1279 1246 1299 ex
1270 1275 1360 1309 parte
1387 1278 1388 1306 i

282 1316 568 1355 tamen-relationis
584 1316 730 1359 specifice
743 1317 984 1357 distinguuntur
998 1324 1154 1355 magnum
1171 1321 1202 1345 et
1214 1323 1360 1354 parvum.

282 1361 365 1394 Sunt
388 1361 474 1394 enim
491 1362 620 1393 relativa
643 1361 747 1403 specie
771 1361 928 1397 distincta,
946 1360 1027 1391 sicut
1050 1359 1189 1400 duplum
1214 1365 1244 1389 et
1267 1357 1360 1388 dimi-
1387 1369 1389 1391 ¹<

282 1407 392 1439 dium:
421 1414 564 1448 spectant
592 1406 679 1437 enim
703 1416 768 1437 non
793 1406 832 1436 ad
856 1405 984 1436 relativa
1009 1402 1282 1445 aequiparandae,
1306 1401 1362 1433 sed
1387 1405 1389 1449 j

283 1450 517 1493 suppositionis
541 1458 572 1482 et
594 1449 872 1492 superpositionis.
905 1449 1082 1488 Quocirca,
1106 1448 1178 1479 licet
1206 1457 1360 1487 magnum

283 1502 315 1528 et
327 1504 466 1538 parvum
480 1506 547 1527 non
562 1495 799 1536 distinguantur
822 1494 926 1535 specie
948 1494 992 1525 rei
1009 1503 1092 1535 quae
1109 1493 1224 1524 dicitur
1246 1501 1362 1533 magna
1387 1488 1390 1540 ζ

281 1540 334 1573 vel
355 1550 464 1582 parva,
487 1548 567 1581 puta
589 1539 754 1576 albedinis,
778 1539 902 1575 caloris,
926 1538 1070 1574 honoris,
1095 1537 1260 1579 pecuniae,
1285 1544 1360 1573 etc.;
1388 1543 1390 1584 ἱ

283 1595 342 1620 nec
363 1585 470 1627 specie
492 1584 696 1628 quantitatis:
722 1591 798 1616 sunt
813 1591 920 1616 tamen
945 1583 1075 1615 relativa
1098 1583 1180 1614 inter
1202 1592 1235 1614 se
1251 1581 1361 1613 distin·
1388 1586 1390 1605 ἓ

283 1636 332 1662 cta
355 1629 470 1672 specie.
955 1667 958 1669 Δ

339 1673 392 1706 ῐῙῐ.
416 1673 590 1706 Sciendum
614 1681 661 1705 est
691 1674 850 1710 secundo,
875 1673 964 1714 quod
988 1672 1020 1703 in
1045 1671 1207 1704 effectibus
1235 1678 1362 1702 natura·
1389 1673 1390 1715 ᾗ

281 1718 367 1750 libus
391 1718 458 1750 duo
481 1718 704 1750 inveniuntur:
729 1717 848 1749 scilicet
871 1727 920 1749 res
942 1717 1022 1758 ipsa,
1039 1727 1122 1759 quae
1146 1724 1192 1748 est
1207 1715 1364 1747 terminus
1388 1733 1390 1760 3

283 1763 428 1795 formalis
451 1763 601 1800 actionis;
635 1770 666 1795 et
689 1763 880 1804 magnitudo
910 1763 1022 1803 ipsius.
1052 1762 1158 1800 Sicut,
1183 1771 1258 1792 cum
1281 1761 1363 1801 ignis
1389 1764 1390 1782 ³

283 1807 427 1841 ealefacit
448 1818 566 1850 aquam
579 1832 587 1845 ,
613 1815 659 1839 est
681 1808 724 1839 ibi
749 1815 780 1839 et
803 1808 905 1844 calor,
930 1807 986 1848 qui
1017 1807 1193 1838 formaliter
1214 1806 1364 1837 terminat
1389 1837 1391 1845 ,

283 1853 543 1890 calefactionem
567 1860 599 1884 et
622 1853 783 1894 quantitas
810 1852 896 1889 eius,
921 1859 998 1892 puta
1027 1852 1117 1892 quod
1148 1858 1195 1882 est
1218 1851 1304 1881 calor
1328 1857 1364 1881 ut

283 1897 362 1935 duo,
379 1905 437 1930 etc.
462 1898 513 1929 Ad
538 1898 614 1928 haec
638 1906 747 1929 autem
770 1897 836 1928 duo
862 1897 1003 1927 naturale
1027 1906 1123 1936 agens
1146 1895 1189 1926 ita
1212 1905 1245 1926 se
1268 1895 1364 1926 habet

284 1943 375 1985 quod
403 1942 546 1984 primum
571 1949 618 1973 est
641 1942 681 1972 ad
704 1942 794 1982 quod
824 1941 939 1972 directe
970 1940 1121 1976 intendit,
1146 1939 1302 1981 quodque
1326 1949 1363 1970 ex

285 1987 409 2018 ratione
432 1986 554 2017 formae
578 1996 642 2028 qua
661 1985 734 2027 agit,
759 1986 875 2017 directe
899 1985 1067 2026 producit:
1093 1984 1270 2015 secundum
1288 1994 1362 2015 vero

286 2041 324 2063 ex
347 2031 533 2062 conditione
555 2030 655 2071 ipsius
680 2030 802 2061 formae
826 2030 983 2071 provenit.
1014 2029 1164 2062 Calidum
1189 2028 1291 2066 enim,
1315 2029 1364 2059 in-
1390 2061 1391 2064 Ἰ

286 2082 446 2118 quantum
477 2075 616 2107 calidum
629 2099 637 2112 ,
661 2075 736 2106 facit
765 2075 922 2112 calidum;
953 2075 1009 2105 sed
1037 2074 1114 2116 quia
1142 2074 1286 2105 intensus
1316 2081 1364 2105 est

286 2121 408 2152 activus
423 2121 520 2158 calor,
536 2121 609 2152 ideo
625 2120 659 2151 in
675 2120 814 2162 patiente
829 2120 986 2160 disposito
1002 2118 1038 2151 fit
1053 2129 1118 2151 non
1143 2119 1252 2150 solum
1267 2118 1363 2154 calor,

287 2165 343 2198 sed
366 2165 454 2197 calor
474 2165 636 2197 intensus:
660 2164 703 2196 ita
726 2165 817 2206 quod
840 2164 982 2195 calidum
997 2164 1137 2195 activum
1157 2163 1273 2194 directe
1297 2173 1363 2193 non

286 2210 423 2242 intendit
445 2209 504 2241 nisi
528 2209 667 2241 calidum
691 2208 802 2246 facere,
827 2216 982 2250 tanquam
1001 2207 1169 2249 proprium
1193 2214 1224 2238 et
1247 2205 1364 2238 forma-

286 2255 352 2287 lem
374 2253 540 2291 effectum
571 2253 785 2285 intensionem
808 2259 916 2284 autem
947 2252 1061 2284 caloris
1085 2251 1180 2283 efficit
1207 2262 1274 2282 non
1298 2259 1364 2283 tan-

287 2309 388 2342 quam
410 2309 448 2330 ex
470 2298 575 2330 forma
597 2298 718 2330 intenta
741 2298 868 2334 directe,
885 2297 940 2328 sed
964 2305 1119 2339 tanquam
1143 2296 1364 2328 conditionem

287 2343 559 2377 concomitantem
587 2342 771 2374 naturaliter
801 2343 863 2374 tale
892 2352 989 2383 agens
1011 2342 1044 2373 in
1077 2342 1140 2373 hoc
1163 2351 1278 2382 passo,
1303 2349 1362 2373 etc.
1390 2350 1392 2356 ⁴

286 2388 328 2421 Et
349 2387 426 2430 quia
449 2388 483 2419 in
507 2388 615 2419 anima
635 2387 815 2419 intellectus
845 2394 940 2419 natus
963 2394 1011 2418 est
1038 2387 1178 2418 adunata
1204 2386 1363 2423 dividere,

286 2439 319 2465 et
340 2432 447 2464 anima
470 2439 583 2464 natura
613 2433 771 2474 quaedam
796 2439 860 2471 est;
883 2432 916 2463 in
939 2431 1002 2463 hoc
1027 2431 1133 2463 anima
1164 2431 1285 2463 excedit
1309 2441 1365 2462 na-

285 2485 392 2510 turam
415 2478 505 2520 quod
520 2476 615 2509 efficit
636 2477 892 2518 magnitudinem
916 2482 1005 2508 actus
1020 2476 1145 2508 virtutis
1166 2486 1232 2507 non
1256 2476 1365 2507 solum

286 2531 344 2565 per
361 2522 499 2554 modum
529 2529 677 2558 naturae,
701 2522 820 2553 scilicet
844 2529 880 2553 ut
902 2521 1122 2553 conditionem
1150 2528 1258 2558 actus,
1283 2521 1367 2552 sicut

287 2568 326 2598 de
350 2567 456 2598 calore
479 2567 602 2598 dictum
626 2573 689 2604 est;
715 2567 770 2598 sed
793 2566 890 2598 etiarn
914 2576 972 2607 per
993 2567 1131 2598 modum
1154 2566 1289 2603 animae,
1307 2566 1366 2597 sci-

286 2612 359 2644 licet
382 2622 439 2653 per
461 2612 614 2643 directam
637 2612 850 2643 intentionem
873 2612 975 2652 ipsius
990 2611 1230 2652 magnitudinis,
1251 2618 1287 2642 ut
1310 2621 1365 2642 cu—

286 2657 414 2688 iusdam
437 2657 569 2688 rationis
595 2656 750 2688 formalis.
782 2657 828 2687 lta
850 2657 942 2698 quod
969 2656 1071 2687 homo
1100 2656 1192 2687 valde
1221 2656 1312 2687 fortis
1335 2663 1367 2687 et

287 2701 512 2743 magnanimus
529 2701 697 2742 dupliciter
708 2701 809 2733 tendit
820 2701 854 2732 in
869 2711 1024 2742 magnum
1037 2700 1233 2732 fortitudinis
1245 2708 1365 2732 actum.

287 2746 407 2783 Primo,
432 2757 489 2788 per
511 2746 649 2778 modum
673 2753 814 2783 naturae,
837 2745 1030 2787 inquantum
1054 2745 1157 2777 fortis:
1183 2755 1220 2776 ex
1243 2745 1366 2776 ratione

287 2801 429 2832 namque
459 2801 535 2822 suae
559 2801 694 2831 magnae
725 2790 921 2823 fortitudinis
949 2791 1011 2822 exit
1033 2790 1066 2821 in
1094 2800 1250 2831 magnum
1278 2790 1367 2821 forti-
1392 2805 1394 2812 ›

287 2836 409 2868 tudinis
425 2843 543 2873 actum,
557 2836 638 2867 sicut
653 2846 790 2877 magnus
805 2836 890 2867 calor
905 2836 939 2866 in
951 2845 1101 2876 magnam
1114 2835 1365 2867 calefactionem.

288 2882 453 2918 Secunde,
477 2891 534 2923 per
556 2881 708 2913 directam
742 2881 954 2912 intentionem
986 2880 1087 2921 ipsius
1116 2880 1366 2921 magnitudinis,

288 2926 482 2968 inquantum
506 2926 748 2967 magnanimus:
780 2936 818 2957 ex
840 2925 963 2957 ratione
987 2935 1127 2966 namque
1154 2924 1366 2965 magnanimi—

289 2971 360 3003 tatis
382 2971 483 3003 tendit
496 2971 528 3002 in
551 2970 806 3012 magnitudinem
822 2978 911 3002 actus
933 2969 1128 3001 fortitudinis
1150 2977 1185 3002 ut
1197 2969 1366 3010 ‘propriam

2435 252 2482 288 65

1380 373 1382 376 Ι
1408 334 1565 365 rationem
1590 333 1758 363 formalem
1789 333 1954 363 intentam.
1990 332 2034 362 lta
2058 331 2146 372 quod
2179 331 2367 371 magnitudo
2400 339 2488 361 actus

1380 388 1382 411 1
1409 377 1604 410 fortitudinis
1628 388 1645 408 a
1669 377 1855 408 fortitudine
1879 375 1914 407 fit
1938 384 1968 407 et
1991 375 2156 416 respicitur
2182 384 2216 406 ut
2240 376 2382 406 conditio
2416 386 2489 406 con—

1382 459 1383 466 *
1409 423 1565 454 comitans
1589 430 1697 453 actum
1723 432 1760 453 ex
1789 421 2009 462 magnitudine
2039 420 2252 451 fortitudinis:
2278 431 2295 450 a
2324 421 2487 460 magnani-

1410 468 1519 499 mitate
1549 477 1624 497 vero
1649 466 1683 498 fit
1708 474 1738 498 et
1761 466 1927 507 respicitur
1957 474 1992 496 ut
2022 465 2156 496 formale
2187 465 2350 495 obiectum
2377 465 2487 505 ipsius.

1411 513 1451 543 Et
1481 519 1649 553 propterea
1678 511 1917 551 distinguuntur
1948 510 2052 551 specie
2084 509 2238 541 fortitudo
2264 517 2294 540 et
2326 510 2489 550 magnani-

1410 557 1518 593 mitas,
1543 564 1655 596 utpote
1679 557 1831 587 habentes
1855 556 1992 586 diversas
2016 555 2154 586 rationes
2186 555 2335 585 formales
2360 555 2489 585 obiecti—

1410 611 1478 633 vas:
1505 601 1699 632 fortitudinis
1725 611 1865 642 namque
1896 601 2057 631 obiectum
2084 608 2129 630 est
2154 599 2251 635 forte,
2276 599 2489 640 magnanimi-

1411 647 1483 678 tatis
1506 656 1582 677 vero
1608 654 1781 686 magnum3
1811 645 1958 687 quamvis
1986 644 2167 676 coincidant
2190 644 2223 675 in
2252 644 2314 675 hoc
2343 644 2434 685 quod
2457 644 2490 674 id

1411 691 1500 732 quod
1525 697 1571 722 est
1594 690 1690 721 unius
1710 690 1824 721 obiecti
1850 689 2010 728 conditio,
2034 689 2182 720 illudmet
2206 696 2253 720 est
2277 688 2406 720 alterius
2429 688 2491 719 for—

1413 736 1504 767 malis
1528 736 1608 766 ratio
1633 735 1798 766 obiectiva.

1469 781 1522 811 IV.
1548 780 1720 811 Sciendum
1741 787 1787 811 est
1810 779 1913 816 tertio,
1930 779 2021 820 quod
2044 779 2124 810 inter
2141 788 2298 819 magnum
2311 777 2491 809 secundum

1384 822 1386 834 ²
1412 836 1446 856 se
1469 833 1647 866 sumptum,
1668 832 1699 856 et
1721 835 1877 864 magnum
1901 835 1967 854 non
1991 824 2170 855 secundum
2193 833 2225 854 se
2240 823 2296 853 sed
2311 832 2368 864 per
2392 822 2489 859 aliud,

1385 901 1386 910 ,
1412 878 1500 901 tanta
1524 877 1570 900 est
1603 869 1776 900 differentia
1800 869 1833 899 in
1857 868 2034 899 moralibus
2058 875 2095 899 ut
2124 878 2280 908 magnum
2310 867 2490 899 secundum

1413 925 1461 951 se,
1486 914 1562 955 quia
1586 914 1741 945 excellens
1764 913 1843 954 quid
1867 923 1903 943 ac
1926 912 2052 944 difficile
2077 913 2242 954 altumque
2267 919 2376 949 sonat,
2401 911 2492 943 ardui

1414 959 1571 990 rationem
1595 958 1726 989 habeat:
1752 967 1819 988 non
1842 958 2021 988 secundum
2045 967 2078 988 se
2102 965 2211 988 autem
2241 958 2296 988 sed
2319 967 2376 997 per
2403 956 2491 988 aliud

1413 1010 1604 1043 respectum,
1628 1002 1710 1033 infra
1733 1001 1850 1033 limites
1873 1001 1957 1032 illius
1981 1003 2071 1042 quod
2088 1002 2303 1043 principaliter
2325 1001 2492 1042 respicitur

1415 1048 1625 1078 contineatur.
1657 1050 1703 1077 Ac
1727 1056 1783 1086 per
1806 1046 1887 1082 hoc,
1911 1057 2066 1086 magnum
2098 1047 2323 1087 temperantiae
2347 1056 2440 1086 opus,
2466 1045 2491 1076 si

1414 1091 1566 1123 referatur
1589 1091 1629 1121 ad
1653 1101 1804 1130 magnam
1832 1091 2091 1131 temperantiam,
2117 1101 2182 1121 non
2211 1091 2305 1122 habet
2335 1091 2491 1122 rationem

1414 1136 1521 1172 ardui;
1546 1136 1623 1177 quia
1646 1134 1855 1176 temperantia
1878 1145 1934 1175 per
1951 1145 1983 1165 se
2007 1135 2112 1175 primo
2137 1134 2262 1176 respicit
2281 1135 2388 1176 ipsum
2412 1143 2491 1166 tem-

1415 1180 1574 1222 perantiae
1599 1190 1693 1220 opus,
1719 1179 1799 1210 circa
1823 1180 1912 1220 quod
1936 1179 2150 1220 principaliter
2174 1187 2236 1216 est,
2262 1186 2292 1210 et
2315 1189 2351 1210 ex
2382 1190 2492 1210 conse-

1415 1225 1526 1266 quenti
1559 1223 1685 1264 respicit
1717 1224 1973 1264 magnitudinem
2011 1223 2134 1264 operis:
2166 1231 2196 1254 et
2226 1232 2394 1264 propterea
2426 1235 2491 1255 non

1416 1270 1478 1300 exit
1501 1270 1546 1301 sic
1569 1269 1686 1300 limites
1702 1269 1959 1309 concupiscibilis
1976 1279 2132 1309 magnum
2155 1269 2382 1309 temperantiae
2399 1279 2492 1309 opus.

1416 1315 1477 1346 Sed
1498 1314 1523 1344 si
1547 1314 1633 1345 idem
1656 1324 1740 1354 opus
1764 1313 1916 1344 referatur
1933 1314 1972 1344 ad
1997 1313 2309 1354 magnanimitatem,
2338 1320 2414 1343 tunc
2438 1324 2493 1354 per

1416 1369 1450 1390 se
1481 1358 1586 1400 primo
1616 1358 1749 1389 refertur
1777 1358 1816 1388 ad
1839 1358 1944 1398 ipsam
1975 1369 2041 1388 non
2073 1365 2232 1398 quatenus
2260 1368 2344 1398 opus
2373 1365 2494 1397 tempe-

1416 1403 1545 1440 rantiae,
1563 1403 1618 1434 sed
1635 1409 1792 1444 quatenus
1813 1413 1967 1443 magnum
1982 1426 1989 1437 ,
2013 1410 2059 1433 est
2075 1403 2160 1433 enirn
2177 1402 2422 1442 magnanimitas
2438 1413 2494 1442 per

1416 1459 1450 1480 se
1473 1448 1580 1489 primo
1614 1446 1694 1478 circa
1718 1456 1890 1487 magnum:
1921 1455 1952 1478 et
1980 1454 2161 1488 propterea,
2187 1455 2222 1478 ut
2246 1447 2304 1483 sic,
2330 1447 2424 1478 habet
2446 1457 2493 1477 ra-

1417 1493 1539 1525 tionem
1568 1492 1673 1528 ardui,
1698 1498 1728 1523 et
1759 1492 1865 1522 exiens
1888 1492 2043 1523 terminos
2074 1492 2349 1533 concupiscibilis,
2373 1492 2412 1522 ad
2436 1492 2494 1522 ira-

1417 1537 1534 1570 scibilis
1558 1537 1723 1568 obiectum
1745 1537 1865 1568 transit.

1476 1583 1512 1614 V.
1538 1582 1589 1613 Ad
1613 1581 1756 1623 primum
1787 1591 1862 1622 ergo
1890 1589 2116 1622 argumentum
2132 1581 2149 1600 *
2173 1581 2287 1612 dicitur
2310 1581 2399 1622 quod
2428 1591 2495 1611 ma-

1417 1638 1519 1669 gnum
1543 1634 1574 1658 et
1597 1636 1743 1668 parvum,
1768 1633 1804 1657 ut
1827 1634 1903 1657 sunt
1927 1626 2015 1657 modi
2040 1626 2179 1662 alterius,
2205 1636 2270 1656 non
2295 1625 2495 1666 distinguunt

1417 1671 1557 1714 speciem
1587 1671 1673 1702 illius
1704 1670 1747 1701 rei
1779 1671 1870 1702 cuius
1901 1678 1976 1702 sunt
2004 1671 2110 1702 modi:
2142 1678 2249 1702 tamen
2279 1680 2433 1710 magnum
2465 1678 2496 1701 et

1418 1727 1553 1759 parvum
1570 1716 1749 1747 secundum
1766 1726 1798 1746 se
1813 1715 2054 1756 distinguuntur
2077 1715 2191 1756 specie.
2216 1716 2258 1747 Et
2273 1726 2310 1746 ex
2333 1716 2391 1746 hac
2408 1722 2496 1756 parte

1418 1772 1573 1802 magnum
1597 1762 1691 1792 habet
1715 1761 1871 1791 rationem
1895 1761 2000 1797 ardui,
2026 1767 2057 1791 et
2080 1771 2213 1801 parvum
2243 1771 2320 1791 non.
2349 1760 2391 1791 Et
2423 1770 2495 1801 pro-

1418 1815 1525 1848 pterea
1547 1805 1789 1846 distinguuntur
1811 1805 1916 1846 specie
1940 1805 1972 1836 in
1996 1805 2189 1836 moralibus:
2223 1806 2354 1846 quando
2378 1805 2496 1837 scilicet

1390 1881 1391 1884 ,
1418 1861 1573 1892 magnum
1597 1850 1701 1881 induit
1724 1850 1879 1881 rationem
1904 1850 2006 1881 ardui.
2038 1850 2079 1880 Et
2109 1849 2153 1880 sic
2177 1858 2224 1880 est
2255 1850 2286 1880 in
2311 1850 2494 1891 proposito:

1418 1895 1574 1937 quoniam
1599 1902 1629 1926 et
1653 1905 1808 1935 magnum
1842 1895 1874 1925 in
1906 1905 2002 1935 opere
2026 1894 2181 1935 cuiusque
2209 1894 2348 1931 virtutis,
2374 1902 2405 1925 et
2427 1905 2494 1925 ma-

1417 1951 1519 1981 gnum
1543 1940 1575 1970 in
1599 1939 1779 1970 honoribus
1803 1939 1896 1970 habet
1919 1939 2075 1970 rationem
2100 1939 2200 1970 ardui.
2230 1939 2365 1970 Constat
2388 1947 2495 1971 autem

1418 1985 1556 2016 arduum
1581 1984 1732 2024 distingui
1756 1984 1860 2024 specie
1884 1994 1901 2014 a
1925 1994 1992 2014 non
2015 1983 2128 2015 arduo.

1474 2030 1525 2061 Ad
1549 2029 1726 2060 secundum
1752 2028 1865 2060 dicitur
1888 2029 1977 2069 quod
1994 2038 2149 2069 magnum
2168 2038 2252 2069 opus
2268 2028 2495 2069 temperantiae

1419 2075 1587 2116 dupliciter
1610 2074 1838 2105 consideratur.
1870 2073 1998 2110 Primo,
2023 2081 2058 2104 ut
2081 2073 2113 2114 ly
2138 2083 2294 2114 magnum
2326 2073 2402 2104 dicit
2424 2083 2493 2103 mo-

1418 2120 1498 2150 dum
1514 2119 1653 2155 alterius,
1668 2119 1786 2149 scilicet
1802 2118 1908 2158 operis
1931 2117 2168 2158 temperantiae.
2193 2118 2234 2148 Et
2255 2118 2310 2154 sic,
2330 2118 2405 2159 quia
2429 2128 2496 2148 non

1418 2174 1474 2205 per
1496 2174 1530 2194 se
1554 2163 1720 2204 respicitur
1749 2163 1788 2193 ab
1813 2162 1943 2199 habitu,
1969 2163 2023 2193 sed
2055 2162 2177 2193 ratione
2207 2162 2353 2199 alterius,
2378 2162 2496 2193 scilicet

1418 2207 1525 2250 operis
1548 2207 1724 2248 temperati,
1750 2217 1816 2237 non
1841 2207 1935 2238 habet
1958 2207 2115 2238 rationem
2139 2207 2241 2242 ardui,
2259 2213 2290 2238 et
2313 2207 2352 2238 ad
2377 2214 2497 2247 tempe-

1418 2253 1554 2284 rantiam
1578 2259 1708 2294 spectat.
1738 2251 1901 2288 Secundo,
1927 2258 1963 2282 ut
1990 2252 2023 2293 ly
2046 2261 2203 2293 magnum
2232 2251 2308 2282 dicit
2340 2251 2496 2282 rationem

1419 2297 1589 2328 formalem
1613 2307 1678 2338 qua
1701 2306 1786 2338 opus
1810 2297 1849 2327 ab
1873 2296 1983 2327 habitu
2008 2296 2183 2337 respicitur.
2207 2296 2248 2327 Et
2267 2296 2311 2327 sic
2331 2296 2425 2327 habet
2449 2306 2496 2326 ra-

1418 2343 1542 2374 tionem
1565 2341 1666 2378 ardui,
1691 2349 1721 2372 et
1745 2342 1784 2372 ad
1809 2341 2107 2381 magnanimitatem
2130 2348 2261 2381 spectat.

1475 2388 1526 2418 Ad
1559 2387 1688 2418 tertium
1712 2386 1828 2417 dicitur
1850 2386 1940 2427 quod
1970 2396 2036 2417 non
2060 2393 2108 2417 est
2131 2385 2181 2416 hic
2204 2385 2366 2417 diversitas
2393 2386 2436 2416 rei
2460 2386 2498 2416 si—

1418 2431 1584 2473 gnificatae
1608 2441 1665 2473 per
1688 2431 1721 2472 ly
1745 2441 1902 2473 magnum
1926 2441 2007 2472 opus
2030 2432 2262 2472 temperantiae
2289 2441 2356 2461 uno
2380 2431 2430 2461 vel
2453 2431 2496 2461 al-

1418 2485 1486 2508 tero
1511 2477 1626 2509 modo:
1652 2477 1706 2507 sed
1732 2483 1779 2507 est
1802 2475 1966 2507 diversitas
1990 2475 2120 2507 rationis
2140 2485 2238 2517 quarn
2262 2475 2367 2506 induit
2381 2476 2413 2517 ly
2430 2486 2496 2506 ma-

1417 2532 1521 2564 gnum
1546 2529 1582 2553 ut
1604 2520 1770 2562 respicitur
1785 2531 1804 2551 a
1819 2521 2038 2561 temperantia,
2055 2527 2086 2551 et
2102 2531 2119 2551 a
2135 2520 2405 2561 magnanimitate.
2430 2521 2496 2550 Ma-

1418 2567 1555 2608 gnitudo
1579 2566 1739 2608 siquidem
1754 2565 1860 2607 operis
1877 2565 2043 2606 temperati
2061 2575 2187 2605 semper
2206 2564 2409 2605 significatur.
2435 2564 2497 2595 Sed

1420 2621 1495 2643 cum
1511 2611 1646 2642 refertur
1665 2610 1852 2642 huiusmodi
1868 2610 2058 2650 magnitudo
2075 2610 2114 2640 ad
2131 2609 2384 2650 temperantiam,
2403 2609 2498 2640 habet

1419 2657 1578 2688 rationem
1594 2656 1684 2687 modi
1700 2663 1731 2687 et
1746 2655 1935 2686 secundario
1950 2654 2082 2696 respecti
2099 2655 2139 2685 ab
2155 2664 2201 2691 ea,
2214 2661 2250 2685 ut
2265 2654 2386 2685 dictum
2403 2661 2449 2684 est
2462 2653 2495 2684 *ς

1419 2701 1551 2743 quando
1574 2711 1650 2732 vero
1675 2700 1808 2732 refertur
1827 2700 1867 2730 ad
1890 2699 2195 2739 magnanimitatem,
2222 2699 2317 2729 habet
2339 2698 2497 2729 rationem

1419 2746 1552 2778 rationis
1575 2745 1718 2776 formalis
1743 2745 1848 2786 primo
1873 2753 1903 2776 et
1927 2755 1983 2785 per
2000 2754 2032 2775 se
2047 2751 2207 2784 respectae
2231 2743 2270 2774 ab
2295 2753 2341 2774 ea.
2367 2743 2407 2774 Et
2422 2753 2497 2783 pro-

1420 2798 1527 2832 pterea
1545 2790 1788 2830 magnanimitas
1805 2789 1900 2820 habet
1923 2800 1982 2830 pro
2006 2788 2133 2820 formali
2157 2789 2283 2819 obiecto
2298 2795 2329 2819 et
2344 2786 2407 2818 fine
2431 2798 2496 2818 ma-

1419 2846 1521 2876 gnum
1537 2835 1570 2866 in
1595 2835 1751 2876 cuiusque
1767 2834 1892 2865 virtutis
1907 2843 2023 2875 opere:
2048 2833 2256 2874 temperantia
2276 2843 2351 2863 vero
2372 2840 2402 2863 et
2418 2832 2496 2863 aliae

1420 2881 1551 2912 virtutes
1583 2880 1703 2911 habent
1733 2889 1791 2920 pro
1823 2878 2012 2910 formalibus
2043 2878 2174 2910 obiectis
2205 2878 2274 2918 ipsa
2303 2884 2494 2918 temperata,

1419 2925 1518 2962 iusta,
1543 2924 1638 2956 fortia
1669 2932 1700 2955 et
1729 2924 1936 2961 huiusmodi;
1971 2934 2087 2964 magna
2115 2931 2223 2954 autem
2252 2923 2330 2954 haec
2360 2923 2429 2962 ipsa
2459 2932 2496 2952 ex

1419 2969 1630 3011 consequenti
1655 2969 1825 3009 attingunt,
1850 2976 1886 3000 ut
1910 2969 2031 3000 dictum
2057 2975 2103 2999 est
2118 2968 2146 3000 *.

437 3653 547 3678 Sumam
565 3652 668 3677 Tanot..
688 3652 718 3676 D.
732 3651 847 3677 ‘rueme
865 3652 898 3677 T.
917 3653 970 3677 Vll.

2336 3659 2352 3683 9

2524 1591 2532 1600 ⁸
2546 1590 2616 1612 Num.
2633 1596 2647 1611 1.

2525 2661 2533 2669 ⁸
2548 2659 2620 2681 Num.
2635 2665 2667 2681 iv.

2522 2965 2532 2975 ⁸
2548 2963 2618 2985 Num.
2634 2969 2667 2988 ιιι,
2684 2970 2714 2985 ιν.
