2768 4198
82 1334 94 1347 ³
106 1333 172 1356 Ven.
186 1340 207 1364 3.

81 1443 172 1466 ’Vei-u.
187 1450 212 1471 4.

81 1498 218 1548 aare·
246 1501 269 1520 ε’

82 1657 96 1671 Ψ
106 1657 173 1680 Vei-o.
187 1663 206 1687 5.

95 2143 145 2166 ·t;t.
160 2146 201 2166 m.
217 2149 237 2165 2.

87 2730 98 2741 ·
112 2727 179 2752 Vern-
193 2729 229 2752 28.

90 3005 99 3014 ⁸
114 3004 187 3032 Epist.
202 3003 271 3026 Lim.

993 255 1262 303 QUAESTIO
1293 255 1428 302 CLIV,
1457 255 1756 295 ARTICULUS
1787 255 1838 293 IV
2437 260 2510 294 225

376 340 427 371 Ad
441 343 580 375 sextum,
597 343 729 377 negatur
745 336 883 367 secunda
898 345 971 375 pars
986 335 1207 371 antecedentis,
1225 334 1389 375 loquendo
1416 336 1419 379 J
1445 334 1569 366 obiecto
1587 344 1643 374 per
1659 343 1707 365 se:
1733 342 1763 365 et
1779 345 1846 366 non
1861 344 1898 365 ex
1915 334 2157 365 circumstantiis
2177 334 2319 365 utilitatis
2336 343 2390 365 aut
2407 337 2513 366 damni

321 394 376 425 per
399 393 443 414 se.
467 382 632 420 Quoniam
655 390 730 412 cum
761 379 970 410 fornicatione
993 389 1059 409 non
1088 386 1148 409 stat
1172 389 1227 419 per
1250 389 1283 410 se
1314 379 1390 410 edu·
1416 381 1419 421 ξ
1445 378 1594 410 adiuncti.

321 429 402 459 catio
427 434 458 458 et
479 426 645 458 instructio
662 424 767 456 debita
789 423 1124 465 prolis.-Loquendo
1150 429 1257 454 autem
1281 423 1313 453 in
1337 433 1391 453 an-
1416 423 1418 464 ξ
1490 423 1540 454 Ad
1563 428 1709 454 octavum
1735 423 1849 454 dicitur
1871 423 1970 464 quod,
1996 429 2031 453 ut
2050 433 2143 463 saepe
2160 423 2279 454 dictum
2298 430 2328 454 et
2343 424 2514 463 probatum

321 473 480 504 recedente
500 481 556 512 per
578 470 732 504 accidens,
749 468 892 508 neganda
915 474 962 498 est
985 467 1223 507 consequentia.
1248 467 1332 504 Quia
1354 477 1391 498 ex
1416 466 1418 503 l
1446 474 1492 498 est
1503 467 1529 503 *,
1555 466 1720 498 fornicatio
1745 468 1860 499 directe
1884 474 1915 498 et
1938 477 1994 508 per
2017 477 2060 504 se,
2085 477 2122 498 ex
2136 475 2224 509 parte
2242 468 2357 508 operis,
2381 468 2515 498 intendit

321 517 368 548 his
392 526 475 557 quae
494 522 568 547 sunt
591 524 647 555 per
670 512 814 544 accidens
836 522 903 543 non
926 511 1064 542 variatur
1087 511 1299 542 substantialis
1322 521 1390 551 gra·
1417 508 1419 537 Ῐ
1446 512 1486 542 ad
1508 512 1631 543 malum
1654 512 1851 543 educationis
1875 519 1906 543 et
1928 512 2160 543 instructionis:
2186 512 2332 553 quamvis
2355 512 2456 552 possit
2472 512 2515 542 ef-

320 561 398 592 vitas
429 559 578 591 criminis.
673 573 679 582 -
1008 599 1015 606 ο
1417 562 1419 597 3
1446 555 1545 587 fectus
1569 556 1732 596 impediri;
1757 557 1846 597 quod
1869 566 1935 587 non
1958 556 2060 587 aufert
2082 557 2236 587 malitiam
2252 567 2343 587 suam
2367 556 2460 587 actui.

378 605 428 636 Ad
449 605 629 645 septimum,
654 607 787 641 negatur
810 606 1046 651 consequentia.
1079 599 1243 637 Quoniam
1268 600 1392 630 bonum
1418 614 1419 617 ¹
1502 600 1543 631 Et
1558 600 1631 630 ideo
1655 607 1721 631 tam
1736 601 1815 632 ratio
1832 611 1930 642 quam
1946 601 2110 632 conclusio
2126 601 2274 632 Auctoris
2295 608 2356 632 stat
2372 601 2482 631 solida.
2495 619 2515 624 -

322 660 398 691 quo,
422 655 580 690 quantum
603 647 637 678 in
661 656 694 677 se
718 652 773 682 est,
790 652 892 685 privat
908 644 1086 680 fornicatio,
1112 651 1158 675 est
1173 643 1277 674 maius
1293 653 1391 684 quam
1418 644 1419 687 ᾗ
1446 644 1487 675 Et
1510 651 1545 675 tu
1568 644 1642 675 hinc
1658 646 1737 675 bene
1754 653 1830 678 nota
1853 646 1943 686 quod
1959 652 2086 686 peccata
2102 646 2202 676 carnis
2219 645 2367 677 dicuntur
2382 646 2517 676 minoris

322 696 445 725 bonum
469 702 536 733 quo
560 691 662 732 privat
685 690 822 721 furtum:
854 695 976 730 quanto
1001 688 1148 719 educatio
1173 695 1204 719 et
1226 687 1391 719 instructio
1418 689 1419 727 l
1447 689 1560 728 culpae
1571 688 1598 725 *,
1623 699 1688 719 non
1712 697 1855 730 respectu
1876 696 2080 730 peccatorum
2097 690 2213 731 quibus
2229 690 2395 730 proximus
2419 689 2516 720 offen-

322 738 426 769 maior
440 744 487 768 est
502 735 708 768 exterioribus
723 734 827 770 bonis,
849 743 932 774 quae
948 733 1034 764 furto
1050 733 1222 764 subiacent.
1248 731 1391 763 Gravitas
1418 740 1419 768 ξ
1447 732 1531 764 ditur
1554 733 1585 764 in
1611 733 1702 764 bonis
1727 734 1943 771 exterioribus,
1968 735 2023 765 sed
2047 742 2190 776 respectu
2211 735 2423 775 spiritualium
2443 744 2516 775 pec-

322 782 407 813 enim
430 780 645 812 substantialis
668 786 883 820 peccatorum,
909 778 947 808 de
971 787 1035 818 qua
1054 777 1166 817 agitur,
1190 783 1341 817 pensatur
1355 786 1392 809 ex
1418 772 1420 813 ζ
1446 784 1601 809 catorum.

1109 912 1429 955 ARTICULUS
1464 913 1740 963 QUARTUS

662 1008 819 1041 UTRUM
844 1008 886 1038 IN
910 1005 1128 1037 TAcrissth
1151 1005 1210 1035 ET
1234 1004 1413 1036 oscutis
1437 1005 1681 1036 consisTAT
1706 1006 1945 1038 PECCATUM
1969 1008 2182 1040 MORTALE

747 1088 788 1113 De
811 1086 901 1116 Ver-it„
922 1093 967 1118 qu.
985 1092 1026 1116 xv,
1045 1089 1093 1109 art.
1111 1091 1142 1115 43
1163 1084 1206 1109 De
1224 1083 1308 1113 Malo,
1328 1091 1374 1116 qu.
1392 1091 1433 1113 xv,
1453 1089 1500 1109 art.
1521 1092 1544 1114 2,
1564 1085 1596 1109 ad
1620 1084 1663 1115 185
1682 1085 1726 1109 Ad
1745 1085 1851 1117 Ephes„
1872 1093 1927 1119 cap.
1947 1094 1971 1118 v,
1992 1087 2050 1112 lect.
2068 1095 2096 1113 ιι.

440 1196 467 1211 ἢ,
534 1172 747 1206 DQUARTuM
762 1171 815 1196 stc
835 1167 1076 1195 PROCEDiTUR.
1100 1155 1260 1192 Videtur
1287 1154 1394 1202 quod
1418 1156 1421 1212 l
1449 1155 1548 1193 dicta
1577 1156 1696 1193 homo
1726 1157 1768 1194 fit
1797 1169 1883 1194 reus
1913 1158 2089 1206 criminis,
2118 1159 2214 1196 idest
2243 1161 2386 1208 peccati
2417 1173 2519 1197 mor-

472 1212 503 1260 ’,ἢ
535 1218 574 1256 in
588 1215 748 1254 tactibus
763 1220 800 1250 et
814 1209 953 1249 osculis
972 1221 1051 1246 non
1067 1208 1246 1245 consistat
1260 1220 1393 1255 pecca·
1449 1208 1544 1247 talis.

341 1304 362 1320 Ι,
471 1256 618 1315 '‘fitum
634 1267 804 1305 mortale.
826 1263 1033 1313 Apostolus
1054 1261 1169 1307 enim,
1189 1262 1240 1298 ad
1257 1262 1392 1309 Ephes.
1420 1268 1421 1311 g
1502 1263 1730 1299 Responmzo
1757 1275 1942 1301 DICENDUM
1970 1265 2075 1313 quod
2104 1265 2245 1313 aliquid
2275 1266 2408 1303 dicitur
2438 1280 2518 1304 esse

378 1346 389 1360 ,ς
494 1321 604 1370 v*‚
621 1322 728 1360 dicit:
749 1316 968 1356 Fornicatio
987 1320 1114 1352 autem
1134 1320 1170 1351 et
1187 1314 1309 1351 omnis
1324 1314 1394 1350 im—
1420 1326 1421 1371 ᾖ
1447 1323 1650 1366 peccatum
1681 1318 1842 1353 mortale
1872 1317 2078 1366 dupliciter.
2108 1318 2195 1356 Uno
2226 1321 2356 1366 modo,
2387 1332 2520 1356 secun-

323 1381 519 1426 munditia‚
539 1384 608 1416 aut
623 1373 798 1419 avaritia,
820 1383 867 1408 ne
891 1369 1105 1407 nominetur
1123 1368 1160 1404 in
1180 1367 1306 1404 vobis.-
1325 1368 1394 1404 sic·
1420 1378 1422 1381 ’
1450 1369 1542 1407 dum
1563 1369 1732 1418 speciem
1753 1382 1875 1407 suam.
1906 1372 1954 1407 Et
1982 1372 2056 1408 hoc
2082 1372 2200 1409 modo
2231 1373 2418 1419 osculum,
2441 1386 2519 1410 am-

324 1444 365 1476 ut
381 1437 486 1475 decet
505 1437 664 1472 sanctos.
695 1425 832 1465 Subdit
850 1431 978 1460 autem
996 1421 1036 1458 *z
1061 1426 1129 1458 aut
1153 1420 1353 1469 turpitudO,
1369 1443 1393 1449 -
1449 1423 1582 1472 plexus
1611 1424 1672 1460 vel
1701 1431 1834 1469 tactus,
1856 1425 2068 1461 secundum
2091 1437 2201 1462 suam
2232 1426 2417 1463 rationem
2443 1439 2521 1463 non

323 1492 462 1530 Glossa
479 1488 520 1525 *z
558 1503 578 1521 ι
605 1490 646 1522 ut
679 1483 717 1519 in
753 1477 888 1517 osculis
921 1481 958 1513 et
992 1474 1229 1523 amplexibus
1252 1487 1294 1518 »‚·
1329 1480 1397 1511 aut
1421 1484 1422 1489 ¹
1450 1476 1650 1515 nominant
1678 1485 1878 1525 peccatum
1907 1481 2078 1515 mortale.
2110 1479 2274 1515 Possunt
2296 1479 2397 1516 enim
2426 1481 2522 1516 haec

321 1543 609 1593 stultiloquium,
640 1553 659 1571 ι
683 1541 723 1573 ut
749 1531 888 1592 blanda
908 1529 1101 1590 Faba-'1²'
1129 1533 1197 1588 aut
1226 1527 1395 1588 scurrili-
1420 1519 1422 1568 l
1449 1531 1595 1579 absque
1616 1530 1772 1568 libidine
1802 1531 1904 1568 fieri:
1935 1532 1995 1568 vel
2020 1539 2178 1580 propter
2207 1533 2521 1570 consuetudinem

322 1605 390 1646 tas,
414 1613 433 1631 «
455 1608 553 1646 quae
579 1606 604 1632 a
631 1589 748 1630 stultis
777 1584 970 1623 curialitas
998 1581 1146 1627 dicitur,
1174 1581 1264 1618 idest
1293 1593 1394 1618 iocu-
1421 1626 1422 1631 ¹
1449 1584 1604 1633 patriae,
1625 1586 1687 1621 vel
1707 1592 1864 1634 propter
1891 1585 2059 1634 aliquam
2081 1586 2343 1623 necessitatem
2374 1594 2438 1623 aut
2467 1599 2522 1623 ra-

322 1652 452 1690 laritas
470 1666 504 1687 ».
526 1650 666 1686 Postea
681 1650 810 1681 autem
826 1636 952 1676 subdit
966 1636 1007 1672 *ε
1027 1635 1118 1672 Hoc
1136 1635 1235 1672 enim
1254 1635 1393 1682 scitote,
1421 1660 1422 1693 3
1448 1637 1671 1675 tionabilem
1703 1651 1870 1676 causam.

322 1705 584 1755 intelligentes,
614 1697 715 1749 quod
742 1692 863 1732 omnis
880 1690 1102 1752 fornicator
1132 1694 1199 1726 aut
1216 1688 1395 1749 ‘immun—
1421 1734 1422 1737 Ἴ
1502 1692 1587 1729 Α1ἰο
1607 1692 1727 1729 modo
1757 1691 1892 1729 dicitur
1911 1692 2052 1740 aliquid
2083 1705 2166 1729 esse
2190 1700 2390 1741 peccatum
2421 1705 2522 1729 mor-

321 1760 392 1797 das
419 1763 487 1796 aut
512 1766 670 1798 avarus,
698 1748 799 1799 quod
825 1750 878 1783 est
906 1743 1290 1803 motorum-servans,
1318 1754 1393 1802 nort
1421 1766 1423 1798 3
1449 1746 1523 1783 tale
1561 1758 1606 1782 ex
1635 1758 1703 1782 sua
1742 1758 1877 1782 causa:
1908 1746 2002 1782 sicut
2036 1746 2097 1782 ille
2126 1746 2190 1794 qui
2221 1747 2284 1783 dat
2313 1747 2523 1794 eleemosy-

321 1813 435 1851 habet
458 1809 726 1848 haereditatem
755 1803 792 1838 in
822 1809 942 1859 regno
965 1797 1111 1856 'Christi
1140 1801 1177 1832 et
1206 1796 1300 1832 Dei:
1329 1796 1395 1832 ubi
1450 1811 1539 1836 nam
1567 1807 1609 1836 ut
1637 1799 1802 1848 aliquem
1833 1799 1987 1836 inducat
2015 1800 2063 1836 ad
2091 1799 2294 1846 haeresim,
2316 1799 2524 1836 mortaliter

322 1878 401 1904 non
430 1864 586 1914 replicat
606 1862 652 1899 de
681 1852 924 1905 turpitudine,
945 1857 1040 1887 sicut
1067 1861 1138 1886 nec
1164 1848 1210 1885 de
1240 1849 1396 1885 stultilo-
1422 1864 1423 1890 }
1450 1860 1583 1902 peccat
1618 1860 1774 1903 propter
1811 1852 2060 1889 intentionem
2097 1861 2326 1902 corruptam.
2366 1852 2521 1889 Dictum

323 1919 415 1969 quio
445 1925 510 1957 aut
538 1913 771 1954 scurrilitate.
801 1908 905 1954 Ergo
925 1904 994 1941 ista
1023 1915 1101 1940 non
1126 1909 1213 1939 sunt
1240 1910 1396 1950 peccata
1422 1918 1423 1932 ³
1452 1914 1507 1943 est
1535 1914 1663 1943 autem
1693 1918 1808 1956 supra
1827 1905 1847 1927 '¹‘
1875 1906 1981 1955 quod
2002 1918 2212 1943 consensus
2240 1906 2278 1943 in
2308 1906 2523 1943 delectatio-
2551 1920 2560 1928 ·
2594 1918 2606 1930 ιι

852 2014 858 2020 ι
946 2011 952 2018 ·
982 2010 989 2017 .
1451 1972 1540 1997 nem
1569 1960 1714 2009 peccati
1750 1959 1919 1997 mortalis
1958 1967 2013 1996 est
2040 1967 2241 2008 peccatum
2278 1959 2456 2006 mortale,
2489 1966 2524 1996 et

379 2038 414 2063 2.
436 2026 673 2067 PRAETEREA,
689 2016 889 2056 fornicatio
919 2012 1053 2070 dicitur
1082 2022 1166 2069 esse
1194 2016 1395 2058 peccatum
1451 2026 1530 2051 non
1568 2014 1692 2050 solum
1729 2025 1937 2050 consensus
1972 2012 2011 2049 in
2040 2020 2179 2049 actum.
2220 2013 2269 2049 Et
2297 2012 2404 2058 ideo,
2436 2024 2522 2049 cum

325 2079 487 2116 mortale
516 2089 562 2114 ex
581 2077 657 2113 hoc
685 2070 790 2122 quod
818 2079 887 2117 per
907 2077 993 2103 eam
1021 2062 1228 2112 impeditur
1247 2063 1395 2122 bonum
1451 2067 1649 2104 fornicatio
1680 2067 1725 2103 sit
1752 2074 1951 2116 peccatum
1980 2067 2156 2113 mortale,
2188 2074 2224 2102 et
2253 2067 2373 2103 multo
2402 2066 2523 2114 magis

323 2133 441 2184 prolis
460 2129 701 2181 generandae
722 2133 758 2162 et
778 2119 1001 2160 educandae
1019 2117 1050 2154 ⁸·
1083 2117 1160 2177 Sed
1180 2116 1229 2153 fid
1249 2116 1324 2152 hOC
1343 2128 1396 2153 ni—
1452 2121 1547 2158 aliae
1576 2120 1746 2158 luxuriae
1776 2119 1934 2169 species,
1957 2132 2195 2168 consequens
2216 2127 2271 2156 est
2299 2119 2405 2168 quod
2434 2131 2521 2155 con-

324 2185 376 2224 hil
414 2191 622 2236 operantur
660 2179 790 2218 oscula
829 2183 865 2212 et
900 2179 1040 2217 tactuS,
1070 2182 1151 2207 sive
1184 2170 1394 2219 amplexus.
1452 2187 1585 2212 sensus
1614 2175 1654 2211 in
1675 2173 1966 2211 delectationem
1987 2173 2069 2210 talis
2096 2172 2242 2222 peccati
2263 2172 2309 2209 sit
2323 2180 2522 2222 peccatum

325 2241 428 2288 Ergo
449 2239 488 2277 in
505 2237 564 2277 his
584 2247 663 2274 non
683 2228 863 2277 contingit
891 2238 973 2264 esse
1002 2231 1204 2275 peccatum
1223 2223 1395 2260 mortale.
1452 2228 1625 2274 mortale,
1651 2235 1688 2264 et
1717 2239 1795 2264 non
1825 2227 1951 2263 solum
1991 2238 2199 2263 consensus
2227 2225 2266 2262 in
2293 2233 2432 2262 actum.
2477 2226 2526 2262 Et

381 2295 415 2330 3.
438 2294 671 2335 PRAETEREA,
692 2287 754 2323 illa
777 2293 877 2332 quae
896 2286 984 2318 sunt
1011 2276 1224 2316 secundum
1245 2288 1286 2336 se
1310 2288 1398 2325 pec·
1423 2294 1425 2312 a
1452 2281 1552 2328 ideo,
1575 2293 1663 2317 cum
1684 2281 1815 2317 oscula
1836 2288 1872 2317 et
1892 2280 2089 2328 amplexus
2110 2287 2145 2316 et
2160 2277 2176 2309 β
2195 2278 2418 2316 huiusmodi
2438 2291 2526 2327 pro-

326 2353 409 2384 cata
437 2343 624 2390 mortalia,
650 2349 849 2388 nunquam
877 2338 1039 2392 possunt
1066 2331 1165 2367 bene
1193 2329 1289 2367 fieri.
1321 2330 1397 2367 Sed
1453 2342 1536 2384 pter
1564 2334 1854 2372 delectationem
1890 2332 2111 2370 huiusmodi
2144 2333 2254 2377 fiant,
2287 2344 2525 2380 consequens

325 2400 458 2437 oscula
486 2406 523 2435 et
558 2404 681 2434 tactus
711 2400 747 2430 et
773 2386 994 2429 huiusmOdl
1029 2390 1191 2434 POSSUUt
1223 2384 1397 2432 quando·
1424 2401 1425 2407 ¹
1454 2397 1509 2426 est
1538 2388 1643 2438 quod
1671 2387 1744 2425 sint
1771 2394 1929 2436 peccata
1949 2385 2133 2424 mortalia.
2164 2387 2213 2423 Et
2242 2385 2295 2422 sic
2323 2386 2448 2422 solum
2471 2385 2523 2422 di-

325 2465 400 2503 que
429 2452 512 2490 fieri
539 2451 687 2498 absque
714 2451 886 2497 peccato.
916 2442 1019 2488 Ergo
1048 2450 1127 2476 non
1148 2444 1235 2475 sunt
1263 2449 1398 2475 secun·
1425 2490 1426 2493 Ἰ
1454 2450 1590 2480 cuntur
1631 2441 1843 2479 libidinosa.
1886 2440 1999 2478 Unde
2038 2439 2281 2486 huiusmodi,
2312 2438 2525 2476 secundum

326 2507 419 2545 dum
449 2518 489 2544 se
518 2511 675 2554 peccata
701 2498 887 2538 mortalia.
1188 2544 1194 2550 ι
1228 2544 1234 2550 .
1268 2544 1274 2551 ·
1424 2503 1426 2525 i
1452 2496 1559 2546 quod
1586 2495 1787 2533 libidinosa
1816 2502 1915 2541 sunt,
1939 2502 2026 2531 sunt
2054 2501 2211 2542 peccata
2239 2492 2425 2529 mortalia.

381 2561 456 2597 SED
494 2569 661 2602 CONTRA,
696 2554 823 2591 minus
863 2557 918 2588 est
956 2553 1132 2597 aspectus
1173 2544 1398 2584 libidinosus
1424 2560 1426 2579 ε
1506 2552 1566 2586 An
1586 2561 1723 2586 patmum
1743 2560 1842 2585 ERGO
1866 2559 2050 2584 mCENDUM
2075 2547 2181 2596 quod
2201 2546 2408 2594 Apostolus
2436 2545 2524 2582 ideo

326 2625 444 2664 quam
465 2619 598 2658 tactuS,
615 2609 813 2657 amplexus
831 2605 895 2642 vel
914 2604 1101 2642 osculum.
1124 2604 1201 2640 Sed
1221 2608 1398 2652 aspectus
1424 2600 1426 2652 l
1454 2616 1533 2640 non
1562 2602 1720 2640 resumit
1738 2602 1800 2639 illa
1819 2601 1900 2648 tria,
1927 2601 2016 2650 quia
2036 2612 2114 2637 non
2142 2600 2285 2636 habent
2304 2598 2489 2635 rationem
2509 2603 2524 2625 Υ

326 2667 550 2704 libidinosus
571 2671 628 2701 est
645 2668 846 2712 peceatum
868 2658 1046 2695 mortale:
1075 2657 1288 2695 secundum
1307 2653 1398 2691 illud
1424 2653 1426 2692 l
1453 2657 1598 2707 peccati
1629 2656 1698 2693 nisi
1728 2655 1941 2692 secundum
1970 2653 2076 2703 quod
2106 2653 2327 2690 ordinantur
2348 2653 2395 2688 ad
2414 2663 2524 2700 prae-

327 2721 462 2758 Matth.
483 2731 508 2756 v
526 2718 565 2755 *ε
600 2717 675 2760 Qui
691 2714 827 2753 viderit
843 2711 1040 2750 mulierem
1068 2711 1120 2748 ad
1137 2710 1399 2759 concupiscen-
1454 2710 1638 2748 cedentia.

323 1972 511 2011 mortalia.

2543 475 2551 483 ⁸
2568 474 2618 494 Art.
2638 479 2662 500 2,
2683 474 2755 495 Com-

2543 503 2612 521 ment,

2545 695 2553 704 ⁸
2576 693 2612 715 Cf.
2637 699 2683 721 arg.
2708 693 2756 715 Sed

2543 722 2604 741 cont.

326 2775 417 2812 dum
445 2785 543 2818 eam,
564 2772 641 2809 iam
670 2769 886 2807 moechatus
915 2770 970 2802 est
994 2778 1080 2803 eam
1109 2765 1147 2801 in
1176 2764 1289 2800 corde
1316 2774 1397 2799 sua.
1425 2768 1426 2784 ³
1506 2765 1566 2801 AD
1595 2774 1787 2800 SECUNDUM
1817 2773 2002 2798 DiCENDuM
2030 2759 2135 2808 quod
2169 2759 2299 2795 oscula
2327 2765 2364 2794 et
2391 2765 2522 2804 tactus,
2559 2770 2564 2775 ·

327 2829 430 2876 Ergo
459 2827 580 2863 multo
609 2823 730 2872 magis
758 2821 935 2858 osculum
964 2819 1233 2865 libidinosum,
1262 2824 1300 2853 et
1328 2818 1399 2854 alia
1425 2845 1427 2867 3
1454 2817 1630 2866 quamvis
1650 2816 1862 2853 secundum
1882 2827 1923 2851 se
1943 2826 2022 2850 non
2042 2812 2253 2862 impediant
2268 2813 2415 2848 bonum
2436 2823 2523 2859 pro-

327 2879 561 2926 huiusmodi,
582 2884 670 2915 sunt
696 2882 854 2926 peccata
882 2873 1067 2910 mortalia.
1453 2871 1497 2907 lis
1525 2871 1731 2916 humanae,
1762 2868 1976 2918 procedunt
2003 2875 2133 2904 tamen
2163 2878 2207 2902 ex
2237 2864 2403 2910 libidine,
2426 2876 2522 2912 quae

384 2946 419 2972 2.
448 2935 692 2977 PRAETEREA,
725 2928 962 2978 Cyprianus,
992 2927 1043 2964 ad
1075 2924 1326 2974 Pomponium
1354 2925 1400 2962 de
1425 2934 1427 2969 ξ
1455 2931 1510 2961 est
1538 2923 1643 2960 radix
1671 2922 1784 2960 huius
1813 2919 2085 2970 impedimenti.
2125 2920 2174 2956 Et
2203 2931 2247 2955 ex
2275 2919 2350 2954 hoc
2383 2918 2525 2954 habent

335 2988 559 3038 Virginitate
571 2986 603 3034 ³⁸,
625 2984 731 3023 dicit:
757 2983 866 3020 Certe
885 2982 962 3030 ipse
979 2979 1207 3024 concubitus,
1224 2978 1300 3026 ipse
1318 2989 1400 3015 am·
1426 2971 1427 2984 ³
1454 2977 1642 3015 rationem
1671 2975 1816 3026 peccati
1845 2974 2026 3011 mortalis.

323 3042 478 3090 plexus,
508 3041 588 3089 ipsa
621 3035 877 3086 confabulatio
907 3041 943 3072 et
975 3032 1173 3078 osculatio,
1204 3036 1241 3067 et
1272 3032 1400 3068 conia·
1425 3055 1428 3084 l
1507 3033 1567 3068 AD
1595 3042 1756 3067 TERTiUM
1779 3040 1965 3066 DICENDUM
1987 3027 2093 3075 quod
2119 3026 2211 3063 ratio
2237 3025 2298 3061 illa
2334 3023 2524 3060 concludit

329 3095 491 3132 centium
510 3094 673 3130 duorum
694 3090 811 3139 turpis
831 3094 867 3126 et
871 3089 994 3137 foeda
1014 3086 1200 3131 dormitio,
1217 3091 1399 3134 quantum
1426 3090 1428 3132 l
1455 3085 1560 3133 quod
1575 3082 1797 3120 huiusmodi
1817 3094 1896 3118 non
1911 3089 1997 3118 sunt
2012 3087 2168 3129 peccata
2184 3078 2397 3115 secundum
2413 3089 2522 3113 suam

330 3148 520 3185 dedecoris
540 3153 577 3184 et
595 3145 763 3183 criminis
778 3149 796 3165 α
819 3140 1060 3192 confitentur!
1083 3141 1185 3187 Ergo
1207 3151 1276 3188 per
1289 3150 1401 3187 prae—
1426 3135 1428 3176 Ξ
1455 3137 1635 3187 speciem.

386 3262 412 3328 Ξ)
431 3260 644 3320 affinga-gli?
662 3259 732 3286 addit
751 3258 822 3288 PsC;
842 3265 889 3290 pro
908 3256 1076 3290 confitentur,
1096 3254 1240 3287 confitetur
1259 3253 1299 3277 ed.
1318 3259 1344 3277 a.
1425 3256 1428 3318 1
1507 3251 1534 3285 γ)
1554 3250 1695 3275 rationem.
1707 3263 1727 3269 -
1745 3256 1839 3274 nomen
1859 3249 1898 3273 Pa
1917 3253 1942 3273 et
1961 3247 2073 3272 codices.

402 3298 411 3328 )
431 3298 497 3321 et.-
541 3303 577 3320 m.
640 3302 666 3320 a.

1007 3370 1344 3404 Commentariis
1366 3366 1622 3400 Cardinalis
1647 3364 1848 3397 Caietam·

364 3469 384 3488 N
401 3456 533 3488 articulo
547 3461 661 3496 quarto
675 3454 818 3484 eiusdem
832 3449 1397 3493 centesimaequinquagesimaequar-
1424 3451 1426 3487 l
1452 3458 1579 3491 peccata
1596 3447 1752 3479 mortalia.
1768 3465 1790 3470 -
1804 3445 1949 3477 Alterum
1966 3444 2004 3474 de
2021 3442 2150 3473 veritate
2165 3440 2253 3472 dubii
2272 3439 2385 3470 huius:
2411 3448 2451 3468 an
2468 3436 2524 3467 sci-

337 3471 413 3533 Itae
430 3499 633 3542 quaestionis,
647 3498 743 3528 dubia
758 3498 825 3528 duo
841 3496 1024 3528 difficillima
1040 3501 1221 3526 occurrunt·
1242 3493 1396 3528 Alterum,
1425 3524 1427 3546 l
1452 3496 1523 3526 licet
1548 3494 1695 3525 osculum
1719 3493 1762 3523 sic
1778 3490 1986 3522 libidinosum
2011 3497 2104 3518 causa
2128 3484 2344 3517 delectationis
2370 3481 2524 3513 sensibilis

334 3548 372 3578 de
395 3545 571 3576 intentione
594 3542 758 3574 Auctoris:
783 3541 862 3582 quid
885 3541 1002 3572 scilicet
1025 3539 1178 3579 intelligat
1196 3541 1318 3569 AuctOr
1341 3546 1398 3566 11⁰-
1454 3539 1584 3582 quaein
1602 3537 1713 3569 osculo
1731 3535 1873 3571 sentitur,
1887 3533 2027 3565 sistendo
2040 3531 2094 3568 ibi,
2115 3531 2154 3562 sit
2170 3536 2337 3571 peccatum
2352 3526 2486 3557 mortale
2495 3525 2523 3554 *-

334 3592 419 3622 mine
443 3588 554 3623 osculi,
578 3594 689 3623 tactus,
714 3586 888 3626 amplexus,
913 3591 982 3621 etc.,
1007 3582 1175 3621 libidinosi,
1200 3582 1295 3623 positi
1319 3581 1400 3611 inter
1511 3585 1567 3615 Est
1590 3590 1696 3614 autem
1720 3580 1814 3622 primi
1838 3578 1955 3610 dubii*
1978 3577 2057 3608 ratio
2082 3576 2157 3617 quia
2181 3574 2338 3609 osculum,
2359 3570 2523 3610 amplexus

478 3660 587 3683 Surium:
606 3657 708 3680 Timor..
728 3655 760 3679 Ι).
773 3654 888 3678 Tnomm
907 3652 941 3677 T.
958 3651 1012 3677 Vll.
2348 3641 2380 3666 29

2552 3528 2560 3536 ⁸
2571 3526 2607 3548 Cf.
2622 3531 2686 3547 num.
2697 3532 2746 3547 vni.

2552 3572 2560 3580 ⁸
2575 3570 2609 3592 Cf.
2626 3576 2688 3591 num.
2705 3575 2741 3590 vii.
