2768 4198
0 583 3 589 κ
79 572 89 582 ·
108 570 143 593 Cf.
163 577 227 593 num.
247 577 290 595 vn:

0 598 3 621 ζ
78 597 222 647 r'Cifiitiumtss
241 629 290 645 vm.

980 269 1248 316 QUAESTlo
1279 269 1417 315 cmv,

316 361 389 383 rum
412 350 599 382 animalium
622 348 662 392 (si
685 359 797 380 verum
821 346 1022 390 assumitur),
1048 347 1162 379 dicitur
1184 347 1274 388 quod
1306 347 1386 378 ratio

316 395 473 427 varietatis
495 394 528 425 iu
545 400 698 435 promptu
723 400 786 424 est:
811 393 887 434 quia
904 392 1040 423 feminae
1057 392 1135 422 aliae
1159 391 1316 422 seminant
1335 402 1385 422 so-

316 441 386 471 lum
417 440 517 476 intus,
542 445 573 469 et
595 444 763 479 propterea
787 447 824 468 ex
847 443 994 468 contactu
1019 447 1085 467 non
1109 436 1259 467 emittunt
1291 443 1385 467 extra.
1412 443 1414 481 ξ

317 484 433 516 Mulier
460 489 586 519 autern,
609 482 686 523 quia
709 481 844 512 seminat
876 491 979 522 usque
1002 481 1043 511 ad
1074 481 1318 512 redundantiam
1347 482 1387 511 ad
1412 485 1414 493 ¹

317 535 417 565 extra,
441 528 484 559 ita
508 537 545 558 ex
567 533 715 557 contactu
740 525 855 556 emittit
878 526 974 556 etiam
998 525 1079 557 sicut
1103 532 1196 556 extra.
1412 531 1414 568 ξ

372 572 456 603 XIII.
480 571 553 602 Divi
569 578 681 602 autem
693 570 841 601 Thomae
865 570 983 610 positio
998 570 1016 589 *
1039 580 1057 600 a
1076 569 1209 606 Galeno,
1226 569 1388 600 Avicenna
1413 577 1414 580 ’

318 623 349 647 et
371 616 504 647 Alberto
519 616 537 636 *
559 615 705 646 dissentit
719 615 752 645 in
771 615 834 645 hoc
853 615 942 655 quod
966 615 1052 655 apud
1075 614 1193 654 ipsum,
1210 623 1319 644 semen
1342 613 1386 644 fe·
1413 639 1415 651 ,

318 660 423 692 minae
446 669 513 690 non
537 666 584 690 est
607 659 728 700 aliquid
752 659 941 700 requisitum
963 659 996 689 in
1019 658 1136 689 femina
1157 659 1196 688 ad
1213 657 1388 698 generatio-

318 714 392 736 nem
423 703 610 735 humanam.
644 704 685 734 Et
707 704 739 734 in
768 703 830 734 hoc
855 703 1004 734 convenit
1033 713 1108 734 cum
1135 702 1314 733 Aristotele.
1347 702 1389 732 Et

317 755 485 790 propterea
509 748 588 779 ratio
611 748 799 785 Aristotelis,
824 754 855 779 et
877 748 961 778 illius
984 747 1109 784 indicia,
1126 757 1192 778 non
1217 754 1291 778 sunt
1314 756 1388 777 con-

317 800 366 825 tra
389 793 500 824 divum
515 793 690 829 Thomam,
708 793 763 823 sed
786 802 845 833 pro
868 792 950 833 ipso.
977 792 1087 823 Unum
1105 798 1211 822 tamen
1231 791 1389 831 singulare

319 837 394 869 dicit
417 837 510 868 divus
532 837 695 874 Thomas,
721 837 838 868 scilicet
868 837 957 877 quod
982 846 1090 867 semen
1119 835 1261 866 mulieris
1288 842 1334 866 est
1355 835 1388 865 in

317 891 431 922 genere
459 881 604 918 seminis,
629 889 665 913 ut
687 881 911 922 imperfectum
939 888 1056 912 tamen.
1087 881 1132 911 Ita
1155 880 1254 921 quod,
1279 889 1388 910 secun-

318 926 399 957 dum
422 926 504 957 hanc
519 926 614 963 viam,
632 935 742 956 semen
766 926 908 957 mulieris
925 932 971 956 est
986 925 1067 960 sicut
1083 935 1192 955 semen
1210 924 1269 955 viri
1284 924 1389 964 impo—

318 970 413 1002 tentis
436 980 595 1011 generare,
613 981 650 1001 ex
666 970 790 1001 defectu
815 978 946 1002 naturae
961 979 1028 1000 non
1047 968 1231 1000 sufficientis
1254 968 1390 1009 perfecte

319 1015 497 1056 decoquere
510 1015 698 1055 sanguinem
714 1015 758 1046 ita
774 1021 810 1045 ut
821 1015 974 1055 perducat
984 1014 1092 1054 ipsum
1107 1013 1147 1043 ad
1162 1013 1390 1054 perfectionem

319 1059 460 1090 seminis.
483 1062 531 1090 Ac
554 1069 611 1100 per
632 1059 705 1095 hoc,
722 1059 803 1090 sicut
826 1069 935 1090 semen
958 1058 1014 1088 viri
1031 1058 1075 1088 sic
1089 1057 1265 1097 imperfecti
1285 1063 1391 1097 potest

320 1103 489 1144 dupliciter
513 1103 719 1140 considerari;
744 1103 871 1140 scilicet,
895 1109 1053 1144 quantum
1077 1108 1123 1132 est
1146 1112 1183 1132 ex
1206 1107 1318 1131 natura
1341 1101 1390 1131 sui

319 1148 442 1189 generis
466 1156 497 1179 et
520 1148 645 1188 speciei,
662 1155 693 1178 et
716 1148 760 1178 sic
776 1157 832 1188 per
855 1157 888 1178 se
912 1146 1076 1177 ordinatur
1097 1145 1137 1176 ad
1153 1145 1390 1186 generationem

320 1193 497 1224 humanam
520 1200 556 1223 ut
578 1202 686 1223 semen
716 1192 910 1227 humanum;
941 1191 1004 1221 alio
1028 1190 1143 1226 modo,
1168 1196 1204 1220 ut
1227 1196 1273 1220 est
1300 1189 1391 1220 istius

321 1237 365 1268 sic
389 1236 583 1278 imperfecti,
608 1244 638 1268 et
661 1236 705 1267 sic
728 1246 784 1277 per
815 1236 959 1267 accidens
989 1245 1055 1265 non
1087 1234 1251 1265 ordinatur
1277 1233 1316 1263 ad
1339 1243 1390 1273 ge-

321 1282 521 1314 nerationem
532 1282 723 1317 humanam,
739 1280 815 1321 quia
838 1289 904 1310 non
928 1285 975 1310 est
993 1286 1106 1319 aptum
1121 1277 1317 1318 generationi
1331 1277 1391 1308 hu-

276 1329 283 1332 ·
321 1335 450 1356 manae:
475 1325 518 1356 ita
547 1334 657 1356 semen
687 1325 823 1355 feminae
855 1330 960 1365 potest
991 1322 1160 1363 dupliciter
1190 1322 1390 1353 considerari.
1417 1337 1419 1344 ι

85 2127 97 2140 ⁸
111 2127 167 2156 Cep.
182 2133 220 2149 xx.

86 2259 98 2271 ³
111 2257 182 2281 Nun.
196 2264 220 2286 v,
234 2257 273 2279 fin.

321 1370 456 1406 Scilicet,
473 1376 633 1411 quantum
655 1376 702 1400 est
721 1379 758 1400 ex
783 1375 895 1400 natura
917 1367 967 1398 sui
990 1367 1112 1407 generis
1132 1373 1163 1398 et
1177 1376 1253 1397 suae
1277 1366 1393 1407 speciei

321 1415 497 1446 humanae:
522 1421 553 1444 et
575 1414 619 1444 sic
642 1423 699 1453 per
721 1423 754 1444 se
778 1412 944 1443 ordinatur
966 1413 1006 1442 ad
1022 1411 1261 1452 generationem
1280 1411 1393 1441 huma-

322 1469 398 1490 nam
422 1465 459 1490 ut
487 1466 616 1494 semen;
647 1465 678 1488 et
707 1457 780 1488 ideo
813 1463 926 1488 natura
949 1456 1100 1497 apposuit
1123 1456 1156 1486 in
1179 1455 1265 1486 illius
1298 1455 1391 1486 emis-

318 1498 413 1535 'sione
431 1503 527 1534 talem
551 1512 587 1533 ac
603 1508 723 1532 tantam
748 1501 1002 1532 delectationem.
1026 1501 1101 1531 Alio
1123 1500 1234 1536 modo,
1258 1500 1393 1541 inquan-

321 1554 394 1579 tum
417 1553 465 1578 est
478 1546 511 1578 in
533 1546 648 1577 talibus
670 1545 854 1582 individuis,
870 1545 988 1576 scilicet
1010 1545 1044 1575 in
1066 1544 1254 1575 mulieribus
1268 1544 1393 1575 virtutis

322 1591 509 1633 impotentis
531 1591 711 1631 decoquere
726 1597 757 1621 et
773 1590 813 1620 ad
836 1589 1065 1631 perfectionem
1088 1589 1218 1620 seminis
1241 1588 1321 1620 illud
1344 1589 1396 1619 de-

323 1636 454 1668 ducere:
478 1641 510 1666 et
533 1634 577 1666 sic
599 1644 656 1675 per
679 1634 839 1671 accidens,
864 1634 986 1666 ratione
1005 1634 1124 1664 scilicet
1146 1633 1259 1664 talium
1281 1633 1395 1664 indivi-

323 1680 482 1716 duorum,
507 1689 572 1710 non
598 1678 763 1710 ordinatur
790 1679 830 1710 ad
856 1678 1094 1719 generationem
1118 1677 1311 1714 humanam,
1337 1688 1395 1709 nec

322 1730 360 1756 ut
383 1733 491 1755 semen
524 1733 582 1754 nec
607 1730 642 1754 ut
663 1723 812 1760 materia3
845 1733 911 1754 non
935 1729 972 1754 ut
994 1733 1120 1758 semen,
1148 1722 1224 1763 quia
1249 1721 1353 1753 deficit
1377 1732 1395 1753 a

322 1768 518 1810 perfectione
541 1767 688 1805 seminis;
720 1778 786 1799 non
809 1775 846 1798 ut
879 1767 1024 1804 materia,
1048 1767 1124 1808 quia
1158 1774 1264 1798 totum
1295 1776 1396 1807 genus

318 1813 444 1856 ‚agentss
466 1812 614 1853 ineptum
637 1819 684 1844 est
706 1819 742 1843 ut
765 1811 805 1843 sit
826 1812 957 1843 materia
981 1822 1018 1843 ex
1040 1822 1114 1852 qua.

328 1877 330 1879 v
379 1857 422 1888 Et
444 1857 521 1888 haec
536 1856 654 1897 positio
671 1856 753 1887 forte
769 1856 921 1887 coincidit
935 1866 1010 1887 cum
1029 1855 1190 1896 positione
1206 1855 1395 1891 Aristotelis,

323 1901 351 1932 si
373 1901 589 1942 intelligamus
612 1901 816 1932 Aristotelem
833 1900 1001 1931 exclusisse
1024 1910 1132 1931 semen
1157 1899 1298 1930 mulieris
1315 1910 1333 1929 a
1348 1909 1396 1930 se-

325 1945 412 1977 mine
434 1945 612 1976 secundum
636 1945 864 1984 perfectionem
888 1944 938 1975 sui
961 1944 1101 1985 generis;
1127 1951 1158 1974 et
1180 1944 1293 1974 dixisse
1316 1943 1397 1974 illud

326 1999 393 2022 esse
417 1995 655 2020 excrementum
671 1989 763 2026 uteri,
779 1989 855 2030 quia
871 1988 1020 2020 convenit
1034 1988 1221 2019 mulieribus
1241 1998 1306 2019 non
1323 1998 1396 2029 pro-

325 2042 395 2075 pter
417 2033 673 2074 generationem,
698 2034 753 2064 sed
776 2034 960 2065 necessitate
991 2033 1158 2069 materiae;
1190 2032 1308 2064 scilicet
1331 2043 1397 2063 non

325 2084 456 2119 propter
479 2077 578 2108 finem
601 2087 656 2118 per
676 2078 844 2109 mulierem
863 2088 919 2118 per
937 2078 998 2108 tale
1022 2087 1130 2108 semen
1151 2077 1396 2118 assequendum,
1423 2086 1424 2100 ³

327 2123 382 2154 sed
405 2121 482 2163 quia
505 2128 553 2153 est
575 2132 648 2163 pars
673 2122 800 2164 speciei.
824 2122 899 2153 Non
923 2122 1009 2152 enim
1031 2122 1131 2153 tacuit
1153 2121 1272 2152 ibidem
1288 2122 1307 2141 '⁸‘
1328 2122 1398 2152 Ari-
1423 2127 1425 2160 ξ

326 2166 456 2199 stoteles
471 2166 659 2197 huiusmodi
674 2167 898 2208 impotentiam
917 2166 1059 2197 mulieris
1075 2167 1114 2196 ad
1130 2166 1362 2197 decoctionem.
1376 2183 1398 2190 -
1423 2162 1425 2187 ἴ

327 2211 416 2243 Haec
440 2211 478 2242 de
502 2211 620 2251 primo.

383 2255 466 2287 XIV.
484 2255 603 2293 Quoad
619 2255 797 2285 secundum
810 2255 838 2291 ⁸⁸¹,
863 2254 957 2285 multi
981 2260 1154 2285 occurrunt
1169 2254 1257 2285 modi
1274 2254 1398 2285 dicendi

327 2309 425 2342 quare
448 2299 481 2330 in
505 2299 694 2330 mulieribus
725 2298 893 2330 seminatio
922 2298 1103 2329 voluntaria
1133 2305 1218 2329 extra
1249 2299 1399 2330 concubi·
1424 2299 1426 2308 ’

327 2351 399 2376 tum
426 2343 603 2375 naturalem
634 2350 682 2374 est
710 2350 876 2384 peccatum
906 2343 1058 2380 mortale,
1087 2343 1153 2374 sive
1183 2342 1223 2374 sit
1253 2343 1399 2374 mollitiei

327 2388 393 2420 sive
417 2388 583 2419 sodomiae
598 2387 722 2419 vitium.
746 2389 877 2419 Primus
892 2394 948 2424 est,
965 2387 1086 2418 ratione
1110 2387 1327 2419 delectationis
1346 2397 1400 2418 ve-

328 2442 451 2464 nereae.
485 2432 651 2470 Quoniam
674 2433 852 2463 secundum
875 2432 1032 2463 rationem
1059 2438 1192 2470 rectam,
1217 2442 1283 2463 non
1307 2433 1401 2463 debet

329 2484 413 2509 utra
436 2477 645 2508 concubitum
668 2477 845 2508 naturalem
864 2477 1038 2517 procurari.

385 2521 447 2552 Sed
469 2521 544 2551 huic
567 2521 682 2551 rationi
705 2522 810 2552 obstat
832 2522 923 2562 quod
953 2520 1119 2552 delectatio
1146 2520 1179 2551 in
1205 2521 1347 2552 bonitate
1370 2527 1401 2552 et

295 2588 300 2592 .
329 2564 448 2596 malitia
473 2565 587 2596 morali
609 2565 753 2606 sequitur
775 2565 995 2605 operationem
1010 2565 1037 2596 *.
1062 2565 1103 2596 Et
1122 2565 1196 2595 ideo
1220 2572 1356 2606 oportet,
1374 2566 1400 2596 si

330 2609 496 2640 delectatio
521 2609 560 2640 sit
583 2609 666 2639 mala
689 2609 860 2646 moraliter,
876 2610 966 2650 quod
981 2609 1149 2640 seminatio
1165 2609 1218 2639 illa
1242 2610 1282 2640 sit
1301 2610 1399 2640 mala:

329 2653 502 2685 ridiculum
524 2660 572 2684 est
594 2653 680 2683 enim
711 2654 812 2684 dicere
843 2654 932 2694 quod
964 2654 1130 2685 delectatio
1159 2654 1336 2685 secundum
1367 2665 1400 2685 se

331 2705 378 2729 est
400 2697 494 2728 mala.
519 2697 560 2729 Et
582 2704 751 2739 propterea
774 2704 902 2739 oportet
917 2698 957 2728 ad
973 2698 1149 2729 bonitatem
1172 2698 1222 2728 vel
1246 2698 1400 2729 malitiam

330 2742 549 2774 seminationis
571 2740 728 2773 devenire.
760 2742 881 2780 Quare,
907 2742 932 2772 si
955 2742 1123 2773 seminatio
1148 2742 1311 2773 muliebris
1334 2753 1401 2774 non

331 2793 377 2818 est
400 2786 460 2817 nisi
483 2786 709 2827 superfluitatis
733 2786 871 2823 emissio,
897 2796 962 2817 non
986 2794 1032 2817 est
1055 2786 1155 2826 magis
1177 2787 1258 2817 ratio
1282 2788 1401 2828 peccati

329 2831 363 2862 in
382 2830 607 2872 procuratione
623 2831 718 2862 huius
742 2831 960 2862 seminationis
977 2838 1008 2862 et
1023 2830 1230 2861 delectatione
1247 2831 1399 2868 eiusdem,

331 2885 430 2916 quam
453 2875 479 2905 si
503 2875 575 2916 quis
590 2882 738 2916 procuret
762 2885 886 2915 egerere
905 2882 960 2906 aut
983 2875 1095 2906 sudare
1120 2881 1151 2906 et
1173 2875 1346 2907 delectetur
1368 2876 1401 2907 in

331 2919 529 2951 huiusmodi.

386 2964 455 2995 XV.
480 2963 647 2995 Secundus
671 2963 794 2994 dicendi
814 2963 932 2994 modus
955 2970 1002 2994 est
1025 2963 1124 3004 quod,
1144 2962 1217 2994 licet
1239 2963 1402 2995 muliebris

332 3007 500 3039 seminatio
524 3008 701 3039 secundum
725 3018 758 3038 se
782 3018 848 3038 non
872 3008 911 3038 sit
934 3007 994 3038 nisi
1014 3006 1238 3048 superfluitatis
1262 3007 1401 3046 emissio,

331 3052 407 3094 quia
430 3059 537 3083 tamen
561 3062 723 3083 connexus
747 3059 793 3083 est
816 3052 874 3082 sibi
898 3062 1071 3083 concursus
1094 3051 1240 3082 humoris
1267 3052 1323 3093 qui
1345 3063 1402 3094 per

333 3103 532 3128 menstruum
556 3103 709 3138 purgatur
732 3097 771 3127 ad
794 3096 968 3133 matricem,
993 3096 1049 3137 qui
1072 3096 1190 3126 humor
1218 3103 1264 3127 est
1286 3096 1402 3137 princi-

332 3140 424 3181 pium
447 3141 606 3172 materiale
629 3141 855 3182 generationis;
880 3141 952 3172 ideo
983 3141 1077 3171 habet
1100 3140 1255 3171 rationem
1283 3141 1403 3181 peccati

334 3184 487 3221 mortalia
502 3192 633 3226 propter
649 3186 786 3216 abusum
802 3185 919 3216 scilicet
935 3185 1080 3226 principii
1096 3184 1308 3224 generationis
1324 3195 1402 3216 con-

335 3228 551 3260 comitantem.

390 3272 452 3303 Sed
474 3272 548 3304 huic
570 3273 686 3304 rationi
710 3274 814 3305 obstat
837 3273 911 3314 quia
935 3274 1112 3304 secundum
1140 3273 1222 3304 hanc
1245 3273 1402 3304 rationem

334 3316 502 3347 seminatio
525 3316 594 3357 ipsa
616 3327 682 3348 non
705 3324 752 3349 est
774 3318 835 3348 nisi
858 3328 914 3358 per
937 3318 1090 3354 accidens,
1114 3318 1176 3348 hoc
1204 3323 1250 3348 est
1272 3324 1403 3358 propter

334 3361 420 3391 aliud
445 3360 640 3397 adiunctum,
664 3362 787 3392 malum
810 3362 979 3393 moraliter.
1004 3365 1051 3393 Ac
1074 3372 1130 3403 per
1152 3362 1223 3398 hoc,
1240 3371 1315 3392 cum
1329 3369 1402 3393 ante

335 3411 366 3436 et
390 3411 463 3445 post
478 3411 613 3436 aetatem
627 3405 827 3437 fecunditatis
843 3406 1010 3438 seminatio
1026 3406 1168 3437 mulieris
1189 3406 1229 3437 sit
1251 3406 1400 3437 naturali-

335 3455 381 3480 ter
397 3455 539 3489 separata
555 3456 585 3479 et
596 3459 663 3479 non
680 3459 821 3481 connexa
837 3451 1004 3482 concursui
1019 3451 1165 3481 humoris
1184 3451 1240 3491 qui
1256 3457 1302 3481 est
1316 3451 1400 3491 prin-

336 3493 457 3533 cipium
475 3493 696 3533 generationis,
712 3501 895 3534 sequeretur
910 3496 999 3536 quod
1015 3495 1086 3526 talis
1103 3495 1270 3526 seminatio
1287 3504 1400 3535 procu-

336 3544 401 3568 rata
425 3544 508 3568 extra
524 3544 658 3568 aetatem
674 3536 883 3575 fecunditatis,
900 3549 965 3570 non
980 3546 1061 3570 esset
1077 3546 1243 3579 peccatum
1258 3540 1401 3570 mortale.

391 3581 475 3612 XVI.
504 3582 631 3612 Tertius
653 3581 776 3612 dicendi
800 3582 917 3613 modus
940 3590 986 3614 est
1008 3584 1114 3624 quod,
1139 3584 1211 3615 licet
1234 3583 1400 3615 seminatio

337 3625 499 3656 muliebris
523 3636 589 3656 non
613 3625 652 3656 sit
675 3625 852 3656 secundum
875 3636 908 3656 se
931 3627 991 3657 nisi
1014 3627 1238 3668 superfluitatis
1262 3628 1400 3663 emissio,

1447 268 1745 306 ARTICULUS
1775 267 1845 304 XII

1440 347 1516 387 quia
1539 354 1646 378 tamen
1670 346 1805 378 naturali
1829 346 1939 377 ordine
1962 356 2019 387 per
2043 356 2075 376 se
2099 346 2138 376 ad
2162 345 2355 386 principium
2381 355 2509 385 genera-

1440 391 1536 422 tionis
1561 391 1742 428 ordinatur,
1767 391 1885 422 scilicet
1915 391 1954 421 ad
1985 390 2193 421 concubitum
2221 390 2414 426 naturalem,
2438 390 2510 420 ideo

1441 442 1607 476 peccatum
1638 435 1772 466 mortale
1803 443 1849 467 est
1873 435 1959 466 abuti
1982 435 2051 475 ipsa
2080 434 2307 465 seminatione:
2332 434 2412 464 sicut
2439 444 2510 475 pec—

1442 487 1549 511 catum
1568 480 1702 511 mortale
1717 486 1764 511 est
1779 479 1867 510 abuti
1890 479 2073 516 concubitu,
2090 487 2167 521 puta
2191 479 2338 510 coeundo
2360 488 2434 509 cum
2451 485 2511 509 sta-

1441 531 1506 555 tua.
1522 525 1580 555 Est
1594 524 1679 555 enim
1695 524 1885 555 concubitus
1901 524 2054 555 naturalis
2070 523 2282 564 generationis
2298 522 2491 563 principium
2504 531 2510 552 ε

1442 569 1523 599 sicut
1547 569 1650 599 debita
1674 569 1858 599 coniunctio
1881 569 1973 599 activi
1998 575 2028 599 et
2050 568 2166 609 passivi
2186 575 2232 599 est
2254 567 2336 598 inter
2359 567 2512 608 principia

1443 613 1636 653 operationis
1660 623 1742 654 quae
1766 613 1804 643 ab
1828 613 1889 644 illis
1913 613 1975 644 exit
1997 613 2168 654 principiis.
2193 613 2234 643 Et
2257 613 2347 653 quod
2369 611 2440 642 talis
2464 621 2511 641 se-

1443 657 1578 689 minatio
1602 657 1766 689 ordinetur
1789 658 1828 687 ad
1852 657 2059 688 concubitum
2083 657 2279 692 naturalem,
2303 663 2390 697 patet
2413 666 2450 686 ex
2474 665 2512 686 eo

1443 702 1532 743 quod
1556 702 1646 733 aliter
1669 709 1781 732 natura
1804 712 1871 732 non
1897 702 2099 742 apposuisset
2122 701 2402 742 proportionaliter
2433 700 2514 730 dele-

1444 746 1616 777 ctationem
1639 746 1672 776 in
1696 746 1830 777 muliere
1846 746 1927 777 sicut
1949 746 1981 776 in
2004 746 2083 777 viro.

1489 790 1550 821 Sed
1573 790 1650 821 haec
1674 790 1753 821 ratio
1777 790 1943 822 manifeste
1971 790 2091 821 deficit:
2116 787 2192 831 quia
2215 790 2254 821 ad
2271 789 2513 820 delectationem

2433 270 2502 304 251

1415 871 1416 880 ἶ
1445 835 1598 875 confugit,
1624 841 1654 865 et
1677 835 1896 875 operationem
1921 835 2048 866 omittit.
2073 835 2244 875 Oporteret
2267 834 2353 865 enim
2379 835 2514 875 probare

1444 879 1533 920 quod
1557 879 1735 915 seminatio,
1752 889 1834 920 quae
1858 886 1906 910 est
1928 879 2071 920 operatio
2095 879 2148 910 illa
2171 889 2271 920 quam
2289 878 2433 920 sequitur
2455 878 2514 909 hu—

1443 923 1584 954 iusmodi
1601 923 1778 959 delectatio,
1795 933 1851 964 per
1874 934 1907 954 se
1931 924 2095 954 ordinetur
2117 924 2157 954 ad
2172 923 2391 954 concubitum.
2416 923 2515 960 Quod

1444 978 1510 998 non
1534 968 1697 1008 probatur,
1722 977 1779 998 nec
1803 967 2005 1007 significatur,
2031 978 2067 998 ex
2089 968 2148 999 hac
2171 968 2334 1008 negativa,
2359 967 2435 1008 quia
2457 965 2514 998 sci-

1443 1012 1517 1042 licet
1540 1019 1651 1042 natura
1676 1021 1742 1042 non
1765 1011 1954 1052 providisset
1977 1012 2065 1043 aliter
2089 1012 2127 1042 de
2151 1012 2358 1043 delectatione
2381 1021 2514 1052 propor-

1444 1055 1556 1087 tionali
1580 1055 1612 1086 in
1638 1055 1770 1086 muliere
1794 1055 1876 1087 sicut
1898 1056 1929 1086 in
1950 1056 2029 1087 viro.
2062 1056 2226 1094 Quoniam
2253 1056 2420 1087 delectatio
2444 1065 2516 1096 pre»

1445 1100 1634 1140 portionalis
1649 1100 1682 1130 in
1698 1100 1830 1130 muliere
1852 1100 1944 1130 debet
1960 1110 2026 1131 esse
2046 1101 2230 1131 naturaliter
2252 1107 2288 1131 ut
2310 1101 2342 1130 in
2359 1100 2515 1140 principio

1445 1144 1658 1184 generationis
1682 1145 1771 1184 quod
1795 1151 1841 1175 est
1864 1144 1998 1175 mulier:
2028 1145 2117 1185 quod
2141 1155 2205 1175 non
2230 1145 2314 1181 dicit,
2338 1145 2516 1175 secundum

1445 1188 1528 1219 hanc
1557 1188 1656 1224 viam,
1682 1188 1742 1219 nisi
1773 1189 2038 1219 ministrationem
2073 1189 2225 1220 menstrui
2249 1196 2280 1220 et
2302 1189 2516 1229 receptionem

1416 1269 1418 1272 ι
1446 1232 1576 1263 seminis
1598 1232 1696 1263 virilis
1727 1243 1782 1273 per
1806 1233 1939 1264 coitum.
1969 1234 2003 1264 In
2028 1234 2178 1264 omnibus
2209 1241 2316 1264 autem
2345 1233 2394 1263 his
2417 1233 2517 1263 tribus

1446 1276 1592 1318 apposita
1615 1284 1662 1307 est
1694 1277 1871 1308 delectatio.
1904 1278 1945 1308 Et
1969 1278 2000 1308 in
2029 1278 2200 1309 concubitu
2225 1284 2255 1308 et
2278 1278 2310 1307 in
2337 1277 2518 1318 receptione

1446 1321 1577 1352 seminis
1601 1321 1768 1352 manifeste
1792 1328 1888 1361 patet.
1920 1322 1954 1352 In
1979 1332 2136 1353 concursu
2161 1329 2268 1353 autem
2293 1321 2455 1362 sanguinis
2479 1321 2518 1351 ad

1447 1366 1611 1396 matricem
1635 1365 1745 1396 dicunt
1768 1366 2013 1397 delectationem
2028 1377 2159 1408 quoque
2183 1377 2260 1402 esse,
2278 1366 2384 1397 minus
2401 1373 2517 1401 tamen,

1447 1417 1484 1440 ut
1507 1416 1646 1450 apparet,
1672 1410 1911 1450 perceptibilem
1945 1411 2074 1442 discrete
2098 1412 2137 1442 ab
2161 1411 2229 1441 aliis
2245 1410 2517 1441 delectationibus.

1447 1455 1489 1485 Et
1513 1454 1556 1485 sic
1576 1454 1715 1485 dicentes
1742 1455 1986 1486 seminationem
2011 1455 2153 1486 mulieris
2186 1465 2253 1486 esse
2282 1455 2460 1485 secundum
2487 1464 2519 1484 se

1448 1498 1653 1530 emissionem
1677 1499 1904 1539 superfluitatis
1920 1500 2045 1540 ineptae
2069 1500 2108 1530 ad
2132 1499 2378 1540 generationem,
2396 1509 2462 1529 non
2478 1498 2521 1528 vi—

1449 1543 1564 1574 dentur
1578 1553 1672 1584 posse
1696 1543 1826 1574 reddere
1850 1544 2007 1575 rationem
2023 1554 2121 1585 quare
2137 1544 2207 1575 talis
2222 1544 2391 1575 seminatio
2407 1543 2519 1574 volun-

1448 1588 1526 1619 taria
1549 1595 1596 1619 est
1619 1594 1786 1628 peccatum
1810 1589 1955 1619 mortale.

1505 1633 1605 1663 XVII.
1630 1633 1723 1664 Unde
1747 1638 1884 1673 quartus
1908 1633 2032 1664 dicendi
2049 1633 2167 1664 modus
2191 1640 2237 1664 est
2260 1632 2359 1673 quod,
2383 1632 2456 1663 licet
2475 1642 2520 1662 se-

1449 1676 1583 1707 minatio
1607 1677 1770 1707 muliebris
1794 1687 1860 1708 non
1884 1678 1924 1708 sit
1947 1677 2121 1708 necessaria
2145 1677 2184 1707 ad
2207 1677 2455 1717 generationem,
2476 1683 2522 1707 est

1448 1728 1555 1752 tamen
1581 1721 1666 1752 utilis
1690 1721 1730 1751 ad
1753 1722 2007 1761 generationem;
2031 1722 2074 1753 ita
2097 1722 2186 1763 quod
2203 1721 2319 1752 melius
2343 1721 2522 1762 concipitur

1450 1766 1654 1802 seminando,
1679 1772 1710 1796 et
1732 1766 1848 1796 melius
1870 1767 2031 1806 generatio
2063 1773 2271 1807 promovetur
2294 1765 2345 1796 cui
2368 1766 2522 1796 muliebre

1450 1819 1559 1840 semen
1582 1810 1761 1840 admixtum
1785 1817 1841 1841 est.
1875 1811 1916 1841 Et
1938 1810 2014 1851 quia
2039 1820 2104 1841 non
2129 1811 2236 1841 solum
2267 1811 2386 1840 abusus
2409 1809 2523 1850 princi—

1451 1855 1580 1895 piorum
1611 1854 1878 1891 necessariorum,
1903 1856 1957 1885 sed
1989 1855 2085 1885 etiam
2116 1855 2338 1886 ordinatorum
2368 1865 2386 1884 a
2410 1861 2522 1885 natura

1422 1929 1424 1940 Ι,
1449 1906 1579 1940 propter
1610 1898 1724 1930 melius
1755 1899 1795 1929 ad
1825 1899 2079 1939 generationem,
2105 1906 2151 1930 est
2183 1906 2349 1939 peccatum
2372 1899 2521 1934 mortale;

1422 1965 1424 1974 .
1449 1943 1522 1974 ideo
1538 1943 1608 1974 talis
1632 1943 1800 1974 seminatio
1816 1950 1985 1983 procurata
2009 1950 2093 1974 extra
2115 1943 2322 1974 concubitum
2345 1943 2522 1974 naturalem

1450 1994 1498 2018 est
1520 1994 1686 2028 peccatum
1718 1988 1863 2018 mortale.
1888 2005 1909 2011 -
1932 1987 2036 2018 Maior
2066 1989 2220 2029 probatur
2249 1987 2435 2018 auctoritate
2467 1987 2521 2018 Al-

1450 2032 1528 2063 berti
1544 2031 1562 2051 *
1585 2032 1757 2068 sentientis,
1779 2033 1899 2072 absque
1922 2032 2032 2069 dubio,
2050 2033 2139 2073 quod
2163 2032 2277 2062 melior
2297 2031 2464 2073 conceptio
2487 2031 2523 2062 fit

1451 2077 1581 2118 quando
1598 2076 1713 2107 mulier
1728 2076 1872 2107 seminat.
1889 2094 1910 2100 -
1926 2077 2032 2107 Minor
2046 2086 2122 2107 vero
2139 2076 2358 2107 manifestatur
2372 2076 2405 2106 in
2422 2086 2524 2106 mem-

1450 2121 1513 2152 bris
1537 2120 1726 2152 officialibus
1756 2120 1924 2161 duplicatis
1947 2132 1965 2151 a
1988 2127 2100 2152 natura
2124 2127 2255 2161 propter
2285 2121 2416 2157 melius,
2445 2127 2522 2161 puta

1450 2165 1484 2196 in
1508 2166 1635 2196 duobus
1668 2165 1788 2196 oculis:
1814 2165 1990 2196 necessitati
2022 2165 2142 2206 quippe
2170 2165 2315 2196 animalis
2343 2164 2458 2196 sufficit
2480 2165 2523 2195 vi-

1453 2210 1525 2240 dere
1548 2220 1605 2250 per
1628 2219 1732 2240 unum
1756 2210 1908 2248 oculum,
1932 2210 1987 2240 sed
2011 2217 2123 2240 natura
2147 2216 2278 2250 propter
2301 2209 2416 2239 melius
2440 2209 2525 2239 dedit

1452 2255 1544 2285 duos.
1570 2254 1706 2285 Constat
1729 2260 1838 2284 autern
1870 2254 1959 2294 quod
1983 2254 2106 2294 privare
2136 2254 2303 2284 hominem
2327 2263 2394 2284 uno
2429 2254 2524 2284 oculo

1453 2306 1499 2329 est
1522 2306 1688 2339 peccatum
1712 2298 1862 2329 mortale:
1887 2298 2033 2339 quamvis
2051 2308 2121 2329 non
2145 2298 2186 2328 sit
2200 2298 2336 2338 privatio
2360 2297 2525 2328 necessarii

1453 2343 1637 2383 simpliciter
1660 2343 1699 2372 ad
1722 2342 1907 2379 videndum,
1925 2343 1980 2373 sed
2004 2349 2135 2383 propter
2150 2343 2265 2373 melius
2287 2342 2404 2373 videre.
2429 2342 2469 2372 Et
2483 2342 2525 2372 ita

1452 2387 1576 2428 privare
1600 2387 1766 2418 hominem
1791 2387 1948 2428 principio
1974 2394 2105 2428 propter
2128 2387 2241 2418 melius
2266 2397 2283 2417 a
2307 2394 2418 2418 natura
2442 2386 2525 2417 ordi-

1425 2469 1427 2473 ι
1453 2439 1528 2463 nato
1542 2432 1580 2462 ad
1597 2432 1845 2472 generationem,
1859 2438 1906 2462 est
1920 2439 2089 2473 peccatum
2106 2432 2251 2462 mortale.
2269 2432 2341 2462 Hoc
2357 2438 2465 2462 autem
2481 2430 2524 2461 fa-

1453 2477 1495 2508 cit
1510 2476 1626 2507 mulier
1641 2476 1802 2507 seminans
1814 2476 1994 2507 voluntarie
2009 2483 2095 2507 extra
2112 2476 2289 2507 naturalem
2305 2475 2523 2507 concubitum.

1509 2521 1594 2552 Huic
1617 2521 1731 2552 rationi
1756 2520 1818 2551 hoc
1833 2521 1940 2551 solum
1963 2521 2087 2552 obstare
2109 2521 2242 2557 videtur,
2259 2520 2348 2561 quod
2372 2520 2526 2560 supponit

1453 2566 1543 2607 quod
1566 2565 1681 2596 nescit:
1707 2566 1786 2596 dum
1805 2565 1881 2596 dicit
1896 2575 2005 2595 semen
2029 2565 2183 2596 muliebre
2199 2574 2387 2595 concurrere
2410 2564 2449 2594 ad
2473 2574 2524 2603 ge-

1453 2610 1651 2641 nerationem
1675 2617 1711 2641 ut
1735 2609 1810 2640 utile
1833 2619 1889 2640 seu
1914 2616 2043 2650 propter
2066 2609 2190 2645 melius,
2208 2616 2238 2639 et
2261 2619 2328 2639 non
2344 2608 2419 2638 dicit
2442 2618 2523 2648 quo-

1453 2655 1553 2685 modo
1578 2654 1747 2691 concurrit,
1764 2654 1863 2684 active
1886 2654 1936 2684 vel
1959 2653 2092 2694 passive,
2110 2660 2146 2684 ut
2160 2653 2303 2684 eiusdem
2318 2653 2368 2683 vel
2385 2652 2523 2683 diversae

1454 2706 1584 2730 naturae
1608 2709 1626 2729 a
1649 2705 1824 2729 menstruo.
1855 2698 1906 2728 Ad
1929 2698 2019 2739 quod
2050 2704 2156 2728 tamen
2185 2703 2313 2738 oportet
2335 2697 2524 2727 descendere

1453 2743 1622 2774 scientifice
1638 2743 1836 2783 loquentem.
1849 2760 1870 2766 -
1883 2742 2031 2773 Albertus
2047 2748 2155 2773 autem
2173 2741 2277 2773 dixit*
2296 2747 2327 2772 et
2341 2741 2419 2771 illud
2436 2751 2524 2771 com-

1454 2797 1570 2824 mune;
1595 2794 1626 2818 et
1650 2786 1841 2828 specificavit
1864 2787 1954 2827 quod
1977 2787 2137 2817 concurrit
2163 2786 2286 2826 passive
2310 2793 2346 2816 ut
2369 2795 2416 2816 res
2441 2785 2523 2815 eius-

1454 2833 1527 2863 dem
1551 2831 1682 2863 rationis
1699 2841 1772 2862 cum
1788 2837 1969 2868 menstruo;
1995 2839 2024 2862 et
2044 2831 2132 2871 quod
2156 2841 2281 2871 semper
2297 2840 2332 2860 ac
2348 2829 2522 2860 necessario

1454 2876 1614 2908 concurrit
1636 2875 1716 2906 illud
1740 2885 1859 2911 semen,
1877 2876 1932 2905 sed
1955 2882 2031 2906 tunc
2055 2875 2169 2906 melius
2185 2875 2316 2915 quando
2333 2874 2447 2905 mulier
2470 2875 2523 2904 de-

1452 2920 1637 2952 lectabiliter
1661 2920 1795 2950 seminat
1818 2920 1851 2950 in
1874 2920 1946 2960 ipso
1971 2920 2143 2951 concubitu
2164 2919 2260 2950 simul
2284 2929 2358 2950 cum
2381 2919 2459 2950 viro.
2483 2919 2524 2948 Et

1453 2975 1520 2996 non
1536 2965 1606 2995 vult
1621 2965 1711 3005 quod
1729 2974 1838 2995 semen
1858 2964 2011 2995 muliebre
2026 2964 2066 2995 sit
2081 2964 2225 2995 absolute
2242 2970 2371 3004 propter
2391 2963 2522 2993 melius:

1454 3010 1509 3040 sed
1525 3009 1615 3050 quod
1630 3009 1699 3049 ipsa
1715 3008 1907 3039 delectabilis
1924 3008 2091 3039 seminatio
2108 3008 2203 3039 simul
2219 3018 2293 3038 cum
2308 3007 2376 3037 viro
2394 3007 2433 3038 sit
2448 3017 2522 3047 pro·

1453 3061 1523 3094 pter
1554 3053 1684 3089 melius;
1718 3053 1826 3093 ipsum
1856 3059 1964 3084 autem
1994 3063 2103 3083 semen
2130 3053 2283 3083 muliebre
2314 3058 2444 3092 propter
2470 3061 2522 3081 ne-

1454 3108 1540 3129 cesse
1563 3107 1642 3128 esse.

1509 3142 1622 3173 XVIII.
1639 3142 1732 3172 Unde
1747 3142 1878 3182 quintus
1900 3142 2017 3172 modus
2034 3141 2158 3172 dicendi
2183 3147 2238 3176 est,
2255 3139 2418 3181 sequendo
2437 3139 2522 3170 viam

1453 3186 1634 3216 Avicennae
1649 3192 1680 3216 et
1693 3185 1813 3216 Alberti
1826 3186 1844 3204 *
1866 3186 1941 3217 satis
1956 3185 2185 3221 rationabilem,
2202 3185 2292 3225 quod
2308 3184 2388 3215 sicut
2403 3184 2460 3220 vir,
2476 3194 2522 3214 se-

1455 3229 1608 3260 minando
1640 3229 1820 3260 voluntarie
1848 3237 1933 3260 extra
1962 3229 2139 3260 naturalem
2164 3228 2390 3266 concubitum,
2414 3236 2523 3268 peccat

1454 3273 1629 3305 mortaliter
1644 3273 1718 3314 quia
1735 3279 1845 3304 contra
1857 3274 2033 3304 naturalem
2050 3273 2196 3304 ordinem
2212 3273 2330 3304 activae
2346 3273 2522 3313 generatio-

1454 3318 1502 3348 nis
1519 3317 1678 3348 humanae
1694 3317 1851 3358 principio
1869 3318 2009 3349 abutitur
2024 3318 2056 3348 in
2073 3318 2229 3348 damnum
2246 3317 2404 3348 humanae
2423 3317 2521 3353 vitae;

1453 3363 1496 3393 ita
1519 3361 1650 3398 mulier,
1675 3361 1863 3392 seminando
1886 3362 2064 3393 voluntarie
2088 3369 2171 3393 extra
2201 3361 2408 3393 concubitum
2432 3369 2522 3392 natu-

1453 3406 1562 3443 ralem,
1579 3412 1689 3446 peccat
1711 3406 1886 3437 mortaliter
1909 3406 1984 3447 quia
2003 3406 2144 3437 abutitur
2166 3406 2308 3447 potentia
2332 3416 2389 3436 sua
2413 3406 2521 3442 activa,

1426 3467 1428 3480 ε
1455 3450 1664 3481 ministrando
1699 3450 1894 3490 principium
1923 3450 2086 3491 passivum
2118 3451 2329 3491 generationis
2364 3451 2522 3481 humanae

1455 3502 1565 3526 contra
1589 3495 1764 3525 naturalem
1788 3494 1934 3525 ordinem
1949 3495 1982 3526 in
2002 3495 2157 3526 damnum
2181 3495 2340 3526 humanae
2363 3495 2453 3525 vitae.

1509 3539 1593 3570 XIX.
1618 3539 1679 3570 Sed
1703 3539 1781 3579 quid
1806 3539 1947 3570 dicemus
1970 3539 2057 3570 iuxta
2075 3539 2159 3570 viam
2183 3539 2247 3570 divi
2266 3539 2412 3570 Thomae
2428 3539 2445 3558 *
2468 3548 2520 3568 ne-

1454 3583 1556 3623 gantis
1580 3583 1734 3614 muliebre
1758 3593 1867 3614 semen
1891 3593 1958 3614 esse
1982 3584 2147 3615 materiam
2171 3583 2395 3624 generationis,
2421 3590 2450 3612 et
2474 3592 2519 3612 as-

1455 3628 1583 3659 serentis
1606 3627 1714 3668 ipsum
1730 3638 1796 3658 non
1817 3638 1882 3658 esse
1902 3629 2114 3659 necessarium
2137 3628 2176 3658 ad
2199 3624 2453 3668 generationem?

2551 2039 2559 2049 ⁸
2573 2038 2628 2060 Loc.
2644 2038 2691 2063 cit..
2710 2044 2759 2067 cap.

2549 2071 2581 2087 xi.

2550 2747 2560 2757 ⁸
2574 2745 2632 2767 Ibid.

2550 3190 2559 3200 ⁸
2573 3189 2608 3212 Cf.
2623 3196 2685 3212 num.
2702 3196 2734 3211 xi.

2550 3543 2557 3551 ⁸
2572 3541 2608 3563 Cf.
2623 3547 2686 3563 num.
2708 3548 2756 3563 xm.
