2768 4198
931 240 1201 288 QUAESTIO
1233 239 1411 285 CXXIII,
1442 237 1741 275 ARTICULUS
1772 237 1821 273 XI
2434 238 2480 272 23

272 325 312 355 ad
335 323 474 360 tertium,
492 323 629 354 dubium
646 321 782 353 occurrit
805 321 886 352 circa
905 320 1004 351 illud:
1029 321 1104 360 quia
1129 320 1215 349 hunc
1228 323 1348 355 actum,
1376 318 1378 342 ἲ
1407 318 1492 359 eligit
1522 317 1640 347 morari
1672 317 1711 347 ad
1742 324 1869 357 tempus
1900 323 2032 356 propter
2062 316 2170 346 hostes
2204 316 2406 356 superiorum
2439 316 2482 345 vi-

272 368 388 400 scilicet
412 367 581 403 sustinere,
605 366 676 398 sola
700 367 784 396 ratio
802 375 866 406 per
888 375 923 396 se
931 364 1031 407 facit.
1067 364 1152 401 Quia
1177 363 1200 394 si
1226 363 1270 393 sic
1294 370 1349 398 est,
1408 363 1490 393 rium
1519 371 1596 398 esse,
1624 369 1658 392 ut
1689 361 1727 391 de
1751 361 1850 391 Fabio
1875 360 2016 391 Maximo
2041 360 2157 400 legitur
2187 367 2296 391 contra
2320 360 2483 390 Hanniba-

271 420 456 454 sequeretur
480 412 569 454 quod
593 411 748 442 fortitudo
774 420 941 451 nunquam
969 416 1051 439 esset
1080 408 1160 439 circa
1189 408 1349 443 timorem,
1405 408 1468 437 lem
1486 406 1514 438 *.
1538 406 1674 447 Expedit
1691 405 1847 446 siquidem
1872 405 1912 436 ad
1929 405 2145 436 cunctandum
2171 405 2321 436 timorem
2344 405 2483 435 incutere
2511 412 2525 441 ⁸,
2536 410 2583 432 Tit.
2600 410 2650 432 Liv.
2662 410 2725 431 His-1.

272 457 392 488 utendo
416 457 473 487 illo
498 457 537 486 ad
561 465 658 487 suum
688 462 807 486 actum.
841 454 1007 492 Quoniam
1037 454 1075 483 ad
1100 460 1207 483 actum
1242 462 1351 492 aggre-
1405 452 1471 483 suis
1495 458 1526 482 et
1550 450 1624 481 sibi:
1650 450 1807 491 quoniam
1823 450 1862 480 ad
1880 449 1941 480 hoc
1958 450 2055 480 timor
2075 449 2191 480 directe
2215 450 2329 480 servire
2349 449 2482 480 videtur.
2511 437 2727 492 ξξῖὶςέξὲξζ-ῗξῌζ

271 501 378 532 diendi
402 501 502 532 utitur
525 510 592 531 non
615 500 741 536 timore,
767 500 821 530 sed
846 498 991 535 audacia;
1017 505 1047 528 et
1069 499 1108 528 ad
1125 505 1233 528 actum
1258 497 1350 528 susti·
1406 497 1446 527 Et
1470 495 1614 526 similiter
1638 496 1677 526 ad
1693 495 1882 535 fugiendum
1906 504 1960 525 seu
1979 495 2211 535 expectandum
2231 495 2362 535 quando
2387 504 2483 534 opor·
2512 491 2577 512 bner.

28 1128 39 1140 ⁸
51 1126 124 1151 uum.
138 1133 160 1150 tv
174 1133 227 1157 uqq.

33 3255 40 3263 ·
53 3253 112 3282 Cap.
127 3260 148 3280 ις
164 3253 206 3275 lib.
215 3253 245 3280 11,

32 3286 84 3309 cap.
115 3286 187 3312 uix.
216 3281 247 3302 al.

32 3313 97 3330 xxvii
110 3324 116 3334 ,
144 3313 169 3329 in
199 3310 246 3329 vet.

31 3339 140 3387 'ulfilihw
150 3360 180 3383 nd
194 3366 246 3388 cap.

35 3393 68 3412 vr.
79 3393 139 3410 vers.
154 3393 183 3410 ao
193 3393 246 3416 sqq.

33 3417 43 3425 ⁸
57 3414 116 3443 cap.
131 3420 170 3436 xv.

271 546 368 580 nendi
391 556 449 577 nec
474 545 574 576 utitur
597 545 712 576 timore
738 554 795 575 nec
819 543 968 580 audacia,
994 543 1172 574 secundum
1198 543 1278 573 hanc
1301 542 1350 572 lit—

270 600 385 628 teram;
416 601 492 630 ergo
516 599 685 631 nunquam
709 588 843 620 assumit
868 588 1019 619 timorem
1043 588 1083 618 ad
1108 595 1215 618 actum
1242 597 1349 618 suum.
1376 586 1379 630 Ι

322 636 495 671 Praeterea,
513 635 552 665 ad
576 634 800 666 sustinendum
818 640 947 674 oportet
967 633 1134 663 hominem
1152 640 1258 663 tenere
1281 642 1350 662 cor·
1377 666 1378 669 Ἰ

270 690 332 720 pus
356 690 396 710 ne
419 679 528 720 fugiat.
554 679 627 710 Hoc
650 686 758 709 autem
789 677 1025 709 animositatem
1050 678 1224 718 quandam,
1251 686 1350 718 quam

270 725 403 755 audacia
427 730 536 760 sonat,
561 724 724 765 importat.
754 724 829 754 Non
854 723 950 763 igitur
978 723 1046 753 sola
1075 722 1174 758 ratio,
1199 722 1254 752 sed
1285 731 1351 751 me-

270 769 377 800 diante
401 769 543 805 audacia,
569 768 746 800 sustinendi
769 775 876 799 actum
892 767 1058 803 ,fortitudo
1082 766 1166 798 facit.

326 814 410 845 VIII.
434 814 485 844 Ad
509 814 606 844 huius
637 813 846 849 evidentiam,
872 813 1038 843 sciendum
1068 819 1114 842 est
1142 812 1232 852 quod
1264 810 1351 841 forti-

270 859 350 890 tudo
375 859 544 899 dupliciter
567 869 599 889 se
623 858 718 889 habet
742 859 780 888 ad
810 858 986 898 passiones.
1018 856 1143 892 Primo,
1169 863 1205 887 ut
1231 855 1351 896 eligens

270 948 368 980 sumit
392 948 558 979 audaciam
574 955 604 979 et
620 948 698 978 iram
717 948 756 978 ad
772 947 973 988 aggrediendi
989 954 1107 977 actum.
1133 945 1238 976 Fortis
1261 954 1351 974 nam·

270 1003 335 1034 que
366 999 443 1024 tunc
467 1003 504 1024 ex
528 993 705 1024 intentione
737 993 824 1032 eligit
848 1000 879 1023 et
903 992 1019 1022 audere
1043 997 1074 1021 et
1096 989 1200 1025 irasci,
1227 995 1257 1020 et
1281 999 1351 1019 rno-

270 1037 468 1069 derationem
501 1038 683 1078 utriusque:
713 1037 868 1079 quoniam
901 1037 1001 1067 utitur
1033 1042 1168 1075 utraque
1186 1033 1351 1073 *passione

270 1092 329 1123 pro
352 1083 567 1114 instrumento
597 1082 766 1113 adiuvante
791 1082 908 1113 directe
932 1081 971 1111 ad
995 1087 1104 1111 actum
1137 1077 1350 1119 aggrediendi,

270 1133 305 1159 ut
329 1127 451 1158 dictum
469 1134 515 1158 est
530 1127 557 1158 *.
582 1145 603 1151 —
627 1127 701 1158 Alio
726 1127 838 1163 modo,
855 1132 891 1157 ut
907 1125 1026 1165 eligens
1050 1123 1257 1154 moderamen
1281 1129 1350 1152 tan-

269 1179 340 1204 tum
363 1171 531 1213 passionis.
562 1172 606 1203 lta
629 1172 720 1213 quod
743 1171 927 1213 passionem
950 1169 1053 1211 ipsam
1076 1168 1172 1198 habet
1195 1174 1350 1208 tanquam

270 1227 307 1248 ex
330 1217 516 1248 necessitate
539 1224 670 1248 naturae
690 1221 948 1256 consurgentem,
969 1221 1000 1244 et
1022 1222 1090 1244 non
1109 1212 1200 1254 quod
1219 1218 1351 1252 propter

270 1268 379 1294 actum
401 1262 495 1293 illum
518 1261 597 1301 ugile
620 1266 702 1293 esset
724 1260 839 1301 eligere
862 1259 982 1300 ipsam:
1008 1257 1217 1288 moderamen
1241 1263 1350 1287 tamen

264 1306 500 1348 consurgentis
502 1302 672 1347 'passionis
702 1311 831 1346 oportet
858 1303 987 1345 eligere,
1013 1313 1053 1334 ne
1079 1302 1350 1343 impedimentum

270 1358 407 1393 praestet
430 1351 514 1384 actui
539 1350 732 1387 exercendo;
764 1356 800 1381 ut
827 1355 914 1390 patet
941 1358 1016 1379 cum
1048 1347 1160 1384 fortis,
1185 1347 1225 1378 ad
1255 1345 1351 1377 susti-

270 1396 367 1428 nendi
395 1402 521 1433 actum,
548 1395 734 1426 moderatur
761 1393 922 1426 timorem.
955 1392 1178 1424 Praesentibus
1209 1401 1350 1432 namque

269 1440 419 1482 perieulis
441 1439 588 1471 maximis
602 1449 686 1481 quae
709 1446 786 1470 tunc
809 1445 938 1480 oportet
961 1437 1128 1474 sustinere,
1145 1446 1212 1467 non
1237 1435 1351 1468 excitat

269 1485 360 1518 fortis
383 1488 421 1516 e'x
444 1484 598 1516 electione
622 1483 655 1515 in
679 1482 786 1526 seipso
809 1484 977 1520 timorem,
1005 1482 1161 1524 quoniam
1187 1481 1284 1512 timor
1312 1491 1349 1512 ex

269 1535 328 1563 sua
349 1530 480 1572 propria
503 1529 626 1560 ratione
649 1535 697 1561 est
720 1536 814 1560 natus
844 1528 1023 1560 abstrahere
1047 1537 1064 1558 a
1088 1526 1293 1563 sustinendo,
1319 1532 1350 1556 et

269 1582 398 1607 causare
429 1573 643 1605 diver-sionem
673 1584 691 1604 a
721 1573 926 1610 sustinendo,
958 1573 998 1604 ad
1031 1572 1123 1603 cuius
1158 1570 1350 1612 oppositum

268 1618 370 1651 tendit
393 1618 500 1651 fortis:
524 1619 579 1650 sed
603 1618 680 1660 quia
703 1618 801 1650 timor
825 1629 863 1650 ex
879 1617 1064 1658 necessitate
1088 1624 1219 1648 naturae
1242 1615 1349 1646 immi-

1405 549 1465 577 tet,
1491 540 1547 582 qui
1570 540 1719 571 videntur
1749 539 1926 570 secundarii
1952 547 2040 570 actus
2073 539 2284 575 fortitudinis,
2310 539 2423 579 eligere
2447 538 2484 570 ti-

1406 596 1541 623 morem,
1566 593 1597 616 et
1621 595 1696 615 eum
1720 585 1933 621 moderatum,
1959 583 2091 620 confert,
2117 590 2152 614 ut
2175 591 2271 624 patet.

1460 631 1511 661 Ad
1536 630 1715 661 secundum
1740 629 1912 660 dicendum
1936 629 2026 670 quod
2051 629 2090 659 ad
2110 628 2334 659 sustinendum
2358 635 2485 668 oportet

1406 682 1512 706 tenere
1536 685 1653 715 corpus
1670 684 1710 705 ne
1730 674 1878 705 divertat:
1904 674 1958 705 sed
1983 674 2046 704 hoc
2063 683 2121 704 nec
2145 680 2192 703 est
2215 673 2384 714 proprium
2402 682 2485 712 opus

1406 720 1572 756 audaciae,
1598 729 1655 750 nec
1680 726 1726 750 est
1758 718 1962 750 immediatus
1992 717 2120 749 effectus
2147 717 2316 754 audaciae,
2341 717 2396 747 sed
2420 727 2484 747 me-

1406 765 1512 796 diante
1543 764 1723 800 invasione;
1753 764 1796 795 ita
1820 763 1908 805 quod
1939 763 2071 794 audacia
2100 763 2215 794 directe
2243 762 2364 793 invadit
2391 762 2484 798 mala,

1406 818 1436 841 et
1460 810 1619 841 mediante
1643 809 1696 839 illa
1720 815 1806 839 tenet
1837 818 1953 848 corpus
1978 808 2010 838 in
2035 808 2126 838 malis
2157 817 2240 849 quae
2263 807 2392 838 invadit.
2424 807 2486 837 Sed

1377 856 1378 860 ’
1406 855 1481 896 quia
1513 856 1551 885 ad
1582 861 1690 884 actum
1721 853 1898 884 sustinendi
1930 859 1965 883 ut
1996 853 2054 889 sic,
2079 859 2115 883 ut
2139 852 2345 892 distinguitur
2377 858 2486 882 contra

269 903 372 944 ipsam
401 904 586 944 passionem
610 910 641 934 et
665 903 872 934 moderamen
902 902 1059 933 eiusdem:
1092 902 1174 932 sicut
1205 910 1279 931 cum
1304 910 1350 930 as·
1377 914 1379 925 ι

1407 907 1514 931 actum
1537 897 1751 939 aggrediendi,
1777 908 1843 927 non
1867 897 2002 937 exigitur
2025 897 2159 934 invasio,
2181 897 2254 928 ideo
2278 907 2336 927 nec
2361 896 2487 936 eligitur

1406 945 1446 975 ad
1470 943 1705 975 sustinendum.
1740 942 1802 972 Sed
1826 942 1981 972 fortitudo
2007 942 2046 972 ad
2074 950 2181 973 actum
2214 941 2391 972 sustinendi
2415 951 2485 972 mo-

1406 989 1556 1019 deramen
1588 987 1755 1027 utriusque
1783 986 1939 1026 passionis
1971 986 2072 1026 eligit:
2106 986 2321 1026 principaliter
2354 986 2485 1027 quidem

1406 1032 1549 1068 timoris,
1575 1042 1615 1062 ne
1635 1031 1772 1061 abducat
1796 1041 1813 1060 a
1838 1030 2044 1066 sustinendo;
2077 1031 2264 1061 secundario
2296 1038 2402 1062 autem
2433 1041 2487 1061 au-

1406 1077 1523 1113 daciae,
1540 1086 1579 1106 ne
1603 1075 1684 1106 forte
1701 1082 1884 1116 praesumat
1898 1074 2056 1106 invadere.
2082 1075 2123 1106 Et
2142 1075 2186 1105 sic
2203 1075 2357 1106 fortitudo
2375 1082 2486 1106 neutra

1406 1121 1555 1163 passione
1583 1119 1684 1151 utitur
1708 1126 1743 1150 ut
1766 1119 1982 1151 instrumento
2005 1119 2045 1149 ad
2074 1127 2180 1150 actum
2211 1120 2403 1151 sustinendi:
2431 1121 2486 1150 sed

1405 1166 1488 1198 tollit
1512 1165 1680 1206 utriusque
1703 1164 1972 1204 impedimentum
1999 1165 2088 1205 quod
2113 1164 2279 1205 provenire
2307 1172 2416 1205 posset
2439 1165 2485 1195 in-

1405 1211 1511 1243 teriori
1535 1209 1682 1241 electioni
1707 1216 1738 1240 et
1761 1209 1906 1240 exteriori
1936 1208 2116 1240 executioni
2139 1209 2172 1239 in
2196 1209 2395 1240 sustinendo.

1464 1256 1518 1287 IX.
1543 1255 1584 1286 Et
1607 1254 1681 1285 hinc
1705 1261 1836 1295 apparet
1860 1254 1982 1295 primo,
2011 1264 2111 1295 quam
2135 1253 2257 1294 optime
2286 1253 2397 1284 dixerit
2421 1256 2486 1284 Au-

1405 1301 1504 1333 ctor*
1527 1299 1617 1342 quod
1642 1299 1797 1330 fortitudo
1826 1306 1873 1330 est
1896 1299 1995 1330 virtus
2019 1299 2213 1340 inquantum
2240 1298 2324 1330 tollit
2351 1298 2486 1340 impedi-

1405 1353 1522 1377 menta.
1547 1345 1637 1376 Tum
1661 1344 1736 1385 quia
1760 1344 1822 1374 hoc
1845 1354 1958 1374 verum
1982 1351 2028 1374 est
2053 1343 2279 1380 universaliter,
2303 1343 2422 1374 scilicet
2441 1353 2487 1374 re-

1405 1397 1515 1432 spectu
1533 1389 1639 1420 omnis
1656 1397 1746 1421 actus
1762 1388 1970 1420 fortitudinis:
1992 1388 2067 1430 quia
2084 1388 2123 1418 ad
2143 1399 2275 1419 omnem
2292 1388 2487 1419 fortitudinis

1404 1443 1512 1467 actum
1529 1441 1658 1476 oportet
1674 1433 1895 1465 fortitudinem
1911 1443 2099 1465 concurrere
2116 1440 2151 1464 ut
2167 1434 2335 1464 tollentem
2355 1433 2488 1474 impedi-

1405 1488 1523 1512 menta.
1539 1498 1561 1504 -
1574 1480 1662 1511 Tum
1683 1479 1759 1520 quia
1774 1478 1837 1510 hoc
1851 1485 1896 1510 est
1909 1489 2021 1509 verum
2034 1485 2178 1519 respectu
2191 1478 2374 1519 principalis
2387 1485 2486 1515 actus,

1405 1536 1472 1557 non
1496 1526 1604 1556 solum
1628 1523 1804 1560 interioris,
1830 1523 1886 1564 qui
1911 1531 1958 1555 est
1981 1523 2110 1560 electio,
2135 1524 2190 1554 sed
2215 1523 2388 1554 exterioris.

1461 1572 1604 1611 Apparet
1631 1569 1773 1600 secundo
1801 1569 1900 1610 quod,
1927 1578 2002 1599 cum
2026 1567 2141 1599 dicitur
2167 1568 2389 1599 fortitudinem
2420 1577 2487 1598 esse

1405 1615 1602 1656 operativam
1619 1614 1743 1645 timoris
1759 1620 1789 1645 et
1805 1613 1965 1650 audaciae,
1981 1620 2012 1644 et
2028 1613 2143 1644 fortem
2161 1613 2273 1644 timere
2285 1620 2315 1644 et
2332 1613 2448 1644 audere
2460 1612 2487 1649 *,

268 1662 418 1696 uentibus
445 1664 562 1695 talibus
594 1663 770 1705 consurgit,
796 1663 887 1694 fortis
916 1673 953 1694 ex
977 1661 1132 1693 electione
1165 1661 1351 1692 moderatur
1376 1679 1377 1695 χ
1405 1670 1471 1691 non
1495 1659 1684 1700 intelligitur
1708 1658 1941 1690 universaliter:
1967 1658 2042 1699 quia
2067 1657 2181 1688 nonin
2200 1658 2290 1688 omni
2314 1665 2386 1688 actu
2411 1657 2488 1688 haec

267 1708 432 1745 timorem,
457 1709 638 1740 cohibendo
662 1708 755 1740 illum
780 1718 820 1740 ne
843 1707 997 1748 impediat
1020 1706 1198 1738 sustinendi
1229 1713 1347 1737 actum.
1376 1709 1378 1750 ζ
1405 1705 1489 1737 facit.
1515 1706 1582 1736 Nec
1606 1703 1794 1744 intelligitur
1817 1704 1907 1745 quod
1932 1713 2072 1743 semper,
2091 1703 2222 1744 quando
2240 1702 2358 1744 aliquid
2370 1702 2487 1733 horum

324 1753 384 1785 His
400 1753 592 1794 praemissis,
609 1753 724 1785 dicitur
740 1753 781 1784 ad
800 1753 939 1794 primam
958 1752 1185 1788 obiectionem,
1201 1751 1349 1792 negando
1376 1759 1377 1788 ι
1405 1750 1518 1787 habet,
1544 1750 1659 1781 habeat
1683 1759 1720 1779 ex
1745 1748 1914 1780 electione:
1940 1748 2097 1789 quoniam
2118 1748 2316 1789 quandoque
2339 1747 2435 1778 habet
2452 1758 2488 1778 ex

268 1798 443 1840 sequelam.
473 1798 558 1836 Quia
587 1798 660 1830 licet
683 1798 840 1830 fortitudo
872 1808 938 1829 non
970 1803 1112 1828 assumat
1136 1796 1286 1828 timorem
1309 1796 1350 1826 ad
1376 1791 1377 1825 l
1405 1795 1590 1826 necessitate
1611 1801 1742 1825 naturae
1766 1793 1961 1833 passionem,
1989 1799 2020 1824 et
2039 1793 2147 1823 solum
2179 1793 2386 1823 moderamen
2419 1791 2487 1822 eius

269 1842 407 1875 alterum
423 1843 560 1875 istorum
575 1843 717 1874 duorum
733 1850 876 1880 actuum,
893 1843 950 1884 qui
974 1849 1049 1873 sunt
1068 1841 1276 1883 principales;
1301 1850 1349 1871 as—

269 1887 368 1919 sumit
391 1894 498 1919 tamen
522 1888 615 1919 illum
635 1888 674 1918 ad
700 1894 807 1919 actum
827 1887 1007 1924 cunctandi,
1025 1896 1099 1918 cum
1123 1885 1241 1916 scilicet
1260 1884 1350 1915 fortis
1374 1870 1377 1920 l

1375 1840 1377 1852 ¹
1404 1850 1441 1870 ex
1464 1839 1628 1870 electione.
1658 1838 1721 1869 Sed
1744 1837 1947 1878 intelligitur:
1969 1855 1989 1860 -
2015 1844 2046 1868 et
2069 1837 2160 1868 timet
2183 1844 2214 1868 et
2237 1838 2333 1868 audet
2357 1838 2487 1878 quando

1403 1890 1540 1926 oportet,
1566 1883 1620 1914 ubi
1645 1889 1782 1924 oportet,
1808 1889 1865 1914 etc.

1033 2022 1358 2066 ARTICULUS
1389 2021 1728 2065 UNDECIMUS

876 2117 1033 2149 UTRUM
1058 2116 1318 2148 FORTITUDO
1343 2115 1410 2148 slr
1434 2115 1595 2147 VIRTus
1620 2114 1881 2146 CARmNALls

442 2199 466 2224 1⁸
486 2199 542 2230 11¹⁰,
562 2207 609 2233 qu.
627 2206 677 2230 nn,
697 2203 744 2223 art.
766 2205 790 2229 π,
812 2197 840 2227 3;
861 2197 892 2222 ΠΙ
912 2197 996 2227 Sent„
1016 2196 1075 2222 dist.
1095 2203 1181 2226 mm,
1201 2204 1246 2229 qu.
1265 2203 1293 2226 11,
1313 2201 1361 2221 art.
1385 2204 1405 2225 ι,
1425 2195 1475 2228 qu·
1497 2194 1520 2226 3,
1539 2201 1572 2227 4;
1591 2195 1624 2220 de
1643 2194 1749 2223 Vir-tut„
1769 2202 1814 2227 qu.
1833 2201 1850 2224 1,
1871 2198 1919 2220 art.
1943 2201 1982 2223 ια,
2002 2194 2034 2219 ad
2055 2192 2103 2224 26;
2123 2201 2168 2226 qu.
2187 2201 2212 2224 v,
2231 2198 2278 2218 art.
2301 2202 2323 2219 1.

311 2297 333 2327 [τ
360 2298 367 2318 s
389 2299 445 2326 γῆς

306 2315 388 2373 &7³
405 2308 456 2392 {fl
472 2333 593 2385 quod
612 2332 794 2371 fortitudo
815 2345 894 2370 non
924 2331 971 2370 sit
993 2332 1115 2369 virtus
1136 2331 1350 2369 cardinalis.

294 2420 312 2441 ;.-
330 2402 420 2467 ἐξ,
435 2381 473 2458 (⁸
486 2388 546 2425 Ira
582 2386 701 2434 enim,
742 2394 783 2424 ut
819 2386 964 2427 dictum
999 2394 1055 2423 est
1073 2385 1111 2433 ²⁸,
1141 2385 1352 2423 maximam

334 2460 339 2464 «
388 2452 428 2471 γ’)
459 2458 475 2472 κ

270 2496 326 2534 ira
354 2508 434 2533 non
453 2495 610 2545 ponitur
627 2494 756 2544 passio
786 2493 1023 2544 principalis:
1053 2506 1124 2531 nec
1145 2493 1261 2531 etiam
1286 2506 1352 2531 au-

271 2549 401 2597 dacia,
431 2561 530 2599 quae
561 2548 610 2586 ad
638 2548 900 2586 fortitudinem
933 2547 1108 2597 pertinet.
1147 2549 1250 2596 Ergo
1281 2560 1353 2585 nec

271 2603 453 2642 fortitudo
484 2603 599 2640 debet
626 2602 720 2652 poni
749 2602 869 2640 virtus
898 2602 1111 2640 cardinalis.

325 2669 363 2695 2.
384 2658 622 2703 PRAETEREA,
642 2655 765 2694 virtus
793 2655 992 2694 ordinatur
1011 2655 1060 2694 ad
1081 2656 1242 2693 bonum.
1273 2656 1350 2693 Sed

271 2711 454 2749 fortitudo
483 2723 563 2748 non
593 2709 733 2747 directe
770 2710 967 2760 ordinatur
1000 2710 1046 2747 ad
1082 2710 1252 2757 bonum,
1283 2711 1352 2747 sed

272 2765 393 2814 magis
413 2764 463 2802 ad
483 2764 643 2811 malum,
665 2763 807 2801 scilicet
831 2765 884 2801 ad
903 2764 1161 2801 sustinendum
1174 2763 1352 2813 pericula

271 2824 308 2857 et
333 2819 494 2866 labores,
523 2825 565 2855 ut
583 2818 735 2855 Tullius
756 2817 844 2855 dicit
861 2817 892 2855 *.
928 2817 1031 2866 Ergo
1061 2817 1242 2856 fortitudo
1272 2830 1352 2855 non

271 2880 329 2912 est
355 2873 476 2911 virtus
505 2871 719 2910 cardinalis.

327 2927 362 2965 3.
384 2927 622 2974 PRAETEREA,
642 2925 764 2963 virtus
794 2923 996 2962 cardinalis
1025 2932 1082 2962 est
1110 2924 1210 2963 circa
1239 2937 1285 2962 ea
1313 2925 1352 2963 in

272 2981 412 3030 quibus
449 2979 656 3030 praecipue
693 2987 870 3017 versatur
906 2978 986 3016 vita
1022 2979 1215 3016 humana:
1255 2978 1352 3016 sicut

272 3034 414 3072 ostium
433 3034 473 3072 in
493 3034 647 3072 cardine
666 3033 837 3071 vertitur.
869 3033 947 3070 Sed
968 3032 1152 3070 fortitudo
1177 3039 1233 3070 est
1253 3032 1352 3070 circa

271 3089 440 3138 pericula
468 3088 614 3134 mortis,
636 3100 736 3136 quae
757 3099 843 3125 raro
874 3094 1081 3124 occurrunt
1108 3086 1147 3123 in
1174 3086 1253 3123 vita
1281 3087 1351 3123 hu-

274 3154 400 3187 mana.
430 3143 534 3190 Ergo
563 3140 746 3180 fortitudo
767 3154 846 3179 non
867 3141 982 3179 debet
1001 3140 1094 3190 poni
1122 3139 1243 3177 virtus
1273 3153 1352 3179 car-

275 3195 408 3233 dinalis
438 3195 518 3233 sive
548 3195 778 3245 principalis.

329 3250 404 3287 SED
419 3261 566 3287 coum
582 3261 649 3287 EST
663 3250 770 3299 quod
788 3249 1011 3297 Gregorius,
1027 3249 1134 3285 XXII
1154 3247 1301 3284 Moral.
1318 3247 1351 3294 ²¹²,

276 3310 312 3339 et
338 3304 587 3351 Ambrosius,
616 3315 731 3353 super
761 3303 855 3340 Luc.
880 3302 920 3349 ²⁸²,
958 3310 994 3339 et
1030 3301 1284 3350 Augustinus,
1313 3300 1352 3337 in

275 3356 371 3394 libro
390 3356 436 3393 de
454 3357 633 3394 Moribus
650 3356 775 3394 Eccle.
798 3357 830 3402 ²⁸,
861 3363 1066 3394 numerant
1090 3355 1349 3393 fortitudinem

274 3410 370 3448 inter
398 3417 562 3459 quatuor
589 3410 747 3448 virtutes
771 3410 984 3448 cardinales
1013 3422 1080 3447 seu
1109 3409 1350 3459 principales.
1378 3409 1380 3441 ἰ

329 3534 357 3566 α)
376 3535 486 3565 quanto.
498 3545 518 3552 -
535 3533 645 3565 quando
665 3532 762 3558 BEFK.

330 3568 356 3602 β)
377 3568 575 3594 discedendum.
589 3582 608 3588 -
627 3567 839 3595 descendendum
863 3569 1027 3602 BCFKLpA,
1047 3569 1202 3595 discendum
1228 3569 1262 3600 H,
1281 3569 1351 3595 desi-
1376 3572 1378 3604 ξ

275 3605 399 3630 stendum
419 3605 438 3629 l.

485 2292 508 2318 n
550 2290 765 2317 unnecmum
806 2290 861 2316 stc
903 2289 1147 2315 Paocemrua.
1190 2277 1380 2315 Videtur,

1463 2277 1692 2314 Respoum-:o
1712 2287 1900 2313 DICENDUM
1921 2275 2039 2324 quod,
2056 2274 2152 2312 sicut
2171 2287 2287 2324 supra
2302 2274 2322 2297 ’¹‘
2342 2275 2486 2314 dictum

1408 2338 1481 2378 est,
1511 2330 1670 2368 virtutes
1709 2329 1920 2367 cardinales
1955 2341 2023 2366 seu
2047 2328 2276 2378 principales
2311 2329 2488 2367 dicuntur

1408 2397 1507 2434 quae
1542 2383 1750 2434 praecipue
1779 2383 1850 2421 sibi
1887 2382 2083 2421 vindicant
2119 2382 2156 2420 id
2186 2383 2291 2432 quod
2325 2384 2488 2432 pertinet

1378 2462 1380 2469 ι
1408 2438 1666 2476 communiter
1681 2438 1731 2475 ad
1745 2439 1916 2475 virtutes.
1940 2439 2040 2474 Inter
2055 2436 2146 2474 alias
2166 2445 2295 2474 autem
2311 2449 2487 2475 commu-

1408 2505 1476 2530 nes
1490 2492 1641 2530 virtutis
1661 2491 1914 2538 conditiones,
1935 2503 2013 2528 una
2037 2491 2193 2540 ponitur
2209 2492 2381 2540 firmiter
2401 2504 2487 2541 ope-

1407 2547 1501 2594 rari,
1521 2554 1564 2584 ut
1590 2553 1694 2596 patet
1718 2546 1757 2583 in
1777 2547 1809 2583 ΙΙ
1829 2546 1950 2583 Ethic.
1972 2545 1992 2567 *
2021 2545 2196 2582 Laudem
2217 2553 2347 2582 autem
2367 2546 2487 2583 firmi-

1407 2601 1492 2639 tatis
1511 2600 1711 2651 potissime
1732 2599 1803 2637 sibi
1822 2599 1991 2638 vindicat
2010 2598 2206 2636 fortitudo.
2232 2599 2361 2636 Tanto
2383 2599 2487 2636 enim

1411 2655 1533 2704 magis
1561 2654 1740 2692 laudatur
1767 2653 1832 2703 qui
1859 2653 2021 2691 'firmiter
2049 2660 2132 2700 stat,
2154 2660 2299 2701 quanto
2321 2658 2338 2674 ²
2366 2654 2487 2690 habet

1407 2709 1560 2757 gravius
1587 2709 1788 2758 impellens
1817 2707 1867 2745 ad
1896 2707 2115 2745 cadendum
2149 2707 2212 2744 vel
2246 2707 2487 2744 retroceden-

1408 2764 1514 2800 dum.
1546 2763 1708 2812 Impellit
1729 2769 1859 2799 autem
1883 2761 2082 2799 hominem
2103 2762 2152 2798 ad
2173 2760 2450 2798 discedendum
2473 2759 2488 2790 β

1407 2818 1456 2855 ab
1493 2829 1540 2854 eo
1570 2818 1676 2866 quod
1706 2823 1762 2853 est
1794 2815 2009 2853 secundum
2039 2814 2227 2852 rationem
2269 2822 2305 2851 et
2337 2815 2486 2852 bonum

1407 2872 1600 2909 delectans
1621 2878 1658 2908 et
1684 2870 1830 2907 malum
1857 2869 2042 2918 affiigens,
2064 2869 2132 2906 sed
2151 2868 2306 2917 gravius
2325 2868 2487 2918 impellit

1407 2926 1519 2963 dolor
1548 2924 1720 2974 corporis
1749 2935 1868 2972 quam
1906 2924 2108 2972 voluptas:
2149 2922 2236 2960 dicit
2274 2922 2377 2960 enirn
2407 2924 2485 2959 Au-

1406 2979 1591 3028 gustinus,
1607 2979 1646 3016 in
1666 2978 1762 3016 libro
1783 2977 1983 3028 Octoginta
2003 2978 2118 3014 trium
2139 2977 2289 3019 Quaest.
2306 2976 2341 3014 ²⁸:
2357 2977 2485 3014 Nemo

1407 3039 1462 3071 est
1487 3033 1554 3082 qui
1580 3045 1656 3070 non
1676 3032 1803 3082 magis
1824 3031 1994 3068 dolorem
2003 3032 2143 3081 fugiat
2168 3042 2283 3079 quam
2303 3030 2486 3079 affectatY

1406 3087 1654 3136 voluptatem:
1690 3085 1994 3135 quandoquidem
2031 3084 2202 3122 videmus
2230 3090 2266 3121 et
2292 3083 2485 3120 immanis-

1406 3141 1523 3178 simas
1542 3141 1678 3178 bestias
1696 3152 1720 3177 a
1739 3139 1921 3177 maximis
1941 3139 2192 3187 voluptatibus
2215 3138 2403 3174 exterreri
2420 3137 2484 3174 do-

1405 3195 1532 3232 lorum
1561 3201 1674 3231 metu.
1714 3195 1764 3231 Et
1791 3194 1887 3231 inter
1916 3193 2070 3230 dolores
2105 3191 2221 3229 animi
2252 3199 2288 3228 et
2317 3190 2486 3240 pericula

1408 3248 1575 3284 maxime
1611 3248 1792 3285 timentur
1820 3259 1866 3283 ea
1902 3259 2002 3295 quae
2038 3248 2182 3282 ducunt
2219 3245 2268 3282 ad
2304 3253 2484 3291 mortem,

1409 3310 1540 3338 contra
1569 3313 1670 3349 quae
1707 3300 1868 3338 firmiter
1906 3308 1977 3336 stat
2005 3299 2123 3336 fortis.
2163 3299 2275 3336 Unde
2304 3298 2485 3336 fortitudo

1407 3363 1463 3392 est
1490 3355 1611 3391 virtus
1641 3354 1854 3391 cardinalis.

1460 3410 1520 3446 Ao
1550 3420 1690 3446 ramum
1710 3419 1809 3445 ERGO
1838 3418 2026 3444 mesanum
2047 3406 2153 3455 quod
2182 3406 2344 3444 audacia
2375 3414 2410 3443 et
2430 3407 2485 3443 ira

1458 3534 1486 3566 γ)
1507 3532 1656 3566 affectat.-
1675 3531 1781 3565 affectet
1803 3531 1959 3561 PGHIKLa,
1983 3531 2109 3565 affectent
2132 3531 2161 3555 C.

2516 1304 2582 1324 'Art.
2591 1309 2611 1329 ις
2620 1303 2650 1324 cf.
2660 1302 2729 1324 Corn-

2514 1333 2585 1352 ment.
2601 1329 2657 1352 ibid.

2517 1616 2526 1625 ⁸
2541 1614 2576 1636 Cf.
2592 1617 2634 1636 art.
2650 1620 2670 1642 3.

2517 2283 2524 2291 ·
2534 2281 2558 2302 1·
2569 2281 2623 2308 11²⁸,
2635 2288 2675 2310 qu.
2683 2288 2729 2307 axi,

2516 2312 2561 2331 art.
2575 2315 2595 2338 3,
2610 2316 2635 2336 4.

2607 2561 2639 2582 ιν,
2654 2561 2678 2577 n.
2692 2562 2731 2584 3.-

2614 2582 2666 2604 lect.
2682 2588 2714 2603 iv.

2515 2555 2599 2604 {aa

2514 2983 2523 2993 ⁶
2536 2982 2583 3010 Qu.
2598 2988 2678 3005 xxxvi.
