2768 4198
852 276 1120 324 QUAESTIO
1151 274 1364 320 CXXVIII,
1395 274 1693 312 ARTICULUS
1723 275 1916 312 UNICUS

1458 354 1518 389 AD
1547 365 1711 395 QUINTUM
1740 365 1926 390 D1CENDUM
1962 353 2069 401 quod
2105 351 2393 402 perseverantia
2422 364 2479 387 se-

286 282 332 318 52

279 361 402 397 animi
418 360 546 408 ampla
567 359 732 407 quadam
753 363 787 394 et
805 355 996 404 splendida
1013 353 1270 402 propositione
1288 363 1349 388 co·
1375 351 1377 367 ³

277 414 411 464 gitatio
440 419 552 461 atque
579 411 864 455 administratio,
887 409 983 444 idest
1012 406 1197 452 executio,
1220 413 1260 442 ut
1280 405 1350 442 sci·
1375 429 1377 479 4
1406 405 1577 443 cundum
1607 407 1714 454 quod
1740 406 1829 444 dicit
1849 407 2137 444 continuitatem
2159 406 2250 443 boni
2271 405 2398 454 operis
2417 417 2479 440 us-

279 467 365 503 licet
392 468 523 515 amplo
552 464 750 513 proposito
780 460 1055 499 administratio
1086 471 1166 495 non
1195 458 1302 496 desit.
1324 479 1349 486 -
1376 481 1377 493 1
1405 470 1480 507 que
1508 459 1547 495 in
1575 460 1713 507 finem,
1743 460 2027 497 circumstantia
2063 460 2190 497 omnis
2217 459 2366 496 virtutis
2396 470 2478 494 esse

280 520 387 557 Haec
408 532 497 567 ergo
519 521 609 564 duo,
630 517 660 554 si
682 522 921 553 coarctentur
940 513 989 550 ad
1008 512 1205 561 prop-riam
1229 520 1349 549 mate·
1404 519 1541 560 potest.
1571 513 1733 550 Ponitur
1751 521 1882 551 autem
1902 526 1990 563 pars
2013 513 2243 551 fortitudinis
2264 512 2478 549 secundum

279 573 373 609 riam
395 571 632 617 fortitudinis,
655 570 794 606 scilicet
814 568 861 604 ad
883 566 1051 615 pericula
1071 565 1217 612 mortis,
1242 573 1351 602 erunt
1405 566 1511 614 quod
1541 566 1686 603 dictum
1717 575 1774 603 est
1787 566 1818 603 ²¹⁴.

279 627 386 675 quasi
414 634 540 674 partes
569 624 767 670 integrales
797 620 930 668 ipsius,
969 619 1050 656 sine
1079 619 1218 668 quibus
1247 618 1351 655 forti-
1376 620 1378 660 J
1457 620 1518 655 An
1555 631 1701 656 813wa
1741 631 1931 657 mcENDUM
1973 621 2078 668 quod
2109 620 2339 661 Macrobius
2372 617 2480 667 ponit

277 681 369 716 tudo
400 692 483 715 esse
504 690 583 715 non
601 683 737 725 potest.
770 674 809 710 Si
830 681 959 710 autem
981 673 1192 709 referantur
1217 672 1266 709 ad
1286 671 1350 708 ali·
1377 717 1378 721 Ἰ
1405 679 1572 719 quatuor
1607 672 1802 720 praedicta
1831 685 1853 709 a
1881 673 2010 710 Tullio
2040 674 2176 722 posita,
2207 673 2348 710 scilicet
2374 672 2479 720 fidu-

277 745 373 781 quas
411 732 502 768 alias
540 729 718 767 materias
755 727 792 763 in
832 726 970 775 quibus
999 733 1055 762 est
1091 726 1218 762 minus
1252 725 1350 761 diffi-
1377 763 1378 772 ἵ
1405 724 1518 770 ciam,
1547 725 1891 775 magnificentiam,
1921 726 2181 773 tolerantiam,
2219 739 2338 776 quam
2372 725 2481 774 ponit

277 785 436 831 cultatis,
468 792 576 820 erunt
603 782 761 818 virtutes
785 780 982 816 distinctae
1003 791 1024 815 a
1045 778 1264 816 fortitudine
1294 789 1352 814 se·
1376 778 1378 818 ἓ
1405 778 1493 814 loco
1515 778 1733 825 patientiae,
1764 786 1801 814 et
1828 779 2070 826 firmitatem,
2107 792 2226 828 quarn
2254 779 2365 829 ponit
2393 780 2479 815 loco

277 840 446 875 cundum
486 836 675 885 speciem,
719 842 850 870 tamen
888 833 1144 880 adiungentur
1183 831 1216 868 ei
1255 831 1351 868 sicut
1376 832 1719 884 lperseverantiae.
1759 832 1992 880 Superaddit
2020 842 2149 871 autem
2178 834 2262 870 tria.
2300 833 2479 879 Quorum

275 891 542 929 secundarium
564 887 780 937 principali:
801 888 897 924 sicut
917 885 1203 934 magnificentia
1221 897 1244 921 a
1264 884 1352 922 Phi·
1377 925 1378 928 Ἰ
1406 884 1498 930 duo,
1527 884 1670 921 scilicet
1698 885 1997 934 magnanimitas
2026 893 2062 922 et
2085 887 2278 933 securitas,
2307 899 2330 923 a
2350 885 2480 923 Tullio

37 956 45 963 ·
60 954 115 1002 ‹JTag-
129 960 163 1001 ¹¹1v
184 959 204 974 n·
227 959 246 995 '.²
275 946 452 993 losoph0,
473 943 510 979 in
528 943 579 979 IV
592 941 758 989 Ethic.*,
774 941 931 991 ponitur
951 940 1051 977 circa
1066 951 1231 988 magnos
1247 950 1351 975 sum·
1376 975 1378 987 1
1406 938 1477 974 sub
1509 938 1660 986 fiducia
1698 938 2102 987 comprehenduntur:
2147 940 2215 976 sed
2257 940 2481 977 Macrobius

34 988 70 1054 {t
91 985 244 1054 Ιῐξὺξῖῗεξξ
274 1007 378 1047 ptus;
409 996 703 1045 magnanimitas
731 1002 881 1039 autern,
921 1006 1020 1043 quae
1058 993 1211 1031 videtur
1244 992 1350 1029 idem
1376 991 1378 1012 ⁶
1406 991 1527 1040 magis
1555 1003 1625 1040 per
1653 991 1832 1040 specialia
1861 991 2066 1040 distinguit.
2106 993 2210 1029 Nam
2239 993 2382 1030 fiducia
2410 993 2480 1029 im-

109 1050 113 1054 ’
151 1050 155 1056 ’
185 1050 189 1054 ’
241 1050 244 1053 ”
275 1064 356 1088 esse
385 1050 563 1097 fiduciae,
595 1050 695 1086 circa
723 1061 886 1097 magnos
914 1049 1085 1085 honores
1099 1047 1131 1084 ²¹⁶.
1404 1053 1531 1094 portat
1560 1057 1671 1094 spem
1698 1045 1866 1082 hominis
1885 1045 1934 1082 ad
1957 1058 2108 1094 magna.
2140 1046 2238 1095 Spes
2267 1054 2396 1083 autem
2417 1058 2481 1082 cu-

327 1105 388 1141 Ad
409 1104 526 1141 alium
546 1111 676 1140 autern
698 1111 826 1139 actum
848 1101 1090 1148 fortitudinis,
1107 1101 1173 1150 qui
1194 1107 1249 1136 est
1269 1111 1351 1136 sus·
1403 1099 1555 1136 iuslibet
1573 1099 1627 1135 rei
1642 1099 1922 1148 praesupponit
1941 1099 2153 1148 appetitum
2175 1099 2214 1136 in
2234 1111 2375 1147 magna
2394 1111 2482 1148 pro-

273 1159 406 1204 tinere,
428 1158 506 1195 duo
537 1158 792 1206 requiruntur.
824 1157 1004 1203 Quorum
1027 1155 1198 1204 primurn
1218 1161 1274 1190 est
1300 1165 1350 1189 ne
1404 1160 1557 1190 tensum
1586 1165 1656 1201 per
1674 1153 1919 1200 desiderium,
1941 1153 2051 1202 quod
2068 1153 2232 1202 pertinet
2251 1153 2300 1190 ad
2319 1164 2482 1203 magna-

274 1212 494 1250 difficultate
530 1210 814 1248 imminentium
850 1210 1041 1246 malorum
1072 1208 1222 1246 animus
1250 1207 1350 1244 fran-
1374 1238 1378 1244 .
1404 1206 1633 1244 nimitatem:
1671 1206 1816 1244 dictum
1855 1214 1911 1244 est
1939 1206 2043 1244 enim
2073 1206 2223 1256 supra*
2257 1206 2366 1255 quod
2393 1217 2482 1257 spes
2511 1220 2521 1229 ·
2541 1219 2554 1232 ⁴

1404 1260 1682 1309 praesupponit
1711 1273 1887 1298 amorem
1908 1268 1945 1298 et
1964 1260 2199 1298 desiderium
2219 1260 2274 1297 rei
2293 1267 2481 1310 speratae.

2509 560 2518 568 ”
2533 558 2557 579 ln
2575 564 2681 586 corpore.

44 1067 69 1082 ec
82 1077 86 1081 .
102 1066 151 1081 vin.

35 1090 44 1098 ·
59 1087 125 1109 lbid..
146 1086 184 1107 lib.
205 1086 245 1108 lV.

34 1119 183 1163 {stamineas
199 1119 230 1160 iii.

273 1274 383 1314 gatur
401 1278 469 1314 per
488 1265 688 1310 tristitiam,
711 1272 748 1301 et
767 1264 919 1301 decidat
940 1275 962 1300 a
982 1275 1050 1300 sua
1071 1260 1348 1310 magnitudine.

154 1332 173 1347 0¹
222 1326 244 1347 m
274 1321 323 1357 Et
343 1327 531 1368 quantum
551 1319 601 1356 ad
621 1319 696 1355 hoc
716 1317 826 1366 ponit
838 1317 1075 1366 patientiam.
1097 1316 1212 1354 Unde
1232 1314 1349 1352 dicit*

274 1373 380 1422 quod
409 1373 593 1422 patientia
620 1378 673 1409 est
699 1372 900 1408 honestatis
934 1377 1003 1408 aut
1034 1370 1198 1407 utilitatis
1232 1380 1348 1406 causa

274 1440 403 1465 rerum
424 1428 637 1464 arduarum
657 1437 704 1462 ac
731 1424 944 1474 difficilium
962 1424 1179 1462 voluntaria
1203 1434 1250 1459 ac
1268 1422 1350 1459 diu-

274 1487 386 1518 turna
411 1481 614 1530 perpessio.
636 1500 660 1507 -
681 1479 797 1516 Aliud
817 1486 948 1516 autem
969 1486 1026 1515 est
1044 1486 1085 1514 ut
1105 1489 1149 1514 ex
1170 1476 1350 1514 diuturna

275 1535 488 1573 difficilium
518 1534 699 1583 passione
717 1533 838 1569 homo
858 1545 939 1569 non
959 1532 1133 1580 fatigetur
1155 1542 1280 1579 usque
1300 1530 1349 1567 ad
1375 1534 1377 1583 l

274 1590 349 1626 hoc
369 1589 475 1638 quod
492 1588 664 1626 desistat:
685 1586 899 1624 secundum
915 1586 1006 1623 illud
1020 1586 1122 1622 Heh.
1138 1583 1235 1621 xn*:
1255 1584 1348 1621 Non

1403 1314 1476 1351 Vel
1503 1314 1642 1351 melius
1675 1322 1803 1363 potest
1832 1314 1905 1352 dici
1934 1315 2040 1364 quod
2073 1314 2215 1352 fiducia
2242 1313 2406 1363 pertinet
2433 1314 2482 1351 ad

1404 1367 1485 1416 spei
1500 1365 1513 1389 θ
1543 1368 1828 1414 certitudinem3
1851 1368 2149 1416 magnanimitas
2169 1375 2299 1406 autem
2327 1367 2377 1405 ad
2401 1379 2482 1405 ma-

1403 1421 1643 1469 gnitudinem
1663 1422 1716 1458 rei
1736 1430 1924 1471 speratae.
1944 1442 1971 1450 —
1991 1423 2088 1472 Spes
2112 1429 2243 1460 autem
2262 1422 2378 1459 firma
2399 1433 2483 1460 esse

1405 1487 1484 1513 non
1511 1483 1638 1524 potest
1665 1475 1736 1513 nisi
1765 1483 1992 1513 amoveatur
2025 1476 2278 1514 contrarium:
2309 1475 2483 1525 quando-

1405 1541 1483 1577 que
1511 1530 1614 1566 enim
1640 1529 1788 1579 aliquis,
1819 1537 2009 1578 quantum
2030 1542 2076 1567 ex
2096 1530 2224 1579 seipso
2254 1537 2323 1578 est,
2354 1541 2484 1579 spera-

1405 1590 1460 1620 ret
1479 1589 1486 1604 ¹
1511 1582 1667 1632 aliquid,
1689 1583 1757 1621 sed
1781 1595 1869 1633 spes
1888 1583 2033 1621 tollitur
2051 1591 2210 1633 propter
2225 1583 2483 1633 impedimen-

34 1648 43 1656 ·
58 1646 124 1668 Vm.
140 1653 159 1675 ³-
1404 1644 1487 1674 tum
1506 1637 1675 1683 timoris;
1705 1637 1821 1675 timor
1841 1637 1944 1674 enim
1969 1637 2267 1686 quodammodo
2284 1636 2370 1687 'spei
2390 1648 2482 1674 con-

1404 1690 1592 1738 trariatur,
1613 1698 1655 1728 ut
1673 1703 1789 1740 supra
1804 1691 1824 1713 ’¹‘
1851 1691 2027 1729 habitum
2050 1700 2116 1729 est.
2147 1692 2197 1729 Et
2219 1690 2308 1729 ideo
2330 1691 2482 1728 Macro-

1406 1744 1490 1781 bius
1520 1744 1626 1781 addit
1643 1745 1895 1791 securitatem,
1925 1757 2026 1794 quae
2047 1745 2214 1782 excludit
2240 1744 2436 1782 timorem.
2456 1764 2481 1772 -

263 1643 500 1693 fatigemini,
521 1642 659 1679 animis
686 1641 818 1677 vestris
836 1640 1059 1688 deficientes.
1090 1639 1138 1676 Et
1158 1645 1349 1687 quantum
1375 1645 1377 1665 Ξ

275 1697 323 1734 ad
353 1698 428 1733 hoc
448 1696 557 1745 ponit
578 1694 917 1744 perseverantiam.
947 1693 1060 1731 Unde
1090 1691 1213 1730 dicit*
1241 1691 1349 1740 quod
1375 1706 1377 1745 ξ

269 1750 555 1800 perseverantia
584 1755 639 1785 est
665 1749 702 1784 in
732 1748 879 1800 ratione
898 1748 992 1784 bene
1020 1746 1258 1783 considerata
1276 1751 1350 1782 sta-

2509 1701 2610 1752 gdlb‘d„
2635 1705 2679 1725 m.
2699 1709 2724 1730 4,

33 1754 43 1763 ⁸
58 1752 111 1774 Loc.
129 1754 167 1774 cit.
2553 1735 2569 1752 ¹·

79 2513 99 2527 u.
110 2510 211 2532 xvimm.
222 2512 246 2534 5;

83 2533 125 2559 1¹²²,
137 2539 175 2561 qu.
184 2539 230 2554 un
241 2549 245 2559 ,

49 2564 76 2582 rt.
92 2566 112 2588 3.

274 1805 356 1841 bilis
383 1810 419 1840 et
443 1808 629 1852 perpetua
657 1801 889 1851 permansio.
919 1822 944 1830 —
974 1801 1082 1837 Haec
1112 1799 1226 1836 etiam
1257 1798 1348 1845 duo,

274 1858 304 1894 si
334 1865 575 1894 coarctentur
594 1855 644 1892 ad
663 1854 861 1903 propriam
885 1853 1086 1891 materiam
1107 1851 1349 1898 fortitudinis,

274 1920 384 1948 erunt
411 1917 540 1959 partes
560 1908 670 1958 quasi
690 1908 893 1956 Integrales
923 1907 1053 1956 ipsius.
1084 1906 1124 1943 Si
1151 1913 1280 1942 autern
1300 1905 1349 1942 ad

273 1976 540 2013 quascumque
569 1961 748 2000 materias
778 1961 950 1998 difficiles
979 1961 1203 2006 referantur,
1239 1966 1351 1996 erunt

272 2019 430 2056 virtutes
459 2030 481 2055 a
510 2016 729 2054 fortitudine
759 2015 969 2060 distinctae,
1001 2023 1037 2052 et
1064 2021 1195 2051 tamen
1225 2013 1258 2050 ei
1284 2012 1350 2050 ad-

273 2073 477 2121 iungentur
506 2071 601 2108 sicut
629 2069 879 2107 secundariae
908 2068 1118 2118 principali.

327 2129 386 2163 Αι)
416 2137 554 2162 PRIMUM
588 2135 687 2161 ERGO
716 2135 903 2161 melerinum
933 2123 1037 2171 quod
1068 2120 1351 2169 magnificentia

275 2181 374 2218 circa
404 2179 605 2216 materiam
644 2176 876 2214 liberalitatis
910 2176 1016 2213 addit
1043 2175 1240 2224 quandam
1270 2186 1350 2211 ma-

274 2234 525 2283 gnitudinem,
543 2244 642 2281 quae
656 2231 821 2280 pertinet
835 2230 885 2267 ad
902 2231 1086 2267 rationem
1101 2228 1222 2275 ardui,
1243 2227 1351 2277 quod

276 2296 332 2325 est
360 2287 557 2324 obiectum
586 2285 803 2332 irascibilis,
835 2296 952 2332 quam
983 2282 1240 2332 principaliter
1267 2293 1352 2331 per-

275 2342 354 2379 ficit
382 2340 577 2378 fortitudo.
608 2340 657 2376 Et
686 2351 732 2376 ex
760 2339 833 2375 hac
853 2345 958 2387 parte
988 2337 1151 2387 pertinet
1170 2336 1219 2374 ad
1249 2335 1351 2372 forti-

275 2395 461 2433 tudinem.

329 2451 388 2486 An
418 2459 612 2486 SECUNDUM
641 2457 829 2484 chENDUM
859 2445 964 2494 quod
993 2456 1082 2494 spes
1101 2456 1180 2492 qua
1199 2443 1283 2492 quis
1304 2442 1352 2480 de

275 2505 362 2540 Deo
388 2501 558 2549 confidit,
579 2501 735 2551 ponitur
752 2499 874 2537 virtus
893 2498 1122 2547 theologica,
1143 2505 1184 2534 ut
1207 2495 1353 2546 supra*

274 2557 449 2595 habitum
480 2563 547 2592 est.
579 2555 657 2592 Sed
686 2566 756 2604 per
783 2552 969 2591 fiduciam
991 2565 1091 2601 quae
1112 2563 1215 2589 nunc
1243 2549 1352 2600 poni—

274 2619 334 2648 tur
364 2608 592 2647 fortitudinis
613 2621 713 2658 pars,
735 2608 856 2645 homo
878 2607 993 2644 habet
1014 2618 1123 2656 spem
1142 2605 1182 2643 in
1203 2605 1351 2654 seipso:
1378 2645 1380 2656 Α

274 2673 403 2702 tamen
435 2664 507 2700 sub
536 2663 635 2700 Deo.

328 2721 387 2755 At>
415 2728 578 2755 marum
612 2727 799 2753 nucerinum
833 2714 940 2762 quod
973 2725 1240 2762 quascumque
1271 2724 1352 2749 ma·
1379 2755 1380 2762 ἵ

274 2785 368 2821 gnas
396 2784 456 2808 res
485 2770 640 2819 aggredi
667 2769 820 2807 videtur
848 2780 931 2805 esse
959 2768 1233 2817 periculosum,
1263 2766 1353 2816 quia
1379 2804 1381 2818 ÷

275 2827 313 2864 in
341 2826 400 2863 his
429 2825 596 2863 deficere
626 2831 682 2860 est
714 2823 828 2860 valde
859 2822 1056 2859 nocivum.
1093 2821 1206 2859 Unde
1237 2820 1351 2857 etiarn

275 2881 305 2918 si
335 2877 619 2927 magnificentia
649 2885 685 2915 et
704 2877 846 2914 fiducia
867 2876 966 2913 circa
990 2887 1262 2924 quaecumque
1282 2874 1354 2911 alia

275 2945 416 2981 magna
444 2932 642 2981 operanda
670 2932 733 2968 vel
763 2929 1019 2978 aggredienda
1048 2936 1257 2978 ponantur,
1287 2929 1353 2966 ha-

275 2989 367 3025 bent
386 2986 582 3035 quandam
599 2985 824 3022 affinitatem
846 2996 934 3021 curn
956 2982 1189 3029 fortitudine,
1207 2982 1353 3020 ratione

276 3041 434 3091 periculi
463 3039 712 3077 imminentis.

330 3097 390 3132 AD
417 3105 593 3138 QUARTUM
622 3103 810 3130 monimum
839 3091 946 3140 quod
976 3090 1156 3140 patientia
1185 3102 1264 3127 non
1293 3101 1354 3126 so-

277 3149 357 3186 lum
386 3147 627 3198 perpetitur-'¹
656 3146 826 3196 pericula
855 3144 1004 3191 mortis,
1041 3144 1140 3181 circa
1168 3155 1269 3192 quae
1298 3151 1354 3180 est

278 3202 482 3249 fortitudo,
521 3202 668 3250 absque
707 3198 1035 3249 superabundanti
1073 3197 1241 3246 tristitia,
1284 3198 1354 3235 sed

279 3255 393 3292 etiam
422 3266 695 3304 quaecumque
730 3253 802 3291 alia
831 3252 999 3291 difficilia
1028 3264 1097 3288 seu
1125 3251 1352 3300 periculosa.

280 3309 329 3345 Et
356 3309 571 3346 secundum
607 3309 682 3345 hoc
710 3307 867 3357 ponitur
893 3306 1016 3344 virtus
1044 3305 1223 3343 adiuncta
1251 3304 1354 3342 forti-

279 3362 412 3399 tudini.
430 3383 454 3390 —
472 3364 703 3411 inquantum
724 3368 854 3398 autem
872 3368 928 3398 est
948 3360 1047 3397 circa
1062 3359 1230 3409 pericula
1250 3371 1353 3397 mor·

279 3415 337 3461 tis,
368 3423 423 3452 est
452 3428 540 3464 pars
569 3414 760 3462 integralis
790 3414 918 3463 ipsius,

335 3532 361 3562 η)
378 3529 538 3562 perpetitur.
551 3542 571 3548 —
585 3529 690 3561 petitur·
709 3528 759 3558 BF,
778 3529 882 3560 appetit
908 3529 939 3558 D,
954 3529 1073 3562 perperit
1099 3529 1131 3558 H,
1148 3527 1307 3560 perpatitur
1325 3527 1355 3558 L,

277 3566 385 3598 patitur
404 3565 441 3590 Pa
461 3570 486 3590 et
504 3566 526 3589 Α
547 3565 571 3589 in
591 3570 658 3597 spat.
678 3572 732 3588 vac.

335 3600 359 3634 Θ)
378 3601 443 3634 spei.
457 3615 471 3620 -
485 3601 554 3634 fidei
572 3601 612 3625 ed.
631 3608 648 3624 a
668 3605 693 3624 ct
713 3599 814 3624 codices
835 3605 938 3631 excepta
959 3599 1002 3625 sC.

337 3638 355 3670 ι)
375 3639 505 3670 speraret.
519 3650 538 3655 -
556 3639 648 3668 sperat
666 3636 712 3660 Pa.

336 3675 361 3704 κ)
381 3676 414 3698 et.
430 3687 446 3691 —
465 3673 527 3697 Om.
547 3670 771 3696 BCDEFGHlKa.

1405 1797 1581 1834 Tertium
1611 1806 1742 1835 autem
1771 1798 1889 1845 addit,
1919 1798 2061 1836 scilicet
2088 1799 2351 1844 constantiam,
2380 1810 2481 1847 quae

1405 1852 1478 1888 sub
1515 1852 1800 1901 magnificentia
1835 1852 2115 1900 comprehendi
2150 1859 2277 1901 potest
2294 1851 2332 1889 *z
2366 1863 2481 1901 opor-
2510 1862 2520 1871 ·

1404 1912 1457 1941 tet
1485 1904 1590 1942 enim
1620 1904 1659 1941 in
1678 1904 1736 1942 his
1756 1917 1857 1953 quae
1877 1905 2084 1953 magnifice
2112 1905 2247 1955 aliquis
2266 1905 2368 1953 facit,
2390 1917 2481 1943 con·

1404 1965 1568 1995 stantem
1598 1958 1774 1995 animum
1793 1959 1950 1996 habere.
1980 1959 2030 1996 Et
2048 1958 2137 1996 ideo
2157 1958 2308 1996 Tullius
2331 1959 2380 1996 ad
2401 1970 2483 1996 ma-

1377 2042 1379 2059 ,
1404 2011 1666 2061 gnificentiam
1703 2011 1895 2061 pertinere
1934 2012 2023 2050 dicit
2051 2024 2132 2050 non
2167 2013 2293 2050 solum
2321 2012 2482 2050 admini-

1377 2061 1378 2113 ]
1404 2065 1624 2103 strationem
1663 2077 1794 2103 rerum
1824 2078 2081 2117 magnarum,
2120 2067 2189 2104 sed
2219 2066 2335 2104 etiarn
2363 2065 2486 2103 animi

1377 2119 1379 2129 '
1405 2121 1575 2169 amplam
1613 2120 1930 2170 excogitationem
1969 2121 2151 2170 ipsarum.
2195 2121 2328 2158 Potest
2365 2119 2483 2158 etiam

1406 2173 1619 2211 constantia
1648 2175 1697 2211 ad
1724 2175 2051 2222 perseverantiam
2080 2173 2292 2224 pertinere:
2321 2180 2364 2211 ut
2393 2185 2483 2222 per·

1404 2239 1583 2264 severans
1613 2226 1758 2264 dicatur
1787 2227 1923 2277 aliquis
1952 2240 1998 2264 ex
2028 2240 2075 2265 eo
2105 2228 2211 2277 quod
2231 2240 2311 2265 non
2340 2227 2485 2265 desistit

1406 2289 1564 2331 propter
1583 2280 1890 2327 diuturnitatem3
1906 2287 2082 2318 constans
2101 2289 2231 2319 autem
2248 2293 2293 2319 ex
2309 2293 2357 2318 eo
2377 2281 2482 2330 quod

1407 2348 1486 2372 non
1502 2333 1647 2372 desistit
1665 2342 1823 2385 propter
1841 2347 2112 2385 quaecumque
2133 2334 2205 2373 alia
2221 2334 2482 2384 repugnantia.

1462 2389 1527 2426 llla
1556 2389 1671 2425 etiam
1709 2400 1809 2438 quae
1837 2388 2083 2426 Andronicus
2121 2388 2231 2438 ponit
2265 2388 2316 2426 ad
2343 2388 2482 2427 eadem

1406 2443 1596 2492 pertinere
1615 2442 1805 2480 videntur.
1822 2442 1936 2480 Ponit
1955 2442 2058 2480 enim
2074 2442 2400 2491 perseverantiam
2420 2447 2483 2479 et²²

1407 2496 1734 2547 magnificentiam
1773 2508 1862 2534 curn
1902 2496 2032 2534 Tullio
2070 2506 2107 2533 et
2139 2497 2363 2542 Macrobio;
2402 2507 2483 2533 ma-

1405 2551 1698 2601 gnanimitatem
1728 2558 1857 2588 autern
1880 2562 1970 2587 cum
1991 2549 2207 2588 Macrobio.
2229 2570 2253 2579 -
2273 2551 2395 2587 Lema
2415 2561 2482 2587 au-

1406 2612 1485 2642 tem
1516 2612 1572 2642 est
1600 2604 1704 2642 idem
1725 2604 1831 2653 quod
1854 2604 2039 2652 patientia
2061 2604 2125 2642 vel
2145 2604 2365 2642 tolerantia:
2395 2602 2485 2641 dicit

1406 2713 1459 2750 ad
1484 2713 1620 2749 conari
1646 2713 1774 2762 qualia
1803 2718 1961 2761 oportet,
1989 2717 2026 2748 et
2050 2712 2234 2750 sustinere
2258 2723 2358 2761 quae
2385 2711 2484 2749 ratio

1407 2767 1504 2804 dicit.
1527 2787 1551 2794 -
1570 2767 1791 2816 Eupsychia
1817 2773 1960 2814 autem,
1977 2765 2074 2803 idest
2092 2771 2111 2795 Ι*
2129 2767 2230 2803 bona
2249 2765 2482 2811 animositas,

1379 2830 1381 2856 ι
1408 2821 1510 2858 idem
1526 2820 1678 2858 videtur
1693 2832 1776 2857 esse
1793 2820 1898 2870 quod
1912 2820 2113 2858 securitas.-
2130 2819 2220 2858 dicit
2233 2818 2483 2868 enim*quod
2512 2823 2525 2834 ⁸

1379 2881 1381 2908 i
1409 2882 1464 2912 est
1492 2876 1612 2912 robur
1639 2875 1793 2912 animae
1811 2874 1863 2911 ad
1883 2874 2159 2923 perficiendum
2178 2884 2296 2923 opera
2315 2873 2442 2922 ἱρείας.
2459 2892 2483 2900 -

1414 2929 1580 2967 Virilitas
1608 2936 1738 2966 autem
1766 2928 1869 2966 idem
1901 2940 1986 2966 esse
2009 2927 2165 2966 videtur
2191 2926 2298 2977 quod
2314 2926 2484 2975 fiducia:

1409 2983 1498 3021 dicit
1526 2982 1628 3020 enim
1642 2982 1663 3004 '⁸
1682 2982 1788 3031 quod
1814 2981 1975 3020 virilitas
1997 2987 2053 3019 est
2068 2981 2218 3019 habitus
2230 2992 2304 3030 per
2319 2992 2361 3017 se
2378 2980 2484 3028 suffi-
2512 2983 2524 2993 ⁸

1408 3038 1509 3074 ciens
1537 3036 1696 3073 tributus
1725 3036 1763 3073 in
1787 3036 1845 3073 his
1869 3041 1995 3085 quae⁹
2020 3035 2227 3073 secundum
2254 3034 2482 3071 virtutem.-

1408 3090 1726 3141 Magnificentiae
1753 3097 1882 3127 autem
1902 3089 2009 3128 addit
2035 3088 2347 3139 andragathim,
2373 3087 2484 3136 quasi

1407 3144 1556 3182 vir-Hem
1571 3144 1787 3190 bonitatem,
1807 3155 1908 3192 quae
1927 3142 2032 3193 apud
2048 3154 2123 3180 nos
2137 3141 2339 3180 armenas
2358 3149 2484 3190 potest

1408 3198 1493 3236 dici.
1523 3198 1585 3236 Ad
1606 3196 1933 3246 magnificentiam
1962 3195 2066 3234 enim
2082 3193 2096 3221 ‘
2122 3195 2286 3245 pertinet
2313 3207 2392 3232 non
2422 3207 2483 3233 so-

1407 3253 1487 3289 lum
1517 3252 1623 3301 quod
1651 3252 1774 3288 homo
1803 3251 1984 3288 consistat
2010 3249 2049 3287 in
2070 3248 2296 3286 executione
2324 3261 2484 3298 magno·

1409 3318 1494 3343 rum
1525 3317 1702 3356 opernm,
1723 3304 1830 3353 quod
1849 3303 2014 3353 pertinet
2041 3302 2090 3340 ad
2113 3303 2386 3340 constantiam.-
2414 3303 2482 3341 sed

1379 3404 1381 3414 Ι
1407 3360 1522 3397 etiam
1540 3371 1629 3396 cum
1650 3357 1819 3407 quadarn
1839 3356 1936 3394 virili
1951 3356 2155 3406 prudentia
2175 3364 2212 3393 et
2230 3356 2483 3394 sollicitudine

1378 3420 1382 3444 ¹
1408 3426 1453 3450 ea
1469 3419 1690 3460 exequatur,
1711 3410 1817 3460 quod
1836 3410 1998 3459 pertinet
2017 3410 2065 3448 ad
2085 3410 2380 3460 andragathium
2402 3410 2482 3447 sive

1380 3528 1383 3536 ¹
1461 3525 1490 3560 λ)
1507 3529 1662 3559 promptus.
1674 3539 1694 3545 -—
1707 3528 1851 3558 promptos
1869 3525 2063 3551 ABCDFGKL.

1380 3568 1381 3585 l
1463 3562 1492 3596 μ)
1514 3562 1591 3588 idest.
1603 3575 1622 3581 —
1641 3564 1667 3586 et
1687 3562 1789 3587 codices
1809 3566 1835 3587 et
1853 3569 1878 3586 a.

1461 3598 1485 3629 ν)
1504 3605 1582 3631 quae.
1594 3611 1614 3618 -
1631 3600 1694 3623 sunt
1713 3597 1811 3622 addunt
1828 3597 1909 3628 ADG,
1930 3603 1989 3630 post
2009 3597 2134 3623 virtutem
2161 3597 2232 3623 ΡΗα.

1463 3631 1486 3664 ξ)
1506 3633 1584 3658 enim.
1599 3647 1617 3652 -
1631 3636 1720 3658 autem
1743 3632 1865 3658 PGHKa.

1407 2658 1510 2696 enirn
1526 2658 1548 2680 '¹‘
1566 2659 1674 2706 quod
1694 2658 1793 2696 lema
1817 2663 1873 2695 est
1896 2658 2046 2696 habitus
2064 2655 2294 2707 promptus²
2317 2657 2486 2695 tribuens
2513 2663 2724 2693 ‘boe-umut-
