2768 4198
75 1217 83 1226 ⁸
97 1215 132 1238 cf.
152 1221 213 1236 num.
234 1221 282 1242 seq.

72 1526 81 1534 '⁵
100 1525 134 1547 Cf.
151 1531 214 1546 num.
230 1531 280 1546 νιιι.

71 1613 80 1622 ·
94 1612 129 1634 Cf.
152 1618 214 1634 num.
230 1619 280 1634 xm.

69 1747 80 1757 ⁸
93 1746 128 1768 Cs.
145 1752 207 1767 num.
223 1752 266 1768 vm.

68 1791 79 1801 ⁶
92 1790 148 1821 Loe.
163 1790 201 1812 cit.
217 1796 280 1812 num.

69 1823 98 1843 vi,
113 1821 162 1838 init.

67 2236 75 2245 ⁸
90 2235 143 2256 Luc>
159 2235 197 2256 cit.
213 2241 275 2257 num¹

66 2268 115 2287 νιιι,
131 2268 180 2289 cap.
197 2268 226 2288 n,
241 2268 275 2283 ιιι.

66 2858 75 2867 ·
90 2857 157 2879 Num.
174 2864 222 2885 νιιι,
238 2858 274 2879 tinv

68 2986 76 2994 ⁸
98 2986 153 3007 Par-t⁴
178 2987 215 3011 111,
237 2993 274 3014 qu.

67 3018 128 3047 axxi,
144 3017 184 3034 art.
199 3019 217 3041 5.

66 3038 275 3091 Anssialfel’igralt:

67 3097 116 3121 cap.
145 3098 183 3112 xix
211 3099 275 3120 sqq.;

67 3117 105 3138 lib.
121 3117 149 3143 II,
164 3124 212 3145 cap.
229 3125 258 3140 iv.

69 3161 77 3171 ⁶
97 3161 131 3182 Ct.
152 3167 212 3183 num.
229 3169 275 3183 vni.

332 291 407 327 250

323 370 443 401 actibus
474 368 624 399 ordinatis
647 368 686 398 ad
717 367 973 398 seminationem:
1005 366 1077 396 licet
1101 371 1176 395 tunc
1200 363 1290 404 sequi
1320 373 1387 394 non
1412 391 1414 409 ζ

322 414 431 455 possit.
457 413 497 444 Et
520 413 572 443 illa
596 412 760 443 delectatio
784 419 844 447 est,
865 417 895 440 et
917 411 949 440 in
973 409 1148 450 quantitate
1172 415 1202 438 et
1226 407 1386 448 qualitate,

323 457 482 490 dissimilis
495 457 563 488 isti:
587 456 740 497 quoniam
765 454 928 485 delectatio
945 453 997 483 illa
1016 462 1191 492 puerorum
1211 458 1257 482 est
1280 461 1385 492 parva,
1411 475 1412 478 ,

322 511 352 535 et
374 512 440 533 non
456 508 502 532 est
524 500 710 542 quietativa;
734 499 905 529 mulierum
924 504 1031 528 autem
1051 496 1216 527 delectatio
1240 496 1273 526 in
1293 495 1386 526 semi·
1410 516 1412 541 ,³

1410 551 1411 555 ¹
1440 539 1496 580 qui
1518 547 1651 571 vocatur
1683 541 1810 581 sanguis
1839 542 2012 580 menstrui,
2037 543 2145 584 quam*
2167 544 2278 581 albus,
2303 544 2359 585 qui
2382 551 2514 575 vocatur

321 547 448 578 natione
471 552 502 576 et
524 552 570 576 est
592 554 716 584 magna,
734 550 764 573 et
788 549 834 572 est
848 541 1017 582 quietativa
1041 540 1315 580 concupiscentiae
1331 549 1383 570 ve-

321 600 439 622 nereae.
465 589 505 620 Et
528 589 553 619 si
569 589 647 619 bene
663 586 839 622 adverteris,
857 585 996 616 invenies
1013 586 1101 625 quod
1122 584 1288 615 delectatio
1308 594 1384 614 con·
1409 600 1411 624 ι

320 633 490 666 fricationis
523 633 555 663 in
579 632 684 672 pueris
714 637 875 661 attestatur
906 629 998 659 nobis
1021 629 1096 670 quia
1119 628 1264 669 apposita
1297 635 1343 659 est
1366 639 1384 658 a
1409 665 1411 678 ;

319 687 430 710 natura
453 677 536 708 actui
559 676 614 717 qui
639 682 684 706 est
707 682 742 705 ut
764 674 814 703 via
831 674 870 704 ad
893 673 1146 710 seminationem,
1164 683 1245 713 quae
1270 679 1317 703 est
1331 682 1383 712 ge·
1408 702 1410 710 ,

1408 749 1410 756 2
1438 717 1561 748 albetur
1583 718 1698 748 maiori
1722 718 1923 749 decoctione:
1948 726 1984 750 ut
2007 720 2098 751 aiunt
2112 720 2144 751 hi
2161 721 2217 762 qui
2241 721 2433 762 digestiones
2452 722 2511 752 hu-

318 722 488 754 nerationis
512 720 713 761 principium.

370 767 438 799 Nisi
462 766 546 797 enim
569 765 631 795 hoc
655 765 801 799 obstaret,
819 763 972 793 sententia
991 762 1169 793 Aristotelis
1193 772 1230 792 ex
1253 761 1383 792 sensibi—
1408 791 1410 795 ,

315 814 397 844 libus
421 810 527 841 efficax
556 809 782 840 ostenderetur.
814 807 978 844 Quoniam
1008 817 1074 837 non
1099 807 1206 837 solum
1235 813 1281 837 est
1309 816 1383 836 vera
1408 846 1409 852 ἵ

315 858 367 887 illa
391 854 582 890 affirmativa,
601 853 717 883 scilicet
741 852 829 892 quod
854 851 1102 882 concomitantia
1125 861 1233 882 semen
1248 851 1280 881 in
1300 861 1382 881 mas·
1407 881 1409 891 ⁴

316 901 387 932 culo
412 905 485 930 sunt
514 898 566 928 illa
589 907 671 938 quae
696 896 953 927 concomitantur
983 903 1145 927 menstrua
1169 896 1202 926 in
1232 895 1380 926 muliere:
1407 910 1409 943 ᾗ

1407 945 1408 949 ’
1436 946 1568 970 suerunt
1591 940 1699 980 ipsum
1723 940 1854 970 essede
1872 950 1987 980 genere
2010 941 2173 981 sanguinis
2197 943 2361 980 menstrui,
2377 951 2408 974 et
2431 953 2509 980 esse,

314 945 368 976 sed
392 951 437 975 est
459 952 531 972 vera
561 941 715 982 negativa,
739 941 857 972 scilicet
880 941 969 982 quod
1001 940 1250 971 concomitantia
1273 949 1383 970 semen

313 990 344 1020 in
367 987 510 1018 masculo
535 996 601 1016 non
629 985 884 1016 concomitantur
917 985 1160 1016 seminationem
1180 985 1212 1015 in
1237 984 1380 1015 muliere.

313 1032 475 1071 Quoniam
489 1031 638 1062 mulieres
653 1031 748 1070 longe
764 1036 835 1060 ante
848 1030 1046 1071 pubertatem
1063 1029 1230 1066 seminant,
1244 1036 1274 1060 et
1286 1030 1381 1069 longe

311 1084 384 1118 post
400 1075 636 1112 fecunditatem,
654 1075 772 1105 scilicet
787 1081 922 1105 aetatem
939 1081 1189 1111 menstruorum,
1207 1073 1379 1104 seminant:

311 1122 398 1162 quod
429 1130 495 1151 non
526 1126 607 1151 esset
630 1119 656 1149 si
680 1119 848 1150 seminatio
873 1119 1046 1150 mulierum
1077 1119 1116 1149 ad
1143 1118 1382 1158 generationem

311 1165 517 1197 ordinaretur.

365 1211 403 1240 X.
428 1210 548 1240 Verum
578 1207 670 1249 quia,
696 1214 731 1238 ut
761 1208 865 1249 post*
894 1207 1072 1248 apparebit,
1098 1207 1176 1238 haec
1206 1217 1272 1238 non
1304 1217 1380 1238 con—

309 1254 455 1290 vincunt;
484 1253 564 1284 ratio
588 1258 697 1283 autem
720 1262 758 1282 ex
780 1252 843 1283 fine
872 1258 1002 1292 sumpta
1031 1251 1172 1282 multum
1196 1261 1312 1292 cogens
1335 1251 1380 1281 vi—

309 1299 415 1330 detur:
445 1298 562 1329 idcirco
590 1307 627 1328 ex
646 1294 719 1327 ‘hoc
746 1297 915 1338 supposito
944 1296 1119 1337 principio,
1143 1296 1261 1327 scilicet
1291 1296 1381 1337 quod

309 1343 476 1375 seminatio
507 1341 680 1372 mulierum
704 1341 744 1371 ad
766 1341 1004 1382 generationem
1035 1341 1213 1372 secundum
1241 1351 1274 1371 se
1297 1341 1381 1371 ordi-

308 1395 412 1424 natur,
429 1386 643 1428 procedendo,
663 1393 794 1426 apparet
816 1386 906 1427 quod
930 1392 1058 1426 oportet
1080 1385 1215 1417 alterum
1239 1386 1380 1416 duorum

309 1433 426 1469 dicere;
451 1438 506 1462 aut
528 1431 619 1472 quod
642 1429 808 1462 ordinatur
830 1431 870 1461 ad
885 1430 1125 1471 generationem
1149 1430 1326 1461 secundum
1347 1440 1380 1460 se

309 1484 339 1508 et
363 1484 398 1508 ut
420 1476 454 1507 in
477 1475 592 1507 talibus
615 1474 797 1512 individuis,
815 1475 932 1506 scilicet
955 1475 1152 1511 mulieribus,
1173 1481 1204 1506 et
1226 1481 1302 1506 tunc
1326 1484 1380 1505 oc-

308 1521 403 1553 currit
427 1527 481 1551 aut
503 1519 615 1551 Galeni
645 1526 700 1550 aut
728 1520 909 1551 Avicennae
931 1519 982 1550 via
997 1520 1029 1556 *;
1061 1526 1117 1550 aut
1140 1520 1228 1560 quod
1252 1518 1379 1549 ordina-

308 1573 359 1597 tur
382 1566 422 1596 ad
445 1564 683 1605 generationem
706 1565 884 1596 secundum
907 1574 940 1594 se
963 1570 1098 1600 tantum,
1124 1571 1154 1595 et
1177 1571 1253 1595 tunc
1269 1573 1379 1594 occur-

308 1611 347 1641 rit
370 1610 419 1640 via
443 1609 506 1640 divi
529 1609 677 1639 Thomae
690 1608 716 1639 *.

363 1654 580 1685 Discernendo
597 1653 754 1693 siquidem
771 1659 802 1683 et
818 1652 1028 1683 examinando
1045 1652 1185 1692 singulas
1198 1652 1378 1692 opiniones,

308 1698 473 1729 manifeste
489 1704 620 1739 apparet
636 1698 725 1738 quod
742 1697 821 1727 ratio
838 1697 1016 1728 Aristotelis
1032 1696 1223 1727 sufficienter
1242 1697 1380 1728 excludit

307 1743 395 1774 illam
419 1742 605 1783 opinionem
629 1751 727 1782 quam
751 1748 878 1772 secutus
903 1748 948 1772 est
965 1741 1136 1772 Galenus*
1160 1747 1190 1771 et
1206 1750 1242 1771 ex
1259 1751 1378 1781 propo-

307 1787 368 1818 sito
385 1787 570 1818 Aristoteles
585 1785 786 1826 impugnavit
797 1786 823 1816 *.
848 1786 931 1816 Nam
948 1793 1059 1816 natura
1075 1785 1204 1815 seminis
1220 1792 1250 1816 et
1266 1792 1379 1815 natura

307 1831 468 1871 sanguinis
484 1831 637 1861 menstrui
654 1830 848 1860 diversarum
865 1836 940 1860 sunt
954 1830 1126 1860 rationum.
1151 1829 1193 1860 Et
1211 1836 1377 1869 propterea

306 1876 389 1915 viget
412 1875 491 1905 ratio
515 1875 702 1912 Aristotelis,
727 1875 816 1914 quod
841 1874 865 1904 si
890 1883 998 1904 semen
1021 1874 1054 1904 in
1078 1873 1211 1904 muliere
1233 1879 1279 1904 est
1302 1883 1377 1913 pro-

305 1919 485 1960 portionale
509 1918 622 1949 semini
645 1919 678 1948 in
701 1918 780 1955 viro,
806 1919 895 1959 quod
919 1925 1121 1950 menstruum
1145 1927 1210 1948 non
1235 1925 1281 1948 est
1297 1918 1378 1948 illud

305 1963 558 2004 proportionale:
585 1970 615 1993 et
638 1963 663 1993 si
687 1969 888 1994 menstruum
912 1970 958 1993 est
981 1962 1231 2004 proportionale,
1249 1972 1315 1992 non
1332 1969 1378 1992 est

305 2018 412 2039 semen
437 2008 515 2038 illud
548 2007 798 2048 proportionale.
829 2007 870 2038 Et
893 2017 967 2038 cum
998 2018 1034 2038 ex
1067 2006 1267 2038 sensibilibus
1291 2005 1377 2037 suffi-

305 2053 420 2084 cienter
443 2053 596 2083 habeatur
619 2052 708 2092 quod
732 2058 934 2082 menstruum
958 2059 1004 2083 est
1027 2052 1107 2082 illud
1123 2050 1376 2092 proportionale,

303 2097 446 2138 sequitur
469 2096 559 2137 quod
581 2106 690 2127 semen
714 2106 780 2126 non
805 2103 852 2127 est
875 2096 955 2127 illud
979 2096 1220 2137 proportionale
1246 2096 1279 2126 in
1306 2105 1376 2126 mu-

302 2141 386 2172 liere.
411 2142 451 2173 Et
473 2150 546 2171 vere
569 2141 681 2181 opinio
705 2140 763 2171 ista
786 2140 914 2171 nullum
937 2140 1031 2172 habet
1054 2141 1303 2172 fundamentum
1323 2150 1375 2171 so-

302 2186 404 2229 lidum
427 2186 461 2216 in
484 2185 605 2216 ratione
638 2192 694 2216 aut
716 2185 749 2215 in
773 2185 984 2216 sensibilibus.
1018 2186 1111 2216 Unde
1136 2185 1276 2216 Galenus
1306 2194 1375 2224 gra-

303 2231 382 2262 viter
411 2231 450 2261 ab
473 2230 635 2260 Avicenna
666 2229 922 2270 reprehenditur,
947 2229 1009 2260 hoc
1037 2230 1070 2260 in
1097 2230 1171 2260 loco
1186 2230 1214 2260 *.
1238 2247 1258 2252 -
1282 2229 1375 2260 Ratio

303 2282 411 2306 autem
434 2274 546 2305 Galeni
571 2273 718 2304 facillime
749 2274 892 2310 solvitur,
918 2274 1053 2305 dicendo
1077 2274 1165 2314 quod
1198 2273 1277 2304 ratio
1301 2273 1376 2304 assi-

304 2319 476 2349 milationis
505 2317 561 2348 filii
585 2319 624 2348 ad
655 2325 789 2349 matrem
820 2325 866 2349 est
894 2318 969 2358 quia
1001 2325 1101 2349 mater
1133 2317 1273 2348 effective
1303 2317 1377 2348 facit

304 2363 468 2394 materiam
491 2362 604 2402 prolis:
630 2372 695 2393 non
720 2362 795 2403 quia
819 2362 950 2392 materia
973 2362 1041 2402 ipsa
1065 2372 1147 2404 quae
1170 2373 1187 2392 a
1207 2368 1306 2392 matre
1329 2361 1374 2399 fit,

304 2407 459 2439 coefficiat
481 2407 593 2438 semini
616 2406 699 2437 virili
724 2413 759 2437 ut
782 2416 891 2437 semen
915 2406 1100 2438 coefficeret.
1132 2407 1179 2437 Ex
1202 2406 1264 2437 hoc
1289 2406 1374 2436 enim

303 2452 392 2493 quod
416 2458 515 2482 mater
538 2450 633 2482 efficit
656 2451 831 2487 materiam,
848 2451 992 2492 sequitur
1007 2451 1096 2492 quod
1119 2450 1214 2488 filius,
1231 2450 1291 2481 nisi
1307 2461 1374 2481 ma-

302 2496 379 2528 teria
406 2506 423 2526 a
449 2495 568 2526 semine
597 2495 655 2525 viri
684 2496 735 2526 vel
764 2495 892 2526 aliunde
924 2495 1059 2526 declinet
1088 2506 1106 2525 a
1135 2495 1374 2526 conditionibus

303 2551 381 2582 quas
405 2540 533 2571 sortitur
556 2550 574 2570 a
597 2549 655 2570 sua
678 2539 813 2577 factrice,
837 2540 1027 2571 assimiletur
1051 2539 1152 2570 matri.
1177 2540 1218 2571 Et
1242 2539 1304 2570 hoc
1327 2540 1373 2570 in-

302 2586 437 2616 tendunt
461 2584 646 2625 philosophi
671 2584 809 2615 dicentes
828 2585 918 2625 quod
941 2585 967 2615 si
992 2594 1100 2615 semen
1116 2584 1174 2614 viri
1191 2584 1374 2615 dominatur

303 2639 397 2670 super
421 2629 561 2665 materia,
585 2627 669 2659 filius
692 2628 884 2660 assimilatur
907 2628 998 2669 patri,
1016 2635 1046 2660 et
1070 2629 1096 2659 si
1120 2638 1196 2665 non,
1216 2628 1301 2660 filius
1325 2639 1374 2660 as-

302 2674 456 2704 similatur
479 2672 590 2704 matri:
615 2683 681 2703 non
706 2673 795 2714 quod
819 2673 945 2713 negatio
969 2673 1102 2704 dominii
1124 2673 1254 2704 seminis
1278 2673 1374 2704 virilis

302 2719 342 2749 sit
365 2727 459 2748 causa
482 2717 702 2748 affirmationis
725 2717 962 2748 assimilationis
979 2718 1018 2748 ad
1035 2724 1188 2754 matrem;
1212 2718 1265 2748 sed
1286 2718 1372 2759 quia,
1398 2753 1399 2756 Ἰ

303 2773 367 2793 non
393 2762 608 2798 dominando,
633 2762 784 2802 relinquit
809 2761 974 2792 materiam
1002 2772 1077 2792 cum
1108 2762 1373 2802 dispositionibus

302 2817 381 2848 quas
404 2817 422 2836 a
446 2813 545 2837 matre
568 2806 662 2837 habet
690 2806 837 2838 effective.
861 2824 881 2830 -
906 2806 947 2837 Et
970 2813 1138 2847 propterea
1167 2814 1253 2847 patet
1283 2808 1372 2848 quod

303 2850 503 2882 confirmatio
527 2850 613 2881 Scoti
627 2851 644 2870 *
667 2860 734 2882 non
764 2850 928 2882 concludit
950 2851 1039 2891 quod
1070 2850 1201 2882 materia
1231 2858 1372 2882 materna

303 2894 471 2926 coefficiat:
497 2895 552 2925 sed
582 2902 629 2926 sat
657 2902 704 2926 est
733 2896 822 2935 quod
853 2894 992 2926 effective
1021 2895 1060 2926 sit
1083 2905 1101 2925 a
1124 2902 1238 2932 matre,
1264 2902 1299 2927 ut
1328 2896 1372 2927 sic
1396 2925 1398 2931 Α

303 2940 408 2970 omnis
431 2939 616 2970 assimilatio
633 2940 673 2969 ad
689 2949 817 2970 causam
841 2946 992 2980 sequatur
1016 2939 1175 2971 actionem
1198 2940 1283 2971 illius
1299 2950 1372 2971 cau·
1396 2972 1398 2976 ,

303 2994 364 3015 sae.
388 2984 508 3014 Etiam
530 2984 592 3014 hoc
617 2993 760 3024 expresse
784 2984 880 3014 habes
897 2984 935 3014 ab
951 2986 1091 3015 Auctore
1102 2983 1128 3021 ²⁸¹,
1154 2985 1210 3025 qui
1229 2985 1372 3026 sequitur
1396 2996 1397 3005 ¹

303 3029 505 3059 Aristotelem
524 3028 541 3047 *
573 3028 605 3058 in
635 3028 696 3058 hoc
728 3029 817 3069 quod
847 3035 947 3060 mater
977 3029 1085 3059 solum
1119 3028 1275 3060 ministrat
1305 3040 1370 3060 ma-

303 3073 423 3103 teriam.

356 3117 409 3147 Xl.
439 3115 644 3147 Conferendo
675 3123 783 3147 autem
818 3116 975 3147 rationem
1004 3117 1182 3148 Aristotelis
1217 3117 1370 3158 positioni

304 3161 481 3191 Avicennae
497 3167 527 3191 et
542 3160 663 3191 Alberti
677 3160 704 3197 *‚
730 3170 795 3191 non
820 3167 950 3201 apparet
965 3161 1144 3192 Aristotelis
1163 3161 1243 3192 ratio
1263 3161 1371 3193 efficax

304 3212 411 3235 contra
438 3205 536 3236 illam.
570 3205 735 3242 Quoniam
764 3206 851 3245 apud
880 3205 977 3241 istos,
1002 3205 1120 3236 humor
1149 3205 1200 3237 ille
1230 3206 1286 3247 qui
1314 3217 1370 3238 vo-

305 3255 390 3278 catur
413 3259 519 3280 semen
544 3249 708 3286 muliebre,
733 3255 763 3280 et
786 3249 906 3290 puritas
929 3250 1083 3281 menstrui
1108 3251 1278 3291 sanguiniS,
1296 3258 1370 3283 sunt

305 3292 398 3322 unius
422 3293 560 3330 rationis,
577 3301 607 3324 et
630 3304 689 3334 pro
706 3303 773 3324 uno
797 3301 1034 3334 computantur,
1051 3294 1228 3326 differentes
1244 3302 1369 3327 tantum

305 3337 480 3367 secundum
495 3337 594 3377 magis
618 3346 648 3369 et
671 3338 778 3369 minus
803 3346 1004 3370 concoctum.
1027 3339 1068 3370 Et
1091 3339 1174 3376 ideo,
1190 3341 1369 3372 secundum

304 3379 390 3410 illam
413 3380 513 3417 viam,
537 3381 670 3412 dicendo
703 3383 792 3423 quod
816 3390 1017 3414 menstruum
1047 3391 1093 3414 est
1118 3385 1368 3425 proportionale,

306 3433 370 3453 non
400 3425 589 3461 excluditur,
614 3426 668 3456 sed
691 3426 863 3458 includitur
884 3428 937 3458 ille
959 3428 1078 3458 humor
1100 3429 1156 3469 qui
1183 3429 1297 3460 dicitur
1320 3439 1366 3460 se-

306 3476 395 3497 men:
420 3474 449 3497 et
473 3478 490 3498 e
514 3475 636 3505 contra,
661 3470 795 3501 dicendo
825 3472 913 3512 quod
937 3472 989 3503 ille
1016 3473 1135 3503 humor
1157 3480 1204 3504 est
1233 3483 1367 3514 propor-

306 3511 421 3541 tionale
445 3511 476 3541 in
500 3512 646 3548 muliere,
671 3513 842 3545 includitur
868 3517 957 3556 quod
991 3524 1191 3548 menstruum
1219 3524 1265 3549 est
1287 3517 1368 3549 illud

306 3555 553 3595 proportionale.
584 3556 624 3586 Et
647 3558 822 3588 secundum
855 3559 935 3590 hanc
958 3560 1060 3596 viam,
1086 3561 1256 3592 dicendum
1287 3569 1368 3593 esset

305 3599 393 3640 quod
417 3609 534 3636 semen,
552 3601 727 3631 secundum
750 3601 836 3632 illam
861 3603 1087 3642 perfectionem
1110 3615 1174 3646 qua
1197 3613 1243 3636 est
1266 3605 1366 3647 perfe-

305 3650 351 3674 cte
375 3643 524 3674 decoctus
548 3644 684 3683 sanguis,
707 3645 802 3675 simul
826 3646 934 3686 incipit
957 3655 987 3678 et
1009 3648 1122 3679 desinit
1146 3659 1220 3680 cum
1244 3650 1366 3691 reliquo
1391 3683 1394 3690 .

987 286 1253 334 QUAESTIO
1283 284 1421 332 CLIV,
1450 286 1749 324 ARTICULUS
1779 288 1848 323 XII

1443 364 1599 403 sanguine
1622 375 1723 404 puro,
1748 365 1804 405 qui
1828 371 1874 395 est
1897 365 2098 405 superfluum
2123 366 2282 403 alimenti,
2307 367 2363 407 qui
2387 367 2516 407 sanguis

1442 417 1543 447 purus
1559 415 1713 448 purgatur
1731 418 1787 448 per
1806 415 1983 440 menstrua:
2007 409 2080 441 licet
2095 410 2279 451 imperfecte
2298 411 2427 442 inchoet
2443 418 2515 442 ante

1441 452 1651 491 pubertatem,
1676 459 1707 483 et
1730 453 1821 484 duret
1844 459 1918 493 post
1942 453 2178 486 fecunditatem.
2205 455 2250 486 Ita
2266 456 2356 496 quod
2371 465 2447 486 cum
2470 455 2515 486 in-

1442 495 1565 535 cipiunt
1589 503 1761 533 menstrua,
1778 496 1889 537 incipit
1903 497 1937 528 in
1953 498 2141 530 mulieribus
2156 499 2284 540 sanguis
2300 505 2367 531 tam
2385 500 2513 536 rubeus,

1439 593 1566 614 semen:
1597 585 1671 615 licet
1693 585 1744 616 hic
1769 585 1900 626 incipiat
1928 596 1994 617 non
2019 587 2220 628 simpliciter,
2249 589 2305 619 sed
2335 589 2513 619 secundum

1439 639 1530 659 suam
1555 629 1795 668 perfectionem,
1821 636 1907 661 tunc.
1933 631 2069 671 Signum
2089 632 2185 663 huius
2209 633 2360 674 estquod
2385 633 2513 673 sanguis

1437 674 1555 703 rubeus
1578 683 1646 704 non
1669 674 1780 704 transit
1809 674 1842 704 in
1865 675 2045 715 proximam
2075 677 2241 708 materiam
2264 677 2347 708 fetus
2375 677 2436 708 nisi
2460 677 2512 708 de-

1436 761 1578 792 iusmodi
1601 762 1812 793 considerant.

1492 806 1534 837 Et
1550 806 1594 836 sic
1610 807 1692 837 inter
1714 806 1793 837 istos
1809 813 1841 837 et
1859 807 2065 839 Aristotelem
2081 809 2158 840 haec
2174 817 2222 841 est
2237 810 2404 847 dissensio,
2421 811 2511 851 quod

1436 850 1622 882 Aristoteles
1646 861 1755 882 semen
1778 851 1922 882 mulieris
1945 862 1983 883 ex
2006 853 2191 885 necessitate
2220 854 2370 886 materiae
2398 864 2512 895 prove-

1436 895 1504 925 nire
1528 895 1614 932 dixit,
1640 896 1678 926 de
1701 905 1816 936 genere
1832 895 2090 936 superfluitatum
2105 898 2255 929 existens:
2279 898 2331 930 isti
2352 909 2429 930 vero
2454 909 2511 939 po-

1436 994 1501 1015 non
1527 984 1779 1025 superfluitatem
1803 984 1959 1022 absolute,
1984 986 2038 1016 sed
2061 987 2319 1027 superfluitatem
2339 997 2404 1028 qua
2428 988 2510 1019 indi-

1434 1034 1491 1070 get
1514 1034 1652 1067 natura,
1677 1029 1796 1060 scilicet
1828 1029 2081 1069 superfluitatem
2113 1030 2256 1062 alimenti
2288 1033 2510 1064 membrorum

1435 1080 1549 1114 quarta
1573 1073 1750 1114 digestione
1770 1074 1892 1105 decocti
1907 1073 1935 1110 ⁴¹,
1959 1074 2077 1105 scilicet
2093 1075 2256 1116 sanguinis
2271 1076 2404 1117 optimi;
2429 1076 2512 1108 sicut

1435 1118 1532 1148 etiam
1565 1128 1674 1148 semen
1704 1125 1751 1149 est
1773 1118 1837 1149 hoc
1866 1119 1968 1149 modo
1996 1118 2206 1159 superfluum.
2241 1120 2378 1161 Signum
2400 1127 2509 1152 autem

1435 1163 1525 1203 quod
1548 1172 1658 1193 semen
1686 1162 1841 1193 muliebre
1865 1163 1906 1194 sit
1928 1163 2130 1204 superfluitas
2157 1164 2335 1204 sanguinis,
2359 1172 2407 1196 est
2428 1165 2509 1196 illud

1434 1207 1521 1238 idem
1544 1217 1601 1248 per
1624 1207 1714 1248 quod
1737 1207 1922 1238 Aristoteles
1937 1207 1955 1227 *
1977 1207 2096 1239 indicat
2111 1218 2220 1239 semen
2236 1208 2295 1240 viri
2311 1219 2380 1240 esse
2399 1219 2508 1250 super·-

1434 1251 1537 1282 fluum
1561 1251 1742 1292 sanguinis:
1767 1251 1885 1282 scilicet
1907 1252 2006 1293 quod,
2030 1252 2126 1283 nimis
2150 1253 2356 1293 provocando
2372 1254 2509 1285 semina-

1434 1296 1566 1332 tionem,
1584 1296 1646 1327 exit
1662 1295 1790 1336 sanguis
1813 1306 1870 1327 seu
1896 1296 2161 1337 sanguinolentus
2183 1298 2303 1329 humor
2310 1306 2319 1335 ;
2343 1297 2406 1329 hoc
2421 1298 2509 1330 enim

1433 1340 1520 1371 idem
1542 1341 1575 1371 in
1600 1340 1733 1371 muliere
1757 1341 1940 1381 contingere
1964 1348 2130 1382 expertum
2153 1349 2209 1373 est.

1489 1385 1557 1416 XII.
1582 1385 1623 1416 Et
1646 1385 1721 1426 quia
1753 1385 1803 1416 via
1832 1385 1910 1416 haec
1941 1386 2015 1416 satis
2048 1386 2221 1427 probabilis
2251 1386 2377 1418 videtur
2399 1393 2439 1425 et
2460 1396 2508 1418 se-

1434 1430 1578 1460 cundum
1611 1429 1769 1460 rationem
1799 1436 1830 1460 et
1859 1430 2038 1460 secundum
2072 1431 2256 1472 apparentia
2286 1431 2326 1462 ad
2356 1440 2509 1469 sensum,

1433 1474 1506 1504 ideo
1531 1475 1571 1504 ad
1594 1474 1710 1504 indicia
1733 1474 1912 1506 Aristotelis
1926 1474 1944 1494 *
1967 1476 2146 1506 secundum
2169 1485 2242 1506 eam
2265 1475 2437 1506 dicendum
2461 1482 2509 1507 est

1433 1519 1523 1559 quod
1546 1518 1696 1550 mulieres
1718 1519 1915 1560 quandoque
1938 1519 2105 1560 concipere
2121 1519 2189 1551 sine
2211 1520 2265 1551 illa
2287 1520 2507 1558 delectatione,

1433 1573 1499 1594 non
1524 1570 1570 1594 est
1594 1563 1723 1603 signum
1746 1562 1905 1594 sufficiens
1921 1564 2011 1604 quod
2032 1571 2108 1595 tunc
2131 1574 2241 1595 semen
2261 1564 2417 1596 muliebre
2439 1574 2508 1602 non

1434 1614 1614 1639 concurrat:
1638 1607 1703 1644 sed,
1729 1615 1764 1638 ut
1779 1608 1929 1639 Albertus
1952 1608 2028 1640 dicit
2041 1609 2068 1646 *ᾗ
2093 1609 2182 1649 quod
2199 1608 2288 1649 prius
2302 1609 2356 1640 ille
2378 1609 2508 1650 sanguis

1432 1652 1524 1683 albus
1547 1652 1692 1692 pervenit
1714 1652 1763 1684 ad.
1777 1652 1952 1684 matricem.
1976 1653 2059 1684 Puto
2083 1663 2144 1693 ego
2167 1653 2266 1694 quod,
2284 1653 2360 1694 quia
2383 1653 2445 1684 hoc
2460 1661 2508 1686 est

1431 1703 1468 1727 ut
1490 1696 1523 1727 in
1554 1696 1778 1737 paucioribus,
1803 1697 1893 1738 quod
1925 1697 1988 1729 hoc
2017 1704 2064 1728 est
2091 1697 2221 1738 signum
2252 1697 2506 1738 indispositionis

1432 1747 1574 1778 naturae,
1590 1751 1673 1782 quae
1696 1751 1763 1772 non
1787 1741 1960 1772 delectatur
1982 1742 2015 1772 in
2038 1742 2092 1772 illa
2116 1742 2306 1773 emissione:
2324 1742 2415 1779 sicut,
2432 1752 2506 1783 pro-

1431 1793 1501 1825 pter
1522 1785 1707 1816 varietatem
1730 1785 1988 1825 dispositionum,
2013 1786 2139 1827 aliquae
2161 1797 2278 1828 pamm
2301 1787 2506 1824 delectantur,

1430 1829 1556 1870 aliquae
1571 1829 1806 1868 convenienter,
1822 1829 1947 1870 aliquae
1965 1831 2066 1868 valde,
2086 1831 2211 1872 aliquae
2226 1831 2260 1862 in
2274 1837 2399 1862 tanturn
2416 1832 2506 1873 quod

1431 1880 1515 1904 extra
1539 1883 1572 1904 se
1594 1874 1840 1914 quodammodo
1864 1873 1947 1905 fiunt
1968 1874 2002 1905 in
2025 1874 2213 1906 huiusmodi
2233 1875 2414 1911 emissione.

1486 1918 1669 1949 Secundum
1697 1924 1822 1955 autem,
1851 1918 1970 1949 scilicet
1998 1919 2105 1959 quod.
2134 1926 2343 1951 concurrente
2366 1927 2506 1961 utroque

1429 1962 1568 2002 semine,
1593 1972 1660 1993 non
1683 1962 1828 2003 sequitur
1853 1962 2032 2003 generatio,
2056 1963 2212 1994 indicium
2235 1970 2300 2001 est,
2325 1974 2392 1995 non
2415 1964 2507 2006 quod

1429 2017 1538 2038 semen
1563 2017 1628 2037 non
1653 2013 1821 2038 concurrat
1843 2007 1883 2037 ad
1906 2007 2161 2048 generationem,
2186 2008 2242 2039 sed
2264 2008 2341 2049 quia
2368 2018 2435 2039 non
2458 2014 2507 2040 est

1429 2051 1589 2083 sufficiens
1613 2051 1776 2092 passivum
1805 2051 1872 2082 sine
1896 2051 2051 2092 sanguine
2082 2053 2196 2084 rubeo:
2231 2059 2288 2084 aut
2309 2052 2386 2093 quia
2414 2052 2447 2084 in
2470 2054 2507 2084 ee

1429 2103 1476 2127 est
1498 2095 1732 2137 imperfectum,
1750 2102 1786 2126 ut
1804 2103 1877 2127 ante
1901 2097 2101 2136 pubertatem
2121 2103 2152 2128 et
2170 2103 2245 2138 post
2260 2096 2504 2134 fecunditatum

1429 2148 1484 2172 aut
1499 2140 1575 2182 quia
1591 2147 1623 2171 et
1637 2140 1749 2171 similis
1773 2147 1879 2182 potest
1894 2147 2040 2181 tempore
2056 2141 2258 2173 fecunditatis
2281 2141 2420 2173 accidere
2444 2141 2506 2174 dia-

1429 2185 1547 2226 positio
1571 2185 1604 2216 in
1627 2185 1683 2216 illo
1717 2185 1790 2216 albo
1821 2185 1989 2225 sanguine,
2015 2192 2050 2216 ut
2074 2185 2192 2217 scilicet
2219 2186 2259 2217 sit
2286 2186 2329 2217 ita
2355 2185 2504 2228 imperfe-

1429 2237 1518 2261 ctum
1541 2229 1623 2260 sicut
1639 2236 1686 2260 est
1701 2236 1773 2260 ante
1797 2236 1828 2260 et
1851 2236 1925 2270 post
1941 2230 2143 2262 fecunditatis
2165 2237 2317 2267 aetatem;
2341 2237 2399 2262 aut
2415 2230 2502 2272 quin,

1428 2274 1510 2305 sicut
1532 2274 1634 2304 homo
1659 2273 1726 2304 sine
1750 2273 1912 2313 sanguinis
1942 2275 2063 2315 pabulo
2096 2285 2162 2306 non
2186 2274 2279 2312 vivit,
2303 2275 2347 2306 ita
2374 2275 2504 2316 sanguis

2535 1081 2688 1137 cigna-3¹¹³.
2703 1082 2749 1105 ,ω’

2536 1217 2547 1227 ⁸
2591 1223 2612 1239 c.
2622 1217 2672 1244 eit..
2682 1217 2722 1240 lib.
2730 1217 2749 1246 1,

2535 1249 2648 1272 ungu.

2534 1482 2545 1494 ⁸
2557 1480 2628 1505 Num.
2643 1488 2674 1505 vi.

1428 2318 1480 2349 ille
1504 2318 1594 2349 albus
1610 2317 1678 2348 sine
1701 2318 1863 2358 sanguinis
1879 2318 1968 2349 rubei
1992 2319 2112 2359 pabulo
2129 2319 2193 2350 sive
2218 2318 2417 2356 fulcimento,
2435 2329 2503 2352 non
2541 2330 2545 2335 ·

1429 2370 1475 2394 est
1497 2373 1557 2403 pro
1582 2362 1792 2402 conceptione
1815 2361 1985 2393 sufficiens.

1485 2408 1534 2438 Ad
1559 2408 1688 2438 tertium
1713 2416 1788 2437 vero
1811 2406 1966 2438 indicium
1981 2406 2096 2438 dicitur
2119 2407 2219 2448 quod,
2242 2407 2502 2449 quibuscumque

1428 2451 1615 2483 mulieribus
1639 2451 1789 2482 convenit
1812 2458 2030 2488 menstruum,
2055 2451 2175 2482 eisdem
2199 2451 2357 2482 credimus
2385 2462 2502 2484 conve—

1428 2496 1494 2527 nire
1518 2504 1642 2526 semen:
1672 2495 1732 2526 nisi
1756 2495 1837 2527 forte
1870 2506 1926 2536 per
1949 2495 2110 2533 accidens,
2135 2495 2217 2527 sicut
2247 2496 2402 2537 contingit
2424 2507 2498 2528 mu-

1399 2563 1401 2567 .
1426 2541 1535 2572 lierem
1560 2540 1654 2571 etiam
1678 2547 1914 2571 menstruosam
1938 2547 2103 2571 menstruo
2127 2539 2254 2580 privari.
2278 2540 2341 2572 Sed
2368 2540 2502 2582 quibus·

1427 2586 1501 2616 darn
1526 2584 1713 2615 mulieribus
1738 2585 1887 2615 convenit
1902 2585 2057 2615 seminare
2074 2584 2261 2615 sensibiliter
2284 2585 2324 2616 ad
2343 2591 2443 2616 extra:
2469 2592 2501 2618 et

1426 2630 1619 2671 quibusdam
1640 2629 1747 2659 solum
1767 2629 1806 2659 ad
1830 2629 1921 2666 intra,
1938 2629 1981 2660 ita
1998 2636 2034 2660 ut
2049 2639 2115 2660 non
2131 2636 2327 2670 cognoscant
2349 2629 2499 2661 mulieres

1426 2684 1458 2705 se
1482 2674 1646 2710 seminare,
1672 2674 1726 2704 sed
1751 2674 1859 2704 solum
1882 2673 2106 2705 delectabiliter
2129 2674 2336 2711 commoveri,
2353 2683 2429 2705 cum
2451 2684 2501 2705 sa-

1425 2719 1530 2750 tietate
1555 2728 1609 2748 seu
1627 2718 1734 2759 quiete
1757 2718 1867 2755 carnis,
1886 2718 2046 2759 completa
2061 2718 2282 2749 commotione
2305 2728 2404 2760 quam
2427 2728 2498 2750 sen-

1426 2764 1508 2794 tiunt
1532 2763 1627 2793 intus.
1660 2763 1700 2793 Et
1724 2762 1804 2793 forte
1835 2763 1953 2794 nescire
1976 2763 2063 2794 hunc
2097 2763 2261 2804 duplicem
2287 2763 2423 2794 modum
2449 2773 2498 2795 se-

1425 2807 1607 2838 minationis
1631 2817 1726 2838 causa
1752 2814 1799 2838 est
1829 2807 1961 2847 putandi
1989 2808 2079 2848 quod
2103 2818 2170 2838 non
2194 2817 2307 2838 omnes
2330 2807 2498 2839 seminant.

1397 2854 1398 2860 ¹
1425 2853 1558 2892 Signum
1583 2851 1668 2882 enirn
1700 2851 1916 2883 delectationis
1946 2852 2133 2883 seminariae
2161 2858 2208 2883 est
2237 2851 2327 2893 quies
2345 2851 2498 2892 concupi-

1424 2896 1561 2928 scentiae
1585 2896 1727 2932 carnalis,
1744 2906 1799 2927 seu
1824 2896 1949 2927 satietas
1964 2896 2065 2928 carnis
2081 2896 2254 2927 terminans
2277 2895 2497 2928 delectabilem

1425 2940 1689 2973 commotionem.

1480 2986 1530 3016 Ad
1545 2990 1697 3026 quartum
1714 2984 1881 3023 indicium,
1898 2985 1938 3016 de
1961 2985 2147 3026 quantitate,
2163 2984 2279 3016 dicitur
2301 2984 2391 3025 quod
2414 2984 2497 3016 sicut

1424 3029 1570 3070 sanguini
1595 3030 1710 3067 rubeo,
1735 3029 1791 3070 qui
1823 3029 2020 3070 generationi
2047 3028 2159 3066 servit,
2183 3035 2305 3060 tantam
2339 3028 2495 3060 menstrui

1423 3074 1675 3115 superfluitatem
1698 3083 1853 3104 annexam
1876 3073 2036 3110 videmus;
2059 3073 2103 3104 ita
2121 3083 2188 3113 non
2212 3080 2259 3104 est
2281 3079 2444 3104 remotum
2460 3080 2496 3104 ut

1395 3120 1397 3131 ¹
1423 3118 1569 3160 sanguini
1592 3118 1685 3155 albo,
1710 3117 1814 3149 eidem
1837 3117 2034 3159 generationi
2057 3116 2220 3153 servienti,
2244 3117 2400 3148 nonnulla
2423 3117 2495 3149 iun-

1422 3170 1513 3204 gatur
1535 3162 1709 3194 humiditas
1739 3162 1879 3203 impura.
1904 3171 1987 3204 quae
2014 3161 2223 3203 quantitatem
2247 3161 2376 3194 seminis
2402 3172 2493 3193 men-

1422 3208 1498 3240 titur
1521 3207 1678 3238 maiorem
1707 3216 1806 3248 quam
1829 3216 1897 3237 esse
1925 3206 2055 3237 debeat:
2086 3205 2119 3236 in
2149 3205 2268 3236 semina
2298 3206 2492 3246 praesertim,

1422 3252 1577 3294 quoniam
1604 3252 1745 3282 abundat
1774 3250 1928 3287 humido,
1953 3250 2052 3282 crudo
2080 3249 2274 3290 praesertim.
2306 3250 2347 3281 Et
2369 3250 2409 3281 ad
2432 3250 2494 3282 hu·

1422 3296 1563 3328 iusmodi
1587 3296 1677 3326 crudi
1700 3295 1847 3327 humoris
1875 3293 2175 3335 multiplicationem
2203 3301 2344 3335 spectare
2368 3294 2494 3328 videtur

1421 3341 1514 3382 copia
1537 3340 1666 3372 seminis
1689 3339 1818 3370 feminei
1841 3349 1878 3370 ex
1901 3338 1978 3370 cibis
2001 3337 2083 3369 aerei
2107 3338 2239 3379 saporis.

1477 3386 1528 3416 Ad
1558 3386 1705 3426 quintum
1736 3383 1811 3414 dicit
1839 3383 1989 3414 Albenus
2004 3381 2022 3401 *
2045 3383 2134 3423 quod
2163 3393 2230 3414 non
2260 3389 2306 3414 est
2329 3389 2492 3414 remotum

1421 3429 1500 3471 quin
1523 3429 1618 3460 etiam
1649 3427 1774 3459 feminis
1797 3427 1936 3458 aliorum
1965 3426 2153 3458 animalium
2184 3426 2351 3458 conveniat
2379 3426 2491 3458 huius—

1421 3473 1510 3504 modi
1533 3472 1702 3504 seminatio
1725 3471 1767 3502 ad
1789 3471 1880 3502 intra.
2482 3496 2485 3501 ,

1477 3517 1527 3548 Ad
1549 3522 1675 3548 sextum
1699 3521 1807 3547 autem
1830 3514 1985 3546 indicium
2004 3515 2118 3546 dicitur
2140 3515 2230 3556 quod
2253 3514 2381 3552 falsum,
2397 3525 2489 3556 expe—

1420 3561 1530 3593 rientia
1553 3568 1648 3598 teste,
1672 3559 1806 3590 assumit
1832 3559 1865 3590 in
1893 3559 2089 3591 mulieribus.
2120 3559 2285 3598 Quoniam
2312 3559 2383 3591 solo
2413 3568 2489 3590 con-

1420 3613 1515 3643 tactu,
1540 3605 1608 3636 sine
1632 3604 1728 3639 coitu,
1753 3604 1926 3635 seminant:
1951 3610 1983 3635 et
2005 3604 2101 3635 etiam
2123 3605 2190 3635 sine
2213 3610 2371 3640 contactu,
2389 3602 2421 3634 in
2437 3613 2488 3634 so-

1420 3660 1497 3681 mno
1522 3656 1553 3681 et
1568 3649 1601 3680 in
1620 3648 1734 3689 vigilia,
1750 3648 1988 3689 imaginatione,
2005 3655 2062 3679 etc.
2088 3648 2123 3679 In
2140 3647 2264 3679 feminis
2284 3654 2392 3679 autem
2411 3646 2488 3679 alio-

2519 3394 2528 3403 ·
2544 3391 2602 3415 ibid.
