2768 4198
46 556 55 566 ¹·
60 555 96 576 Ps.
102 560 192 581 cxxxvi,
198 560 256 576 vers.

46 588 153 629 Z'Lomb.

47 710 57 720 ⁸
73 709 136 731 Vers.
154 715 183 736 ¹9·

49 1544 58 1553 ⁸
74 1543 110 1564 De
134 1543 258 1571 Superbia.

50 1570 69 1580 ⁸⁸
75 1569 112 1591 Ad
121 1569 205 1591 obieci.
214 1571 259 1598 5⁵¹¹·

48 1600 111 1618 cont.
121 1597 224 1618 conclus.
239 1603 258 1626 3.

49 2517 94 2539 ⁸.Cf
102 2524 149 2546 arg.
151 2517 258 2540 Sedcon-

50 2545 105 2593 trgi
117 2577 177 2599 resp.
187 2571 240 2594 adt.

52 3006 162 3029 ‘Ariston
167 3006 258 3034 Pity-ric.

51 3033 95 3087 ¹¹¹'7
102 3033 155 3054 vm
151 3039 260 3081 ῑι-ῗξῗὲαἶ
287 3046 326 3076 ad
357 3045 531 3085 perfectum
562 3044 594 3075 in
622 3044 678 3075 illo
701 3054 824 3085 genere.
859 3045 946 3075 Haec
977 3051 1084 3075 autem
1115 3045 1257 3084 primitas
1286 3056 1349 3076 non

51 3066 95 3107 [ΩΧ.7

53 3184 163 3205 Aristot.
169 3183 261 3211 physic.

52 3210 90 3232 lib.
100 3210 151 3231 V111
171 3216 212 3238 cap
230 3217 252 3231 ix

53 3242 106 3262 n.;1
122 3217 261 3258 s.'rh.1ect'.

52 3269 100 3285 xix.
141 3263 176 3285 Cf
198 3263 260 3285 Boet.

53 3289 146 3311 Comot.
175 3289 261 3311 ΡΙιιῚοε,

51 3316 93 3338 lib.
104 3316 142 3341 111.
153 3322 216 3343 pros.
231 3322 252 3336 x.

286 308 360 344 326

286 386 539 436 corruptione.
580 387 628 422 Et
655 386 762 431 ideo,
793 385 886 421 sicut
913 384 1010 420 fides
1039 391 1094 419 est
1122 383 1244 431 prima
1272 382 1346 418 vir·
1372 380 1375 431 l

285 448 419 487 tutum,
441 440 490 476 ita
518 439 717 476 infidelitas
739 446 792 474 est
816 438 990 473 ultimum
1019 443 1276 484 peccatorum,
1297 436 1345 471 ad

286 506 401 542 quam
431 494 550 530 homo
580 492 810 540 quandoque
839 502 908 538 per
936 490 1007 526 alia
1026 496 1181 537 peccata
1209 488 1346 538 perdu-

287 546 389 584 citur.
420 546 531 583 Unde
560 557 674 593 super
701 544 790 580 illud
819 543 960 580 Psalmi
979 542 1014 578 *ι
1046 540 1260 587 Exinanite‚
1281 553 1346 577 ex-

286 600 424 636 inanite
440 610 554 646 usque
572 599 623 635 ad
629 598 924 646 fundamentum
945 608 981 632 ιη
1002 607 1060 640 ea,
1078 595 1166 632 dicit
1181 593 1347 632 Glossa*

286 654 390 700 quod
423 652 705 689 coacervatione
732 650 907 686 vitiorum
935 649 1102 696 subrepit
1126 648 1345 697 dfffidentia.

286 707 334 742 Et
361 705 567 754 Apostolus
597 703 694 750 dicit,
717 705 729 739 Ι
760 703 810 739 ad
836 703 930 739 Tim.
962 701 1021 748 1*,
1052 702 1157 749 quod
1181 701 1346 749 quidam,

285 759 498 806 repellentes
529 756 790 793 conscientiam
819 757 971 801 bonam,
991 755 1092 791 circa
1110 755 1232 802 fidem
1255 766 1347 791 nau-

273 812 545 860 fragaverunt.
1374 820 1376 840 1

337 866 395 900 An
425 875 597 906 QUARTUM
631 874 817 900 DICENDUM
855 861 960 910 quod
998 860 1176 910 superbia
1214 860 1349 897 dicitur

286 929 365 953 esse
395 917 662 964 gravissimum
692 923 892 964 peccatum
923 927 967 951 ex
997 927 1043 951 eo
1073 914 1178 962 quod
1207 926 1276 973 per
1308 926 1348 950 se
1375 915 1376 962 l

285 971 465 1018 competit
492 977 697 1018 peccato,
670 974 685 997 ἵ
730 981 773 1005 ex
803 981 879 1016 quo
901 968 1104 1005 attenditur
1123 968 1287 1015 gravitas
1311 967 1348 1004 in
1375 997 1377 1028 Ι

284 1031 452 1072 peccato.
484 1025 532 1060 Et
551 1024 638 1060 ideo
659 1022 837 1071 superbia
858 1029 987 1058 causat
1014 1021 1236 1070 gravitatem
1257 1020 1347 1057 alio·
1375 1030 1377 1048 ¹

284 1089 369 1113 rum
398 1084 655 1125 peccatorum.
686 1076 877 1124 Contingit
906 1088 993 1124 ergo
1014 1083 1100 1112 ante
1130 1074 1348 1124 superbiam
1376 1062 1377 1122 i

336 1209 362 1242 γ)
381 1212 497 1239 peccato.
512 1223 530 1228 -
545 1209 680 1240 principio
701 1208 733 1240 1>;
753 1215 790 1233 ex
808 1215 887 1241 quo...
902 1212 1014 1240 peccato
1032 1216 1084 1234 om.·
1106 1208 1137 1233 G.

338 1244 363 1275 ὃ)
381 1244 488 1269 scilicet.
503 1258 520 1262 —
539 1244 619 1269 etiam
640 1244 686 1270 Pa.

933 304 1199 352 QUAESTIO
1229 304 1383 350 CLXII,

1414 304 1711 343 ARTICULUS
1740 306 1808 342 Vll

1402 395 1485 419 esse
1524 384 1650 432 aliqua
1686 393 1842 432 peccata
1879 385 2044 431 leviora,
2079 397 2176 433 quae
2215 385 2354 422 scilicet
2377 383 2391 406 ὃ
2425 396 2470 421 ex

1401 436 1612 483 ignorantia
1632 438 1694 473 vel
1713 438 1929 475 infirmitate
1950 439 2249 475 committuntur.
2277 439 2353 475 Sed
2374 438 2471 476 inter

1401 489 1531 536 gravia
1546 494 1557 510 ⁸
1577 499 1734 538 peccata
1753 491 1919 539 primum
1941 499 1997 528 est
2016 492 2209 540 superbia:
2240 491 2335 528 sicut
2354 503 2470 528 causa

1402 553 1471 590 per
1499 554 1615 589 quam
1646 543 1718 580 alia
1745 552 1901 591 peccata
1929 553 2193 593 aggravantur.
2233 545 2282 582 Et
2314 545 2402 593 quia
2430 544 2470 582 id

1403 595 1509 642 quod
1538 603 1593 631 est
1619 595 1788 643 primum
1818 596 1856 634 in
1886 599 2082 636 causando
2102 597 2130 641 ζ,
2161 606 2216 635 est
2245 598 2358 635 etiam
2387 597 2470 634 ulti-

1402 702 1653 738 Emundabor
1670 713 1694 738 a
1713 702 1843 739 delicto
1863 704 2048 747 maxime,
2069 705 2158 742 dicit
2177 705 2360 742 Glossa*:
2380 705 2471 741 Hoc

1403 759 1466 800 est,
1487 766 1511 791 a
1530 754 1661 791 delicto
1680 756 1889 804 superbiae,
1910 758 2012 805 quod
2033 763 2088 794 est
2115 758 2286 795 ultimum
2313 758 2470 795 redeun-

1403 808 1498 844 tibus
1526 808 1578 844 ad
1604 809 1741 854 Deum,
1771 814 1807 845 et
1827 810 1996 856 primum
2026 811 2292 848 recedentibus.

1457 864 1515 897 An
1545 872 1708 902 QUiNTtJM
1732 873 1917 900 mesanum
1945 863 2050 912 quod
2079 863 2337 913 Philosophus
2366 864 2473 912 ponit

1404 914 1623 973 superbiam
1653 915 1752 951 circa
1779 915 1976 952 fictionem
2005 916 2246 964 fortitudinis,
2277 930 2355 954 non
2383 917 2472 966 quia

1375 963 1530 1004 solum
1561 968 1598 1004 in
1626 968 1701 1004 hoc
1724 969 1924 1005 consistat:
1955 969 2022 1006 sed
2052 969 2140 1018 quia
2159 982 2229 1021 per
2248 970 2322 1011 hoc
2350 972 2471 1008 homo

1404 1021 1569 1058 maxime
1599 1029 1747 1069 reputat
1775 1034 1814 1058 se
1843 1034 1957 1071 posse
1988 1023 2247 1060 excellentiam
2272 1023 2374 1072 apud
2403 1025 2471 1062 ho-

1405 1074 1527 1112 mines
1556 1075 1752 1123 consequi,
1781 1075 1813 1112 si
1841 1077 1966 1113 audax
1992 1076 2054 1113 vel
2082 1076 2187 1119 fortis
2214 1076 2400 1114 videatur.

1460 1208 1482 1239 ε)
1502 1207 1608 1240 gravia.
1624 1221 1640 1225 -
1658 1207 1788 1240 graviora
1807 1207 1836 1232 P.

1459 1242 1485 1275 ζ)
1504 1243 1651 1268 causando.
1665 1257 1679 1262 —
1697 1245 1809 1275 peccata
1829 1242 1899 1267 addit
1916 1242 1945 1269 P.

958 1324 1293 1356 Commentaria
1316 1322 1570 1355 cardinalis
1592 1322 1793 1355 Caietani

316 1415 335 1435 N
360 1404 492 1435 articulo
516 1404 652 1445 septimo
682 1403 825 1434 eiusdem
853 1403 1047 1444 quaestionis
1071 1403 1349 1434 centesimaesexa-

289 1417 626 1489 Igesimaesecundae,
652 1448 786 1479 dubium
810 1448 947 1478 occurrit
977 1449 1015 1478 de
1035 1458 1098 1489 qua
1122 1447 1279 1488 primitate
1303 1454 1349 1478 est

286 1503 401 1530 sermo,
427 1504 501 1524 cum
523 1493 556 1523 in
573 1493 674 1524 littera
690 1492 890 1523 concluditur
913 1493 1002 1533 quod
1017 1493 1168 1532 superbia
1183 1492 1277 1523 habet
1296 1501 1349 1522 ra-

286 1539 402 1569 tionem
413 1539 522 1578 primi.
539 1538 580 1568 Et
596 1544 642 1568 est
658 1537 736 1567 ratio
750 1537 838 1567 dubii
851 1537 926 1577 quia
941 1537 1094 1567 Martinus
1105 1537 1132 1573 *‚
1146 1537 1178 1567 in
1191 1547 1247 1577 qu.
1260 1547 1293 1566 m
1305 1536 1348 1573 **,

286 1583 431 1622 intelligit
450 1585 623 1613 Auctorem
640 1581 729 1622 loqui
747 1582 785 1611 de
802 1581 959 1621 primitate
975 1581 1120 1621 originis:
1146 1591 1220 1611 cum
1243 1587 1348 1611 tamen
1376 1588 1377 1598 ¹

286 1627 319 1657 in
344 1627 445 1657 littera
468 1627 529 1657 hoc
553 1636 618 1656 non
643 1625 845 1666 exprimatur.

343 1672 392 1701 Ad
417 1671 478 1701 hoc
502 1670 635 1701 dubium
660 1670 775 1700 dicitur
798 1670 886 1710 quod
903 1679 1006 1699 sermo
1024 1670 1143 1700 litterae
1160 1676 1207 1699 est
1229 1670 1268 1700 de
1287 1669 1348 1710 pri-

287 1715 395 1746 mitate
412 1715 565 1745 absolute.
591 1714 754 1752 Quoniam
772 1714 877 1754 plures
894 1714 1066 1753 primitates
1082 1714 1175 1744 habet
1192 1713 1348 1753 superbia.

287 1761 343 1790 Est
372 1760 457 1789 enirn
486 1759 632 1799 superbia
662 1765 827 1799 peccatum
858 1757 998 1797 primum
1027 1757 1137 1788 ordine
1161 1764 1290 1788 naturae
1314 1766 1349 1788 ex

286 1811 373 1844 parte
397 1803 585 1834 aversionis:
611 1810 641 1832 et
664 1803 724 1832 hoc
749 1802 863 1832 directe
886 1802 1047 1832 concludit
1071 1801 1149 1832 ratio
1174 1801 1304 1832 litterae.
1329 1819 1349 1824 -

286 1849 342 1878 Est
362 1856 392 1878 et
415 1854 579 1888 peccatum
604 1847 744 1887 primurn
761 1846 871 1876 ordine
887 1846 1107 1885 generationis,
1124 1855 1190 1875 non
1206 1852 1348 1886 respectu

285 1892 431 1922 omnium
456 1898 658 1931 peccatorum
675 1889 867 1930 simpliciter,
885 1890 939 1919 sed
954 1897 1097 1930 respectu
1115 1890 1259 1929 gravium
1276 1899 1348 1929 pec-

285 1943 446 1966 catorum:
482 1942 517 1966 ut
539 1935 570 1965 in
595 1935 802 1974 responsione
826 1935 865 1964 ad
889 1941 1038 1974 quartum
1063 1934 1186 1964 dicitur.
1220 1934 1260 1964 Et
1289 1934 1349 1964 hoc

285 1980 379 2010 etiam
403 1989 439 2010 ex
456 1980 566 2010 eadem
589 1979 710 2009 litterae
727 1979 847 2009 ratione
864 1978 1074 2009 concluditur.
1098 1996 1118 2001 —
1140 1978 1348 2018 Consequen-

284 2031 330 2055 ter
352 2031 456 2054 tamen
483 2030 528 2054 est
552 2031 581 2054 et
604 2023 746 2063 primum
769 2033 806 2053 ex
827 2030 913 2062 parte
930 2022 1154 2059 conversionis,
1171 2022 1282 2053 ordine
1298 2032 1348 2062 ge·
1376 2035 1377 2050 i

284 2068 455 2099 nerationis
486 2078 551 2098 non
584 2067 792 2103 necessariae,
818 2067 872 2097 sed
901 2067 1075 2107 possibilis,
1101 2075 1136 2098 ut
1159 2067 1191 2097 in
1216 2077 1349 2107 corpore

283 2113 403 2144 articuli
429 2112 574 2143 subditur
597 2122 632 2143 ex
657 2112 855 2152 praecedenti
880 2111 987 2147 Libro,
1012 2122 1065 2152 qu.
1082 2122 1211 2148 mxxrv,
1236 2118 1291 2142 art.
1315 2120 1348 2148 2,

284 2164 315 2188 et
337 2157 367 2188 in
393 2157 600 2197 responsione
624 2157 663 2187 ad
686 2156 827 2196 primum
851 2156 901 2186 hic
924 2156 1116 2187 declaratur:
1141 2156 1217 2197 quia
1233 2156 1350 2187 scilicet

284 2212 349 2233 non
373 2209 420 2232 est
443 2211 568 2232 necesse
592 2201 758 2242 quodlibet
781 2207 947 2240 peccatum
971 2200 1045 2231 oriri
1065 2211 1102 2231 ex
1118 2201 1275 2241 superbia,
1292 2203 1347 2233 sed

284 2247 360 2288 quia
383 2246 547 2287 quodlibet
571 2252 735 2285 peccatum
760 2252 864 2285 potest
888 2255 924 2276 ex
947 2245 1014 2286 ipsa
1039 2245 1125 2276 oriri.

341 2291 433 2322 Unde
464 2297 549 2331 patet
577 2300 662 2320 error
689 2289 814 2320 Martini
846 2289 1040 2330 imponentis
1069 2297 1178 2320 sancto
1203 2289 1349 2322 Thomae

284 2336 373 2377 quod
403 2336 485 2365 dicat
515 2335 696 2374 superbiam
729 2344 795 2364 esse
828 2334 969 2374 primum
1001 2334 1111 2365 ordine
1139 2335 1349 2374 generationis

285 2379 485 2420 simpliciter:
521 2389 594 2409 cum
625 2378 719 2409 huius
748 2378 936 2419 oppositum
963 2378 996 2408 in
1020 2378 1138 2415 littera,
1162 2379 1195 2409 in
1219 2389 1348 2420 respon-

285 2424 375 2455 sione
399 2424 438 2454 ad
462 2430 621 2464 quartum,
643 2433 785 2463 expresse
806 2423 903 2459 dicat;
929 2433 987 2454 nec
1005 2423 1086 2454 ratio
1102 2433 1201 2464 quam
1217 2425 1349 2455 Auctori

285 2469 423 2509 imponit
445 2468 618 2504 Martinus,
643 2468 675 2498 in
699 2470 838 2499 Auctore
867 2467 1055 2498 inveniatur.
1088 2468 1154 2498 Nec
1180 2469 1350 2500 auctoritas

286 2514 351 2550 illa,
369 2514 502 2544 Initium
527 2514 630 2543 omnis
647 2514 771 2552 peccati
793 2512 820 2548 *‚
842 2519 887 2543 est
910 2512 948 2542 ab
966 2514 1104 2543 Auctore
1128 2513 1167 2543 ad
1183 2512 1216 2544 id
1239 2513 1349 2544 allata:

287 2559 398 2594 immo,
411 2558 443 2588 in
466 2557 652 2597 oppositum
669 2556 822 2587 declarata
831 2556 857 2592 *‚
870 2556 902 2586 in
916 2556 1123 2596 responsione
1146 2556 1185 2587 ad
1202 2565 1351 2598 quartum

287 2602 427 2643 exposita
452 2609 497 2632 est
520 2601 609 2642 quod
633 2611 697 2631 non
723 2600 916 2641 simpliciter,
942 2601 996 2631 sed
1021 2601 1052 2631 in
1076 2600 1128 2631 tali
1153 2610 1276 2641 genere,
1295 2603 1350 2633 sci-

286 2647 359 2678 licet
386 2646 547 2686 gravium,
572 2646 765 2686 intelligitur.
798 2646 838 2676 Et
868 2652 1035 2685 propterea
1062 2655 1127 2675 non
1153 2653 1279 2686 oportet
1302 2646 1351 2678 hic

287 2701 359 2722 curn
384 2690 521 2722 Martino
545 2690 716 2731 disputare.

342 2736 378 2766 ΙΙ.
404 2735 438 2765 In
463 2735 577 2766 eodem
599 2734 744 2771 articulo,
768 2744 826 2775 pro
843 2734 1000 2766 evidentia
1014 2733 1143 2770 litterae,
1161 2734 1239 2765 scito
1264 2736 1352 2775 quod

285 2783 407 2811 Auctor
430 2779 607 2810 considerat
630 2779 812 2819 superbiam
835 2786 866 2810 et
889 2789 926 2809 ex
948 2786 1035 2819 parte
1055 2778 1237 2815 aversionis,
1262 2787 1293 2810 et
1316 2790 1352 2810 ex

286 2831 373 2865 parte
397 2823 629 2854 conversionis:
655 2830 685 2854 et
709 2833 745 2854 ex
763 2831 895 2864 utraque
912 2830 1000 2863 parte
1016 2823 1083 2854 vult
1100 2823 1189 2864 quod
1206 2823 1351 2864 superbia

286 2869 326 2899 sit
341 2868 481 2908 primurn
498 2874 712 2908 peccatorum.
734 2867 779 2897 Ex
795 2874 883 2907 parte
899 2868 1030 2908 quidem
1047 2867 1229 2904 aversionis,
1240 2868 1351 2909 probat

287 2913 374 2953 quod
398 2920 444 2943 est
467 2912 618 2952 primum,
644 2912 718 2952 quia
741 2912 862 2942 aversio
887 2912 919 2941 in
943 2922 982 2942 eo
1006 2919 1052 2942 est
1075 2921 1131 2952 per
1154 2921 1202 2948 se,
1226 2911 1259 2942 in
1283 2912 1351 2943 aliis

287 2964 333 2988 est
356 2967 411 2997 per
435 2956 530 2987 aliud.
556 2956 691 2987 Constat
714 2963 822 2986 autem
845 2957 934 2996 quod
954 2966 1050 2986 omne
1074 2965 1131 2996 per
1150 2956 1237 2986 aliud
1261 2957 1350 2987 redu—

287 3001 366 3032 citur
389 3001 429 3031 ad
453 3011 508 3041 per
532 3010 581 3036 se,
606 3007 641 3031 ut
665 3000 821 3040 posterius
849 3001 888 3030 ad
912 3000 999 3040 prius
1017 3000 1050 3036 *,
1076 3007 1106 3031 et
1129 3000 1349 3041 imperfectum

288 3097 413 3129 oportet
436 3089 524 3130 quod
548 3089 587 3120 sit
611 3088 802 3119 necessariae
821 3088 1010 3119 causalitatis
1027 3088 1184 3119 effectivae
1209 3097 1349 3130 respectu
1378 3102 1379 3106 ¹

289 3134 436 3164 omnium
455 3139 674 3174 peccatorum:
700 3133 755 3163 sed
779 3132 942 3163 necessarii
957 3132 1077 3164 ordinis
1095 3133 1255 3171 naturalis,
1273 3134 1352 3165 sicut

289 3178 422 3218 perfecta
440 3177 621 3208 naturaliter
638 3184 712 3207 sunt
731 3177 834 3217 priora
849 3177 1040 3217 imperfectis
1055 3177 1073 3196 ¹⁸
1088 3177 1120 3208 in
1136 3177 1280 3218 quolibet
1299 3189 1350 3219 ge-

289 3231 372 3252 nere.
397 3223 438 3252 Et
464 3222 508 3252 sic
531 3222 679 3261 superbia
702 3231 739 3252 ex
763 3229 849 3261 parte
873 3221 1045 3252 aversionis
1069 3222 1296 3254 consideratur.

342 3267 387 3296 Ex
418 3273 505 3305 parte
529 3273 636 3297 autem
660 3266 886 3303 conversionis,
912 3269 1034 3297 Auctor
1057 3275 1123 3296 non
1147 3266 1234 3298 affert
1256 3267 1349 3299 ratio—

291 3319 379 3345 nem,
403 3310 458 3340 sed
488 3311 595 3341 recitat
625 3311 766 3351 seipsum
794 3310 826 3340 in
850 3311 924 3341 loco
948 3310 1178 3351 praeallegato,
1210 3311 1264 3342 ubi
1289 3311 1350 3342 hoc

291 3353 407 3384 docuit.
439 3354 479 3384 Et
501 3365 572 3384 vere
595 3354 638 3385 sic
663 3361 719 3386 est.
751 3355 836 3392 Quia
866 3365 903 3386 ex
932 3353 995 3385 fine
1023 3354 1205 3395 superbiae,
1235 3355 1351 3387 scilicet

291 3397 487 3428 excellentiae
504 3398 648 3438 propriae
665 3398 816 3439 appetitu,
838 3406 973 3439 possunt
996 3399 1105 3430 omnia
1124 3406 1251 3439 peccata
1266 3399 1349 3431 oriri.

290 3440 331 3470 Et
351 3441 411 3471 hoc
432 3442 524 3471 etiam
541 3445 660 3473 Auctor
680 3443 711 3473 in
735 3450 790 3474 art.
809 3453 826 3473 2
843 3443 938 3474 huius
962 3443 1156 3484 quaestionis
1172 3444 1349 3474 declaravit.
1376 3456 1378 3481 ρ

347 3484 399 3515 ΙΙΙ.
424 3485 458 3514 ln
481 3487 594 3516 eodem
610 3487 742 3517 articulo
759 3487 905 3527 septimo,
923 3487 955 3518 in
970 3488 1180 3528 responsione
1199 3488 1239 3518 ad
1258 3498 1350 3528 quar·
1376 3486 1378 3515 ἰ

291 3535 370 3564 tum,
395 3528 528 3558 dubium
552 3531 695 3566 occurrit,
719 3531 796 3571 quid
819 3531 1060 3571 intelligendum
1077 3532 1116 3562 sit
1139 3532 1349 3572 appellatione

290 3573 441 3613 gravium
460 3578 677 3612 peccatorum,
703 3584 777 3604 cum
794 3577 913 3606 Auctor
929 3575 1019 3606 dicit2
1044 3576 1108 3607 Sed
1130 3577 1214 3607 inter
1230 3578 1348 3618 gravia

285 3621 420 3656 peccata
439 3617 582 3655 primum
607 3623 652 3647 est
674 3619 831 3657 superbia.
857 3619 1038 3650 Obscurum
1062 3619 1181 3661 quippe
1198 3620 1288 3651 valde
1304 3627 1350 3651 est

1375 1408 1377 1441 j
1403 1402 1492 1443 quod
1517 1402 1645 1433 dicitur:
1669 1412 1704 1432 ex
1721 1413 1759 1433 eo
1779 1403 1869 1443 quod
1885 1410 2009 1434 constat
2031 1403 2121 1444 quod
2137 1403 2282 1444 loquitur
2305 1403 2344 1434 de
2366 1403 2472 1445 primo

1375 1442 1377 1455 ⁴
1403 1447 1580 1478 secundum
1597 1447 1743 1477 ordinem
1758 1447 1979 1487 generationis,
1993 1455 2028 1478 ut
2044 1447 2244 1479 convincitur
2255 1457 2293 1479 ex
2304 1448 2473 1480 subiuncta

1376 1529 1377 1538 ἵ
1403 1491 1614 1532 applicatione
1630 1491 1772 1528 Glossae,
1790 1502 1864 1522 cum
1880 1492 1947 1522 eius
1963 1492 2100 1529 ratione;
2117 1502 2176 1523 nec
2192 1500 2238 1524 est
2255 1502 2367 1524 verum
2382 1493 2473 1534 quod

1404 1537 1544 1576 primum
1567 1536 1744 1566 secundum
1767 1536 1914 1567 ordinem
1929 1537 2140 1576 generationis
2164 1537 2245 1568 inter
2257 1544 2387 1577 peccata
2402 1547 2472 1578 gra-

1404 1581 1463 1617 via,
1488 1581 1550 1611 hoc
1572 1587 1618 1611 est
1642 1580 1787 1611 mortalia
1809 1591 1846 1611 ex
1862 1580 1990 1617 malitia,
2008 1591 2074 1611 non
2095 1591 2132 1612 ex
2147 1581 2295 1622 passione
2311 1588 2367 1613 aut
2381 1582 2473 1622 igno⁴

1403 1625 1512 1661 rantia,
1538 1633 1584 1655 est
1606 1625 1754 1665 superbia
1777 1625 1954 1656 secundum
1979 1625 2124 1656 ordinem
2143 1626 2373 1666 'generationiae
2397 1636 2472 1658 cum

1404 1677 1463 1700 stet
1486 1669 1627 1709 aliquem
1649 1680 1686 1699 ex
1705 1669 1814 1700 habitu
1830 1669 2091 1710 intemperantiae
2112 1670 2268 1707 fornicari,
2286 1671 2405 1711 absque
2421 1681 2472 1702 su-

1404 1714 1522 1754 perbia.
1554 1714 1620 1744 Nec
1648 1721 1779 1754 apparet
1809 1714 1940 1755 aliquod
1971 1724 2071 1754 genus
2100 1722 2303 1754 peccatorum
2327 1715 2473 1755 gravium

1403 1759 1545 1798 pendens
1569 1758 1743 1788 necessario
1768 1768 1804 1788 ex
1828 1759 1974 1798 superbia
1998 1759 2175 1790 secundum
2198 1759 2364 1799 originem.
2388 1760 2472 1791 Nam

1376 1819 1377 1823 =
1403 1809 1434 1833 et
1456 1812 1556 1842 genus
1580 1810 1785 1842 peccatorum
1809 1810 1918 1833 contra
1942 1803 2072 1834 virtutes
2096 1803 2291 1843 theologicas
2323 1804 2390 1834 sine
2420 1814 2472 1835 su-

1403 1846 1511 1886 perbia
1534 1846 1710 1876 invenitur:
1743 1847 1920 1886 desperatio
1951 1857 2091 1888 namque
2123 1858 2190 1878 non
2213 1854 2284 1888 eget
2307 1849 2469 1888 superbia;

1402 1891 1515 1926 immo,
1540 1890 1730 1931 oppositum
1752 1890 1867 1922 vitium
1891 1891 1985 1922 habet
2008 1891 2115 1931 potius
2139 1902 2310 1923 annexum.

1459 1935 1510 1964 Ad
1530 1934 1592 1965 hoc
1613 1934 1727 1965 dicitur
1749 1935 1838 1975 quod
1863 1942 1999 1975 peccata,
2023 1942 2182 1975 quantum
2205 1937 2245 1966 ad
2269 1936 2472 1976 propositum

1403 1986 1532 2019 spectat,
1557 1986 1693 2018 possunt
1717 1978 1777 2009 dici
1800 1979 1905 2019 gravia
1929 1979 2101 2019 tripliciter.
2125 1979 2249 2016 Primo,
2275 1990 2311 2011 ex
2336 1990 2396 2011 suo
2419 1990 2472 2020 ge-

1403 2033 1486 2060 nere,
1513 2023 1573 2054 hoc
1597 2030 1643 2054 est
1666 2033 1703 2054 ex
1722 2031 1809 2064 parte
1833 2023 1964 2054 obiecti:
1990 2030 2087 2064 prout
2106 2024 2317 2055 homicidium
2337 2025 2474 2058 dicimus

1402 2067 1527 2107 gravius
1556 2067 1722 2098 adulterio.
1755 2067 1795 2098 Et
1826 2068 1888 2099 hoc
1918 2068 2017 2099 modo
2041 2078 2108 2099 non
2132 2074 2304 2100 sumuntur
2326 2068 2360 2101 in
2381 2076 2474 2110 prae-

1403 2112 1482 2143 senti
1502 2111 1604 2143 littera
1623 2118 1751 2152 peccata
1769 2112 1884 2152 gravia.
1907 2113 1992 2143 Nam
2015 2112 2198 2153 gravissima
2217 2118 2344 2154 peccam
2360 2122 2473 2147 aeuo

1402 2166 1516 2197 genere
1539 2157 1572 2187 in
1595 2156 1696 2187 littera
1711 2156 1913 2197 appellantur
1936 2157 2068 2197 leviora,
2093 2164 2305 2199 utpote1quae
2327 2157 2474 2200 exigno·

1403 2201 1503 2232 rantis
1534 2201 1583 2232 vel
1612 2201 1759 2241 passione
1789 2200 1857 2232 fieri
1885 2201 2050 2241 contingit.
2079 2219 2099 2226 -
2129 2202 2296 2239 Secundo,
2325 2201 2475 2237 dicuntur

1403 2252 1531 2287 peccata
1560 2245 1666 2286 gravia
1693 2255 1731 2276 ex
1759 2255 1869 2282 causa,
1894 2246 1956 2276 hoc
1979 2253 2026 2277 est
2054 2255 2091 2277 ex
2114 2254 2197 2279 certa
2220 2246 2355 2278 malitia:
2387 2247 2475 2289 iuxta

1403 2290 1510 2331 quod,
1542 2297 1669 2330 peccata
1699 2300 1735 2320 ex
1759 2289 1913 2320 electione
1942 2289 2087 2331 graviora
2113 2290 2248 2322 dicimus
2278 2290 2412 2332 peccatis
2436 2301 2474 2328 ex

1403 2333 1580 2375 ignorantia
1603 2341 1659 2364 aut
1681 2334 1839 2374 passione.
1868 2334 1935 2365 Nec
1962 2333 2024 2366 hoc
2047 2335 2148 2366 modo
2171 2343 2343 2368 sumuntur
2366 2335 2399 2366 in
2421 2335 2473 2374 lit-¹

1404 2385 1469 2410 tera
1491 2379 1550 2409 hac
1573 2385 1700 2419 peccata
1724 2378 1844 2418 gravia:
1877 2378 1952 2420 quia
1976 2378 2132 2419 contingit
2159 2380 2262 2411 multa
2285 2375 2473 2411 huiusmodi

1404 2430 1531 2474 peccata
1546 2422 1613 2453 sine
1629 2423 1777 2462 superbia
1793 2422 1960 2454 committi.
1983 2440 2006 2447 -
2029 2423 2150 2459 Tertio,
2173 2424 2323 2455 dicuntur
2345 2431 2474 2464 peccam

1404 2468 1509 2508 gravia
1541 2477 1577 2498 ex
1601 2474 1688 2508 parte
1712 2467 1899 2498 aversionis:
1931 2467 2017 2498 iuxta
2040 2468 2146 2508 quod,
2179 2468 2314 2500 dicimus
2343 2475 2473 2509 peccate

1405 2523 1442 2544 ex
1465 2518 1651 2552 contemptu
1676 2511 1801 2543 divinae
1817 2511 2021 2544 subiectionis
2041 2522 2108 2543 esse
2123 2513 2266 2553 graviora
2283 2512 2393 2553 seipsis
2416 2523 2472 2554 pa-

1405 2556 1492 2588 tratis
1516 2566 1581 2587 non
1602 2566 1639 2587 ex
1659 2563 1845 2596 contemptu
1870 2556 2066 2588 huiusmodi.
2091 2557 2131 2587 Et
2154 2557 2331 2588 secundum
2355 2557 2417 2590 hoc
2439 2557 2472 2590 in

1406 2601 1538 2632 articulo
1562 2600 1767 2641 praecedente
1791 2600 1912 2632 dictum
1936 2606 1995 2637 est,
2020 2601 2052 2631 in
2077 2610 2158 2642 resp.
2183 2601 2223 2632 ad
2249 2611 2281 2638 2,
2306 2601 2395 2644 quod
2419 2610 2472 2634 su-

1406 2646 1513 2686 perbia
1532 2645 1606 2676 aliis
1619 2646 1762 2685 peccatis
1778 2644 2034 2686 magnitudinem
2049 2650 2218 2686 praestat:
2241 2655 2315 2677 nam
2333 2655 2398 2687 per
2414 2646 2474 2677 hoe

1405 2691 1508 2731 ipsum
1528 2689 1726 2731 infidelitatis
1742 2695 1912 2730 peccatum
1932 2691 2071 2731 gravius
2087 2690 2244 2728 redditur,
2260 2691 2290 2722 si
2304 2700 2347 2722 ex
2360 2700 2472 2731 super·

1405 2735 1476 2766 biae
1499 2739 1678 2775 contemptu
1696 2735 1865 2775 procedat,
1883 2741 1941 2766 etc.
1966 2734 2007 2765 Et
2029 2734 2092 2766 hoc
2111 2735 2211 2766 modo
2234 2735 2268 2765 in
2290 2734 2392 2766 littera
2413 2734 2473 2766 hac

1407 2787 1578 2810 sumuntur
1602 2785 1729 2819 peccata
1751 2779 1944 2819 gravia.1ta
1971 2780 2061 2820 quod
2088 2778 2235 2820 superbia
2257 2785 2304 2810 est
2330 2778 2473 2820 primum

1405 2824 1437 2854 in
1461 2823 1572 2854 ordine
1597 2822 1806 2874 generationis
1829 2822 1910 2854 inter
1933 2830 2061 2863 peccata
2083 2823 2189 2864 gravia
2215 2833 2252 2854 ex
2275 2830 2362 2863 parte
2386 2833 2472 2854 aver-

1407 2868 1517 2898 sionis:
1550 2868 1626 2909 quia
1650 2874 1696 2898 est
1719 2877 1812 2899 causa
1840 2877 1896 2919 per
1918 2877 2017 2908 quam
2040 2867 2099 2898 alia
2123 2865 2341 2907 aggravantur.
2365 2867 2406 2898 Et
2429 2866 2473 2898 sic

1407 2919 1453 2943 est
1481 2912 1621 2963 primurn
1651 2911 1684 2942 in
1709 2911 1957 2952 compositione,
1983 2918 2014 2942 et
2037 2911 2187 2942 ultimum
2209 2911 2243 2942 in
2266 2911 2471 2943 resolutione.

1406 2957 1446 2988 Et
1470 2957 1546 2987 haec
1569 2956 1712 2997 primitas
1735 2956 1885 2988 convenit
1907 2955 2072 2996 superbiae
2095 2965 2133 2987 ex
2151 2955 2254 2996 prima
2267 2955 2399 2992 ratione,
2415 2956 2473 2987 sci-

1405 3001 1478 3032 licet
1501 3001 1576 3041 quia
1605 3011 1662 3041 per
1685 3010 1717 3031 se
1746 3001 1840 3032 habet
1863 3000 2060 3031 aversionem
2084 3007 2120 3031 ut
2143 3000 2264 3032 aversio
2288 3007 2344 3031 est.
2379 3000 2473 3033 Unde

1405 3045 1500 3076 etiam
1523 3045 1617 3076 habet
1640 3045 1728 3086 quod
1745 3052 1791 3077 est
1808 3044 2033 3085 gravissimum
2052 3044 2199 3076 omnium
2223 3054 2261 3076 ex
2279 3051 2367 3085 parte
2386 3054 2473 3076 aver-

1406 3100 1513 3120 sionis.
1648 3110 1654 3115 ·

1460 3134 1500 3164 Et
1523 3134 1548 3164 si
1571 3143 1703 3174 quaeras
1731 3128 1828 3174 quare
1852 3135 1975 3164 Auctor
1996 3131 2103 3173 gravia
2127 3140 2163 3163 ex
2187 3139 2275 3173 parte
2299 3132 2471 3164 aversionis

1404 3178 1575 3218 appellavit
1597 3178 1702 3218 gravia
1724 3178 1884 3214 absolute,
1908 3177 1971 3208 hoc
1993 3183 2040 3211 est
2069 3176 2137 3208 sine
2165 3176 2326 3208 additione
2349 3177 2471 3219 aliqua:

1404 3222 1614 3262 respondetur
1642 3222 1732 3263 quod
1754 3221 1816 3253 hoc
1839 3221 1911 3252 ideo
1935 3221 2008 3252 fecit
2031 3220 2105 3261 quia
2128 3221 2313 3252 huiusmodi
2337 3221 2472 3262 gravitas

1405 3273 1452 3297 est
1476 3276 1512 3298 ex
1532 3266 1660 3311 propria
1680 3266 1839 3317 parentela
1862 3265 2008 3306 principii
2032 3265 2127 3305 primi
2149 3265 2307 3305 gravitatis
2326 3272 2471 3306 peccato

1403 3321 1487 3342 rum.
1511 3311 1616 3342 Prima
1639 3310 1740 3353 enim
1735 3309 1906 3360 gravitatis
1930 3309 2017 3340 radix
2040 3316 2086 3341 est
2110 3309 2231 3341 aversio
2248 3320 2267 3341 a
2283 3311 2364 3341 Deo.
2389 3311 2472 3342 Nam

1377 3379 1378 3391 ,
1403 3354 1525 3386 aversio
1549 3351 1712 3394 constituit
1734 3352 1891 3385 rationem
1915 3353 2006 3384 mali:
2031 3363 2067 3384 ac
2091 3363 2146 3394 per
2170 3353 2241 3391 hoc,
2266 3352 2378 3386 fundat
2400 3353 2471 3397 lati<

2597 596 2612 626 t

2499 648 2553 669 ⁴1³³.
2566 653 2634 675 xvm,
2648 653 2708 670 vers.

1374 680 1375 683 ,
1403 660 1511 684 mum
1541 648 1841 694 insecedendm
1881 650 1968 687 ideo
2004 663 2119 699 super
2155 651 2243 688 illud
2278 651 2419 688 Psalmi
2437 651 2469 697 ²¹⁸,
2498 680 2529 700 ,4

2499 701 2709 729 *Lomb.exAu3.

2582 2378 2619 2393 αι
2644 2372 2677 2392 'a'

2539 3386 2541 3389 ’
2572 3387 2622 3401 =n.·
2652 3382 2706 3403 ,κᾷν

2652 3405 2672 3415 ›r-
2697 3408 2709 3419 ν

1404 3399 1549 3430 tudinem
1565 3390 1712 3434 malitiae,
1725 3397 1821 3429 cuius
1831 3397 1966 3437 gradum
1983 3397 2136 3438 significat
2152 3398 2295 3438 gravitas.
2314 3399 2370 3429 Est
2385 3397 2472 3430 enlm
2569 3409 2607 3427 ι-,-,;
2646 3411 2648 3423 ι

1403 3443 1538 3483 gravitas
1562 3443 1647 3474 velut
1665 3443 1801 3473 intensio
1825 3442 1988 3472 malitiae:
2013 3442 2093 3473 sicut
2117 3442 2251 3473 dicimus
2271 3442 2432 3473 calorem
2424 3452 2471 3473 in-

1403 3494 1541 3523 tensum,
1559 3494 1589 3518 et
1610 3486 1808 3517 huiusmodi.
1834 3486 1926 3517 Unde
1950 3486 1982 3516 in
2002 3486 2159 3526 principio
2180 3487 2276 3518 huius
2290 3487 2471 3527 responsio-

1403 3531 1451 3562 nis
1475 3533 1597 3562 Auctor
1621 3530 1695 3562 dicit
1718 3530 1806 3571 quod
1834 3531 1983 3570 superbia
2007 3531 2126 3562 dicitur
2150 3541 2218 3562 esse
2238 3532 2469 3572 gravissimum

1396 3580 1604 3615 peccatorum
1634 3584 1676 3605 ex
1708 3583 1744 3605 eo
1766 3574 1851 3615 quod
1868 3585 1932 3615 per
1953 3585 1987 3606 se
2011 3576 2159 3616 competit
2176 3576 2338 3616 principio
2354 3575 2371 3595 '⁴‘
2394 3574 2470 3618 (vel,

1396 3617 1608 3660 principium)
1626 3628 1667 3649 ex
1682 3628 1744 3659 quo
1759 3619 1937 3650 attenditur
1959 3620 2108 3660 gravitas
2124 3621 2156 3650 in
2169 3625 2311 3660 peccato.
2337 3618 2472 3651 Constat

2499 3574 2509 3584 ·
2523 3573 2559 3598 ct,
2574 3577 2622 3596 not.
2636 3578 2660 3602 γ.
