2768 4198
70 432 79 440 ⁸
97 430 161 451 Ver-s.
177 435 196 457 3.

72 606 81 615 ⁸
96 605 152 632 Reg.
168 610 218 631 cap.
234 610 270 625 vu.

74 693 83 703 ⁸
96 692 151 720 Cap.
168 698 201 718 nt,
215 698 236 713 n.
253 698 260 713 1
279 706 284 716 ,

140 724 266 771 eciqiisx.
279 734 284 739 ⁸

74 774 83 783 ⁸
96 772 166 793 Num.
181 778 193 800 3
209 777 260 799 sqq.
275 781 284 785 -

72 798 97 820 S.
112 798 156 819 Th.
172 798 222 819 leet.
237 803 284 823 viu,

72 719 134 745 18‚2

74 870 82 880 ⁸
109 869 115 875 “
131 874 152 896 p.
168 867 282 894 1v;s.Th.

73 896 125 917 lect.
139 900 185 916 ¹11:
200 894 239 915 lib.
255 894 283 918 11,

72 928 121 970 ni:
134 921 251 969 11¹2÷ss¹133³³
264 926 282 941 ⁵·

74 1352 83 1361 ⁸
97 1350 131 1372 Cf.
147 1354 187 1372 art.
201 1356 222 1379 3.

74 1481 82 1489 ⁸
97 1479 163 1500 Vera.
181 1485 203 1507 9.

76 2416 88 2427 ¹⁵
100 2414 179 2437 Matth.
195 2420 244 2442 eap.
255 2420 287 2441 xi,

75 2448 133 2463 vera.
148 2447 183 2469 ²9·

78 2596 219 2618 ’comment
224 2601 287 2617 num.

311 313 388 348 294

310 387 381 410 tate.
410 379 493 409 Nam
510 386 596 409 actus
613 378 798 409 humilitatis
814 383 955 416 respectu
973 383 1181 414 personarum
1197 380 1243 403 est
1266 372 1375 422 subiici

311 423 471 459 omnibus,
495 423 581 453 iuxta
604 423 682 452 illud
706 421 869 462 Apostoli,
894 420 936 450 ad
958 419 1091 458 Philipp.
1118 428 1137 447 n
1153 419 1187 453 *,
1210 417 1249 447 In
1274 417 1376 447 humz-

311 469 400 498 litate
428 468 609 508 superiores
635 466 695 497 sibi
724 467 855 496 invicem
887 463 1098 493 arbitrantes:
1128 468 1271 500 respectu
1301 470 1375 490 vero

312 511 501 547 officiorum,
519 509 828 541 administrationum
855 514 884 537 et
904 508 1074 542 bonorum,
1095 506 1263 546 indignum
1282 510 1312 535 et
1328 505 1376 534 in-

312 556 420 586 utilem
434 565 468 585 se
479 555 605 591 habere,
620 554 704 584 iuxta
717 552 888 592 septimum
902 551 1034 590 gradum
1048 549 1236 580 humilitatis
1249 559 1266 578 a
1282 549 1375 579 beato

311 599 482 630 Benedicto
507 599 649 639 positum
665 597 690 627 *.
716 597 834 626 Neuter
849 602 955 624 autem
972 601 1060 624 actus
1080 594 1228 624 convenit
1249 595 1376 632 magna-

313 644 411 674 nimo.
442 644 524 673 Nam
548 640 768 681 magnanimus
795 638 951 679 quidquid
975 645 1021 668 est
1044 637 1265 668 minorationis
1289 637 1374 673 vitat,

313 695 348 718 ut
378 694 462 727 patet
485 687 516 716 in
542 686 583 715 IV
612 685 714 715 Ethic.
731 684 763 713 *z
794 691 824 714 et
851 682 1011 722 dignificat
1043 692 1076 713 se
1107 682 1214 712 multis
1243 681 1375 721 magnis,

312 731 428 772 quibus
452 735 497 760 est
522 730 645 769 dignus,
671 735 705 757 ut
728 734 813 767 patet
836 726 953 757 ibidem
972 726 998 757 *.

368 774 495 805 Materia
518 782 648 813 quoque
673 771 938 812 magnanimitatis
955 771 987 801 in
1007 771 1082 801 solis
1106 770 1230 810 magnis
1253 777 1317 800 est:
1342 769 1375 799 in

311 826 433 849 tantum
453 818 541 858 quod
565 817 644 847 circa
668 815 839 846 mediocria
864 815 993 856 ponitur
1018 815 1077 845 alia
1100 814 1209 850 virtus,
1234 821 1269 844 ut
1291 820 1377 854 patet

310 863 343 893 in
368 863 409 893 1v
434 860 566 892 Ethic.*
585 860 782 891 Humilitatis
806 870 881 890 vero
905 860 1036 891 materia
1060 859 1169 890 omnia
1189 860 1275 889 bona
1291 865 1375 894 sunt,

311 907 374 937 sive
405 906 581 936 secundum
608 915 641 935 se
665 904 727 935 sint
751 914 884 945 magna,
910 904 974 935 sive
998 914 1103 944 parva.
1135 903 1299 940 Quoniam
1330 909 1377 933 est

311 951 389 981 circa
413 950 522 980 eadem
543 949 621 979 circa
645 959 726 989 quae
742 955 788 979 est
812 948 973 989 superbia:
999 955 1121 979 constat
1137 955 1244 978 autem
1268 957 1374 987 super-

309 995 394 1025 biam
418 1004 484 1024 esse
509 1000 539 1024 et
569 993 601 1023 in
626 993 808 1024 excellentia
832 993 1060 1032 minimorum,
1086 1000 1121 1023 ut
1143 999 1230 1032 patet
1252 992 1284 1022 in
1309 1002 1374 1022 me-

310 1038 446 1069 chanicis
463 1045 493 1068 et
510 1037 722 1068 mediocribus
740 1037 860 1074 officiis,
877 1037 910 1068 in
926 1038 1043 1079 quibus
1070 1037 1206 1078 pessima
1228 1036 1374 1078 superbia
1401 1040 1403 1064 ἰ

309 1082 483 1119 invenitur;
509 1089 583 1113 sunt
606 1082 693 1113 enim
716 1082 811 1112 etiam
835 1082 931 1123 coqui
955 1081 1092 1122 superbi.

310 1171 463 1202 mitatem.
488 1171 549 1202 Sed
565 1171 640 1212 quia
657 1171 822 1202 obscurior
838 1178 967 1212 apparet
986 1171 1145 1202 distinctio
1166 1171 1307 1201 formalis
1327 1179 1375 1200 re-

310 1215 494 1246 frenationis
511 1226 592 1256 quae
607 1215 643 1246 fit
659 1217 696 1246 ab
713 1215 901 1253 humilitate,
919 1223 949 1246 et
965 1215 1184 1246 refrenationis
1204 1225 1285 1256 quae
1308 1214 1343 1245 fit
1359 1225 1376 1245 a

311 1259 583 1300 magnanimitate;
609 1266 639 1290 et
655 1260 768 1291 harum
783 1260 977 1291 indistinctio
995 1267 1041 1291 est
1057 1270 1149 1290 causa
1166 1259 1375 1301 quaestionis:

311 1304 474 1335 sciendum
499 1311 546 1335 est
568 1305 672 1345 quod,
698 1315 772 1335 cum
795 1305 827 1335 in
852 1305 995 1335 rationali
1025 1311 1164 1335 creatura
1194 1304 1257 1334 sint
1286 1305 1376 1345 quasi

311 1349 392 1379 duae
416 1355 528 1389 partes,
546 1349 662 1380 scilicet
687 1349 718 1379 id
742 1349 831 1390 quod
848 1356 894 1380 est
910 1348 978 1385 Dei,
999 1355 1030 1380 et
1051 1349 1083 1379 id
1107 1349 1196 1389 quod
1221 1356 1267 1379 est
1282 1349 1330 1379 sui
1343 1348 1376 1385 *;

312 1400 341 1423 et
365 1394 404 1423 ad
427 1393 458 1423 id
483 1394 570 1434 quod
595 1401 642 1424 est
665 1394 723 1424 Dei
748 1400 867 1434 spectet
889 1393 1046 1434 quidquid
1070 1394 1145 1424 boni
1166 1401 1222 1429 est,
1238 1401 1268 1423 et
1291 1394 1331 1423 ad
1345 1393 1378 1423 id

311 1438 399 1478 quod
423 1444 469 1468 est
492 1444 638 1468 nostrum
668 1445 787 1478 spectet
816 1438 973 1479 quidquid
1003 1438 1078 1468 mali
1106 1445 1165 1475 est,
1189 1437 1275 1468 iuxta
1298 1437 1378 1468 illud

312 1482 395 1512 Osee
410 1482 512 1518 x111*‚
537 1483 677 1513 Perditio
702 1488 777 1520 tua,
803 1482 926 1520 Israel,
952 1492 994 1512 ex
1016 1488 1065 1513 te:
1093 1483 1183 1513 salus
1206 1488 1313 1513 autem
1338 1492 1379 1512 ex

312 1534 384 1563 me;
416 1526 581 1566 dupliciter
604 1534 708 1567 potest
730 1527 871 1557 humana
897 1526 1036 1567 cognitio
1066 1534 1096 1557 et
1123 1527 1283 1557 humanus
1308 1526 1378 1556 affe-

313 1578 381 1601 ctus
404 1570 527 1611 perfici,
553 1571 669 1602 scilicet
691 1572 848 1602 sumendo
873 1571 996 1611 regulas
1025 1581 1161 1611 operum
1185 1581 1319 1602 suorum
1343 1580 1379 1601 ex

313 1625 351 1645 eo
375 1615 464 1655 quod
488 1623 533 1645 est
556 1616 627 1653 Dei,
643 1615 693 1646 vel
717 1616 874 1646 sumendo
899 1616 1021 1656 regulas
1037 1626 1073 1646 ex
1090 1626 1128 1646 eo
1144 1616 1233 1656 quod
1257 1622 1303 1646 est
1319 1615 1377 1646 sui.

313 1659 353 1689 Et
376 1659 402 1689 si
425 1659 556 1700 quidem
580 1660 679 1690 homo
710 1660 887 1691 consideret
910 1661 1032 1690 donum
1065 1660 1125 1690 Dei
1149 1660 1181 1690 in
1208 1670 1255 1696 se,
1279 1667 1311 1690 et
1333 1669 1379 1690 se-

313 1704 456 1734 cundum
479 1703 558 1734 illud
582 1705 702 1744 regulet
717 1704 969 1735 aestimationem
994 1714 1102 1740 suam;
1128 1711 1215 1744 puta,
1236 1704 1310 1744 quia
1334 1712 1380 1735 est

313 1748 442 1784 doctus,
466 1748 609 1779 aestimat
632 1758 664 1779 se
689 1749 821 1788 dignum
845 1749 1027 1784 doctoratu,
1053 1755 1083 1779 et
1106 1755 1272 1788 propterea
1299 1748 1378 1779 desi-

313 1792 399 1822 deret
422 1799 452 1822 et
475 1799 623 1832 procuret
645 1793 767 1832 ipsum:
801 1800 882 1823 recte
906 1802 939 1822 se
962 1793 1056 1823 habet
1078 1792 1179 1822 homo
1203 1793 1380 1823 secundum

312 1836 441 1866 virtutes
465 1837 610 1873 morales,
627 1847 709 1877 quae
726 1837 912 1867 ordinantur
937 1837 976 1866 ad
991 1836 1088 1867 vitam
1112 1836 1286 1876 politicam,
1303 1843 1380 1876 puta

313 1881 488 1911 secundum
512 1880 815 1921 magnanimitatem,
832 1879 1098 1921 magnificentiam
1123 1887 1153 1911 et
1168 1881 1304 1921 reliquas
1320 1881 1380 1910 vir-

312 1931 404 1960 tutes,
421 1934 557 1965 quarum
576 1925 701 1965 regulae
717 1925 885 1956 conferunt
908 1926 1032 1955 bonum
1051 1926 1148 1962 bono,
1166 1925 1228 1955 hoc
1251 1932 1306 1961 est,
1324 1925 1380 1955 bo-

312 1978 392 1999 num
415 1979 481 2009 quo
506 1969 576 2010 quis
593 1976 639 1999 est
662 1969 831 2009 praeditus,
849 1970 888 2000 ad
912 1970 1035 2000 bonum
1051 1970 1316 2010 consequendum
1331 1969 1381 2000 vel

312 2013 530 2044 exercendum.
556 2013 588 2044 Si
604 2023 678 2044 vero
695 2014 795 2044 homo
811 2014 987 2045 consideret
1003 2024 1035 2044 se
1052 2015 1228 2045 secundum
1244 2014 1276 2044 id
1292 2014 1380 2054 quod

312 2057 361 2088 sui
377 2064 501 2088 tantum
518 2065 573 2094 est,
589 2057 753 2089 referendo
770 2058 814 2089 sic
826 2069 858 2088 se
875 2059 915 2088 ad
931 2059 1036 2089 Deum
1053 2066 1084 2090 et
1098 2059 1130 2089 id
1146 2059 1235 2099 quod
1251 2058 1310 2089 Dei
1324 2066 1379 2094 est,
1406 2067 1408 2076 ’

313 2108 343 2132 et
355 2102 532 2133 secundum
547 2102 608 2133 hoc
624 2103 745 2143 regulet
760 2102 1014 2134 aestimationem
1037 2102 1249 2144 affectumque
1273 2113 1380 2139 suum,

313 2153 390 2186 puta
409 2146 483 2187 quia
507 2147 550 2177 sic
574 2147 652 2177 nihil
677 2154 723 2178 est
740 2147 798 2177 nisi
822 2147 972 2184 defectus,
990 2147 1084 2188 culpa
1107 2147 1291 2188 offensaque
1307 2147 1380 2184 Dei;

314 2197 344 2221 et
367 2190 410 2221 sic
433 2201 466 2221 se
482 2191 636 2228 aestimat,
653 2198 683 2222 et
706 2191 823 2222 iudicat
842 2202 874 2222 se
891 2192 980 2222 omni
997 2192 1086 2233 quod
1109 2191 1169 2223 Dei
1192 2199 1239 2223 est
1259 2191 1380 2228 subiici,

314 2242 344 2265 et
367 2235 510 2266 similiter
525 2236 563 2266 ad
579 2236 688 2266 omnia
704 2245 786 2276 quae
802 2236 860 2267 Dei
884 2243 958 2267 sunt
976 2236 1145 2276 indignum
1161 2247 1196 2267 ac
1215 2236 1380 2273 inutilem;

314 2286 345 2309 et
368 2278 515 2310 affectum
538 2290 634 2310 suum
658 2280 774 2310 format
798 2287 834 2311 ut
857 2281 1002 2311 subditus
1018 2281 1058 2311 ad
1080 2281 1270 2317 Dominum,
1287 2287 1323 2311 ut
1337 2281 1383 2311 in-

315 2323 429 2363 dignus
453 2330 483 2354 et
505 2323 624 2354 inutilis
652 2324 692 2354 ad
715 2325 926 2355 occurrentia:
959 2325 1129 2356 rectissime
1158 2325 1201 2356 sic
1223 2325 1325 2356 homo
1349 2335 1381 2355 se

315 2367 409 2398 habet
441 2369 618 2398 secundum
647 2368 797 2399 virtutem
825 2379 923 2410 quam
951 2369 1111 2400 Dominus
1142 2370 1227 2400 lesus
1258 2370 1381 2400 mundo

315 2412 422 2443 intulit
446 2412 567 2442 dicens:
601 2413 721 2444 Discite
744 2423 764 2444 a
789 2423 853 2451 me,
878 2414 953 2454 quia
983 2414 1112 2445 humilis
1141 2423 1212 2445 sum
1241 2414 1337 2444 corde
1354 2413 1381 2445 *.

316 2456 350 2486 ln
381 2456 567 2487 huiusmodi
598 2457 757 2498 siquidem
787 2458 982 2498 cognitione,
1006 2468 1072 2488 non
1104 2458 1294 2499 speculative
1327 2458 1381 2489 sed

316 2501 464 2540 practice,
487 2507 639 2542 tanquam
663 2502 785 2542 regula,
811 2509 841 2533 et
864 2502 896 2532 in
920 2502 1106 2533 huiusmodi
1130 2503 1271 2544 appetitu
1304 2513 1381 2533 con-

315 2545 395 2576 sistit
418 2545 596 2576 humilitas:
626 2553 661 2576 ut
685 2546 796 2577 clarius
824 2553 854 2577 et
876 2546 970 2577 latius
998 2547 1117 2587 patebit
1140 2547 1171 2578 in
1196 2547 1381 2588 quaestione

315 2589 474 2630 sequentis
497 2589 619 2620 articuli
634 2590 660 2626 *‚
679 2590 781 2630 primo
806 2598 836 2621 et
860 2591 1010 2622 secundo.

372 2634 463 2664 Unde
486 2641 572 2674 patet
587 2641 744 2675 quantum
763 2635 856 2666 distet
880 2635 1012 2666 frenatio
1029 2636 1096 2677 spei
1112 2646 1151 2667 ne
1172 2636 1380 2667 immoderate

316 2676 431 2708 feratur
452 2678 485 2708 in
507 2688 630 2719 magna,
647 2679 838 2720 inquantum
863 2690 880 2710 a
904 2680 1170 2720 magnanimitate,
1193 2688 1223 2712 et
1248 2681 1382 2722 inquan-

315 2727 384 2752 tum
404 2723 442 2753 ab
467 2723 644 2754 humilitate
667 2722 711 2754 fit.
735 2724 818 2754 Nam
842 2723 915 2755 licet
937 2724 970 2755 in
993 2724 1055 2756 hoc
1079 2725 1270 2756 conveniant
1293 2725 1380 2767 quod

315 2773 448 2808 utraque
471 2774 518 2798 est
541 2768 717 2798 secundum
740 2768 896 2799 rationem
919 2776 1052 2806 rectam,
1077 2769 1316 2810 distinguuntur
1338 2776 1382 2800 ta-

314 2820 388 2842 men
411 2811 444 2841 in
468 2811 530 2842 hoc
549 2812 638 2853 quod
661 2813 903 2853 magnanimitas
919 2820 1004 2844 tenet
1027 2824 1118 2854 spem
1133 2824 1172 2845 ne
1195 2814 1313 2845 feratur
1329 2824 1381 2845 su-

314 2865 370 2895 pra
394 2856 566 2896 condigna,
592 2863 621 2887 et
645 2856 706 2888 hoc
730 2864 887 2898 quantum
911 2858 950 2888 ad
973 2858 1130 2889 rationem
1154 2859 1258 2895 ardui,
1289 2866 1319 2890 et
1343 2869 1381 2890 ne

314 2898 431 2930 feratur
454 2910 549 2940 supra
578 2901 727 2941 possibile
751 2911 807 2942 per
830 2902 973 2942 proprias
996 2902 1095 2939 vires,
1121 2910 1167 2934 est
1194 2903 1280 2934 enim
1310 2913 1382 2944 spes

315 2944 354 2974 de
377 2945 478 2975 arduo
502 2945 657 2985 possibili:
691 2945 852 2976 humilitas
875 2957 950 2977 vero
975 2954 1060 2978 tenet
1086 2958 1177 2988 spem
1204 2958 1243 2979 ne
1267 2947 1383 2979 feratur

315 2988 347 3018 in
371 2988 491 3030 aliquid
515 2995 550 3019 ut
574 2989 779 3030 condignum,
805 2997 835 3021 et
859 3001 898 3021 ne
922 2991 1039 3022 feratur
1061 2991 1092 3022 in
1117 2992 1236 3034 aliquid
1260 2999 1296 3023 ut
1311 3003 1383 3033 pos-

316 3033 404 3064 sibile
429 3043 484 3073 per
507 3034 650 3074 proprias
673 3034 768 3071 vires,
793 3035 847 3065 sed
874 3042 999 3066 tantum
1029 3046 1085 3076 per
1115 3037 1290 3076 potentiam
1315 3037 1382 3068 eius

316 3078 404 3117 quod
428 3078 487 3108 Dei
511 3084 567 3108 est.
598 3078 643 3109 lta
671 3079 760 3119 quod
784 3079 810 3109 si
834 3089 918 3110 unus
942 3087 972 3110 et
994 3080 1095 3111 isdem
1119 3081 1230 3117 homo,
1254 3091 1382 3122 magna-

317 3121 422 3152 nimus
446 3129 541 3163 atque
565 3122 705 3159 humilis,
730 3124 837 3154 tendat
860 3124 892 3154 in
916 3124 1048 3165 aliquod
1071 3125 1224 3162 arduum,
1249 3133 1326 3165 puta
1349 3125 1382 3156 in

317 3175 470 3205 magnum
494 3166 638 3203 caritatis,
653 3167 790 3198 iustitiae
813 3175 867 3199 aut
883 3168 1076 3199 fortitudinis
1099 3177 1224 3206 actum;
1249 3170 1383 3210 inquan-

316 3217 386 3240 tum
417 3210 656 3251 magnanimus,
688 3219 945 3243 commensurato
974 3223 1070 3254 opere
1097 3213 1215 3245 viribus
1247 3214 1384 3255 propriis

317 3255 453 3294 sperabit
467 3255 546 3286 illud
563 3255 721 3295 perficere,
739 3263 769 3287 et
785 3256 828 3287 sic
845 3256 1007 3288 confidens
1023 3257 1163 3298 accinget
1179 3269 1211 3289 se
1227 3259 1267 3289 ad
1283 3267 1382 3299 opus:

317 3298 508 3338 inquantum
523 3300 663 3337 humilis,
676 3300 823 3332 illudmet
837 3301 1034 3341 condignum
1051 3310 1154 3342 sperat
1173 3310 1208 3334 ut
1223 3303 1383 3344 indignus,

319 3350 349 3373 et
373 3350 407 3374 ut
430 3354 486 3383 per
509 3343 541 3374 id
564 3345 652 3385 quod
676 3345 734 3375 Dei
760 3352 805 3376 est
829 3346 990 3386 possibile.

375 3387 531 3423 Quocirca
554 3388 716 3420 humilitas
731 3389 886 3430 supponit
900 3390 932 3420 id
949 3391 1038 3431 quod
1062 3391 1256 3431 magnanimi
1273 3398 1304 3422 et
1318 3401 1384 3422 me-

320 3429 433 3460 diocris
449 3438 495 3461 est
511 3432 716 3463 innominati:
741 3434 897 3473 quoniam
914 3444 979 3465 non
1003 3435 1103 3466 tendit
1119 3435 1178 3466 nisi
1201 3436 1241 3466 ad
1261 3446 1296 3466 ea
1313 3435 1383 3476 qui-

319 3474 388 3510 bus,
413 3476 588 3506 secundum
612 3477 670 3507 Dei
693 3477 725 3507 in
749 3477 819 3517 ipso
841 3478 934 3515 dona,
953 3479 1067 3518 dignus
1090 3479 1162 3520 quis
1185 3486 1241 3510 est.
1269 3480 1310 3511 Et
1333 3489 1384 3510 su-

319 3518 462 3558 peraddit
485 3519 713 3550 subiectionem
737 3521 816 3552 hanc
840 3522 916 3562 spei,
933 3530 968 3553 ut
992 3523 1107 3554 scilicet
1131 3531 1233 3564 speret
1253 3523 1333 3554 illud
1349 3529 1385 3554 ut

320 3564 577 3603 superexcedens,
602 3571 632 3594 et
655 3574 710 3604 per
733 3565 765 3594 id
788 3566 877 3605 quod
901 3567 959 3597 Dei
983 3573 1030 3597 est
1051 3567 1233 3608 acquisibile
1256 3574 1286 3598 et
1309 3576 1384 3598 con·

320 3607 479 3638 servabile.
503 3608 658 3647 Magnum
682 3618 819 3649 namque
834 3609 959 3640 frenum
980 3611 1132 3651 appetitui
1148 3618 1257 3642 nostro
1281 3611 1384 3651 impo-

321 3652 405 3682 nitur
428 3661 501 3682 cum
525 3652 564 3682 ad
591 3651 751 3682 obiectum
775 3653 912 3683 tenditur
936 3661 971 3684 ut
995 3662 1135 3685 nostram
1163 3664 1314 3694 superans
1339 3654 1384 3684 di-

998 296 1264 343 QUAESTIO
1295 294 1436 340 CLXI,
1465 294 1763 331 ARTICULUS
1795 296 1808 331 1

1430 373 1598 413 gnitatem‚
1623 381 1653 404 et
1683 383 1738 413 per
1768 374 1908 404 alienum
1931 374 2169 414 gratuitumque
2197 373 2348 404 auxilium
2383 373 2498 403 haben-

1430 418 1509 447 dum
1533 425 1587 448 aut
1618 418 1881 449 conservandum.
1916 419 2007 449 Unde
2031 426 2061 449 et
2085 418 2123 448 de
2150 418 2264 448 sanctis
2295 418 2413 458 angelis
2439 418 2499 448 hac

1431 461 1550 492 ratione
1569 461 1711 492 canimus
1723 462 1753 491 *2
1779 463 1934 493 Tremunt
1943 468 2126 503 potestates.
2152 462 2264 492 Relato
2284 472 2420 503 namque
2440 461 2499 492 Dei

1431 505 1518 535 dono
1542 506 1630 546 quod
1655 506 1780 542 habent,
1798 513 1828 536 et
1851 506 1889 536 de
1907 507 1997 537 cuius
2016 514 2141 537 aeterna
2165 507 2401 537 conservatione
2426 512 2500 536 sunt

1431 549 1514 585 certi,
1533 550 1572 579 ad
1594 549 1625 579 id
1643 550 1732 590 quod
1755 559 1792 580 ex
1815 558 1902 589 parte
1918 551 2106 591 angelorum
2126 561 2158 581 se
2181 558 2275 587 tenet,
2293 561 2353 591 pro
2377 557 2498 591 quanto

1430 601 1504 624 sunt
1528 604 1564 623 ex
1589 593 1700 629 nihilo,
1717 600 1787 629 etc„
1812 601 1931 624 tremor
1946 595 2108 635 insurgere
2128 595 2257 626 dicitur:
2283 595 2358 636 quia
2381 605 2418 626 ex
2442 597 2499 626 hac

1430 645 1516 678 parte
1541 638 1628 668 nulla
1651 638 1864 677 condignitas,
1890 640 1943 669 sed
1974 640 2132 679 possibilis
2157 639 2297 673 defectus
2325 647 2425 680 patet,
2450 648 2500 671 to-

1430 689 1563 722 tumque
1587 681 1691 712 alieno
1716 692 1750 712 ac
1774 682 1911 722 gratuito
1936 683 2053 714 auxilio
2077 684 2233 716 tribuitur.

1486 726 1532 756 Ex
1555 726 1617 756 hoc
1641 733 1748 756 autem
1781 727 1870 766 quod
1893 726 2055 758 humilitas
2088 730 2242 768 supponit
2264 730 2295 760 id
2320 729 2408 771 quod
2433 739 2499 758 ma-

1429 770 1642 810 gnanimitatis
1668 778 1723 806 est,
1748 777 1878 810 apparet
1901 772 1990 812 quod
2015 772 2053 802 sit
2076 774 2328 812 magnanimitas.
2362 773 2402 803 Et
2425 773 2500 814 quia

1430 814 1644 855 corrumpitur
1668 825 1734 844 non
1758 815 1862 845 solum
1888 825 1944 855 per
1967 826 2025 846 sua
2054 818 2218 854 contraria,
2239 817 2306 861 [sed
2326 818 2420 849 etiam
2446 826 2500 858 per

1430 857 1597 901 contraria]
1625 859 1675 889 sui
1699 859 1951 900 praesupposid,
1974 860 2056 890 sicut
2079 860 2165 891 visus
2189 863 2404 902 corrumpitur
2434 872 2498 892 non

1429 904 1535 934 solum
1560 913 1616 943 per
1639 903 1856 934 excellentiam
1872 903 2001 934 visibilis
2025 912 2056 935 et
2071 906 2226 943 tenebrae,
2243 908 2298 937 sed
2327 906 2420 938 etiam
2446 916 2503 947 per

1430 948 1584 979 contraria
1604 955 1720 984 tactus,
1746 948 1801 989 qui
1826 948 2095 989 praesupponitur
2118 959 2136 979 a
2159 950 2243 987 visu;
2268 951 2340 982 ideo
2366 951 2502 982 creditur

1429 993 1516 1034 quod
1534 993 1751 1023 communicet
1773 992 1806 1022 in
1830 993 1993 1023 contrariis
2024 1003 2099 1023 cum
2123 994 2400 1034 magnanimitate:
2426 1006 2501 1026 cum

1429 1045 1546 1072 tamen,
1570 1037 1747 1067 secundum
1770 1036 1943 1073 veritatem,
1969 1037 2082 1068 habeat
2105 1047 2162 1068 sua
2185 1039 2312 1079 propria
2336 1040 2500 1076 contraria,

1401 1105 1403 1109 Α
1429 1089 1465 1113 ut
1488 1081 1521 1111 in
1545 1091 1576 1112 se
1603 1081 1688 1112 uenti
1735 1081 1897 1112 uaestione
1913 1081 1931 1101 *
1977 1082 2081 1113 atebit.

366 1127 417 1158 IV.
443 1127 662 1157 Falsissimum
694 1137 768 1166 ergo
800 1134 847 1157 est
876 1127 1090 1157 humilitatem
1118 1136 1184 1157 esse
1207 1126 1374 1166 magnarii·
1401 1131 1403 1142 ⁴
1578 1091 1599 1122 q
1713 1092 1733 1122 q
1953 1091 1974 1121 p

1485 1126 1572 1156 Haec
1596 1133 1703 1156 autem
1728 1135 1795 1156 esse
1823 1126 2002 1156 secundum
2032 1126 2210 1158 doctrinam
2241 1129 2390 1159 Auctoris
2417 1135 2503 1168 patet

1430 1181 1467 1201 ex
1482 1170 1593 1206 littera,
1610 1170 1636 1200 si
1653 1170 1873 1211 perspicaciter
1896 1171 2049 1202 videatur.
2074 1171 2196 1202 Pluries
2217 1182 2357 1213 namque
2378 1172 2503 1204 habes*
2530 1178 2539 1188 ’

1430 1215 1520 1256 quod
1542 1215 1707 1245 humilitas
1733 1216 1909 1256 praecipue
1932 1217 2084 1255 importat
2112 1216 2338 1248 subiectionem
2363 1218 2502 1248 hominis

1429 1259 1472 1290 ad
1487 1260 1592 1290 Deum
1608 1259 1640 1289 *2
1666 1260 1724 1289 sub
1741 1270 1804 1300 qua
1822 1260 2104 1300 comprehenditur
2127 1261 2215 1301 quod
2239 1261 2340 1291 homo
2357 1261 2390 1292 id
2413 1261 2502 1303 quod

1431 1314 1527 1334 suurn
1551 1311 1606 1340 est,
1623 1303 1650 1334 ei
1674 1304 1763 1344 quod
1787 1304 1846 1334 Dei
1862 1312 1908 1335 est
1932 1304 2086 1340 subiiciat,
2103 1312 2170 1335 tam
2189 1305 2220 1335 in
2241 1306 2385 1346 personis
2404 1316 2502 1347 quam

1430 1348 1462 1378 in
1486 1348 1743 1389 quibuscumque
1767 1348 1870 1384 bonis,
1896 1357 1955 1380 etc.

1488 1393 1526 1424 V.
1551 1393 1598 1423 Ex
1613 1393 1662 1423 his
1677 1393 1773 1431 igitur
1787 1393 1826 1422 ad
1844 1393 1967 1424 obiecta
1983 1394 2203 1433 respondetur.
2219 1394 2261 1425 Et
2276 1395 2315 1425 ad
2326 1396 2471 1435 primum
2487 1395 2505 1416 *

1432 1437 1547 1468 dicitur
1570 1437 1805 1477 distinguendo,
1830 1438 1919 1478 quod
1944 1437 2098 1468 refrenare
2122 1447 2212 1478 spem
2236 1449 2276 1470 ne
2293 1438 2505 1471 immoderate

1432 1481 1549 1512 feratur
1564 1481 1597 1512 in
1613 1482 1742 1517 excelsa,
1760 1482 1916 1522 contingit
1932 1482 2112 1522 dupliciter:
2138 1483 2255 1514 scilicet
2271 1491 2307 1514 ut
2325 1484 2506 1515 excedentia

1433 1526 1628 1566 dignitatem,
1646 1533 1676 1557 et
1700 1526 1742 1556 sic
1767 1527 1952 1557 conceditur
1975 1528 2063 1567 quod
2089 1535 2208 1567 spectat
2231 1529 2271 1558 ad
2295 1529 2505 1569 magnanimi-

1432 1578 1545 1607 tatem,
1570 1571 1757 1601 secundario
1787 1578 1911 1608 tamem
1934 1571 1984 1602 vel
2008 1578 2044 1602 ut
2067 1572 2106 1601 ad
2137 1572 2295 1613 condigna
2324 1573 2433 1604 animo
2457 1583 2506 1604 se-

1406 1639 1407 1652 ,
1433 1615 1576 1645 cundum
1599 1615 1632 1645 id
1651 1615 1740 1656 quod
1765 1615 1823 1651 sui,
1840 1623 1870 1646 et
1885 1615 1929 1646 sic
1945 1623 2064 1656 spectat
2081 1617 2119 1646 ad
2139 1616 2363 1649 humilitatem.
2383 1635 2405 1641 —
2424 1618 2466 1649 Et
2479 1618 2505 1648 si

1432 1660 1584 1690 instetur:
1609 1659 1694 1699 Ergo
1714 1660 1848 1691 habetur
1863 1660 2040 1691 intentum:
2065 1661 2154 1701 quod
2168 1671 2266 1702 penes
2285 1662 2370 1693 hunc
2387 1669 2505 1699 actum,

1434 1710 1547 1743 utpote
1581 1713 1790 1734 communem
1825 1704 1951 1745 utrique
1982 1705 2159 1736 secundum
2191 1706 2328 1737 diversas
2356 1706 2504 1744 rationes,

1434 1758 1501 1778 non
1525 1754 1590 1778 erat
1611 1749 1761 1788 ponenda
1785 1748 1945 1780 distinctio
1978 1749 2058 1780 inter
2086 1750 2299 1782 humilitatem
2323 1758 2354 1782 et
2377 1761 2506 1791 magna-

1433 1792 1621 1828 nimitatem,
1647 1799 1682 1823 ut
1704 1792 1738 1822 in
1761 1792 1862 1823 littera
1885 1792 1934 1824 fit:
1959 1811 1979 1817 -
2001 1794 2211 1833 respondetur
2232 1796 2321 1836 quod
2345 1795 2506 1828 distinctio

1434 1835 1517 1866 facta
1530 1836 1564 1866 in
1579 1836 1681 1867 littera
1695 1836 1898 1876 intelligenda
1914 1844 1961 1868 est
1983 1847 2080 1878 penes
2096 1846 2185 1870 actus
2201 1839 2407 1880 principales:
2430 1841 2506 1882 quia

1435 1880 1553 1910 scilicet
1575 1880 1756 1921 principalis
1785 1889 1873 1912 actus
1905 1881 2092 1912 humilitatis
2120 1889 2167 1914 est
2197 1882 2318 1914 frenare
2349 1894 2440 1925 spem
2467 1895 2506 1916 ne

1434 1924 1643 1955 immoderate
1659 1924 1777 1955 feratur
1799 1925 1831 1955 in
1849 1925 1983 1962 excelsa;
2007 1926 2190 1967 principalis
2209 1934 2317 1958 autem
2333 1935 2422 1959 actus
2441 1939 2507 1961 ma-

1434 1968 1649 2009 gnanimitatis
1673 1976 1720 1999 est
1741 1968 1866 2000 firmare
1891 1977 2000 2000 contra
2024 1970 2279 2010 desperationem
2297 1978 2329 2003 et
2344 1971 2507 2012 impellere

1434 2013 1580 2044 animum
1603 2014 1644 2044 ad
1667 2014 1798 2045 excelsa.
1822 2014 1863 2045 Et
1885 2013 1959 2045 hinc
1983 2021 2070 2054 patet
2091 2015 2254 2046 diversitas
2277 2025 2404 2047 earum:
2431 2017 2508 2058 quie

1435 2068 1532 2098 penes
1554 2065 1643 2089 actus
1659 2058 1849 2098 principales
1865 2058 2028 2090 diversitas
2043 2059 2199 2091 virtutum
2213 2060 2396 2093 attenditur.
2420 2061 2507 2094 Cum

1435 2103 1552 2143 quibus
1576 2109 1682 2133 tamen
1699 2109 1759 2133 stat
1774 2104 1864 2144 quod
1887 2103 2132 2143 magnanimitas
2154 2104 2342 2136 secundario
2365 2113 2438 2138 actu
2461 2115 2507 2138 re*

1434 2146 1535 2178 frenet
1558 2147 1654 2178 etiam
1677 2156 1786 2188 spem:
1811 2147 1872 2178 alia
1888 2155 1994 2179 tamen
2019 2148 2141 2180 ratione
2160 2159 2259 2190 quam
2273 2149 2447 2182 humilitas.

1491 2191 1542 2222 Ad
1563 2191 1739 2222 secundum
1765 2191 1879 2223 dicitur
1901 2202 1958 2232 per
1980 2193 2115 2224 eandem
2139 2193 2387 2226 distinctionem.
2410 2212 2432 2219 -
2448 2195 2508 2226 Vel

1436 2235 1536 2274 aliter,
1553 2236 1643 2276 quod
1658 2236 1758 2267 virtus
1774 2246 1856 2276 quae
1879 2236 2045 2277 principali
2066 2247 2126 2268 suo
2143 2244 2215 2269 actu
2238 2237 2314 2269 facit
2336 2248 2376 2270 ne
2391 2238 2508 2271 immo-

1436 2280 1542 2311 derate
1558 2280 1698 2311 feramur
1708 2281 1742 2310 in
1755 2290 1880 2320 magna,
1894 2291 1960 2312 non
1977 2288 2024 2312 est
2040 2282 2318 2322 magnanimitatis,
2333 2283 2388 2314 sed
2401 2283 2508 2316 humi-

1434 2324 1542 2355 litatis.
1565 2325 1631 2355 Nec
1647 2332 1694 2356 est
1714 2324 1819 2356 media
1841 2325 1921 2356 inter
1937 2326 2232 2366 pusillanimitatem
2259 2333 2291 2358 et
2315 2335 2508 2368 caymotem.

1436 2369 1498 2400 Sed
1519 2369 1616 2400 virtus
1635 2379 1717 2409 quae
1741 2369 1928 2400 secundario
1945 2377 2016 2402 actu
2040 2370 2227 2402 huiusmodi
2247 2370 2383 2403 refrenat
2405 2382 2507 2413 spem,

1435 2413 1506 2444 talis
1530 2421 1577 2444 est
1599 2414 1704 2444 media
1727 2413 1808 2444 inter
1831 2414 1914 2445 dicta
1937 2414 2022 2452 vitia,
2047 2422 2078 2446 et
2101 2422 2147 2447 est
2171 2415 2424 2455 magnanimitas.

1491 2458 1542 2488 Ad
1565 2459 1694 2489 tertium
1726 2458 1841 2489 dicitur
1871 2458 1959 2499 quod
1989 2458 2204 2499 indignificare
2236 2470 2270 2491 se
2301 2460 2418 2500 quibus
2442 2471 2508 2492 non

1436 2510 1482 2533 est
1505 2502 1629 2542 dignus,
1647 2502 1802 2543 contingit
1824 2503 2000 2543 dupliciter.
2025 2503 2148 2535 Scilicet
2165 2514 2220 2544 per
2235 2505 2508 2545 comparationem

1435 2547 1475 2578 ad
1490 2547 1640 2578 virtutem
1656 2557 1711 2578 seu
1728 2548 1853 2578 bonum
1868 2548 1958 2588 quod
1975 2554 2021 2579 est
2036 2548 2068 2578 in
2084 2548 2230 2580 homine:
2247 2555 2278 2580 et
2293 2549 2337 2580 sic
2353 2549 2386 2580 in
2402 2549 2509 2581 arduis

1435 2598 1565 2632 spectat,
1581 2591 1768 2622 secundario
1785 2599 1901 2629 tamen,
1919 2593 1960 2623 ad
1975 2593 2280 2632 magnanimitatem.
2303 2593 2378 2625 Alio
2397 2594 2508 2631 modo,

1435 2635 1600 2667 referendo
1620 2636 1652 2666 id
1676 2637 1765 2677 quod
1789 2643 1835 2667 est
1857 2636 1917 2667 Dei
1940 2637 1980 2667 ad
2003 2637 2035 2667 id
2059 2638 2149 2678 quod
2173 2644 2219 2668 est
2232 2637 2383 2669 hominis.
2407 2638 2449 2670 Et
2465 2637 2509 2670 sic

1436 2687 1556 2721 spectat
1579 2681 1618 2711 ad
1634 2680 1859 2712 humilitatem.
1875 2699 1897 2704 -
1927 2681 1967 2712 Et
1990 2689 2157 2722 propterea
2181 2692 2247 2713 non
2271 2689 2398 2724 oportet
2421 2682 2510 2714 aliter

1435 2725 1626 2766 respondere
1650 2725 1691 2755 ad
1714 2725 1937 2765 probationes,
1962 2735 1999 2756 ex
2023 2736 2089 2767 quo
2114 2726 2299 2758 conceditur
2321 2727 2510 2758 antecedens

1436 2780 1468 2800 in
1493 2779 1598 2810 pnmo
1622 2779 1728 2800 sensu.

1491 2815 1542 2845 Ad
1565 2819 1728 2855 quartum,
1754 2824 1791 2846 ex
1815 2814 1982 2855 oppositis,
2003 2822 2136 2855 negatur
2158 2816 2247 2856 quod
2270 2814 2434 2846 humilitas
2450 2825 2508 2855 op-

1437 2866 1576 2899 ponatur
1599 2859 1714 2890 directe
1738 2858 2007 2900 praesumptioni,
2031 2869 2114 2900 quae
2143 2859 2320 2900 opponitur
2342 2859 2509 2899 magnani-

1437 2903 1548 2935 mitati.
1575 2903 1740 2941 Quoniam
1756 2903 1950 2934 diversarum
1969 2903 2132 2935 rationum
2151 2910 2244 2935 suut:
2269 2910 2305 2935 ut
2319 2903 2399 2934 infra
2414 2903 2432 2924 *
2454 2913 2509 2944 pa-

1436 2948 1514 2979 tebit
1537 2947 1661 2979 clarius.

1493 2993 1543 3023 Ad
1567 2992 1675 3023 allatas
1699 2991 1813 3023 deinde
1836 2991 1974 3023 rationes
1997 2998 2215 3032 supponentes
2234 2992 2324 3033 quod
2347 2991 2508 3024 humilitas

1437 3037 1587 3068 consistat
1617 3037 1649 3067 in
1680 3036 1883 3077 despicientia
1914 3043 2116 3067 externorum
2147 3037 2308 3067 bonorum
2331 3035 2364 3072 *,
2397 3036 2510 3068 dicitur

1437 3082 1526 3122 quod
1543 3080 1660 3112 falsum
1676 3080 1838 3122 supponit.
1863 3080 2028 3118 Quoniam
2046 3087 2134 3111 actus
2149 3080 2336 3112 humilitatis
2352 3081 2508 3122 principa-

1437 3127 1474 3157 lis
1491 3125 1683 3168 (secundum
1699 3135 1797 3166 quem
1811 3125 1991 3156 iudicantur
2005 3123 2150 3166 virtutes)
2170 3131 2217 3156 est
2232 3125 2387 3156 subiectio
2402 3125 2452 3156 sui
2468 3126 2508 3157 ad

1437 3171 1470 3201 id
1486 3171 1575 3211 quod
1592 3170 1650 3201 Dei
1666 3177 1724 3201 est.
1741 3170 1785 3201 Ut
1808 3169 1894 3200 enim
1909 3169 2017 3209 ipsum
2039 3178 2158 3199 nomen
2179 3169 2327 3205 ostendit,
2343 3170 2510 3202 humilitas

1438 3225 1504 3246 non
1528 3213 1683 3254 significat
1705 3212 1922 3245 excellentiam
1938 3223 2002 3254 qua
2025 3212 2126 3244 homo
2143 3223 2239 3254 super
2262 3213 2369 3255 aliqua
2392 3213 2510 3247 feratur

1438 3266 1474 3290 ut
1497 3258 1642 3299 superior
1658 3257 1832 3298 despiciens
1856 3267 1903 3294 ea,
1922 3257 1978 3288 sed
2000 3257 2152 3297 importat
2175 3257 2385 3289 deiectionem
2408 3268 2508 3300 quan·

1439 3304 1524 3334 dam.
1547 3302 1697 3334 Similiter
1716 3311 1774 3333 nec
1789 3301 1948 3342 appetitus
1971 3311 2084 3332 eorum
2100 3311 2182 3342 quae
2198 3312 2270 3333 vere
2290 3312 2403 3343 magna
2423 3309 2508 3340 sunt,

1439 3355 1484 3378 est
1508 3346 1688 3388 principalis
1704 3345 1889 3376 humilitatis
1908 3351 2013 3376 actus:
2038 3346 2092 3376 sed
2117 3346 2216 3387 magis
2235 3347 2389 3378 subiectio
2412 3357 2508 3388 quae·

1439 3392 1514 3422 dam
1541 3391 1719 3431 appetitus,
1745 3397 1780 3421 ut
1802 3389 1909 3430 ipsum
1939 3399 2058 3420 nomen
2087 3398 2252 3422 monstrat.
2286 3391 2326 3422 Et
2357 3391 2437 3422 ratio
2462 3398 2509 3422 est

1439 3436 1514 3476 quia
1543 3435 1706 3466 humilitas
1735 3434 1841 3475 magis
1870 3435 2015 3473 reprimit
2041 3443 2128 3474 spem
2159 3445 2256 3475 quam
2293 3440 2405 3467 utatur
2428 3435 2509 3467 illa:

1439 3479 1529 3510 cuius
1546 3478 1732 3518 oppositum
1750 3484 1796 3508 est
1812 3477 1843 3508 in
1868 3478 2136 3517 magnanimitate,
2153 3489 2236 3520 quae
2260 3479 2360 3520 magis
2375 3489 2431 3520 spe
2447 3479 2506 3511 uti-

1438 3530 1490 3554 tur
1505 3532 1604 3563 quam
1620 3522 1769 3562 reprimat
1783 3521 1809 3557 *,
1828 3529 1863 3553 ut
1877 3521 1976 3562 ipsius
2001 3532 2120 3554 nomen
2144 3530 2310 3560 monstrat,
2327 3522 2508 3564 significans

1439 3568 1582 3598 animum
1607 3567 1645 3596 ad
1670 3575 1802 3607 magna.

1494 3610 1546 3641 Ad
1570 3611 1701 3641 demum
1726 3610 1818 3640 allata
1834 3611 1872 3640 ad
1890 3610 2092 3650 probandum
2112 3612 2202 3652 quod
2216 3610 2445 3652 aequanimitas
2461 3619 2508 3642 est
2534 3632 2545 3643 .
2565 3631 2638 3660 naa„
2655 3631 2688 3654 E,
2706 3630 2748 3654 a,

1439 3654 1586 3694 proprius
1610 3654 1795 3685 humilitatis
1818 3662 1905 3685 actus
1921 3654 1953 3689 *,
1979 3655 2092 3686 dicitur
2115 3656 2203 3696 quod
2227 3655 2342 3686 salsum
2366 3655 2427 3686 hoc
2450 3662 2507 3686 est.
2534 3664 2602 3681 mm.

2527 469 2536 479 ⁸
2544 468 2569 490 ln
2580 468 2675 491 Praefet.
2683 468 2739 490 Mis-

2530 1088 2714 1117 'Art.1,ed3.

2612 1176 2740 1204 reem-d

2529 1210 2592 1232 περ.
2603 1215 2614 1221 -
2655 1220 2660 1224 .
2675 1209 2740 1225 num.

2530 1237 2554 1252 vi

2531 1271 2541 1281 ⁸
2554 1269 2623 1298 Reap.
2633 1270 2662 1292 ed
2672 1276 2697 1298 5:
2709 1268 2740 1291 ef.

2530 1300 2572 1319 art.
2583 1302 2606 1324 2,
2615 1296 2644 1319 ad
2658 1302 2679 1326 3.

2530 1397 2542 1409 ⁸
2554 1395 2626 1419 Num.
2640 1402 2667 1419 ιι.

2536 2907 2547 2918 ·
2563 2907 2615 2928 Art.
2636 2911 2661 2932 a,
2675 2904 2749 2928 Com-

2535 2935 2606 2956 meat.
2621 2938 2685 2955 num.
2701 2938 2735 2955 ιιι.

2536 3039 2624 3089 m
2633 3045 2660 3066 n,
2671 3039 2750 3068 Mer-t

2535 3529 2545 3539 ·
2560 3527 2595 3550 Cf.
2610 3531 2651 3550 ιη.
2661 3527 2745 3556 =,ud3.
