2768 4198
82 1065 296 1115 Romanum.

80 2191 293 2216 ‘Communium

79 2224 144 2268 ει“οε
166 2245 208 2268 ua
249 2246 295 2268 cm

80 2271 203 2322 &2⁶32
249 2276 280 2295 ⁶¹·

80 2325 99 2354 ι,
109 2325 190 2349 ma.
199 2315 259 2354 in).

161 2378 178 2399 t.
197 2374 293 2404 XLVII,

177 2418 184 2430 ,
199 2401 235 2425 nd
246 2402 293 2425 Pu-

221 2298 283 2322 'rom
287 2289 293 2300 ’

76 2375 160 2452 {12:5¹²

78 3085 291 3135 21¹..““vf.‘3'·3⁰⁸¹'·

82 3393 137 3414 ‘Au
155 3395 199 3414 unt.
215 3391 235 3414 E
253 3392 290 3413 iat.

78 3434 293 3500 affimat-,2³

910 321 1315 359 RESPONSIONES
1346 322 1665 363 CARDINALIS
1695 328 1946 367 CAIETANI

329 402 437 426 autem
452 396 649 428 combinatio
666 407 834 438 nunquam
851 398 947 429 simul
963 399 1122 430 invenitur
1137 401 1169 431 in
1187 402 1302 432 eodem
1314 408 1400 432 actu:

328 441 484 480 quoniam
517 441 624 471 nullus
656 443 817 482 peccando
849 450 987 473 meretur
1015 444 1112 474 vitam
1140 452 1309 476 aeternam.
1346 446 1403 476 Est

328 485 414 515 enim
437 492 542 516 tantae
567 486 612 516 vis
637 493 804 526 peccatum
828 487 949 517 veniale
974 495 1009 519 ut
1033 489 1123 520 tollat
1146 490 1184 520 ab
1209 498 1279 520 actu
1304 500 1402 530 quem

327 528 423 560 afficit
446 530 598 560 meritum
621 537 765 561 aeternae
788 530 878 567 vitae,
900 533 1045 572 quamvis
1063 544 1128 563 non
1145 534 1236 565 tollat
1258 542 1401 565 aeternae

327 573 410 604 vitae
439 575 590 604 meritum
614 585 632 604 a
656 584 801 614 persona.
828 576 920 606 Multi
945 577 1030 607 enim
1054 579 1152 609 sancti
1182 579 1256 615 viri,
1282 579 1401 620 absque

326 618 390 649 hoc
413 619 503 659 quod
534 619 667 658 perdant
691 626 834 650 aeternae
858 620 939 651 vitae
965 622 1125 658 meritum,
1143 630 1273 663 peccant
1296 624 1400 654 venia-

326 662 412 693 liter:
438 672 549 693 verum
573 672 630 702 per
653 663 725 693 illos
750 671 837 694 actus
854 665 909 705 qui
926 674 1053 705 peccata
1077 674 1150 698 sunt
1174 667 1316 704 venialia,
1334 678 1400 698 non

327 714 490 737 merentur
512 707 611 737 vitam
631 714 802 739 aeternam.

382 751 467 781 Hinc
498 752 581 781 clare
612 759 697 791 patet
726 763 761 783 ex
785 753 843 784 hac
873 762 978 785 sancta
1003 762 1033 785 et
1056 766 1131 786 sana
1161 756 1304 787 doctrina
1334 766 1399 787 non

325 795 416 836 sequi
433 796 523 836 quod
539 796 642 826 iustus
662 796 694 827 in
719 798 864 838 quolibet
880 808 940 829 suo
957 800 1045 829 bono
1062 810 1158 839 opere
1182 807 1300 840 peccet.
1316 801 1400 831 Nam

325 839 383 870 etsi
413 848 521 880 posset
544 840 576 870 in
602 851 697 881 opere
732 842 841 883 aliquo
876 844 963 873 bono
993 854 1030 874 ex
1053 854 1166 883 genere
1196 855 1342 885 peccare,
1367 846 1400 875 in

325 884 416 914 nullo
441 891 548 915 tamen
573 896 670 926 opere
694 887 858 917 meritorio
882 895 988 927 potest
1011 898 1149 928 peccare.

381 973 520 1011 Quantus
545 984 694 1010 sacuano,
721 985 757 1005 ex
781 975 903 1005 eisdem
927 975 1184 1013 Commentariis,
1213 977 1400 1017 quaestione

323 1017 667 1057 sexagesimasecunda
700 1019 832 1050 articulo
861 1027 959 1056 sexto,
986 1020 1066 1051 circa
1096 1021 1337 1061 responsionem
1361 1022 1400 1052 ad

323 1062 503 1093 secundum
516 1062 544 1100 *,
559 1063 614 1093 ubi
630 1063 759 1094 dicitur:
781 1064 854 1095 Non
871 1070 995 1104 oportet
1010 1066 1180 1096 restituere
1195 1075 1266 1096 cum
1282 1066 1400 1096 damno

324 1108 356 1137 in
374 1117 410 1138 re
421 1108 601 1147 superioris
616 1107 750 1145 ordinis,
765 1115 835 1145 etc„
849 1109 938 1149 quod
955 1109 1080 1140 videtur
1096 1120 1132 1140 ex
1145 1110 1207 1140 hoc
1223 1110 1313 1150 sequi
1329 1121 1400 1141 mu-

321 1151 432 1182 lierem
457 1161 539 1192 quae
563 1162 600 1182 ex
624 1152 780 1183 adulterio
809 1153 948 1193 suscepit
970 1154 1111 1193 prolem,
1137 1164 1202 1184 non
1230 1155 1328 1185 teneri
1361 1155 1401 1185 ad

322 1206 356 1226 se
379 1195 602 1236 prodendum,
630 1204 918 1238 quantumcunque
938 1199 1002 1228 veri
1027 1199 1156 1229 heredes
1180 1198 1254 1229 inde
1279 1199 1400 1229 damni—

321 1239 467 1272 ficentur.
504 1241 604 1278 Quod
634 1249 741 1272 tamen
770 1242 943 1273 sententiae
972 1243 1161 1273 notabilium
1184 1243 1327 1274 virorum
1352 1253 1401 1274 re-

322 1284 476 1329 fragatur.

377 1331 463 1362 Huic
487 1330 662 1362 obiectioni
686 1331 897 1371 respondetur
927 1331 1095 1362 mulierem
1112 1341 1193 1372 quae
1219 1341 1256 1361 ex
1279 1332 1400 1362 adulte-

321 1374 369 1405 rio
393 1375 519 1416 genuit,
545 1383 575 1406 et
605 1382 773 1416 propterea
797 1376 861 1406 veri
886 1376 1017 1406 heredes
1049 1375 1309 1412 damnificantur,
1335 1386 1401 1406 non

321 1420 421 1450 teneri
451 1421 491 1451 ad
523 1419 796 1451 damnificandum
827 1420 964 1461 seipsam
988 1421 1020 1450 in
1045 1420 1142 1457 fama,
1173 1428 1218 1457 ut,
1242 1427 1401 1461 quantum

320 1464 354 1494 in
385 1475 418 1495 se
442 1472 503 1502 est,
538 1475 631 1496 veros
661 1465 791 1496 heredes
815 1475 833 1495 a
858 1466 976 1495 damno
1001 1465 1181 1496 hereditatis
1212 1472 1399 1505 praeservet.

322 1509 488 1547 Quoniam
523 1510 819 1551 quemadmodum,
854 1517 994 1540 cessante
1023 1509 1187 1540 iudiciaria
1219 1509 1400 1546 coactione,

322 1563 389 1584 non
413 1561 538 1585 tenetur
562 1555 663 1585 homo
692 1555 822 1595 perdere
845 1554 944 1585 vitam
969 1561 1023 1584 aut
1053 1554 1230 1585 libertatem
1254 1561 1290 1584 ut
1313 1554 1402 1585 satis-

320 1598 415 1630 faciat
437 1599 546 1630 debito
570 1599 769 1640 pecuniario;
786 1598 830 1630 ita
849 1608 907 1629 nec
930 1605 1056 1629 tenetur
1075 1598 1191 1628 mulier
1214 1598 1401 1629 huiusmodi

320 1643 452 1684 perdere
476 1643 597 1675 famam
622 1651 677 1675 aut
703 1643 802 1674 vitam
826 1653 885 1683 pro
909 1643 1058 1673 evitando
1087 1643 1207 1673 damno
1238 1643 1344 1674 alieno
1368 1643 1401 1674 in

321 1698 354 1718 re
378 1689 571 1728 pecuniaria.
596 1688 637 1719 Et
660 1688 685 1718 si
709 1688 771 1719 hoc
799 1687 970 1729 aliquibus,
996 1695 1031 1718 ut
1054 1687 1148 1723 dicis,
1172 1687 1246 1718 viris
1278 1687 1401 1718 notabi-

319 1732 405 1764 libus
420 1743 515 1773 grave
531 1733 666 1768 videtur,
684 1733 865 1763 mirandum
884 1732 992 1772 potius
1009 1732 1087 1762 mihi
1110 1732 1235 1763 videtur
1251 1732 1290 1762 de
1305 1732 1398 1772 ipsis:

320 1787 398 1809 cum
419 1777 593 1809 Decretalis
615 1777 656 1809 de
677 1778 774 1808 Poen.
798 1782 828 1808 et
846 1777 995 1814 Remiss.,
1019 1787 1087 1817 cap.
1108 1776 1230 1818 Officii,
1255 1786 1400 1816 expresse

283 1830 285 1832 ’
322 1822 406 1854 dicat
428 1823 559 1854 mulieri
581 1832 666 1864 quae
689 1823 778 1853 timet
801 1823 871 1853 viro
894 1831 954 1852 suo
977 1822 1037 1852 hoc
1055 1821 1217 1859 indicare,
1244 1831 1307 1852 non
1331 1831 1400 1852 esse

321 1867 549 1909 denegandam
576 1867 817 1908 poenitentiam.
849 1865 985 1897 Constat
1015 1866 1100 1896 enirn
1125 1866 1214 1907 quod
1243 1866 1399 1897 certitudo

321 1912 362 1942 de
392 1912 554 1953 perdenda
585 1911 671 1942 fama
702 1911 865 1952 pensanda
893 1918 956 1947 est,
981 1911 1063 1941 sicut
1090 1910 1196 1946 timor,
1221 1917 1298 1941 etc.:
1324 1921 1398 1941 curn

269 1971 273 1974 ⁴
321 1967 389 1987 non
413 1957 521 1988 solum
545 1956 661 1987 melius
682 1957 724 1987 sit
747 1966 862 1987 nomen
887 1956 1004 1986 bonum
1029 1965 1126 1996 quam
1155 1955 1287 1986 divitiae
1317 1956 1398 1986 mul-

63 2032 67 2035 ,
79 2006 167 2030 Ῥων.
176 2013 228 2036 οφ.
236 2012 296 2034 xxn,

77 2039 139 2057 vm.
154 2041 171 2058 1.

320 2007 374 2033 tae
388 2001 415 2037 *,
432 2002 488 2032 sed
512 2001 708 2032 tolerabilior
731 2000 771 2031 sit
794 2000 936 2031 mulieris
961 2000 1094 2031 servitus
1111 2007 1166 2031 aut
1189 2010 1276 2030 mors
1300 2010 1399 2041 quam

320 2046 389 2077 eius
412 2046 555 2083 infamia,
581 2045 606 2076 si
631 2045 798 2076 communi
821 2045 1135 2086 consanguineorum
1155 2051 1233 2076 voto
1251 2044 1398 2076 creditur.

374 2143 500 2173 Tnario
532 2151 679 2177 ananius,
704 2150 741 2171 ex
765 2140 885 2170 eisdem
918 2139 1185 2176 Commentariis,
1210 2139 1399 2181 quaestione

319 2187 679 2228 septuagesimaoctava,
706 2185 787 2216 circa
810 2185 980 2216 articulum
1003 2191 1155 2225 quartum
1178 2184 1212 2219 ²⁸².
1238 2191 1268 2215 et
1291 2184 1399 2215 nescio

320 2242 387 2274 quo
404 2231 566 2272 opusculo
591 2237 702 2261 nostro
717 2230 744 2266 *,
762 2229 817 2260 ubi
833 2229 947 2260 dicitur
968 2236 1110 2260 utentem
1126 2229 1247 2260 malitia
1270 2229 1399 2260 alterius

320 2287 447 2318 semper
470 2282 577 2317 petere
601 2275 714 2306 debere
738 2274 860 2315 aliquid
886 2275 1006 2315 absque
1034 2281 1165 2314 peccato
1196 2274 1398 2314 praestabile:

319 2322 345 2353 si
370 2321 512 2352 solidum
528 2327 576 2351 est
591 2320 654 2351 hoc
669 2317 938 2350 fundamentum?
961 2319 1045 2349 Nam
1063 2318 1189 2349 videtur
1204 2318 1399 2359 quibusdam

318 2367 382 2398 hoc
405 2376 472 2397 non
496 2371 661 2406 oportere:
687 2364 730 2395 ob
753 2363 786 2394 id
809 2364 899 2404 quod
924 2363 1010 2404 apud
1034 2363 1254 2403 Augustinum
1269 2363 1296 2399 *,
1316 2363 1400 2394 licite

318 2411 438 2453 petitur
464 2410 680 2441 iuramentum
706 2409 746 2440 ab
771 2418 810 2439 eo
834 2408 890 2449 qui
915 2418 971 2448 per
995 2407 1092 2439 falsos
1123 2408 1201 2438 deos
1233 2407 1332 2444 iurat,
1356 2408 1400 2438 ita

319 2456 420 2498 quod,
437 2455 463 2486 si
486 2465 543 2496 per
571 2464 685 2485 verum
709 2454 816 2484 Deum
839 2453 943 2484 iurare
966 2453 1070 2489 vellet,
1091 2463 1158 2483 non
1181 2452 1400 2483 admitteretur

318 2501 553 2536 iuramentum;
571 2506 602 2530 et
618 2498 753 2539 proinde
769 2497 888 2539 petitur
909 2497 1102 2538 inquantum
1126 2507 1182 2537 per
1200 2496 1297 2528 falsos
1321 2497 1399 2528 deos

318 2546 412 2577 iurat.
443 2545 530 2585 Ergo
554 2544 673 2585 petitur
703 2543 793 2584 quod
817 2542 884 2573 sine
908 2548 1039 2582 peccato
1064 2541 1131 2572 fieri
1155 2541 1276 2582 nequit.
1311 2542 1398 2582 Ergo

319 2596 426 2631 potest
449 2589 546 2620 etiam
570 2595 736 2628 peccatum
758 2587 843 2618 licite
866 2587 946 2627 peti:
967 2587 1149 2617 dummodo
1172 2586 1301 2617 nullum
1325 2596 1398 2626 aga-

308 2643 372 2675 ·tur
394 2633 628 2675 praeiudicium
652 2631 773 2662 salutis.

375 2679 427 2710 Ad
456 2677 644 2709 huiusmodi
675 2676 800 2707 obiecta
829 2675 1041 2716 respondetur
1068 2674 1298 2705 solidissimum
1329 2685 1396 2705 esse

317 2725 438 2756 iactum
463 2723 721 2757 fundamentum,
738 2720 857 2751 scilicet
871 2730 1041 2761 nunquam
1055 2719 1181 2750 licitum
1200 2729 1267 2750 esse
1290 2727 1397 2760 petere

319 2775 503 2811 peccatum:
529 2774 560 2798 et
582 2765 746 2807 implicare
778 2764 1023 2796 contradictoria
1045 2771 1151 2804 petere
1175 2771 1342 2804 peccatum
1366 2770 1398 2795 et

318 2825 386 2845 non
410 2822 501 2854 agere
524 2812 558 2842 in
581 2809 814 2852 praeiudicium
837 2809 958 2846 salutis,
979 2808 1135 2850 quoniam
1157 2808 1266 2849 ipsum
1289 2815 1396 2848 petere

318 2865 486 2900 peccatum
510 2863 557 2888 est
580 2862 758 2896 peccatum.
782 2854 882 2892 Quod
898 2864 935 2884 ex
951 2863 989 2884 eo
1014 2859 1101 2894 patet
1123 2853 1214 2894 quod
1237 2853 1396 2894 quidquid

317 2904 391 2935 licet
413 2909 530 2944 petere,
546 2901 620 2932 licet
643 2899 739 2931 etiam
755 2905 917 2940 appetere:
943 2908 1017 2929 cum
1041 2905 1147 2938 petere
1170 2904 1258 2929 actus
1281 2897 1395 2928 huma-

318 2959 380 2979 nus
403 2947 444 2978 sit
467 2947 506 2978 ab
531 2945 675 2986 appetitu
699 2943 856 2980 rationali,
874 2943 931 2984 qui
953 2943 1103 2973 voluntas
1127 2949 1183 2978 est,
1207 2942 1394 2982 procedens.

318 2993 381 3025 Sed
411 2998 535 3023 constat
565 2989 655 3031 quod
685 2999 751 3019 non
781 2988 853 3019 licet
883 2994 1032 3028 appetere
1055 2994 1222 3027 peccatum
1246 2986 1393 3023 alterius,

318 3043 607 3079 quantumcunque
624 3034 739 3075 parati:
758 3033 912 3073 scriptum
929 3038 976 3063 est
992 3031 1079 3063 enim
1099 3032 1138 3062 de
1156 3031 1282 3062 caritate
1304 3032 1394 3072 quod

317 3092 381 3114 non
404 3081 528 3123 gaudet
550 3089 649 3120 super
672 3078 840 3119 iniquitate
853 3077 881 3108 *.
899 3077 984 3117 Ergo
1010 3086 1076 3106 non
1099 3075 1173 3107 licet
1195 3082 1302 3117 petere
1320 3085 1392 3117 pec-

318 3133 426 3157 catum
450 3125 589 3161 alterius,
614 3130 901 3164 quantumcunque
924 3121 1034 3162 parati.

373 3170 574 3210 Augustinus
598 3175 717 3206 autem,
741 3174 776 3198 ut
792 3173 878 3207 patet
902 3166 935 3196 in
958 3165 1102 3206 Epistola
1124 3164 1168 3195 ad
1181 3164 1391 3203 Publicolam,

317 3225 385 3246 non
409 3214 484 3245 dicit
506 3213 628 3245 barbari
652 3213 884 3247 iuramentum,
909 3211 935 3241 si
957 3210 1053 3241 vellet
1075 3210 1177 3240 iurare
1201 3218 1257 3249 per
1279 3219 1391 3239 verum

317 3260 434 3295 Deum,
459 3268 526 3288 non
550 3268 618 3288 esse
645 3256 896 3288 admittendum:
922 3256 987 3292 sed,
1017 3261 1160 3285 utentem
1183 3252 1246 3283 fide
1269 3253 1391 3284 barbari

316 3303 441 3334 firmata
464 3303 645 3333 iuramento
669 3312 726 3343 per
748 3302 844 3332 falsos
862 3301 948 3336 deos,
974 3309 1040 3330 non
1057 3297 1294 3330 communicare
1317 3307 1391 3337 pec-

317 3354 389 3379 cato
412 3347 498 3378 illius
521 3356 588 3387 quo
611 3356 668 3386 per
690 3346 787 3377 falsos
804 3346 881 3376 deos
904 3345 995 3381 iurat,
1016 3344 1070 3375 sed
1076 3343 1172 3385 fidei,
1188 3342 1221 3372 id
1245 3348 1291 3372 est
1313 3341 1391 3372 fide-

317 3392 406 3428 litati,
423 3401 487 3433 qua
503 3391 589 3422 dicta
601 3390 696 3431 fiunt
709 3390 736 3422 ⁴².
761 3391 854 3422 Unde
872 3397 980 3431 petens
996 3389 1212 3420 iuramentum
1230 3387 1269 3416 ab
1284 3385 1390 3417 idolo-

317 3437 404 3473 latra,
429 3435 508 3477 petit
524 3445 607 3476 opus
630 3441 788 3472 sanctum,
805 3435 895 3476 quod
917 3435 969 3465 ille
986 3440 1100 3475 potest,
1125 3432 1151 3462 si
1174 3431 1252 3467 vult,
1269 3431 1388 3471 absque

318 3487 448 3522 peccato
472 3486 644 3521 praestare:
669 3478 746 3520 quia
769 3479 848 3510 nihil
871 3479 958 3510 aliud
982 3478 1059 3519 petit
1087 3477 1146 3507 nisi
1176 3475 1273 3506 fidem
1305 3475 1388 3505 iura-

317 3533 427 3557 mento
451 3524 619 3560 firmatam,
644 3523 734 3565 quod
756 3523 809 3554 ille
831 3531 989 3564 praestare
1019 3529 1140 3564 potest,
1165 3521 1190 3551 si
1212 3520 1297 3556 vult,
1322 3529 1388 3550 cre-

319 3570 424 3601 dendo
448 3570 481 3600 in
505 3579 608 3600 unum
628 3569 735 3599 solum
750 3578 864 3599 verum
879 3568 986 3599 Deum
1002 3575 1033 3598 et
1048 3566 1182 3597 iurando
1200 3575 1256 3605 per
1278 3564 1388 3601 illum;

2446 334 2518 384 557

1457 403 1512 433 sed
1532 414 1568 434 ex
1598 415 1655 436 sua
1685 406 1866 439 infidelitate
1896 410 2029 449 apponit
2058 410 2124 450 ipse
2154 411 2353 452 iniquitatem
2383 413 2518 445 iurando

1457 457 1513 487 per
1536 448 1632 479 falsos
1656 451 1742 482 deos.

1512 492 1642 524 Falsum
1666 505 1740 534 ergo
1765 497 1940 536 opponitur
1963 498 2096 529 dicendo
2123 501 2228 539 quod,
2255 501 2280 531 si
2302 502 2395 532 vellet
2418 502 2518 533 iurare

1456 546 1512 575 per
1534 547 1646 568 verum
1660 539 1776 576 Deum,
1794 541 2007 572 iuramentum
2024 553 2088 573 non
2111 544 2343 575 admitteretur:
2363 546 2420 576 nisi
2439 546 2519 578 forte

1456 580 1639 613 obiicientes
1669 583 1802 615 referant
1836 585 1896 616 hoc
1927 587 1965 616 ad
1994 587 2164 618 irrisoriam
2195 589 2400 626 iurationem;
2430 591 2519 631 quasi

1455 625 1632 663 idololatra,
1657 638 1722 658 non
1747 636 1782 659 ut
1804 629 1992 666 iuramenm,
2010 632 2064 661 sed
2088 640 2123 662 ut
2145 643 2226 663 vana
2249 640 2280 663 et
2303 634 2519 674 superstitiosa

1455 669 1579 700 iurandi
1610 672 1833 704 adinventione
1866 674 1921 704 illo
1953 682 2091 706 uteretur
2121 677 2299 708 iuramento
2328 688 2383 718 per
2414 679 2519 709 lesum

1456 713 1630 747 Christum.
1656 716 1743 747 quta
1766 718 1851 748 hunc
1875 719 1959 749 enim
1983 730 2121 757 sensum,
2146 721 2246 752 fateor
2268 723 2357 762 quod
2377 733 2442 753 non
2467 724 2519 753 ad-

1455 758 1643 790 mitteretur:
1669 771 1735 791 non
1759 772 1795 792 ex
1819 763 1942 794 defectu
1968 764 2231 802 Christianorum,
2257 767 2310 796 sed
2335 776 2371 796 ex
2395 766 2518 798 defectu

1454 802 1694 835 idololatrarum
1715 806 1930 837 exhibentium
1947 808 2008 838 hoc
2024 819 2089 839 non
2106 816 2141 840 ut
2156 810 2381 841 iuramentum.
2406 811 2467 842 Sed
2483 822 2519 842 ex

1454 846 1512 877 ista
1536 848 1736 886 refutatione,
1757 850 1781 880 si
1806 851 1967 887 accideret,
1986 863 2050 882 non
2067 854 2218 894 sequitur,
2235 855 2327 895 Ergo
2344 856 2518 895 petendum

1455 897 1536 922 esset
1552 897 1588 922 ut
1606 894 1755 925 iurarent
1765 905 1828 934 per
1834 895 1945 935 salsos
1960 897 2053 927 deos:
2068 899 2132 934 sed,
2149 899 2240 939 Ergo
2250 900 2422 939 petendum
2439 906 2519 930 esset

1455 941 1491 965 ut
1503 937 1661 975 iurarent,
1676 943 1706 968 et
1719 948 1781 968 non
1798 940 1972 971 irriderent
1987 943 2215 982 veramfidem.
2233 944 2274 974 Et
2285 950 2370 980 tunc,
2384 951 2420 974 ut
2431 945 2519 984 prius

1455 979 1625 1017 dicebatur,
1651 992 1716 1012 non
1746 983 1863 1023 petitur
1886 984 1945 1015 nisi
1968 985 2198 1017 iuramentum:
2229 988 2374 1028 quamvis
2405 988 2520 1019 sciatur

1454 1025 1543 1065 quod
1567 1025 1674 1056 iurans
1698 1027 1897 1068 iniquitatem
1922 1037 2071 1070 apponet,
2089 1031 2222 1061 iurando
2239 1041 2294 1071 per
2312 1032 2408 1062 falsos
2432 1032 2517 1064 deos.

1511 1112 1644 1149 Quaaro
1669 1124 1816 1151 ananius,
1841 1126 1877 1146 ex
1901 1117 2018 1147 eisdem
2049 1117 2310 1156 Commentariis,
2334 1120 2519 1160 quaestione

1455 1157 1771 1197 octogesimaoctava,
1789 1160 1869 1190 circa
1892 1161 2059 1192 articulum
2080 1170 2228 1193 octavum
2243 1164 2270 1200 *,
2288 1174 2338 1200 an,
2363 1164 2443 1195 sicut
2463 1175 2519 1195 vo·
2547 1171 2556 1181 ·
2570 1170 2605 1192 Cf·
2625 1170 2757 1194 Comment.

1455 1207 1524 1231 tum
1549 1202 1754 1233 abstinentiae
1771 1204 1886 1241 uxoris,
1910 1206 1953 1235 sic
1977 1213 2006 1236 et
2021 1213 2134 1237 votum
2159 1207 2370 1238 continentiae
2384 1208 2432 1238 vir
2454 1208 2519 1239 irri-
2546 1203 2609 1219 ''¹¹¹¹‘'
2625 1203 2650 1219 ¹¹‘

1455 1252 1519 1276 tare
1544 1247 1654 1286 possit,
1680 1247 1723 1278 sic
1748 1255 1783 1278 ut
1807 1259 1886 1279 uxor
1910 1260 2018 1280 secura
2041 1250 2080 1281 sit
2103 1259 2197 1291 atque
2220 1258 2298 1282 tuta.

1510 1290 1595 1321 Huic
1619 1292 1797 1332 quaestioni
1814 1295 2024 1333 respondetur
2043 1305 2108 1325 non
2126 1306 2192 1326 esse
2208 1297 2341 1326 eandem
2364 1296 2520 1326 rationem

1455 1334 1493 1364 de
1517 1335 1623 1365 uxoris
1646 1343 1724 1366 voto
1749 1337 1828 1367 circa
1858 1338 2090 1376 abstinentiam,
2114 1346 2144 1370 et
2167 1340 2246 1370 circa
2276 1340 2519 1377 continentiam,

1454 1379 1561 1418 quoad
1584 1379 1792 1411 irritationem
1816 1392 1833 1411 a
1855 1382 1934 1413 viro.
1951 1383 2114 1420 Quoniam
2131 1391 2269 1423 potestas
2291 1384 2432 1415 irritandi
2447 1392 2521 1416 vota

1456 1423 1563 1453 uxoris
1586 1431 1705 1463 spectat
1728 1426 1767 1455 ad
1790 1426 1894 1456 virum
1918 1434 2074 1467 quatenus
2094 1429 2285 1467 gubernator
2308 1435 2363 1465 est,
2388 1435 2418 1459 et
2441 1438 2521 1459 uxor

1454 1474 1501 1497 est
1523 1467 1568 1496 illi
1591 1468 1731 1499 subdita:
1757 1469 1836 1500 circa
1853 1478 1940 1501 actus
1965 1479 2070 1502 autem
2087 1473 2307 1509 continentiae,
2331 1473 2378 1503 vir
2393 1480 2424 1503 et
2442 1483 2522 1503 uxor

1455 1511 1494 1541 ad
1518 1511 1605 1551 paria
1629 1520 1806 1544 censentur.
1824 1515 1863 1544 Et
1880 1522 2044 1554 propterea
2061 1527 2127 1546 non
2142 1523 2261 1556 spectat
2279 1517 2318 1547 ad
2332 1523 2521 1557 potestatem

1454 1555 1510 1585 viri
1536 1556 1654 1587 irritare
1673 1564 1787 1588 votum
1813 1559 2024 1590 continentiae
2057 1561 2179 1591 uxoris:
2204 1561 2292 1601 quod
2321 1571 2387 1591 non
2417 1561 2523 1601 potuit

1455 1599 1556 1630 facere
1579 1601 1638 1631 nisi
1663 1609 1820 1643 quantum
1844 1603 1884 1633 ad
1900 1604 2087 1643 petitionem
2107 1605 2213 1641 debiti,
2233 1605 2409 1636 secundum
2424 1615 2522 1646 quam

1454 1644 1551 1675 libera
1575 1653 1631 1681 est,
1657 1657 1713 1677 nec
1736 1647 1805 1677 viro
1830 1648 1986 1679 subditur.

1510 1734 1636 1771 Qum-ro
1657 1746 1798 1772 Quanam,
1816 1746 1855 1766 an
1872 1736 1912 1767 sit
1927 1746 2018 1766 mens
2034 1737 2132 1768 sancti
2144 1737 2301 1774 Thomae,
2317 1738 2350 1768 in
2366 1739 2415 1769 IV-
2423 1739 2520 1775 Sent.,

1454 1781 1525 1812 dist.
1541 1791 1628 1817 xvm,
1643 1791 1699 1822 qu.
1714 1792 1746 1818 11,
1764 1787 1820 1812 art.
1842 1791 1867 1816 1,
1884 1783 1943 1821 qu·
1957 1790 1988 1820 4,
2006 1788 2101 1820 prout
2117 1782 2247 1822 quidam
2263 1782 2322 1813 sibi
2337 1783 2519 1824 imponunt,

1453 1827 1541 1867 quod
1572 1825 1858 1857 excommunicatio
1891 1825 2006 1856 iniusta
2037 1826 2137 1866 privet
2164 1826 2320 1867 suffragiis
2346 1828 2519 1859 Ecclesiae:

1453 1871 1542 1902 cuius
1566 1870 1761 1902 contrarium
1792 1870 1824 1900 in
1853 1870 1991 1911 quadam
2024 1870 2208 1910 quaestione
2232 1871 2359 1911 speciali
2381 1879 2489 1904 nostra
2504 1873 2521 1892 *

1452 1916 1564 1956 legisse
1589 1913 1686 1946 dicis?

1508 1960 1559 1991 Ad
1582 1960 1663 1990 hanc
1695 1959 1935 1999 ambiguitatem
1966 1959 2174 1998 respondetur
2204 1960 2285 1990 duos
2311 1970 2377 1991 esse
2404 1962 2519 1992 modos

2547 1874 2556 1884 ⁸
2579 1873 2699 1896 Tractatus
2722 1874 2758 1896 De

2547 1899 2640 1922 Excom.
2661 1901 2756 1928 (Opusc.

2547 1926 2627 1954 Caiet„
2633 1927 2691 1948 Ven.
2702 1927 2756 1953 1612,

2546 1953 2614 1975 Tom.
2638 1954 2656 1979 1,
2679 1953 2756 1975 Tract.

2547 1979 2614 2006 XIX).

1450 2005 1567 2046 quibus
1591 2005 1777 2035 communia
1798 2003 1957 2034 Ecclesiae
1973 2003 2118 2044 suffragia
2141 2004 2368 2044 participantur
2390 2016 2408 2036 a
2432 2005 2521 2037 Chri—

1450 2049 1647 2080 stifidelibus.
1671 2049 1797 2080 Primus
1821 2055 1867 2079 est
1890 2058 1946 2088 per
1969 2058 2176 2079 communem
2192 2049 2349 2080 Ecclesiae
2371 2049 2519 2081 intentio-

1452 2105 1536 2132 nem,
1561 2105 1624 2135 qua
1640 2093 1825 2125 communia
1842 2092 1987 2133 suffragia
2002 2103 2060 2133 pro
2077 2093 2234 2124 Ecclesiae
2258 2094 2408 2125 membris
2433 2105 2519 2126 com-

1452 2139 1590 2171 muniter
1613 2138 1704 2170 fiunt.
1723 2138 1888 2169 Secundus
1911 2144 1958 2168 est
1980 2147 2036 2177 per
2060 2137 2229 2178 specialem
2252 2138 2385 2169 alicuius
2407 2138 2518 2176 fidelis,

1452 2191 1482 2214 et
1509 2184 1679 2224 praecipue
1708 2182 1843 2213 ministri
1874 2182 2073 2213 ecclesiastici
2095 2182 2322 2220 intentionem,
2347 2185 2410 2224 qua
2433 2194 2519 2215 com—

1452 2228 1562 2259 munia
1591 2228 1737 2268 suffragia
1768 2227 1946 2267 diriguntur
1969 2236 2027 2267 pro
2058 2226 2120 2257 isto
2151 2226 2345 2267 particulari:
2377 2234 2413 2259 ut
2445 2238 2519 2259 cum

1452 2273 1565 2314 aliquis
1581 2273 1656 2303 dicit
1671 2272 1721 2303 vel
1738 2271 1812 2302 facit
1828 2271 1888 2302 dici
1905 2271 2034 2301 Missam
2051 2281 2109 2311 pro
2125 2271 2184 2301 ista
2207 2271 2357 2311 singulari
2372 2282 2518 2312 persona.

1452 2316 1750 2349 Excommunicatio
1775 2323 1882 2347 autem
1912 2315 2028 2346 iniusta
2058 2316 2152 2346 habet
2179 2325 2275 2346 suum
2306 2316 2454 2347 effectum
2486 2318 2519 2349 in

1452 2362 1606 2402 privando
1631 2361 1784 2401 suffragiis
1814 2360 1973 2391 Ecclesiae
1996 2360 2058 2390 hoc
2082 2360 2222 2390 secundo
2247 2361 2360 2391 modo:
2385 2362 2460 2402 quia
2483 2363 2519 2393 ti-

1452 2407 1568 2437 menda
1592 2413 1639 2437 est
1661 2416 1728 2436 non
1751 2405 1860 2436 solum
1882 2405 1920 2435 ab
1945 2404 2233 2440 excommunicato,
2251 2405 2306 2435 sed
2321 2406 2359 2435 ab
2384 2406 2468 2443 aliis;
2484 2417 2520 2438 ac

1450 2461 1507 2492 per
1530 2452 1601 2488 hoc,
1626 2450 1678 2481 alii
1702 2450 1912 2490 prohibentur
1935 2449 2089 2479 celebrare
2113 2448 2239 2489 speciali
2262 2449 2437 2481 intentione
2461 2461 2519 2491 pro

1450 2496 1517 2531 illo,
1541 2503 1582 2533 et,
1607 2495 1673 2536 pari
1697 2494 1828 2528 ratione,
1852 2494 1912 2524 alia
1935 2493 2119 2524 communia
2135 2492 2280 2532 suffragia
2304 2505 2362 2534 pro
2378 2495 2434 2525 illo
2450 2506 2519 2536 spe-

1451 2541 1568 2572 cialiter
1590 2550 1692 2580 agere.
1716 2540 1758 2570 Et
1779 2539 1865 2569 iuxta
1886 2538 1972 2569 hunc
1995 2548 2124 2568 sensum
2142 2537 2281 2577 intellige
2298 2538 2408 2569 divum
2431 2540 2518 2571 Tho-

1451 2595 1537 2616 mam
1568 2585 1725 2615 dicentem
1755 2582 2119 2614 excommunicationem
2149 2582 2300 2612 iniustam
2329 2583 2443 2614 habere
2475 2585 2518 2615 ef-

1451 2630 1581 2661 fectum.

1503 2674 1611 2705 Primo
1636 2680 1744 2704 autem
1764 2671 1874 2708 modo,
1891 2670 2178 2701 excommunicatio
2201 2670 2317 2701 iniusta
2334 2682 2399 2702 non
2415 2673 2517 2713 privat

1448 2717 1760 2750 excommunicatum
1790 2715 1944 2755 suffragiis
1974 2715 2140 2746 Ecclesiae.
2177 2715 2260 2752 Quia
2291 2716 2517 2748 rationabiliter

1447 2764 1691 2804 interpretamur
1714 2770 1921 2792 communem
1944 2759 2102 2790 Ecclesiae
2118 2759 2327 2790 intentionem
2350 2761 2383 2791 in
2407 2761 2514 2793 suffra-

1447 2809 1505 2848 giis
1529 2806 1756 2839 communibus
1781 2815 1847 2835 esse
1867 2803 2066 2835 conformem
2086 2803 2209 2834 divinae
2225 2804 2452 2844 dispensationi
2468 2816 2514 2837 se-

1448 2853 1590 2884 cundum
1612 2851 1786 2886 veritatem,
1807 2856 1837 2880 et
1859 2859 1926 2879 non
1949 2849 2124 2879 secundum
2148 2849 2365 2889 apparentiam
2393 2857 2448 2881 aut
2471 2861 2514 2881 er-

1447 2907 1551 2928 rorem
1568 2897 1761 2927 humanum:
1778 2893 1939 2924 descendit
1955 2893 2040 2923 enim
2057 2893 2208 2924 imitative
2223 2893 2363 2924 militans
2375 2894 2513 2926 Ecclesia

1447 2952 1465 2972 a
1488 2941 1585 2972 caelo.
1611 2940 1747 2971 Constat
1770 2945 1877 2969 autem
1901 2937 1989 2978 quod
2020 2938 2307 2968 excommunicatio
2336 2938 2454 2969 iniusta
2477 2949 2514 2970 ex

1447 2996 1550 3017 errore
1573 2985 1717 3015 humano
1737 2982 1889 3024 procedit.
1906 2985 1953 3013 Ac
1976 2991 2032 3022 per
2050 2982 2122 3018 hoc,
2147 2982 2205 3012 sub
2223 2982 2388 3012 communi
2411 2983 2511 3014 inten-

1446 3031 1533 3062 tione
1556 3029 1714 3060 Ecclesiae
1739 3037 1803 3068 qua
1819 3026 2084 3057 excommunicati
2100 3026 2263 3066 privantur
2286 3027 2511 3058 communibus

1445 3074 1599 3114 suffragiis
1615 3073 1701 3113 apud
1717 3073 1832 3108 Deum,
1854 3081 1919 3101 non
1939 3070 2217 3111 comprehenditur
2232 3070 2366 3111 privatio
2386 3081 2510 3102 excom-

1446 3119 1682 3150 municatorum
1705 3116 1830 3147 iniuste.
1854 3116 1928 3146 Non
1952 3115 2036 3146 enim
2060 3115 2195 3145 intendit
2217 3115 2337 3146 addere
2358 3115 2510 3157 afflictio-

1444 3174 1515 3194 nem
1535 3163 1661 3204 afflicto
1675 3161 1701 3192 *.
1718 3161 1759 3191 Et
1775 3170 1858 3201 quos
1874 3160 2007 3200 cogitur,
2025 3169 2061 3190 ex
2077 3159 2220 3190 humano
2236 3159 2366 3196 iudicio,
2384 3170 2509 3191 excom·
2535 3163 2588 3212 20¹
2606 3163 2745 3213 leimam,

1444 3207 1637 3238 municando
1673 3205 1793 3245 privare
1827 3214 1894 3235 uno
1930 3204 2046 3240 modo,
2078 3213 2143 3233 non
2176 3210 2342 3243 propterea
2376 3204 2510 3236 intendit
2533 3196 2598 3245 ἕξοι,
2651 3197 2679 3212 ⁶⁰
2705 3197 2747 3212 ‘¹⁶’

1443 3252 1564 3294 privare
1587 3257 1724 3290 utroque
1748 3249 1859 3279 modo.
1883 3249 1924 3279 Et
1947 3248 1990 3278 sic
2013 3248 2214 3287 intelligenda
2233 3255 2308 3279 sunt
2330 3258 2411 3289 quae
2434 3248 2508 3279 alibi

1443 3295 1635 3336 scripsimus,
1652 3293 1741 3334 quod
1761 3292 2046 3323 excommunicatio
2069 3292 2184 3322 iniusta
2207 3302 2273 3322 non
2296 3292 2398 3332 privat
2421 3303 2507 3323 com-

1443 3340 1594 3371 munibus
1615 3338 1773 3369 Ecclesiae
1796 3336 1958 3377 suffragiis·

1496 3385 1583 3415 Haec
1614 3382 1691 3413 mihi
1722 3388 1902 3417 occurrunt,
1931 3380 2145 3411 amantissime
2175 3381 2274 3417 Pater,
2299 3381 2339 3411 ad
2366 3381 2507 3421 quaesita

1442 3437 1496 3460 tua
1530 3427 1703 3459 scribenda.
1740 3426 1830 3463 Quae
1865 3425 1890 3455 si
1925 3424 2148 3461 satisfecerint,
2183 3425 2300 3464 gratiae
2334 3425 2507 3456 referentur

1442 3475 1522 3504 Deo.
1547 3473 1601 3503 Sin
1625 3478 1751 3506 autem,
1776 3469 1922 3510 suppleat
1951 3469 2140 3509 perspicacia
2167 3476 2232 3499 tua.
2262 3468 2347 3499 Bene
2370 3470 2455 3506 vale,
2476 3476 2506 3500 et

1443 3528 1498 3549 ora
1516 3527 1575 3558 pro
1599 3526 1660 3547 me.

1498 3563 1629 3597 Romae,
1654 3560 1704 3591 die
1730 3570 1747 3590 2
1772 3558 1864 3594 Iunii,
1894 3558 1985 3589 1522.
