2768 4198
59 477 68 486 ⁴
84 474 149 496 Vera.
165 481 184 503 5.

157 634 173 664 t

59 744 255 769 ‘Serra-CCCLI,

56 771 85 793 al.
119 771 206 793 Homil.
237 770 255 792 L

54 798 140 846 ‘zm
137 798 253 852 Y‘Zffl

149 860 166 884 η

49 1343 262 1392 iffffrtffiff

49 1397 60 1408 ⁸
73 1395 110 1419 Cf.
126 1401 192 1419 nam.
210 1401 262 1418 vin.

64 1856 83 1863 ¹-
118 1850 182 1870 nni-(s
206 1856 211 1865 ἱ

42 2587 54 2599 ·
73 2586 126 2610 Lib.
149 2587 183 2615 11,
203 2593 255 2615 cap.

41 2619 105 2642 xxxv,
120 2620 144 2636 n.
158 2620 180 2643 9.

0 2800 2 2805 ·
41 2763 254 2839 {fflsfitlafi

0 2843 2 2845 ’
41 2833 98 2866 ’ζῇ
113 2850 176 2866 num.
190 2850 222 2867 tx.

41 2870 54 2883 ⁴
73 2870 142 2893 Cout.
170 2871 255 2894 ration.

0 2912 2 2914 -
41 2895 154 2925 nomae,
171 2897 196 2920 ia
214 2898 245 2920 fin

0 2927 3 2940 ·'
41 2927 130 2952 quaeat.

43 3201 53 3210 ⁴
66 3199 102 3222 Cf.
119 3206 182 3222 num.
197 3206 220 3222 x.

42 3508 52 3519 ·
67 3508 175 3531 Conclua.
190 3515 206 3532 ι.

985 284 1252 331 QUAESTIO
1282 286 1420 334 CLXI,
1449 288 1747 325 ARTICULUS
1775 288 1811 325 V

301 374 436 399 sauros
449 363 487 399 in
503 362 629 406 coelo;
649 370 685 399 et
700 361 870 399 similiter
885 364 1218 402 contemnentibus
1234 366 1368 403 mundi

300 415 438 464 gaudia
465 415 733 464 promittuntur
768 416 1047 454 consolationes
1083 419 1279 465 caelestes,
1310 432 1367 456 se·
1394 420 1397 454 J

301 469 470 506 cundum
500 468 590 506 illud
619 469 753 505 Matth.
774 480 798 504 v
816 468 857 505 *ε
886 470 997 506 Beati
1022 471 1089 519 qui
1113 471 1254 521 lugent,
1277 485 1367 521 quo-
1394 487 1396 508 ι

300 522 403 559 niam
433 523 503 570 ipsi
524 522 828 559 consolabuntur.
859 522 908 558 Et
937 523 1074 560 eodem
1096 526 1216 562 modo
1244 527 1366 563 humi-

298 575 390 612 litati
408 575 638 624 promittitur
653 575 854 624 spiritualis
874 576 1059 623 exaltatio,
1078 590 1155 615 non
1176 579 1265 627 quia
1284 580 1365 628 ipsa

299 629 380 666 sola
409 641 493 665 earn
515 627 527 654 ζ
555 635 759 675 mereatur,
781 629 848 666 sed
869 629 958 677 quia
988 630 1068 667 eius
1089 639 1144 668 est
1167 633 1365 682 proprium

298 689 544 718 contemnere
574 682 844 719 sublimitatem
864 690 1066 721 terrenam.
1097 685 1208 722 Unde
1236 688 1365 734 Augu-

297 735 415 772 stinus
444 735 555 781 dicit,
585 735 622 772 in
652 735 748 772 libro
777 736 822 772 de
849 737 1080 775 Poenitentia
1100 738 1139 774 *ε
1168 739 1231 776 Ne
1258 746 1366 788 putes

296 800 381 825 eum
402 790 470 837 qui
485 801 525 825 se
543 789 726 834 humiliat,
746 801 894 837 semper
913 790 1037 827 iacere
1056 797 1095 827 ηε
1120 804 1205 829 cum
1225 793 1364 830 dictum

293 842 351 888 sit,
393 857 411 874 a
433 842 678 879 Exaltabitur
700 859 732 879 ».
770 844 822 879 Et
848 855 894 879 ne
923 843 1086 891 opineris
1114 846 1193 882 eius
1221 847 1365 883 exalta-

294 896 432 932 tionem
461 896 498 932 in
530 896 647 933 oculis
683 897 878 933 hominum
902 908 974 945 per
1005 898 1247 936 sublimitates
1270 901 1367 948 fieri
1390 918 1392 932 ι

1390 989 1391 994 ,
1419 954 1513 990 aliae
1541 954 1699 992 virtutes
1736 955 1875 1003 quibus
1901 957 2023 994 homo
2062 956 2203 994 directe
2242 964 2422 994 movetur
2449 956 2488 994 in

294 949 522 997 corporales.

346 1004 406 1040 An
427 1014 600 1045 QUARTUM
619 1015 804 1040 mCENDuM
824 1002 929 1051 quod
955 1003 1041 1040 ideo
1063 1003 1236 1042 Christus
1255 1018 1363 1054 prae-

2417 289 2486 325 301

1425 366 1534 416 cipue
1563 367 1812 405 humilitatem
1843 367 1953 405 nobis
1983 369 2278 416 commendavit,
2306 369 2395 418 quia
2423 381 2492 417 per

1422 421 1497 457 hoc
1516 421 1682 458 maxime
1711 429 1933 459 removetur
1952 421 2269 471 impedimentum
2297 423 2490 459 humanae

1423 474 1562 520 salutis,
1585 486 1682 523 quae
1713 475 1882 512 consistit
1900 475 1938 512 in
1967 476 2042 512 hoc
2062 476 2167 524 quod
2186 477 2307 513 homo
2337 476 2386 513 ad
2407 488 2491 513 cae-

1422 527 1526 564 lestia
1546 536 1583 564 et
1602 528 1807 576 spiritualia
1827 529 1969 575 tendat,
1991 541 2013 565 a
2032 529 2170 577 quibus
2189 530 2309 566 homo
2329 529 2490 578 impedi-

1421 587 1481 616 tur
1509 581 1600 617 dum
1630 581 1667 618 in
1696 581 1854 619 terrenis
1887 582 2122 630 magnificari
2151 583 2287 620 studet.
2326 583 2374 619 Et
2402 582 2489 620 ideo

1421 634 1624 681 Dominus,
1646 642 1685 671 ut
1713 635 2033 684 impedimentum
2063 636 2190 673 salutis
2219 637 2396 682 auferret,
2428 647 2488 672 ex-

1420 687 1598 724 teriorem
1629 688 1891 726 celsitudinem
1914 690 2234 727 contemnendam
2264 689 2491 726 monstravit

1419 753 1488 788 per
1507 741 1726 778 humilitatis
1746 743 1932 791 exempla.
1954 743 2003 779 Et
2022 743 2075 780 sic
2094 743 2286 781 humilitas
2307 750 2362 780 est
2381 742 2489 791 quasi

1420 795 1610 842 quaedam
1642 795 1834 844 dispositio
1864 796 1912 833 ad
1941 796 2103 833 liberum
2133 809 2329 834 accessum
2364 796 2488 833 homi-

1420 847 1475 883 nis
1504 847 1541 884 in
1570 848 1774 896 spiritualia
1805 856 1840 885 et
1860 849 1989 886 divina
2018 851 2131 887 bona.
2161 850 2265 887 Sicut
2294 861 2383 898 ergo
2403 862 2488 898 per-

1419 900 1529 937 fectio
1552 909 1607 937 est
1634 901 1762 950 potior
1790 902 2048 951 dispositione,
2074 903 2125 940 ita
2153 904 2267 941 etiam
2298 903 2432 940 caritas
2453 910 2490 940 et

1419 1008 1559 1053 Deum,
1581 1015 1667 1044 sunt
1694 1009 1862 1056 potiores
1891 1009 2111 1047 humilitate.

343 1118 368 1153 ζ)
390 1119 449 1152 ipsa
467 1120 525 1145 sola
544 1127 611 1146 eam.
623 1134 642 1140 -
660 1121 718 1154 ipsa
736 1122 794 1146 sola
814 1123 898 1154 ipsam
918 1123 959 1149 ed.
977 1130 1003 1153 a,
1023 1124 1081 1148 sola
1099 1123 1185 1155 ipsam
1206 1122 1259 1147 PG.

1473 1121 1500 1153 η)
1522 1122 1618 1147 iacere.
1631 1135 1650 1141 -
1668 1122 1753 1147 latere
1771 1122 1837 1148 AEI.

970 1210 1304 1243 Commentaria
1327 1208 1580 1241 Garamans
1604 1208 1806 1241 Caietam

295 1306 341 1368 It<
364 1295 503 1329 articulo
522 1296 636 1336 quinto
656 1296 799 1327 eiusdem
826 1297 1022 1338 quaestionis
1046 1296 1362 1334 centesimaesexage-
1414 1295 1507 1324 batur
1522 1294 1634 1325 maior.
1660 1295 1745 1332 Quia
1762 1306 1836 1327 cum
1851 1297 2002 1328 omnibus
2025 1297 2290 1331 intellectualibus
2306 1300 2485 1340 virtutibus,

321 1339 552 1380 simaeprimae,
570 1340 665 1370 dubia
690 1341 791 1371 multa
815 1351 851 1371 ex
865 1341 1013 1378 Martino,
1035 1341 1068 1371 in
1085 1351 1104 1370 v
1121 1350 1176 1381 qu.
1193 1340 1211 1359 *
1234 1340 1273 1370 de
1292 1340 1360 1369 Hu-

289 1384 431 1420 militate,
457 1390 638 1414 occurrunt.
662 1385 808 1415 Primum
825 1385 842 1404 *
864 1392 974 1416 contra
997 1385 1154 1416 rationem
1177 1384 1298 1415 litterae
1322 1384 1361 1414 ad

288 1428 491 1470 probandum
515 1427 646 1459 virtutes
668 1428 896 1460 intellectuales
920 1439 986 1460 esse
1010 1429 1150 1470 potiores
1174 1428 1359 1464 moralibus,

1415 1345 1446 1369 et
1469 1348 1579 1369 earum
1603 1339 1734 1376 actibus,
1760 1347 1819 1371 stat
1843 1351 1901 1371 nec
1925 1342 2004 1372 bene
2028 1352 2086 1373 nec
2110 1343 2198 1374 beate
2221 1344 2336 1375 vivere.

1471 1383 1523 1414 IV.
1551 1383 1713 1420 Quartum
1747 1385 1910 1415 dubium*
1934 1393 1980 1416 est
2010 1386 2090 1417 circa
2122 1389 2394 1428 comparationem
2426 1390 2485 1421 hu-

1413 1427 1554 1458 militatis
1578 1428 1618 1457 ad
1641 1428 1805 1460 iustitiam.
1830 1429 1871 1460 Et
1894 1437 2003 1460 contra
2020 1431 2077 1461 tria
2101 1431 2133 1461 in
2147 1432 2249 1463 littera
2273 1433 2355 1464 dicta
2371 1434 2486 1466 directe

288 1483 344 1504 seu
360 1472 550 1504 humilitate.
575 1472 746 1513 supponit,
763 1473 868 1514 inquit
883 1474 999 1514 primo,
1017 1473 1096 1505 ratio
1113 1483 1215 1504 unum
1232 1472 1359 1509 falsum,
1386 1477 1388 1511 1
1413 1471 1517 1511 arguit
1530 1472 1557 1502 *.
1583 1472 1726 1503 Primum
1751 1480 1798 1504 est
1814 1473 1853 1504 de
1877 1474 1996 1504 iustitia
2020 1475 2130 1514 legali:
2155 1476 2283 1508 Iustitia
2304 1476 2420 1519 legalis
2427 1479 2484 1521 fa-

288 1517 420 1549 scilicet:
454 1515 558 1547 Omne
580 1517 613 1547 in
637 1527 699 1557 quo
723 1523 769 1548 est
792 1518 952 1549 ordinatio
976 1519 1112 1549 rationis
1135 1518 1359 1554 essentialiter,

287 1567 335 1594 est
350 1562 463 1603 potius
494 1571 590 1602 quam
616 1562 650 1592 id
672 1562 704 1592 in
735 1572 797 1603 quo
825 1567 872 1593 est
900 1567 1024 1593 tantum
1047 1563 1284 1603 participative.
1318 1562 1360 1592 Et

286 1607 376 1649 quod
400 1606 462 1636 hoc
485 1605 526 1636 sit
548 1605 680 1642 falsum,
705 1607 869 1646 probatur.
901 1606 968 1638 Stat
991 1607 1111 1648 aliquid
1136 1607 1251 1638 habere
1275 1606 1358 1637 ordi-

287 1651 450 1682 nationem
473 1650 604 1681 rationis
627 1650 842 1688 essentialiter,
860 1658 891 1682 et
913 1661 981 1682 esse
1005 1652 1127 1682 malum
1151 1650 1357 1691 culpabiliter.

285 1695 372 1736 Ergo
395 1704 462 1726 non
487 1704 584 1725 omne
601 1695 719 1725 habens
744 1695 979 1726 ordinationem
1003 1696 1134 1727 rationis
1153 1695 1359 1727 essentialiter

286 1747 332 1772 est
354 1739 463 1782 potius
487 1748 526 1769 eo
550 1739 639 1780 quod
663 1739 758 1770 habet
774 1740 920 1771 ordinem
940 1740 1070 1771 rationis
1094 1739 1319 1781 participative.
1336 1757 1357 1763 —

284 1785 441 1816 Probatur
463 1783 567 1824 prima
590 1793 662 1824 pars
684 1784 908 1815 antecedentis.
939 1785 1024 1822 Quia
1047 1792 1108 1816 stat
1131 1785 1287 1816 dictamen
1311 1794 1358 1815 re-

285 1836 374 1862 ctum
396 1827 527 1859 rationis
543 1827 610 1858 fieri
634 1835 764 1868 propter
779 1838 894 1859 vanam
909 1828 1055 1869 gloriam.
1081 1847 1100 1851 -
1123 1829 1269 1860 Secunda
1285 1839 1357 1870 pars

284 1874 447 1916 probatur.
482 1872 567 1910 Quia
590 1879 678 1903 actus
702 1882 758 1903 seu
789 1873 947 1914 appetitus
976 1873 1081 1904 omnis
1109 1873 1284 1905 conformis
1311 1873 1357 1903 di-

285 1917 415 1950 ctamini
438 1916 639 1957 prudentiali‚
664 1925 710 1948 est
733 1917 839 1947 bonus
863 1917 1032 1949 moraliter.

343 1961 502 1994 Secundo.
519 1961 601 1991 Illud
616 1961 650 1990 in
669 1971 735 2001 quo
759 1968 806 1992 εει
821 1961 1024 1993 essentialiter
1040 1962 1198 1993 ordinatio
1214 1961 1356 1998 rationis,

285 2016 353 2038 non
381 2011 428 2036 est
450 2005 575 2036 bonum
605 2005 767 2036 moraliter
789 2005 848 2036 nisi
881 2005 921 2037 sit
943 2006 1136 2047 imperatum
1159 2006 1198 2037 ab
1221 2006 1356 2037 habente

285 2050 431 2082 ordinem
446 2049 576 2081 rationis
593 2049 827 2090 participative:
853 2050 927 2091 quia
950 2051 983 2081 in
1007 2058 1078 2082 actu
1095 2050 1272 2082 intellectus
1289 2061 1355 2082 non

285 2103 331 2127 est
355 2094 479 2126 bonitas
502 2094 631 2124 moralis
650 2094 711 2124 nisi
733 2094 855 2125 ratione
875 2095 1024 2126 bonitatis
1048 2095 1177 2126 moralis
1196 2102 1284 2126 actus
1299 2106 1355 2126 vo-

283 2139 425 2171 luntatis.
453 2139 528 2169 Non
553 2145 599 2169 est
622 2148 697 2179 ergo
720 2149 832 2170 verum
856 2139 945 2180 quod
978 2139 1096 2170 habens
1121 2139 1355 2171 ordinationem

284 2183 415 2215 rationis
446 2182 651 2213 essentialiter
685 2190 731 2215 est
761 2183 869 2224 potius
900 2191 930 2215 et
960 2183 1074 2215 melius
1104 2184 1239 2215 habente
1267 2184 1355 2215 illam

283 2227 510 2270 participative.

340 2271 462 2304 Tertio.
485 2270 576 2303 Velle
599 2271 679 2301 bene
702 2280 793 2311 agere
817 2277 864 2302 est
886 2271 1001 2302 melius
1024 2282 1122 2313 quam
1147 2271 1224 2303 scire
1240 2272 1290 2303 vel
1310 2272 1355 2303 di-

284 2324 366 2349 ctare
390 2317 470 2347 bene
500 2325 600 2355 agere.
633 2315 695 2346 Sed
718 2315 751 2345 in
779 2315 851 2355 ipso
874 2316 955 2346 velle
983 2324 1030 2347 est
1055 2316 1287 2357 participative,
1321 2317 1353 2347 in

282 2361 354 2404 ipso
378 2360 456 2391 scire
479 2360 529 2390 vel
553 2359 668 2390 dictare
691 2366 738 2390 est
765 2360 970 2391 essentialiter
992 2361 1073 2391 ordo
1097 2360 1237 2392 rationis.
1268 2361 1353 2402 Ergo

283 2405 402 2437 habens
429 2403 646 2444 participative
670 2410 717 2434 est
739 2404 854 2435 melius
882 2404 1017 2436 habente
1050 2415 1107 2446 per
1130 2405 1308 2436 essentiam.
1333 2424 1354 2429 —

281 2449 480 2481 Antecedens
496 2449 658 2489 probatur.
683 2448 772 2479 Velle
788 2449 868 2479 bene
886 2459 976 2489 agere
992 2457 1023 2481 et
1037 2449 1157 2481 nescire
1173 2451 1351 2491 quomodo,

282 2501 330 2525 est
352 2493 467 2524 melius
491 2502 590 2533 quam
614 2492 692 2523 scire
716 2500 746 2524 ει
769 2503 836 2523 non
855 2494 946 2524 velle.
970 2494 1056 2534 Ergo
1072 2494 1152 2525 velle
1169 2501 1216 2525 est
1239 2495 1353 2525 melius

281 2549 380 2580 quam
404 2538 493 2569 scire.
516 2554 538 2560 —
562 2538 666 2568 Tenet
682 2538 909 2578 consequentia
928 2548 984 2579 per
1008 2539 1150 2578 regulam
1175 2538 1353 2570 Aristotelis

282 2583 321 2614 de
345 2581 539 2622 eligibilitate
562 2588 593 2612 ει
616 2581 692 2621 fuga
715 2581 748 2611 in
771 2581 852 2613 libro
875 2583 1026 2614 Priorum
1042 2583 1069 2614 *.

337 2627 472 2664 Quarto.
495 2627 594 2656 Actus
617 2626 736 2656 habens
761 2626 995 2658 ordinationem
1026 2627 1158 2658 rationis
1182 2628 1353 2658 essentiali-

280 2678 327 2703 ter
350 2678 396 2702 est
418 2670 516 2711 gratia
538 2670 624 2700 illius
647 2670 703 2711 qui
727 2670 821 2701 habet
843 2681 914 2702 eam
938 2671 1163 2712 participative.
1194 2673 1279 2712 Ergo
1303 2682 1352 2703 se-

281 2716 405 2747 cundus
429 2721 476 2746 est
491 2714 599 2756 potior
615 2714 730 2755 primo.
747 2732 768 2738 —
788 2715 873 2753 Quia
889 2716 1059 2756 practicam
1075 2716 1152 2747 scire
1169 2723 1199 2747 et
1214 2717 1353 2748 iudicare

281 2767 328 2792 est
350 2760 448 2800 gratia
472 2759 588 2799 operis,
614 2766 649 2790 ut
672 2758 786 2790 dicitur
809 2760 842 2790 in
866 2760 908 2791 VI
932 2760 1037 2791 Ethic.
1053 2760 1070 2780 *

337 2805 375 2836 11.
404 2800 586 2835 Secundum
615 2804 746 2834 dubium
765 2804 782 2823 *
806 2811 852 2835 est
882 2811 990 2835 contra
1020 2805 1154 2836 eandem
1184 2805 1350 2836 rationem.

281 2849 366 2887 Quia
389 2848 544 2880 Martinus
568 2855 701 2878 conatur
731 2848 852 2879 solvere
882 2849 970 2879 illam
994 2849 1129 2880 dicendo
1145 2849 1163 2869 *
1185 2851 1274 2891 quod
1298 2850 1351 2880 ha-

280 2894 353 2925 bere
377 2893 523 2924 ordinem
546 2892 676 2923 rationis
709 2893 864 2933 contingit
890 2893 1070 2934 dupliciter:
1101 2893 1217 2925 scilicet
1241 2901 1277 2925 ut
1298 2905 1352 2925 ve-

280 2946 372 2974 rum;
390 2943 421 2968 et
436 2944 472 2968 ut
487 2937 745 2977 prosecutionem
760 2938 811 2968 vel
827 2937 946 2977 fugam.
967 2938 1008 2968 Et
1023 2939 1112 2979 quod
1129 2938 1234 2979 primo
1250 2939 1350 2970 modo

280 2983 375 3014 habet
388 2981 576 3017 intenectus‚
594 2982 734 3012 secundo
751 2982 911 3013 voluntas.
931 2983 972 3013 Et
988 2982 1078 3023 quod
1093 2983 1233 3014 secundo
1249 2983 1349 3014 modo

280 3033 327 3058 est
350 3026 535 3067 simpliciter
551 3025 717 3066 perfectus.
742 3026 783 3057 Et
798 3027 887 3067 quod
903 3026 989 3057 iuxta
1006 3028 1183 3058 secundum
1203 3028 1349 3065 modum,

280 3070 392 3102 electio
414 3071 501 3101 bona
523 3070 618 3100 habet
646 3070 792 3101 ordinem
815 3070 945 3102 rationis
969 3071 1182 3108 essentialiter,
1207 3079 1237 3102 et
1259 3071 1349 3103 intel-

279 3114 379 3145 lectus
402 3114 627 3155 participative.
656 3116 704 3145 Ac
726 3125 782 3155 per
804 3115 876 3152 hoc,
892 3115 991 3146 virtus
1010 3115 1139 3146 moralis
1159 3122 1206 3147 est
1228 3115 1350 3158 simpli-

281 3158 357 3189 citer
379 3158 547 3198 perfectior
569 3158 683 3189 virtute
706 3159 922 3190 intellectuali.

337 3201 389 3233 111.
418 3202 559 3232 Tertium
589 3203 720 3234 dubium
736 3204 754 3223 *
777 3211 823 3235 est
852 3204 931 3235 circa
959 3204 1061 3244 ipsam
1095 3204 1347 3243 conclusionem,

281 3245 417 3277 scilicet:
450 3246 588 3277 Virtutes
611 3248 843 3279 intellectuales
865 3253 941 3279 sunt
965 3248 1135 3280 nobiliores
1158 3249 1347 3282 humilitate.

281 3290 399 3320 Probat
413 3289 568 3320 Martinus
589 3292 776 3331 oppositum
801 3293 976 3333 dupliciter.
1000 3293 1120 3328 Primo,
1137 3293 1191 3324 sic.
1215 3293 1347 3325 Bonitas

281 3333 411 3364 moralis
434 3340 481 3364 est
503 3334 703 3366 excellentior
725 3346 824 3377 quam
846 3337 971 3368 bonitas
995 3337 1182 3369 intellectus.
1206 3338 1303 3378 Ergo.
1326 3357 1346 3361 —

280 3377 479 3409 Antecedens
502 3378 663 3417 probatur.
689 3379 775 3410 Cum
797 3381 938 3412 bonitate
962 3381 1061 3412 moris
1077 3392 1142 3412 non
1166 3388 1227 3413 stat
1242 3383 1346 3423 culpa,

280 3432 361 3464 quae
386 3429 432 3453 est
451 3431 617 3452 summum
640 3423 781 3460 malum:
806 3435 880 3456 cum
897 3425 1037 3457 bonitate
1060 3426 1247 3463 intellectus,
1264 3437 1346 3468 quae

281 3474 327 3498 est
349 3466 473 3502 veritas,
498 3471 559 3496 stat
581 3466 684 3506 culpa.
709 3467 806 3508 Ergo.

336 3510 495 3547 Secundo,
519 3509 693 3549 specialiter
715 3511 754 3541 de
778 3512 954 3544 humilitate
969 3513 996 3545 *.
1025 3514 1140 3545 Omnis
1161 3515 1259 3546 virtus
1282 3526 1346 3556 qua

279 3554 462 3587 immediate
486 3554 566 3584 bene
589 3554 742 3595 beateque
757 3555 881 3594 vivitur,
898 3564 945 3588 est
959 3558 1127 3589 virtutibus
1150 3559 1346 3591 intellectua-

278 3600 363 3631 libus
386 3598 503 3641 potior.
535 3598 596 3629 Sed
620 3598 782 3629 humilitas
809 3606 856 3631 est
884 3600 1080 3633 huiusmodi.
1105 3603 1201 3643 Ergo.
1225 3621 1246 3626 —
1268 3604 1344 3634 Pro-

1413 1517 1457 1547 cit
1479 1517 1716 1547 ordinationem
1741 1518 1773 1548 in
1798 1518 1848 1549 his
1870 1528 1954 1559 quae
1975 1524 2052 1549 sunt
2066 1520 2231 1561 adfinem.
2256 1540 2276 1544 —
2301 1522 2485 1554 Secundum

1413 1567 1460 1591 est
1483 1561 1521 1591 de
1546 1560 1719 1592 differentia
1751 1562 1833 1592 inter
1860 1562 2013 1594 iustitiam
2043 1563 2178 1604 legalem
2209 1572 2240 1596 et
2263 1566 2484 1605 humilitatem,

1412 1606 1502 1646 quod
1526 1606 1647 1636 iustitia
1671 1606 1789 1647 legalis
1802 1606 1890 1648 facit
1914 1607 2096 1639 huiusmodi
2118 1609 2364 1650 ordinationem,
2382 1612 2485 1643 humi-

1412 1650 1488 1681 litas
1503 1656 1610 1681 autem
1626 1650 1784 1681 hominem
1801 1651 1879 1682 bene
1892 1652 2067 1683 subiectum
2084 1653 2134 1683 illi
2148 1654 2352 1687 ordinationi.
2371 1674 2392 1679 —
2407 1657 2484 1688 Ter-

1410 1694 1466 1731 tio,
1492 1704 1529 1725 ex
1552 1695 1739 1725 huiusmodi
1763 1696 1878 1735 probat
1900 1697 2089 1736 oppositum
2113 1698 2338 1730 conclusionis.

1467 1739 1582 1778 Arguit
1605 1749 1680 1779 ergo
1705 1747 1814 1770 contra
1838 1740 1990 1780 primum.
2014 1741 2133 1772 Primo.
2164 1742 2283 1774 Iustitia
2307 1744 2381 1775 facit
2404 1745 2486 1776 ordi-

1412 1783 1575 1814 nationem
1598 1783 1729 1814 rationis
1753 1794 1836 1824 quae
1859 1791 1906 1815 est
1929 1785 2009 1815 circa
2031 1785 2139 1817 finem.
2164 1787 2250 1827 Ergo
2274 1787 2390 1819 falsum
2409 1789 2484 1820 dici-

1410 1834 1471 1864 tur,
1496 1834 1555 1858 etc.
1579 1828 1780 1859 Antecedens
1804 1835 1904 1869 patet:
1930 1829 2006 1870 quia
2022 1837 2098 1861 sunt
2120 1831 2245 1872 aliquae
2268 1832 2352 1872 leges
2368 1833 2401 1864 in
2415 1834 2483 1865 iure

1411 1872 1449 1902 de
1473 1871 1544 1912 ipso
1567 1871 1641 1908 fine,
1658 1879 1694 1903 ut
1717 1873 1806 1913 quod
1826 1873 1913 1903 Deus
1937 1881 1984 1904 est
2006 1884 2132 1905 summe
2149 1875 2327 1915 diligendus
2342 1877 2369 1914 *,
2394 1878 2483 1919 quod

1410 1917 1497 1947 Deus
1521 1922 1567 1947 est
1595 1917 1750 1947 colendus
1780 1927 1910 1948 summo
1944 1918 2031 1949 cultu
2047 1919 2074 1949 *.
2107 1920 2227 1951 lustitia
2256 1920 2415 1962 siquidem
2437 1922 2482 1953 le-

1409 1961 1487 2001 galis
1520 1960 1595 1992 facit
1624 1961 1842 1992 universaliter
1875 1962 2110 1994 ordinationem
2141 1964 2372 2007 cuiuscumque
2404 1967 2482 2007 legis

1409 2005 1589 2046 participari
1614 2006 1652 2036 ab
1677 2005 1819 2046 appetitu
1836 2006 1964 2038 subditi.
1988 2007 2080 2038 Unde
2096 2014 2307 2049 transgressor
2328 2010 2413 2041 illius
2433 2011 2481 2042 di-

1410 2050 1492 2082 citur
1514 2056 1544 2080 et
1568 2057 1614 2080 est
1633 2050 1781 2081 iniustus.
1806 2067 1827 2073 -
1851 2050 2009 2088 Secundo,
2027 2052 2066 2082 ad
2090 2052 2185 2084 idem.
2211 2054 2384 2085 Humilitas
2408 2055 2482 2087 facit

1408 2094 1575 2125 hominem
1599 2094 1778 2125 subiectum
1803 2095 1994 2136 cuicumque
2016 2096 2089 2137 legi,
2106 2097 2170 2128 sive
2195 2098 2318 2129 divinae
2341 2099 2406 2130 sive
2423 2100 2481 2131 hu-

1410 2149 1532 2175 manae,
1550 2138 1615 2169 sive
1639 2139 1677 2169 de
1700 2138 1763 2169 fine
1786 2139 1851 2170 sive
1875 2140 1914 2171 de
1933 2140 1981 2170 his
2005 2150 2087 2181 quae
2111 2149 2186 2172 sunt
2208 2143 2247 2172 ad
2263 2142 2370 2174 finem.
2395 2144 2480 2184 Ergo

1409 2190 1440 2214 et
1462 2183 1582 2214 iustitia
1605 2183 1714 2223 legalis
1738 2183 1894 2224 adaequat
1916 2184 2011 2215 istam
2044 2186 2294 2217 ordinationem:
2319 2187 2479 2228 alioquin,

1408 2227 1571 2258 humilitas
1595 2227 1711 2258 faceret
1734 2227 1994 2259 universaliorem
2011 2230 2247 2261 ordinationem
2270 2241 2369 2272 quam
2392 2232 2480 2263 iusti-

1408 2272 1468 2308 tia;
1495 2272 1584 2312 quod
1603 2281 1669 2302 non
1692 2272 1880 2303 concederet
1904 2273 2050 2313 opinans.

1462 2316 1585 2346 Deinde
1600 2316 1704 2356 arguit
1720 2323 1829 2347 contra
1844 2318 2022 2348 secundum
2035 2318 2062 2349 *.
2083 2318 2205 2349 Iustitia
2222 2319 2296 2350 facit
2310 2320 2478 2352 habentem

1408 2370 1480 2391 eam
1507 2360 1726 2391 universaliter
1755 2370 1822 2391 esse
1854 2361 2033 2393 subiectum
2063 2363 2266 2394 ordinationi.
2297 2364 2382 2405 Ergo
2413 2375 2479 2396 non

1408 2404 1556 2436 differunt
1585 2405 1703 2436 iustitia
1727 2411 1758 2435 et
1781 2405 1944 2437 humilitas
1971 2407 2003 2436 in
2032 2407 2104 2438 hoc.
2128 2425 2149 2431 -
2173 2408 2328 2439 Probatur
2359 2416 2479 2441 antece-

1409 2450 1496 2480 dens.
1522 2449 1607 2487 Quia
1630 2449 1796 2480 hominem
1821 2460 1887 2481 esse
1911 2451 2087 2482 subiectum
2113 2452 2331 2484 universaliter
2354 2454 2479 2485 ordina-

1407 2494 1487 2525 tioni
1511 2493 1642 2525 rationis
1657 2500 1704 2525 est
1722 2494 1853 2525 iustum.
1881 2495 1968 2535 Ergo
1984 2495 2092 2537 aliqua
2114 2496 2232 2527 iustitia
2247 2497 2368 2528 iustum
2386 2505 2441 2530 est.
2458 2517 2479 2522 -

1407 2538 1566 2576 Secundo,
1583 2538 1658 2579 quia
1681 2538 1799 2569 iustitia
1815 2549 1880 2569 non
1896 2539 2028 2570 inclinat
2042 2541 2082 2570 ad
2106 2551 2203 2581 opera
2226 2541 2303 2581 legis
2327 2542 2387 2572 nisi
2403 2543 2478 2583 quia

1407 2590 1554 2614 tenemur
1577 2590 1608 2614 et
1631 2583 1818 2613 subiicimur
1839 2583 1910 2623 legi.
1935 2585 2020 2624 Ergo
2043 2584 2162 2615 iustitia
2186 2585 2260 2616 facit
2283 2596 2349 2617 esse
2373 2587 2478 2618 subie-

1408 2634 1506 2664 ctum,
1531 2627 1612 2658 sicut
1635 2634 1666 2658 et
1692 2627 1866 2658 humilitas.

1462 2672 1603 2703 Demum
1616 2673 1730 2712 probat
1742 2672 1931 2712 oppositum
1948 2673 2162 2703 conclusionis
2174 2672 2199 2704 *.
2218 2673 2302 2710 Quia
2314 2674 2476 2705 humilitas

1406 2716 1480 2747 facit
1503 2716 1682 2756 appetitum
1705 2716 1891 2757 participem
1915 2717 2057 2756 plurium
2081 2717 2321 2748 ordinationum
2345 2718 2476 2749 rationis

1406 2771 1505 2802 quam
1528 2761 1656 2792 iustitia.
1686 2761 1771 2801 Ergo
1796 2767 1842 2791 est
1858 2761 2058 2792 excellentior
2079 2761 2157 2802 ipsa.
2181 2762 2378 2793 Antecedens
2402 2773 2475 2803 pro-

1406 2807 1511 2836 batur:
1536 2806 1612 2846 quia
1635 2805 1753 2836 iustitia
1778 2815 1843 2836 non
1868 2806 2005 2837 extendit
2021 2816 2053 2836 se
2076 2806 2137 2836 nisi
2153 2806 2192 2836 ad
2210 2813 2390 2847 praecepta;
2415 2807 2474 2837 hu-

1405 2850 1522 2881 militas
1545 2860 1621 2880 vero
1649 2850 1688 2880 ad
1712 2857 1879 2890 praecepta
1907 2857 1937 2881 et
1960 2850 2104 2887 consilia,
2130 2857 2165 2880 ut
2195 2858 2280 2890 patet
2312 2851 2344 2881 in
2375 2851 2474 2882 susci-

1404 2895 1565 2935 pientibus
1581 2894 1742 2934 religionis
1755 2894 1896 2930 consilia,
1912 2894 2120 2931 obedientiae,
2134 2895 2336 2935 paupertatis.
2347 2913 2368 2918 —
2384 2895 2473 2926 Prae-

1404 2946 1504 2976 terea,
1536 2938 1654 2969 iustitia
1687 2945 1717 2969 et
1739 2939 1901 2969 humilitas
1932 2939 2052 2970 faciunt
2080 2939 2258 2980 appetitum
2288 2939 2473 2979 participem

1404 2983 1645 3015 ordinationum
1665 2983 1805 3014 rationis.
1829 2985 1896 3014 Aut
1911 2993 1986 3023 ergo
2003 2984 2118 3014 eodem
2141 2985 2251 3020 modo,
2267 2990 2322 3014 aut
2337 2983 2472 3015 diverso.

1404 3028 1437 3059 Si
1469 3027 1695 3064 diversimode,
1720 3028 1811 3058 detur
1841 3028 1992 3058 varietas:
2025 3034 2055 3059 et
2082 3038 2303 3069 quaecumque
2332 3028 2471 3064 dabitur,

1404 3072 1494 3103 facile
1518 3072 1714 3103 refutabitur.
1749 3072 1781 3103 Si
1809 3073 1924 3103 eodem
1948 3073 2066 3111 modo,
2091 3082 2166 3112 ergo
2189 3072 2308 3103 iustitia
2336 3082 2402 3102 non
2426 3080 2473 3103 est

1403 3117 1511 3158 potior
1534 3116 1722 3147 humilitate.
2178 3115 2179 3118 ’

1458 3162 1497 3192 V.
1525 3161 1680 3198 Quintum
1703 3161 1834 3191 dubium
1848 3160 1866 3179 *
1889 3167 1935 3191 εει
1958 3161 1996 3190 de
2020 3160 2201 3191 excellentia
2216 3160 2352 3190 iustitiae
2375 3160 2471 3200 parti-

1403 3206 1516 3237 cularis
1539 3215 1635 3245 supra
1658 3205 1879 3235 humilitatem.
1914 3204 2028 3244 Arguit
2050 3204 2207 3244 siquidem
2231 3212 2341 3235 contra
2363 3205 2470 3235 Marti-

1401 3260 1462 3281 nus
1477 3250 1503 3280 *.
1522 3249 1688 3280 Difficilius
1705 3256 1751 3279 est
1766 3248 1889 3279 vincere
1905 3248 2109 3288 cupiditatem
2125 3248 2242 3288 gloriae
2255 3258 2352 3289 quam
2367 3258 2469 3289 opum

1402 3301 1432 3325 ει
1448 3294 1639 3324 divitiarum.
1656 3293 1718 3324 Sed
1733 3293 1812 3323 illud
1829 3299 1874 3323 est
1889 3292 2085 3328 humilitatis,
2102 3292 2164 3323 hoc
2178 3293 2325 3324 iustitiae.
2341 3293 2437 3334 Ergo.
2448 3312 2469 3317 —

1401 3339 1504 3369 Maior
1528 3344 1623 3378 patet.
1660 3354 1678 3360 -·
1711 3337 1818 3367 Minor
1852 3337 2004 3377 probatur
2032 3337 2236 3367 discurrendo
2266 3347 2323 3378 per
2352 3338 2469 3368 modos

1400 3382 1536 3414 iustitiae
1560 3381 1815 3413 commutativae.

1455 3427 1497 3457 Et
1526 3426 1551 3456 si
1575 3426 1695 3457 dicatur
1719 3425 1807 3466 quod
1831 3424 1949 3455 iustitia
1972 3424 2169 3456 distributiva
2197 3431 2243 3456 est
2266 3425 2362 3456 etiam
2389 3425 2468 3456 circa

1400 3471 1555 3505 honores,
1581 3469 1722 3509 arguitur
1744 3469 1895 3499 secundo.
1927 3467 2099 3500 Humilitas
2130 3469 2331 3500 excellentius
2355 3470 2394 3501 ad
2418 3480 2467 3500 ea-

1400 3516 1473 3545 dem
1498 3515 1581 3545 bona
1596 3514 1740 3554 impellit,
1758 3520 1788 3544 et
1811 3523 1828 3543 a
1851 3512 1941 3543 malis
1957 3513 2094 3550 retrahit,
2112 3524 2210 3555 quam
2229 3514 2356 3545 iustitia.
2381 3514 2466 3554 Ergo

1400 3566 1446 3590 est
1469 3558 1678 3590 excellentior.
1703 3575 1724 3580 -
1746 3558 1903 3588 Probatur
1926 3558 2122 3589 antecedens.
2147 3559 2236 3589 Tum
2258 3558 2374 3599 primo,
2391 3558 2465 3598 quia

1399 3603 1560 3634 humilitas
1574 3602 1711 3633 liberius
1735 3602 1811 3632 haec
1834 3601 1920 3633 facit:
1945 3602 2100 3643 quoniam
2117 3613 2182 3634 non
2205 3603 2300 3633 habet
2317 3609 2465 3633 retracto-

2514 1397 2524 1408 ·
2537 1397 2573 1419 Cf.
2589 1404 2652 1420 uum.
2669 1405 2701 1420 ιι.

2514 1486 2523 1495 ·
2541 1485 2610 1507 Cont.
2630 1486 2723 1508 secund.

2513 1511 2568 1534 dict.
2576 1512 2604 1533 D.
2610 1511 2723 1534 Thomae.

2510 1882 2520 1892 ⁸
2534 1882 2602 1904 Deut.
2622 1888 2672 1910 cap.
2692 1889 2724 1910 vr,

2510 1915 2568 1930 vera.

2510 1937 2520 1946 ⁸
2534 1915 2602 1963 Ibidi,
2618 1942 2679 1958 vers.
2694 1942 2722 1965 ¹3-

2508 2328 2517 2338 ·
2533 2327 2568 2349 Cf.
2583 2333 2647 2349 num.
2659 2334 2699 2350 ιιι.

2505 2680 2515 2690 ⁸
2529 2679 2564 2701 Cf.
2586 2685 2650 2702 num.
2665 2686 2715 2702 xm.

2500 3171 2508 3179 ⁸
2526 3170 2563 3192 cf.
2578 3175 2642 3192 num.
2663 3177 2709 3192 xiv.

2498 3258 2508 3268 ⁸
2522 3257 2631 3280 Conclua.
2646 3265 2665 3280 2.
