2768 4198
58 667 68 679 ⁸
81 667 152 689 Num.
166 672 193 689 u.

61 842 148 866 'Num
157 848 175 870 ι,
181 842 270 864 Tertio.

60 871 83 882 *⁸
95 869 167 892 Nun.
179 875 205 892 ιι.

142 1024 271 1048 mm,

59 1105 184 1129 ‘CX-mm

61 1134 143 1160 ιιι-ι,
151 1121 192 1154 nn?
199 1104 271 1128 (κη’

954 271 1221 317 QUAESTIO
1251 271 1423 315 CLXIII,
1452 269 1750 307 ARTICULUS
1780 268 1831 305 IV

296 353 336 384 rit
358 351 557 383 inordinatus
581 360 673 381 amor
702 350 940 381 benevolentiae
963 349 1003 379 ad
1027 358 1175 379 uxorem:
1201 349 1256 379 sed
1279 349 1367 389 quod

296 406 388 428 amor
417 394 655 426 benevolentiae
679 395 718 424 ad
749 404 882 424 uxorem
905 393 965 423 fuit
996 403 1089 423 causa
1119 393 1237 433 peccati
1268 393 1365 423 Adae.

297 440 396 478 Quod
419 446 479 470 stat
502 449 576 470 cum
599 439 661 469 hoc
685 439 774 479 quod
803 444 969 478 peccatum
998 437 1139 477 primum
1163 437 1251 467 Adae
1275 437 1368 467 fuerit

297 484 454 524 superbia.
479 483 524 514 Ita
540 483 630 523 quod
649 492 686 512 ex
705 492 814 512 amore
838 481 1076 512 benevolentiae
1096 482 1135 511 ad
1152 491 1295 517 uxorem,
1312 481 1367 522 qui

297 538 388 559 amor
410 527 587 558 secundum
607 535 640 557 se
656 535 723 556 non
747 533 812 557 erat
834 532 1011 566 peccatum,
1036 535 1103 556 non
1126 525 1199 556 fecit
1222 525 1366 556 resisten-

296 573 373 604 tiam
396 571 529 603 tentanti
552 570 658 601 uxori:
684 578 714 601 et
738 570 781 601 sic
805 570 982 611 aliqualiter
1004 571 1122 606 elatus,
1147 569 1257 600 videns
1279 570 1367 599 illam

296 627 362 647 non
387 622 557 652 mortuam,
574 614 707 656 appetiit
729 615 814 645 idem
838 615 927 655 quod
945 614 998 644 illa
1017 614 1200 654 appetierat,
1216 613 1288 644 licet
1303 614 1367 644 alio

297 661 415 697 modo,
439 666 475 690 ut
503 659 624 690 dictum
655 666 702 690 est
719 659 746 690 *.
778 659 818 689 Et
842 659 959 689 mirum
983 658 1107 689 videtur
1136 659 1225 699 quod
1253 658 1367 688 scotus

296 715 392 746 supra
413 703 583 744 Augustini
603 703 661 734 hac
677 703 862 734 auctoritate
883 713 915 733 se
931 703 1057 739 fundat;
1083 710 1113 733 et
1136 710 1183 733 tot
1200 702 1367 733 auctorita-

296 756 343 781 tes
366 748 524 783 eiusdem,
548 758 628 788 quas
651 748 799 788 Magister
821 747 1056 778 Sententiarum
1078 747 1111 777 in
1134 748 1207 778 loco
1232 747 1367 786 allegato

297 792 386 824 affert
408 802 467 833 pro
491 792 638 832 superbia
662 792 761 828 Adae,
786 791 962 832 pertransit.

353 837 404 868 Ad
427 836 648 868 auctoritatem
672 836 820 877 Apostoli
835 837 854 855 *
875 836 940 867 iam
964 836 1085 866 dictum
1109 843 1155 866 est
1169 835 1213 867 *ἦ

352 881 391 912 V.
409 881 444 911 In
458 882 572 912 eodem
589 888 703 922 quarto
720 881 852 912 articulo
869 880 1004 911 dubium
1021 880 1158 910 occurrit
1174 879 1254 910 circa
1269 879 1365 910 illud:

302 925 466 963 Quantum
490 926 533 956 ad
554 927 689 966 speciem
712 925 892 966 superbiae,
915 926 1053 966 gravius
1070 925 1217 964 peccavit
1239 924 1366 954 mulier.

297 970 386 1001 Turn
402 970 478 1011 quia
494 977 627 1011 uterque
643 980 707 1001 una
723 977 753 1001 et
769 970 880 1000 eadem
900 969 1003 1010 specie
1023 968 1187 1008 superbiae
1211 968 1366 1008 peccavit:

298 1014 417 1046 scilicet
439 1014 472 1044 in
502 1015 604 1055 prima
627 1014 731 1055 specie
746 1014 779 1050 ¹⁸,
804 1014 984 1054 appetendo
1008 1023 1045 1044 ex
1068 1013 1214 1052 propriae
1238 1018 1368 1042 naturae

297 1059 430 1096 lumine,
448 1059 575 1090 excluso
600 1058 726 1099 speciali
744 1058 903 1089 adiutorio
920 1057 1017 1087 divini
1038 1057 1179 1093 luminis,
1197 1066 1230 1086 se
1246 1066 1368 1097 suaque

297 1113 404 1144 regere
418 1102 446 1134 ¹⁸¹.
462 1121 483 1127 -
500 1104 589 1134 Tum
612 1103 688 1144 quia
703 1113 740 1133 ex
756 1103 855 1134 tribus
878 1101 1053 1132 rationibus
1070 1101 1102 1131 in
1126 1101 1227 1131 littera
1244 1101 1283 1130 ad
1306 1101 1377 1131 hoc'

298 1148 414 1184 allatis,
439 1148 578 1178 secunda
602 1155 632 1178 et
654 1147 744 1178 tertia
766 1146 846 1177 nihil
868 1146 908 1176 ad
931 1145 1113 1185 superbiam
1143 1150 1295 1184 spectant.
1327 1145 1368 1175 Et

298 1199 406 1224 tamen
430 1192 464 1222 in
492 1192 611 1228 littera,
640 1191 680 1222 ad
709 1191 908 1231 probandam
937 1189 1121 1230 gravitatem
1152 1188 1307 1218 maiorem
1335 1189 1368 1218 in

297 1236 402 1277 specie
426 1236 604 1276 superbiae,
629 1235 820 1276 proponitur
842 1234 955 1275 triplex
978 1233 1058 1264 ratio
1082 1232 1279 1263 adducenda.

354 1281 406 1311 Ad
421 1280 483 1311 hoc
499 1280 614 1311 dicitur
636 1280 725 1321 quod
748 1279 850 1310 littera
873 1284 982 1319 posset
1004 1277 1136 1317 intelligi
1160 1276 1241 1307 forte
1265 1276 1370 1316 dupli-

2414 266 2487 302 333

1421 348 1506 379 citer.
1533 349 1650 385 Primo,
1674 348 1763 389 quod
1786 347 1906 388 species
1929 345 2094 386 superblae
2118 345 2260 376 mulieris
2284 345 2343 375 fuit
2366 344 2490 384 gravior

1421 392 1524 432 specie
1552 392 1717 433 superbiae
1747 391 1815 422 viri.
1846 391 1887 422 Et
1910 390 1959 421 hic
1991 400 2101 420 sensus
2129 399 2194 420 non
2219 395 2265 419 est
2288 389 2427 419 intentus
2451 389 2488 418 ab

1422 439 1570 473 Auctore,
1596 447 1653 467 nec
1676 447 1713 467 ex
1736 436 1837 466 littera
1861 435 2007 466 habetur:
2033 434 2188 475 quoniam
2213 443 2380 474 nunquam
2403 432 2438 463 fit
2456 432 2489 462 in

1421 481 1476 511 illa
1499 481 1621 511 mentio
1645 481 1684 511 de
1707 480 1884 511 diversitate
1907 478 2062 519 specifica.

1477 524 1634 561 Secundo,
1658 525 1748 565 quod
1770 524 1851 555 infra
1873 523 2075 555 latitudinem
2098 521 2213 562 speciei
2237 520 2403 561 superbiae
2426 530 2489 560 qua

1423 575 1554 609 uterque
1578 569 1728 609 peccavit,
1744 568 1868 608 gravius
1888 567 2028 608 peccavit
2043 567 2111 597 Eva
2126 576 2225 607 quam
2244 566 2358 596 Adam.
2382 564 2423 594 Et
2438 564 2490 594 hic

1422 620 1468 643 est
1490 613 1629 644 intentus
1652 623 1763 644 sensus
1786 623 1860 643 curn
1885 612 2007 647 dicitur,
2027 611 2092 642 Sed
2109 615 2264 651 quantum
2288 610 2332 640 ad
2354 609 2488 649 speciem

1420 658 1605 697 superbiae,
1629 658 1767 698 gravius
1797 663 1871 687 etc.:
1904 656 1984 687 sicut
2007 656 2033 686 si
2057 655 2184 686 dixisset
2206 654 2307 695 quod,
2331 659 2488 694 quantum

1422 702 1460 731 ad
1477 702 1615 741 speciem
1639 701 1792 738 adulterii,
1812 700 1937 741 gravius
1960 699 2100 740 peccavit
2123 699 2155 729 in
2179 699 2294 730 eodem
2317 696 2488 728 concubitu

1422 746 1536 776 mulier
1562 756 1658 786 quam
1684 746 1739 782 vir,
1763 745 1839 785 quia
1861 744 1942 774 infra
1964 744 2163 775 latitudinem
2190 741 2335 773 adulterii
2364 741 2489 781 gravius

1422 790 1572 829 peccavit.
1597 791 1656 821 Vel
1677 796 1807 830 propter
1830 789 1982 819 maiorem
2002 794 2240 828 contemptum:
2265 794 2301 817 ut
2324 786 2426 827 prima
2442 795 2489 815 ra-

1422 835 1466 864 tio
1491 835 1644 870 ostendit,
1669 834 1701 864 in
1724 844 1788 874 qua
1812 833 1927 864 mulier
1955 833 2098 873 explicite
2129 830 2320 871 contempsit
2347 830 2489 861 divinam

1422 879 1631 916 voluntatem,
1651 878 1699 909 vir
1724 885 1830 908 autem
1850 877 2013 917 implicite.
2034 877 2094 908 Vel
2116 883 2282 917 propterea
2302 875 2379 916 quia
2396 874 2488 906 indu-

1420 923 1465 953 xit
1488 923 1586 953 alium
1610 923 1649 953 ad
1673 922 1881 963 peccandum,
1908 929 1943 952 ut
1966 921 2104 951 secunda
2127 920 2206 951 ratio
2231 918 2384 950 ostendit:
2416 918 2488 958 plus

1422 967 1506 997 enim
1530 967 1562 997 in
1586 966 1727 1007 qualibet
1750 966 1852 1006 specie
1876 972 1984 1006 peccat
2006 975 2139 1005 peccans
2163 971 2193 995 et
2215 964 2368 994 inducens
2390 972 2489 1003 quam

1423 1021 1555 1051 peccans
1583 1018 1717 1041 tanturn.
1745 1010 1806 1041 Vel
1839 1016 1968 1049 propter
1991 1019 2119 1039 causam
2148 1009 2316 1039 honestam
2339 1007 2488 1037 allevian-

1421 1064 1486 1085 tem
1509 1055 1541 1085 in
1566 1065 1632 1086 uno
1654 1055 1740 1085 idem
1763 1060 1930 1094 peccatum
1946 1060 1977 1084 et
1992 1053 2025 1083 in
2042 1054 2136 1084 altera
2160 1063 2236 1088 non,
2253 1059 2289 1083 ut
2304 1051 2394 1082 tertia
2409 1050 2488 1081 ratio

1423 1106 1592 1129 monstrat:
1617 1099 1698 1129 sicut
1721 1098 1746 1128 si
1770 1098 1816 1128 vir
1839 1105 1969 1138 propter
1996 1097 2140 1137 inopiam
2164 1104 2244 1128 esset
2267 1096 2398 1126 adulter.

1477 1143 1570 1174 Unde
1592 1149 1679 1183 patet
1701 1142 1821 1173 solutio
1844 1141 2010 1182 utriusque
2034 1141 2230 1172 obiectionis.
2254 1141 2302 1170 De
2323 1138 2488 1170 latitudine

1422 1188 1580 1228 siquidem
1597 1187 1692 1217 unius
1708 1186 1823 1226 speciei
1840 1193 1886 1216 est
1901 1195 2016 1216 sermo.
2034 1185 2074 1216 Et
2085 1185 2166 1215 infra
2181 1184 2381 1215 latitudinem
2392 1183 2487 1219 illins,

1421 1231 1580 1271 quaelibet
1602 1231 1762 1261 rationum
1786 1230 1911 1271 gravius
1935 1229 2055 1270 aliquid
2079 1229 2192 1265 attulit,
2217 1236 2252 1259 ut
2274 1234 2368 1268 patet.
