2768 4198
39 542 49 552 ⁸
62 539 160 587 Ditgloe.
174 538 252 560 Sexa-

151 564 252 592 W

37 597 106 640 12102‘
106 593 253 646 ‘atbair

41 803 54 817 ’“
64 802 132 826 Vero.
147 803 169 825 6.

42 1068 135 1092 ’Vn-u.
148 1074 168 1097 5.

54 2728 196 2753 ’Vua-26.

63 3251 74 3262 ·
85 3249 137 3272 Lib.
157 3249 178 3278 1,

60 3282 158 3326 itast·

181 3255 275 3299 ξεί-ἔξ

943 287 1212 333 QUAESTIO
1241 287 1415 332 CLXIII,
1444 286 1742 323 ARTICULUS
1772 287 1802 322 11

279 369 394 406 aliud.
423 368 597 404 Primum
617 373 745 403 autem
772 366 877 413 quod
897 364 1111 401 inordinate
1130 364 1251 400 voluit
1279 364 1346 400 fuit

278 420 433 470 propria
470 419 702 456 excellentia.
738 419 787 454 Et
815 419 902 454 ideo
937 416 1195 453 inobedientia
1232 417 1270 452 in
1300 429 1345 453 eo

280 480 432 511 causata
460 472 528 509 fuit
557 483 601 508 ex
628 470 819 519 superbia.
857 470 905 506 Et
932 470 1008 505 hoc
1043 477 1098 505 est
1134 471 1237 517 quod
1268 472 1345 505 Au·
1373 478 1375 492 ³

279 526 450 574 gustinus
478 524 580 570 dicit,
609 524 660 560 ad
690 523 864 560 Orosium
884 521 915 568 ²³²,
946 522 1051 570 quod
1083 523 1196 558 homo
1231 522 1348 558 elatus

277 578 475 628 superbia,
502 577 672 614 suasioni
705 575 885 623 serpentis
917 575 1111 619 obediens,
1144 580 1347 622 praecepta

279 633 355 670 Dei
381 630 610 678 contempsit.

333 687 392 722 An
417 694 609 721 SECUNDUM
627 693 815 719 nicENDuM
838 680 944 729 quod
964 680 1002 716 in
1021 687 1178 727 peccato
1208 679 1348 728 primo-

281 749 368 775 rum
395 744 598 786 parentum
627 735 740 772 etiam
769 734 856 783 gula
884 734 1011 770 locum
1035 732 1186 768 habuit:
1217 732 1350 769 dicitur

283 791 384 828 enim
416 791 510 828 Gen.
531 801 567 826 111
586 788 623 825 *ε
659 788 758 826 Vidit
792 787 928 824 mulier
955 786 1056 835 quod
1082 785 1229 834 lignum
1258 790 1350 821 esset

283 845 423 881 bonum
451 844 503 880 ad
527 842 764 888 vescendum,
793 846 830 877 et
850 840 1053 890 pulchrum
1082 838 1214 883 oculis,
1244 849 1349 886 aspe-

283 902 418 946 ctuque
444 895 679 934 delectabile.-
707 900 744 932 et
769 894 850 931 tulit
876 894 922 931 de
937 894 1074 941 fructu
1102 892 1197 937 eius,
1227 896 1263 927 et
1289 902 1350 927 co-

284 950 408 988 medit.
446 950 539 986 Non
567 957 696 986 tamen
733 948 817 997 ipsa
853 946 1003 984 bonitas
1036 953 1073 982 et
1108 944 1349 993 pulchritudo

285 1003 358 1040 cibi
387 1003 454 1040 fuit
485 1002 653 1051 primum
687 1001 877 1038 motivum
905 999 954 1037 ad
986 998 1246 1048 peccandum:
1282 997 1350 1034 sed
1377 999 1379 1010 '

283 1056 410 1106 potius
439 1055 566 1092 suasio
595 1054 800 1103 serpentis,
830 1053 895 1102 qui
930 1052 1020 1090 dixit
1046 1052 1087 1088 *z
1122 1051 1352 1100 Aperientur

285 1109 386 1157 oculi
402 1109 526 1154 vestri,
542 1114 579 1145 et
594 1108 696 1146 eritis
713 1108 809 1144 sicut
825 1107 879 1144 dii
886 1120 899 1151 ;
922 1105 1029 1154 quod
1044 1104 1274 1154 appetendo,
1291 1116 1353 1141 su-

284 1162 460 1211 perbiam
480 1161 617 1199 mulier
635 1161 800 1198 incurrit.
832 1161 881 1197 Et
904 1160 992 1196 ideo
1018 1166 1220 1207 peccatum
1241 1158 1351 1205 gulae

287 1215 503 1252 derivatum
533 1223 588 1252 est
617 1226 662 1251 ex
690 1221 847 1262 peccato
877 1213 1093 1261 superbiae.

232 1343 255 1345 ‘⁷
292 1330 363 1379 stab)
381 1345 505 1378 superba.
517 1359 536 1364 -
553 1345 682 1377 superbia
701 1346 821 1378 BHLpA,
839 1345 992 1377 superbiam
1011 1345 1061 1377 pK.

2390 287 2464 334 329

1454 367 1513 400 Ao
1534 375 1694 401 TERTiUM
1723 374 1908 400 mmmmm
1936 362 2042 412 quod
2071 364 2259 411 appetitus
2290 364 2466 400 scientiae

1403 425 1576 453 causatus
1604 417 1672 453 fuit
1699 417 1738 453 in
1766 417 1897 465 primis
1925 416 2145 465 parentibus
2174 428 2217 452 ex
2251 417 2465 453 inordinato

1402 470 1569 518 appetitu
1591 469 1844 506 excellentiae.
1875 470 1987 507 Unde
2007 477 2043 505 et
2071 469 2109 506 in
2136 469 2265 506 verbis
2284 471 2467 518 serpentis

1403 523 1652 570 praemittitur
1670 522 1705 558 *τ
1739 523 1854 559 Eritis
1880 524 1976 559 sicut
2001 522 2074 567 dii,·
2107 530 2142 559 et
2174 530 2309 571 postea
2341 523 2467 560 subdi-

1403 584 1477 611 tur:
1507 577 1661 612 scientes
1689 576 1827 612 bonum
1857 582 1892 612 et
1918 576 2075 612 malum.

1455 630 1514 664 An
1543 640 1717 670 QUARTUM
1745 640 1928 666 DlCENDUM
1957 629 2083 676 quod,
2114 629 2209 665 sicut
2236 629 2468 677 Augustinus

1403 680 1511 725 dicit,
1543 682 1593 717 Xl
1622 692 1735 728 super
1767 681 1858 718 Gen.
1888 682 1940 718 ad
1975 682 2039 718 litt.
2065 682 2105 728 ²¹²,
2134 683 2258 719 verbis
2290 683 2470 731 serpentis
2496 688 2505 697 ⁴
2541 693 2554 708 ³

1404 733 1540 769 mulier
1567 746 1641 770 non
1678 734 1847 770 crederet
1871 747 1895 771 a
1924 736 2023 771 bona
2051 741 2162 783 atque
2193 736 2273 772 utili
2309 748 2350 772 re
2377 736 2470 772 divi-

1404 785 1502 821 nitus
1527 798 1567 822 se
1587 787 1712 834 fuisse
1734 788 1952 834 prohibitos,
1983 788 2055 824 nisi
2088 789 2167 825 iam
2193 788 2327 826 inesset
2355 789 2471 826 menti

1403 850 1515 874 amor
1542 838 1602 875 ille
1633 840 1816 887 propriae
1837 842 2048 888 potestatis,
2079 847 2115 877 et
2140 842 2326 890 quaedam
2359 842 2406 878 de
2430 854 2471 879 se

1403 891 1565 938 superba
1584 889 1598 913 δ
1621 893 1890 940 praesumptio.
1921 894 2037 939 Quod
2067 907 2145 931 non
2174 903 2228 931 est
2257 894 2310 931 sic
2337 894 2470 932 intelli-

1404 944 1572 991 gendum
1611 945 1720 991 quasi
1758 946 1935 994 superbia
1972 948 2218 994 praecesserit
2251 948 2469 985 suasionem

1406 996 1608 1045 serpentis:
1647 997 1715 1033 sed
1743 998 1831 1045 quia
1866 999 1989 1035 statim
2019 1009 2105 1048 post
2142 1001 2360 1037 suasionem
2396 1014 2471 1038 ser-

1405 1050 1540 1099 pentis,
1570 1050 1708 1086 invasit
1735 1059 1904 1087 mentem
1935 1053 2013 1088 eius
2043 1053 2176 1099 elatio,
2208 1066 2252 1089 ex
2281 1066 2355 1102 qua
2384 1067 2472 1091 con-

1406 1110 1580 1140 secutum
1614 1111 1669 1138 est
1697 1111 1737 1139 ut
1773 1105 1941 1140 crederet
1968 1117 2105 1142 verum
2136 1119 2216 1142 esse
2250 1108 2354 1154 quod
2385 1108 2472 1144 dae-

1379 1169 1381 1211 g
1407 1169 1502 1193 mon
1531 1156 1692 1193 dicebat.

962 1423 1297 1456 Commenta-ia
1319 1422 1573 1455 cardinalis
1594 1422 1800 1455 Caietani

316 1516 338 1536 n
353 1505 486 1536 articulo
502 1505 607 1546 primo
623 1503 818 1546 quaestionis
834 1502 1354 1543 centesimaesexagesimaetertiae‚

290 1517 454 1581 Idubium
476 1549 613 1580 occurrit
635 1549 716 1580 circa
740 1548 896 1578 rationem
918 1548 1055 1579 litterae:
1080 1546 1235 1588 quoniam
1255 1546 1288 1576 in
1310 1546 1355 1576 vi-

286 1594 368 1626 tium
391 1595 613 1635 consequentis
634 1593 772 1624 incidere
794 1592 929 1628 videtur,
947 1592 1025 1622 dum
1039 1591 1084 1622 sic
1106 1591 1264 1631 procedit:
1289 1591 1356 1621 Pri-

287 1649 375 1671 mum
393 1644 562 1679 peccatum
591 1638 730 1669 hominis
741 1636 816 1678 suit
839 1638 871 1667 in
904 1637 964 1667 hoc
985 1636 1070 1677 quod
1098 1637 1231 1676 appetiit
1257 1635 1356 1676 quod-

286 1682 362 1715 dam
383 1683 553 1724 spirituale
575 1682 691 1714 bonum
714 1691 816 1722 supra
837 1690 930 1712 suam
955 1688 1161 1712 mensuram:
1183 1680 1276 1721 Ergo
1287 1680 1357 1720 pri·

287 1737 374 1758 mum
412 1732 554 1758 eccatum
573 1725 788 1767 hominisfuit
802 1725 961 1766 superbia.
981 1725 1064 1756 Nam
1083 1725 1270 1755 antecedens
1286 1732 1357 1764 pot-

287 1778 335 1803 est
388 1767 534 1812 upliciter
565 1770 731 1802 verificari:
757 1770 878 1810 primo,
905 1769 994 1810 quod
1017 1769 1098 1800 illud
1120 1769 1244 1799 bonum
1268 1768 1357 1809 spiri-

159 1818 186 1831 ¹·'
216 1811 260 1857 ²⁴⁶2,
287 1816 374 1847 maie
396 1816 575 1857 appetitum
599 1823 664 1846 erat
687 1825 784 1855 supra
806 1813 946 1845 hominis
978 1823 1179 1849 mensuram;
1205 1814 1357 1849 secundo,

57 1868 78 1885 ⁸²
95 1863 149 1886 5⁷⁰
165 1867 243 1909 Ὗς.)
264 1901 265 1904 ¹
288 1861 377 1902 qnod
409 1867 610 1900 appeteretur
645 1869 740 1900 supra
773 1868 956 1889 mensuram
989 1858 1128 1888 hominis
1163 1857 1357 1898 appetentis,

289 1904 434 1947 quamvis
457 1905 582 1936 bonum
605 1903 766 1944 spirituale
790 1913 855 1934 non
879 1902 972 1933 fuerit
995 1911 1090 1942 supra
1114 1912 1204 1932 suam
1229 1912 1357 1933 mensu·

289 1959 367 1981 ram.
392 1949 433 1980 Et
454 1949 517 1980 hoc
540 1949 681 1979 secundo
706 1948 805 1978 modo
829 1954 948 1988 spectat
969 1947 1009 1977 ad
1032 1947 1228 1987 superbiam:
1253 1947 1358 1987 primo

289 1999 407 2030 autem,
424 1993 463 2023 ad
487 1992 782 2033 praesumptionem
815 1991 997 2032 oppositam
1022 1990 1283 2032 magnanimitati.
1319 1991 1360 2022 Et

1408 1511 1515 1532 tamen
1538 1502 1571 1532 in
1594 1501 1696 1533 littera
1719 1501 1924 1532 determinate
1948 1501 2080 1532 infertur
2111 1503 2198 1543 quod
2222 1512 2341 1544 spectat
2364 1507 2403 1536 ad
2427 1518 2478 1538 su-

1410 1546 1562 1587 perbiam.

1466 1592 1516 1621 Ad
1532 1591 1594 1621 hoc
1611 1589 1725 1620 dicitur
1749 1590 1848 1630 quod,
1866 1590 1942 1631 quia
1958 1593 2079 1621 Auctor
2102 1591 2165 1620 iam
2180 1592 2197 1610 '¹‘
2221 1592 2479 1626 determinaverat
2505 1604 2517 1616 ⁸
2555 1611 2569 1626 u

1410 1635 1500 1676 quod
1523 1634 1667 1665 consistit
1688 1634 1722 1664 in
1746 1641 1933 1675 contemptu
1957 1635 2080 1665 divinae
2104 1636 2320 1674 subiectionis,
2345 1639 2479 1670 dicendo
2522 1647 2527 1652 ·

1412 1679 1462 1710 hic
1486 1680 1575 1720 quod
1599 1678 1740 1719 peccavit
1762 1679 1836 1720 quia
1861 1690 1955 1720 supra
1971 1689 2153 1710 mensuram
2177 1691 2194 1710 a
2218 1681 2287 1711 Deo
2311 1683 2479 1722 praefixam

1412 1725 1534 1755 bonurn
1560 1723 1700 1764 appetiit,
1720 1723 1852 1763 intelligi
1882 1724 1984 1754 voluit
2007 1724 2096 1765 quod
2127 1732 2328 1766 contemptus
2353 1737 2480 1759 mensu-

1413 1778 1464 1799 rae
1488 1768 1612 1798 divinae
1635 1767 1772 1798 affuerit:
1797 1769 1887 1808 quod
1911 1769 1950 1798 ad
1975 1769 2156 1809 superbiam
2181 1770 2262 1800 clare
2285 1779 2412 1811 spectat.
2442 1773 2481 1803 Et

1413 1820 1579 1854 propterea
1603 1812 1730 1843 nullum
1753 1812 1868 1843 vitium
1890 1812 1922 1843 in
1947 1813 2031 1843 dicto
2055 1823 2204 1853 processu
2230 1821 2285 1845 est.
2303 1833 2323 1838 -
2347 1817 2412 1846 Nec
2431 1827 2481 1847 so-

1411 1858 1481 1888 lum
1505 1866 1541 1887 ex
1569 1857 1847 1897 praecedentibus,
1870 1857 1924 1887 sed
1948 1867 1985 1887 ex
2009 1858 2091 1888 calce
2120 1859 2261 1898 corporis
2291 1860 2411 1891 articuli
2436 1871 2482 1892 se-

1413 1901 1538 1943 quentis
1569 1909 1655 1942 patet
1686 1902 1770 1932 hunc
1794 1912 1862 1932 esse
1892 1911 2022 1932 sensum
2051 1902 2221 1933 intentum.
2253 1904 2413 1941 Quoniam
2439 1906 2482 1936 ibi

1413 1956 1556 1987 expresse
1588 1946 1702 1977 dicitur
1732 1947 1821 1987 quod
1850 1953 1982 1987 uterque
2012 1947 2171 1987 peccavit,
2203 1949 2310 1979 volens
2339 1950 2398 1979 sibi
2421 1951 2482 1990 ipsi

1414 1991 1519 2028 inniti,
1537 1995 1715 2030 contempta
1739 1990 1849 2022 divina
1873 1991 2001 2032 regula.

1061 2138 1382 2187 ARTICULUS
1413 2145 1714 2187 SECUNDUS

335 2240 492 2272 UTRUM
515 2239 724 2271 SUPERBIA
746 2239 863 2269 PR1M1
887 2238 1068 2269 H0M1N1s
1092 2238 1253 2269 FUERIT
1278 2238 1320 2268 IN
1345 2238 1437 2269 Hoc
1462 2238 1588 2276 QUOD
1614 2238 1873 2269 APPETIERlT
1897 2239 2081 2270 DIVINAM
2106 2240 2438 2273 SlMlLITUmNEM

691 2318 711 2342 II
732 2318 815 2348 Seni„
836 2318 894 2344 dist.
913 2325 937 2347 v.
957 2326 1000 2350 qu.
1020 2325 1039 2348 ι,
1057 2323 1104 2344 art.
1125 2325 1148 2348 2,
1167 2318 1198 2342 ad
1223 2325 1250 2347 1;
1271 2317 1331 2343 dist.
1349 2325 1410 2349 xxu,
1431 2325 1474 2350 qu.
1500 2325 1520 2347 1,
1541 2323 1588 2343 art.
1610 2325 1637 2347 2;
1660 2318 1804 2349 Compend.
1828 2318 1925 2347 Theol„
1945 2326 2001 2351 cap.
2021 2326 2088 2344 οισι.

327 2416 334 2430 x
377 2419 386 2442 2
476 2424 478 2427 v
504 2409 733 2435 DSEcuNDUM
748 2410 802 2435 Sic
817 2409 1058 2435 PRocamrun.
1077 2397 1238 2435 Videtur
1255 2398 1359 2446 quod
1386 2396 1389 2449 Ι
1415 2398 1514 2434 ditus
1549 2406 1647 2435 erat:
1684 2399 1897 2435 secundum
1931 2399 2022 2436 illud
2058 2400 2174 2436 Eccli.
2201 2400 2328 2437 xvi1*:
2363 2402 2483 2438 Disci-
2511 2415 2523 2427 ·

360 2452 366 2459 ”
432 2453 477 2487 '³ss
505 2451 683 2500 superbia
718 2452 831 2500 primi
860 2451 1026 2489 hominis
1059 2463 1137 2488 non
1174 2451 1286 2488 fuerit
1321 2451 1359 2488 in
1408 2451 1516 2500 plina
1552 2452 1754 2488 intellectus
1786 2453 1942 2500 replevit
1976 2452 2067 2489 illos.
2104 2453 2203 2489 Cum
2241 2466 2328 2501 ergo
2367 2467 2482 2492 omne

504 2506 580 2542 hoc
607 2505 713 2554 quod
750 2504 948 2555 appetierit
986 2504 1155 2541 divinam
1190 2504 1359 2541 similitu-

427 2592 430 2593 .
481 2558 648 2595 dinem.
685 2558 823 2595 Nullus
852 2558 952 2594 enim
981 2566 1115 2607 peccat
1143 2558 1359 2607 appetendo

293 2611 331 2649 id
361 2611 466 2662 quod
495 2611 564 2648 sibi
594 2611 776 2660 competit
795 2611 1006 2648 secundum
1037 2623 1146 2648 suam
1172 2619 1358 2648 naturam.

295 2664 372 2702 Sed
405 2663 609 2702 similitudo
642 2663 716 2701 Dei
749 2664 931 2713 competit
963 2664 1110 2701 homini
1147 2665 1360 2701 secundum

294 2730 404 2756 suam
430 2726 623 2755 naturam:
654 2717 790 2755 dicitur
817 2718 920 2754 enim
948 2717 1041 2754 Gen.
1063 2730 1072 2754 1
1091 2717 1129 2753 *ε
1158 2718 1362 2754 Faciamus

294 2772 484 2809 hominem
512 2771 564 2808 ad
590 2771 797 2820 imaginem
817 2776 853 2807 et
873 2770 1151 2807 similitudinem
1180 2776 1359 2807 nostram.

295 2825 398 2874 Ergo
427 2837 505 2862 non
534 2824 709 2873 peccavit
736 2824 907 2862 divinam
933 2823 1219 2860 similitudinem
1248 2836 1363 2873 appe-

295 2877 424 2915 tendo.

351 2943 387 2968 2.
418 2931 660 2977 PRAETEREA,
691 2931 728 2967 in
764 2930 838 2966 hoc
875 2929 1028 2967 videtur
1059 2929 1204 2978 primus
1241 2929 1361 2967 homo

297 2983 468 3022 divinam
488 2983 773 3021 similitudinem
798 2983 1010 3032 appetiisse,
1032 2991 1072 3020 ut
1091 2983 1247 3019 scientia
1273 2983 1363 3020 boni

299 3045 335 3074 et
361 3037 452 3074 mali
480 3038 679 3086 potiretur:
718 3037 793 3073 hoc
833 3037 934 3073 enim
964 3036 998 3073 ei
1026 3049 1048 3073 a
1076 3044 1250 3085 serpente
1280 3049 1364 3084 sug-

265 3114 271 3126 ,
298 3091 498 3137 gerebatur
515 3090 553 3127 *ε
582 3091 699 3127 Eritis
733 3090 830 3127 sicut
863 3090 934 3135 dii,
962 3090 1116 3126 scientes
1154 3091 1294 3127 bonum
1331 3095 1367 3127 et

300 3142 456 3189 malum.
494 3143 572 3181 Sed
605 3142 793 3192 appetitus
826 3141 1003 3180 scientiae
1037 3150 1093 3179 est
1119 3142 1267 3180 homini
1299 3155 1364 3180 na—

301 3192 448 3233 turalis:
483 3197 697 3235 secundum
725 3196 816 3234 illud
845 3196 1079 3245 Philosophi,
1110 3196 1149 3234 in
1177 3196 1363 3244 principio

301 3249 521 3297 Metaplirs.
542 3249 581 3286 *ι
623 3250 760 3288 Omnes
786 3251 956 3288 homines
984 3255 1121 3287 natura
1148 3250 1245 3286 scire
1272 3250 1365 3286 desi-

302 3301 446 3338 derant.
483 3301 586 3350 Ergo
617 3315 696 3340 non
732 3303 905 3352 peccavit
941 3304 1157 3351 appetendo
1196 3303 1364 3340 divinam

303 3353 600 3391 similitudinem.

359 3407 394 3444 3.
415 3407 647 3452 PRAETEREA,
669 3409 792 3445 nullus
820 3409 970 3458 sapiens
999 3409 1099 3457 eligit
1118 3409 1155 3445 id
1184 3408 1290 3457 quod
1310 3415 1365 3444 est

304 3458 550 3508 impossibile.
581 3459 732 3497 Primus
760 3469 889 3498 autem
908 3463 1029 3499 homo
1056 3462 1239 3511 sapientia
1258 3473 1364 3510 prae-

357 3590 385 3622 α)
404 3589 635 3622 aequiparantia&
646 3603 667 3609 -
682 3590 859 3622 apparentiae
876 3591 1083 3625 BDEFLpACK.

449 3642 558 3666 Summas
577 3642 677 3666 Tuam..
692 3642 723 3667 D.
742 3642 857 3666 Tamna
875 3642 907 3667 T.
922 3643 975 3668 VII.

1414 2512 1615 2552 peccatum
1646 2505 1825 2542 consistat
1845 2506 1883 2541 in
1903 2505 2071 2553 appetitu
2102 2506 2320 2553 deliberato,
2342 2508 2405 2556 qui
2427 2516 2482 2544 est

1416 2558 1568 2604 electio,
1598 2558 1751 2595 videtur
1785 2558 1890 2606 quod
1918 2558 2064 2606 primus
2092 2559 2211 2595 homo
2242 2572 2319 2596 non
2349 2573 2482 2608 pecca·

1414 2611 1511 2648 verit
1539 2612 1754 2660 appetendo
1785 2611 1926 2659 aliquid
1955 2611 2202 2659 impossibile.
2234 2613 2310 2648 Sed
2339 2612 2483 2661 impos-

1415 2663 1522 2701 sibile
1544 2673 1598 2701 est
1618 2677 1700 2701 esse
1729 2663 1926 2701 hominem
1952 2663 2114 2700 similem
2133 2665 2237 2701 Deo:
2269 2666 2482 2703 secundum

1416 2717 1505 2755 illud
1528 2718 1658 2754 Exodi
1674 2729 1723 2754 xv
1741 2717 1775 2753 ²¹²:
1811 2717 1901 2758 Quis
1922 2717 2053 2753 similis
2078 2717 2133 2753 tui
2157 2718 2194 2754 in
2201 2718 2384 2765 fortibus,
2405 2720 2482 2755 Do-

1417 2770 1543 2807 mine?
1580 2772 1681 2817 Ergo
1716 2769 1862 2818 primus
1899 2770 2018 2806 homo
2055 2782 2133 2807 non
2161 2771 2334 2819 peccavit
2367 2784 2481 2821 appe-

1415 2824 1531 2860 tendo
1561 2823 1732 2860 divinam
1762 2822 2058 2859 similitudinem.

1471 2877 1545 2913 SED
1579 2887 1725 2912 CONTRA
1758 2887 1823 2912 EST
1857 2876 1963 2924 quod
1996 2889 2111 2924 super
2148 2877 2238 2914 illud
2272 2877 2413 2914 Psalmi
2441 2877 2481 2926 ²⁸,

1419 2929 1526 2971 Quae
1544 2941 1618 2965 non
1648 2929 1770 2977 rapui,
1801 2934 1889 2966 tunc
1917 2930 2170 2976 exsolvebam,
2192 2930 2279 2967 dicit
2306 2931 2483 2978 Augusti·
2523 2931 2527 2935 '

1418 2995 1489 3019 nus
1503 2982 1540 3018 *ε
1564 2982 1690 3019 Adam
1709 2988 1745 3018 et
1761 2983 1845 3019 Eva
1869 2995 2005 3030 rapere
2023 2983 2225 3020 voluerunt
2241 2984 2481 3030 divinitatem,

1417 3042 1452 3072 et
1474 3036 1720 3084 perdiderunt
1734 3036 1971 3083 felicitatem.

1471 3090 1699 3126 RespoNoEo
1732 3101 1917 3126 D1CENDUM
1951 3089 2055 3138 quod
2089 3089 2228 3137 duplex
2265 3097 2320 3126 est
2358 3089 2483 3126 simili-

1418 3142 1524 3179 tudo.
1555 3142 1640 3179 Una
1661 3142 1907 3179 omnimodae
1929 3142 2235 3190 aequiparantiae
2255 3147 2284 3180 ².
2314 3143 2363 3179 Et
2385 3143 2484 3180 hanc

1419 3195 1705 3232 similitudinem
1724 3196 1773 3232 ad
1793 3196 1920 3232 Deum
1940 3193 1956 3224 β
1982 3195 2094 3243 primi
2122 3203 2297 3244 parentes
2321 3208 2400 3232 non
2419 3208 2484 3244 ap-

1420 3249 1622 3297 petierunt:
1645 3249 1735 3296 quia
1753 3249 1836 3286 talis
1851 3247 2058 3285 similitudo
2078 3248 2127 3285 ad
2141 3250 2269 3286 Deum
2290 3261 2368 3286 non
2385 3249 2485 3286 cadit

1420 3302 1458 3338 in
1487 3301 1803 3350 apprehensione,
1824 3301 2027 3350 praecipue
2056 3301 2247 3349 sapientis.
2268 3323 2292 3330 -
2311 3302 2398 3339 Alia
2420 3315 2485 3339 au-

1420 3363 1496 3390 tem
1518 3362 1573 3390 est
1592 3354 1797 3391 similitudo
1821 3354 2048 3400 imitationis,
2069 3354 2197 3402 qualis
2211 3355 2401 3403 possibilis
2431 3363 2486 3392 est

1421 3414 1613 3444 creaturae
1643 3407 1692 3444 ad
1719 3408 1864 3443 Deum:
1894 3407 2119 3455 inquantum
2139 3407 2316 3445 videlicet
2337 3409 2486 3457 partici-

1421 3468 1485 3508 pat
1504 3460 1645 3508 aliquid
1668 3460 1715 3496 de
1735 3459 1976 3497 similitudine
1996 3460 2112 3509 ipsius
2137 3463 2348 3499 secundum
2373 3474 2484 3498 suum

1476 3591 1500 3624 β)
1520 3592 1556 3616 ad
1578 3592 1670 3617 Deum.
1683 3605 1701 3610 -
1720 3591 1781 3617 Om.
1802 3592 1846 3617 Pa.

2309 3652 2342 3675 4²

2496 531 2505 539 ⁸
2519 529 2578 551 lbid.

2535 2414 2601 2436 Vera.
2616 2422 2635 2444 5.

2510 2731 2520 2742 ·
2533 2731 2600 2753 vers.
2615 2738 2641 2753 ιι.

2510 2889 2520 2898 ’·
2530 2888 2567 2909 Ps.
2575 2894 2654 2915 uvm,
2662 2894 2720 2910 ven.

2510 2996 2520 3006 ⁸
2535 2995 2619 3017 Glom
2638 2996 2722 3019 lamb.

2606 3021 2721 3045 Enarrat.

2510 3023 2663 3071 2³51&ssan
2665 3049 2721 3072 VIII.
