<?xml version="1.0" encoding="UTF-8"?>
<!DOCTYPE html PUBLIC "-//W3C//DTD XHTML 1.0 Transitional//EN"
    "http://www.w3.org/TR/xhtml1/DTD/xhtml1-transitional.dtd">
<html xmlns="http://www.w3.org/1999/xhtml" xml:lang="en" lang="en">
 <head>
  <title>
</title>
<meta http-equiv="Content-Type" content="text/html;charset=utf-8" />
  <meta name='ocr-system' content='tesseract 3.04.00' />
  <meta name='ocr-capabilities' content='ocr_page ocr_carea ocr_par ocr_line ocrx_word'/>
</head>
<body>
  <div class='ocr_page' id='page_1' title='image "./operaomniaiussui10thom/operaomniaiussui10thom_0373.png"; bbox 0 0 2768 4198; ppageno 0'>
   <div class='ocr_carea' id='block_1_1' title="bbox 0 1271 175 1760">
    <p class='ocr_par' dir='ltr' id='par_1_1' title="bbox 0 1271 175 1760">
     <span class='ocr_line' id='line_1_1' title="bbox 0 1271 175 1760; baseline 0 -182"><span class='ocrx_word' id='word_1_1' title='bbox 0 1271 175 1760; x_wconf 48' lang='grc' dir='ltr'>ᾗ</span> 
     </span>
    </p>
   </div>
   <div class='ocr_carea' id='block_1_2' title="bbox 0 1761 18 2203">
    <p class='ocr_par' dir='ltr' id='par_1_2' title="bbox 0 1761 18 2203">
     <span class='ocr_line' id='line_1_2' title="bbox 0 1761 18 2203; baseline 0 1995"><span class='ocrx_word' id='word_1_2' title='bbox 0 1761 18 2203; x_wconf 95' lang='lat' dir='ltr'> </span> 
     </span>
    </p>
   </div>
   <div class='ocr_carea' id='block_1_3' title="bbox 0 2367 21 2646">
    <p class='ocr_par' dir='ltr' id='par_1_3' title="bbox 0 2367 21 2646">
     <span class='ocr_line' id='line_1_3' title="bbox 0 2367 21 2646; baseline 0 1552"><span class='ocrx_word' id='word_1_3' title='bbox 0 2367 21 2646; x_wconf 95' lang='lat' dir='ltr'> </span> 
     </span>
    </p>
   </div>
   <div class='ocr_carea' id='block_1_4' title="bbox 59 1396 196 1419">
    <p class='ocr_par' dir='ltr' id='par_1_4' title="bbox 59 1396 196 1419">
     <span class='ocr_line' id='line_1_4' title="bbox 59 1396 196 1419; baseline 0 0"><span class='ocrx_word' id='word_1_4' title='bbox 59 1396 196 1419; x_wconf 71' lang='lat' dir='ltr'>⁸..Vmu</span> 
     </span>
    </p>
   </div>
   <div class='ocr_carea' id='block_1_5' title="bbox 60 1545 2497 1702">
    <p class='ocr_par' dir='ltr' id='par_1_5' title="bbox 60 1545 2497 1702">
     <span class='ocr_line' id='line_1_5' title="bbox 60 1545 1400 1593; baseline -0.004 -6.905"><span class='ocrx_word' id='word_1_5' title='bbox 60 1555 109 1578; x_wconf 84' lang='lat' dir='ltr'>··S</span> <span class='ocrx_word' id='word_1_6' title='bbox 123 1555 169 1578; x_wconf 71' lang='lat' dir='ltr'>u.</span> <span class='ocrx_word' id='word_1_7' title='bbox 183 1555 236 1578; x_wconf 66' lang='lat'>1³⁶¹-</span> <span class='ocrx_word' id='word_1_8' title='bbox 247 1561 272 1577; x_wconf 87' lang='lat'>¹¹-</span> <span class='ocrx_word' id='word_1_9' title='bbox 302 1549 412 1585; x_wconf 89' lang='lat' dir='ltr'>detur</span> <span class='ocrx_word' id='word_1_10' title='bbox 431 1560 514 1584; x_wconf 91' lang='lat' dir='ltr'>esse</span> <span class='ocrx_word' id='word_1_11' title='bbox 534 1547 758 1592; x_wconf 90' lang='lat' dir='ltr'>maximum,</span> <span class='ocrx_word' id='word_1_12' title='bbox 787 1553 829 1582; x_wconf 92' lang='lat' dir='ltr'>ut</span> <span class='ocrx_word' id='word_1_13' title='bbox 858 1545 1019 1582; x_wconf 88' lang='lat' dir='ltr'>dicitur</span> <span class='ocrx_word' id='word_1_14' title='bbox 1013 1557 1050 1581; x_wconf 81' lang='lat' dir='ltr'>in</span> <span class='ocrx_word' id='word_1_15' title='bbox 1072 1546 1102 1581; x_wconf 90' lang='lat'>11</span> <span class='ocrx_word' id='word_1_16' title='bbox 1123 1546 1338 1593; x_wconf 83' lang='lat' dir='ltr'>Metaphys.</span> <span class='ocrx_word' id='word_1_17' title='bbox 1353 1545 1373 1566; x_wconf 75' lang='lat'>’¹‘</span> <span class='ocrx_word' id='word_1_18' title='bbox 1398 1562 1400 1593; x_wconf 61' lang='grc' dir='ltr'><em>ς</em></span> 
     </span>
     <span class='ocr_line' id='line_1_6' title="bbox 302 1598 1400 1650; baseline -0.003 -12"><span class='ocrx_word' id='word_1_19' title='bbox 302 1601 380 1638; x_wconf 90' lang='lat' dir='ltr'>Sed</span> <span class='ocrx_word' id='word_1_20' title='bbox 408 1608 609 1650; x_wconf 90' lang='lat' dir='ltr'>peccatum</span> <span class='ocrx_word' id='word_1_21' title='bbox 637 1599 853 1648; x_wconf 90' lang='lat' dir='ltr'>primorum</span> <span class='ocrx_word' id='word_1_22' title='bbox 876 1606 1078 1647; x_wconf 90' lang='lat' dir='ltr'>parentum</span> <span class='ocrx_word' id='word_1_23' title='bbox 1108 1598 1176 1635; x_wconf 90' lang='lat' dir='ltr'>fuit</span> <span class='ocrx_word' id='word_1_24' title='bbox 1203 1598 1371 1647; x_wconf 89' lang='lat' dir='ltr'>primum</span> <span class='ocrx_word' id='word_1_25' title='bbox 1398 1601 1400 1642; x_wconf 55' lang='grc' dir='ltr'>ᾗ</span> 
     </span>
     <span class='ocr_line' id='line_1_7' title="bbox 1398 1652 2497 1702; baseline 0.001 -14"><span class='ocrx_word' id='word_1_26' title='bbox 1398 1683 1399 1686; x_wconf 68' lang='grc'>,</span> <span class='ocrx_word' id='word_1_27' title='bbox 1427 1652 1526 1689; x_wconf 88' lang='lat' dir='ltr'><strong>cedit</strong></span> <span class='ocrx_word' id='word_1_28' title='bbox 1564 1653 1610 1689; x_wconf 91' lang='lat' dir='ltr'>de</span> <span class='ocrx_word' id='word_1_29' title='bbox 1640 1652 1823 1699; x_wconf 88' lang='lat' dir='ltr'>gravitate</span> <span class='ocrx_word' id='word_1_30' title='bbox 1853 1652 1999 1701; x_wconf 90' lang='lat' dir='ltr'>peccati</span> <span class='ocrx_word' id='word_1_31' title='bbox 2029 1664 2072 1688; x_wconf 89' lang='lat' dir='ltr'>ex</span> <span class='ocrx_word' id='word_1_32' title='bbox 2102 1653 2382 1689; x_wconf 87' lang='lat' dir='ltr'>circumstantia</span> <span class='ocrx_word' id='word_1_33' title='bbox 2410 1666 2497 1702; x_wconf 91' lang='lat' dir='ltr'>pec-</span> 
     </span>
    </p>
   </div>
   <div class='ocr_carea' id='block_1_6' title="bbox 58 1581 272 1637">
    <p class='ocr_par' dir='ltr' id='par_1_6' title="bbox 58 1581 272 1637">
     <span class='ocr_line' id='line_1_8' title="bbox 59 1581 272 1610; baseline 0 -6"><span class='ocrx_word' id='word_1_34' title='bbox 59 1581 272 1610; x_wconf 36' lang='lat' dir='ltr'>mmdubrffioep.</span> 
     </span>
     <span class='ocr_line' id='line_1_9' title="bbox 58 1614 149 1637; baseline 0 -6"><span class='ocrx_word' id='word_1_35' title='bbox 58 1614 77 1636; x_wconf 91' lang='grc'>1,</span> <span class='ocrx_word' id='word_1_36' title='bbox 91 1614 115 1631; x_wconf 79' lang='lat' dir='ltr'>n.</span> <span class='ocrx_word' id='word_1_37' title='bbox 128 1614 149 1637; x_wconf 82' lang='grc'>5.</span> 
     </span>
    </p>
   </div>
   <div class='ocr_carea' id='block_1_7' title="bbox 57 1711 264 1767">
    <p class='ocr_par' dir='ltr' id='par_1_7' title="bbox 57 1711 264 1767">
     <span class='ocr_line' id='line_1_10' title="bbox 57 1711 264 1767; baseline -0.005 -5"><span class='ocrx_word' id='word_1_38' title='bbox 57 1711 264 1767; x_wconf 43' lang='lat' dir='ltr'>affine-fex-</span> 
     </span>
    </p>
   </div>
   <div class='ocr_carea' id='block_1_8' title="bbox 913 280 1874 329">
    <p class='ocr_par' dir='ltr' id='par_1_8' title="bbox 913 280 1874 329">
     <span class='ocr_line' id='line_1_11' title="bbox 913 280 1874 329; baseline -0.003 -10"><span class='ocrx_word' id='word_1_39' title='bbox 913 281 1180 329; x_wconf 84' lang='lat' dir='ltr'><strong>QUAESTIO</strong></span> <span class='ocrx_word' id='word_1_40' title='bbox 1211 282 1382 327; x_wconf 79' lang='lat' dir='ltr'>CLXIII,</span> <span class='ocrx_word' id='word_1_41' title='bbox 1411 281 1710 318; x_wconf 81' lang='lat' dir='ltr'><strong>ARTICULUS</strong></span> <span class='ocrx_word' id='word_1_42' title='bbox 1739 281 1802 326; x_wconf 85' lang='lat'>111,</span> <span class='ocrx_word' id='word_1_43' title='bbox 1823 280 1874 316; x_wconf 78' lang='lat' dir='ltr'>lv</span> 
     </span>
    </p>
   </div>
   <div class='ocr_carea' id='block_1_9' title="bbox 2411 281 2480 317">
    <p class='ocr_par' dir='ltr' id='par_1_9' title="bbox 2411 281 2480 317">
     <span class='ocr_line' id='line_1_12' title="bbox 2411 281 2480 317; baseline 0 0"><span class='ocrx_word' id='word_1_44' title='bbox 2411 281 2480 317; x_wconf 85' lang='lat'>331</span> 
     </span>
    </p>
   </div>
   <div class='ocr_carea' id='block_1_10' title="bbox 620 453 2158 568">
    <p class='ocr_par' dir='ltr' id='par_1_10' title="bbox 620 453 2158 568">
     <span class='ocr_line' id='line_1_13' title="bbox 1013 453 1737 495; baseline 0.001 -2"><span class='ocrx_word' id='word_1_45' title='bbox 1013 453 1400 495; x_wconf 87' lang='lat' dir='ltr'>ARTICULUS</span> <span class='ocrx_word' id='word_1_46' title='bbox 1456 453 1737 495; x_wconf 88' lang='lat' dir='ltr'>TERTIUS</span> 
     </span>
     <span class='ocr_line' id='line_1_14' title="bbox 620 535 2158 568; baseline 0.001 -2"><span class='ocrx_word' id='word_1_47' title='bbox 620 535 777 567; x_wconf 88' lang='lat' dir='ltr'><strong>UTRUM</strong></span> <span class='ocrx_word' id='word_1_48' title='bbox 801 536 1040 567; x_wconf 82' lang='lat' dir='ltr'>PECCATUM</span> <span class='ocrx_word' id='word_1_49' title='bbox 1064 537 1293 568; x_wconf 82' lang='lat' dir='ltr'>PRIMORUM</span> <span class='ocrx_word' id='word_1_50' title='bbox 1317 538 1555 568; x_wconf 83' lang='lat' dir='ltr'><strong>PARENTUM</strong></span> <span class='ocrx_word' id='word_1_51' title='bbox 1579 538 1740 568; x_wconf 83' lang='lat' dir='ltr'>FUERIT</span> <span class='ocrx_word' id='word_1_52' title='bbox 1764 537 1946 568; x_wconf 78' lang='lat' dir='ltr'>CETEms</span> <span class='ocrx_word' id='word_1_53' title='bbox 1971 536 2158 568; x_wconf 79' lang='lat' dir='ltr'>GRAvius</span> 
     </span>
    </p>
   </div>
   <div class='ocr_carea' id='block_1_11' title="bbox 966 615 1841 649">
    <p class='ocr_par' dir='ltr' id='par_1_11' title="bbox 966 615 1841 649">
     <span class='ocr_line' id='line_1_15' title="bbox 966 615 1841 649; baseline 0.001 -9"><span class='ocrx_word' id='word_1_54' title='bbox 966 615 987 640; x_wconf 94' lang='lat'>11</span> <span class='ocrx_word' id='word_1_55' title='bbox 1006 615 1088 644; x_wconf 73' lang='lat' dir='ltr'>Sent„</span> <span class='ocrx_word' id='word_1_56' title='bbox 1109 616 1167 641; x_wconf 86' lang='lat' dir='ltr'>dist.</span> <span class='ocrx_word' id='word_1_57' title='bbox 1186 624 1235 647; x_wconf 81' lang='lat' dir='ltr'>xxi,</span> <span class='ocrx_word' id='word_1_58' title='bbox 1255 624 1298 649; x_wconf 90' lang='lat' dir='ltr'>qu.</span> <span class='ocrx_word' id='word_1_59' title='bbox 1318 624 1345 646; x_wconf 89' lang='lat'>11,</span> <span class='ocrx_word' id='word_1_60' title='bbox 1365 621 1412 641; x_wconf 87' lang='lat' dir='ltr'>art.</span> <span class='ocrx_word' id='word_1_61' title='bbox 1432 624 1461 647; x_wconf 80' lang='lat'>23</span> <span class='ocrx_word' id='word_1_62' title='bbox 1482 617 1541 642; x_wconf 89' lang='lat' dir='ltr'>dist.</span> <span class='ocrx_word' id='word_1_63' title='bbox 1559 624 1644 647; x_wconf 83' lang='lat' dir='ltr'>xxxm,</span> <span class='ocrx_word' id='word_1_64' title='bbox 1665 617 1760 649; x_wconf 84' lang='lat' dir='ltr'>Expos.</span> <span class='ocrx_word' id='word_1_65' title='bbox 1780 617 1841 642; x_wconf 86' lang='lat' dir='ltr'>Litt.</span> 
     </span>
    </p>
   </div>
   <div class='ocr_carea' id='block_1_12' title="bbox 299 703 509 904">
    <p class='ocr_par' dir='ltr' id='par_1_12' title="bbox 299 703 509 904">
     <span class='ocr_line' id='line_1_16' title="bbox 299 703 509 778; baseline 0 -53"><span class='ocrx_word' id='word_1_66' title='bbox 299 703 509 778; x_wconf 95' lang='lat' dir='ltr'>  </span> 
     </span>
     <span class='ocr_line' id='line_1_17' title="bbox 299 778 468 904; baseline 0 0"><span class='ocrx_word' id='word_1_67' title='bbox 299 778 468 904; x_wconf 95' lang='lat' dir='ltr'>  </span> 
     </span>
    </p>
   </div>
   <div class='ocr_carea' id='block_1_13' title="bbox 333 695 1394 746">
    <p class='ocr_par' dir='ltr' id='par_1_13' title="bbox 333 695 1394 746">
     <span class='ocr_line' id='line_1_18' title="bbox 333 695 1394 746; baseline 0.001 -14"><span class='ocrx_word' id='word_1_68' title='bbox 333 712 359 746; x_wconf 56' lang='lat'>2:</span> <span class='ocrx_word' id='word_1_69' title='bbox 416 715 447 741; x_wconf 45' lang='lat' dir='ltr'><em>q</em></span> <span class='ocrx_word' id='word_1_70' title='bbox 511 707 534 733; x_wconf 89' lang='lat' dir='ltr'>D</span> <span class='ocrx_word' id='word_1_71' title='bbox 553 706 715 732; x_wconf 81' lang='lat' dir='ltr'>TERTltJM</span> <span class='ocrx_word' id='word_1_72' title='bbox 734 707 788 732; x_wconf 78' lang='lat' dir='ltr'>stc</span> <span class='ocrx_word' id='word_1_73' title='bbox 808 705 1051 732; x_wconf 73' lang='lat' dir='ltr'>PRocEmTun.</span> <span class='ocrx_word' id='word_1_74' title='bbox 1080 695 1239 732; x_wconf 89' lang='lat' dir='ltr'>Videtur</span> <span class='ocrx_word' id='word_1_75' title='bbox 1262 696 1394 743; x_wconf 69' lang='lat' dir='ltr'>quod:</span> 
     </span>
    </p>
   </div>
   <div class='ocr_carea' id='block_1_14' title="bbox 285 784 1371 1286">
    <p class='ocr_par' dir='ltr' id='par_1_14' title="bbox 285 784 1371 1223">
     <span class='ocr_line' id='line_1_19' title="bbox 317 784 1366 882; baseline 0 -44"><span class='ocrx_word' id='word_1_76' title='bbox 317 784 477 882; x_wconf 41' lang='grc' dir='ltr'>’Λᾶς</span> <span class='ocrx_word' id='word_1_77' title='bbox 459 801 645 843; x_wconf 67' lang='lat' dir='ltr'>(ceteris</span> <span class='ocrx_word' id='word_1_78' title='bbox 674 802 838 850; x_wconf 89' lang='lat' dir='ltr'>gravius.</span> <span class='ocrx_word' id='word_1_79' title='bbox 869 802 967 838; x_wconf 86' lang='lat' dir='ltr'>Dicit</span> <span class='ocrx_word' id='word_1_80' title='bbox 991 802 1093 838; x_wconf 88' lang='lat' dir='ltr'>enim</span> <span class='ocrx_word' id='word_1_81' title='bbox 1120 803 1366 850; x_wconf 89' lang='lat' dir='ltr'>Augustinus,</span> 
     </span>
     <span class='ocr_line' id='line_1_20' title="bbox 299 908 1367 957; baseline 0.001 -13"><span class='ocrx_word' id='word_1_82' title='bbox 299 909 420 945; x_wconf 89' lang='lat' dir='ltr'>cando</span> <span class='ocrx_word' id='word_1_83' title='bbox 449 908 642 956; x_wconf 81' lang='lat' dir='ltr'>iniquitaS,</span> <span class='ocrx_word' id='word_1_84' title='bbox 673 909 738 945; x_wconf 84' lang='lat' dir='ltr'>ubi</span> <span class='ocrx_word' id='word_1_85' title='bbox 768 914 871 945; x_wconf 90' lang='lat' dir='ltr'>tanta</span> <span class='ocrx_word' id='word_1_86' title='bbox 894 909 979 957; x_wconf 87' lang='lat' dir='ltr'>fuit</span> <span class='ocrx_word' id='word_1_87' title='bbox 1008 909 1046 945; x_wconf 88' lang='lat' dir='ltr'>in</span> <span class='ocrx_word' id='word_1_88' title='bbox 1075 921 1149 945; x_wconf 88' lang='lat' dir='ltr'>non</span> <span class='ocrx_word' id='word_1_89' title='bbox 1174 909 1367 957; x_wconf 84' lang='lat' dir='ltr'>peccando</span> 
     </span>
     <span class='ocr_line' id='line_1_21' title="bbox 285 961 1368 1010; baseline 0 -12"><span class='ocrx_word' id='word_1_90' title='bbox 285 961 472 1010; x_wconf 84' lang='lat' dir='ltr'><em>facilitas.</em></span> <span class='ocrx_word' id='word_1_91' title='bbox 499 962 576 998; x_wconf 86' lang='lat' dir='ltr'>Sed</span> <span class='ocrx_word' id='word_1_92' title='bbox 595 961 708 1010; x_wconf 92' lang='lat' dir='ltr'>primi</span> <span class='ocrx_word' id='word_1_93' title='bbox 727 969 903 1010; x_wconf 89' lang='lat' dir='ltr'>parentes</span> <span class='ocrx_word' id='word_1_94' title='bbox 924 961 1133 998; x_wconf 85' lang='lat' dir='ltr'>maximam</span> <span class='ocrx_word' id='word_1_95' title='bbox 1152 963 1368 999; x_wconf 87' lang='lat' dir='ltr'>habuerunt</span> 
     </span>
     <span class='ocr_line' id='line_1_22' title="bbox 298 1015 1370 1064; baseline 0.001 -13"><span class='ocrx_word' id='word_1_96' title='bbox 298 1015 516 1051; x_wconf 84' lang='lat' dir='ltr'>facilitatem</span> <span class='ocrx_word' id='word_1_97' title='bbox 546 1015 594 1051; x_wconf 93' lang='lat' dir='ltr'>ad</span> <span class='ocrx_word' id='word_1_98' title='bbox 623 1027 702 1052; x_wconf 91' lang='lat' dir='ltr'>non</span> <span class='ocrx_word' id='word_1_99' title='bbox 721 1015 984 1064; x_wconf 88' lang='lat' dir='ltr'>peccandum:</span> <span class='ocrx_word' id='word_1_100' title='bbox 1015 1015 1104 1063; x_wconf 91' lang='lat' dir='ltr'>quia</span> <span class='ocrx_word' id='word_1_101' title='bbox 1133 1015 1224 1051; x_wconf 87' lang='lat' dir='ltr'>nihil</span> <span class='ocrx_word' id='word_1_102' title='bbox 1253 1015 1370 1052; x_wconf 92' lang='lat' dir='ltr'>habe-</span> 
     </span>
     <span class='ocr_line' id='line_1_23' title="bbox 298 1067 1370 1116; baseline 0 -11"><span class='ocrx_word' id='word_1_103' title='bbox 298 1068 391 1105; x_wconf 89' lang='lat' dir='ltr'>bant</span> <span class='ocrx_word' id='word_1_104' title='bbox 414 1068 637 1105; x_wconf 89' lang='lat' dir='ltr'>intrinsecus</span> <span class='ocrx_word' id='word_1_105' title='bbox 666 1068 773 1116; x_wconf 91' lang='lat' dir='ltr'>quod</span> <span class='ocrx_word' id='word_1_106' title='bbox 802 1080 868 1104; x_wconf 94' lang='lat' dir='ltr'>eos</span> <span class='ocrx_word' id='word_1_107' title='bbox 897 1068 946 1104; x_wconf 91' lang='lat' dir='ltr'>ad</span> <span class='ocrx_word' id='word_1_108' title='bbox 974 1069 1215 1116; x_wconf 89' lang='lat' dir='ltr'>peccandum</span> <span class='ocrx_word' id='word_1_109' title='bbox 1236 1067 1370 1116; x_wconf 91' lang='lat' dir='ltr'>impel-</span> 
     </span>
     <span class='ocr_line' id='line_1_24' title="bbox 298 1121 1371 1170; baseline -0.001 -12"><span class='ocrx_word' id='word_1_110' title='bbox 298 1122 401 1158; x_wconf 90' lang='lat' dir='ltr'>leret.</span> <span class='ocrx_word' id='word_1_111' title='bbox 439 1122 542 1169; x_wconf 89' lang='lat' dir='ltr'>Ergo</span> <span class='ocrx_word' id='word_1_112' title='bbox 577 1130 778 1170; x_wconf 90' lang='lat' dir='ltr'>peccatum</span> <span class='ocrx_word' id='word_1_113' title='bbox 815 1121 1029 1170; x_wconf 89' lang='lat' dir='ltr'>primorum</span> <span class='ocrx_word' id='word_1_114' title='bbox 1067 1129 1268 1169; x_wconf 88' lang='lat' dir='ltr'>parentum</span> <span class='ocrx_word' id='word_1_115' title='bbox 1302 1121 1371 1157; x_wconf 87' lang='lat' dir='ltr'>fuit</span> 
     </span>
     <span class='ocr_line' id='line_1_25' title="bbox 301 1174 628 1223; baseline -0.003 -11"><span class='ocrx_word' id='word_1_116' title='bbox 301 1175 435 1212; x_wconf 84' lang='lat' dir='ltr'>ceteris</span> <span class='ocrx_word' id='word_1_117' title='bbox 463 1174 628 1223; x_wconf 87' lang='lat' dir='ltr'>gravius.</span> 
     </span>
    </p>

    <p class='ocr_par' dir='ltr' id='par_1_15' title="bbox 355 1227 1368 1286">
     <span class='ocr_line' id='line_1_26' title="bbox 355 1227 1368 1286; baseline -0.003 -21"><span class='ocrx_word' id='word_1_118' title='bbox 355 1240 390 1265; x_wconf 86' lang='lat'>2.</span> <span class='ocrx_word' id='word_1_119' title='bbox 429 1229 673 1274; x_wconf 76' lang='lat' dir='ltr'>PRAETEREA,</span> <span class='ocrx_word' id='word_1_120' title='bbox 713 1239 840 1276; x_wconf 90' lang='lat' dir='ltr'>poena</span> <span class='ocrx_word' id='word_1_121' title='bbox 874 1227 1185 1275; x_wconf 89' lang='lat' dir='ltr'>proportionatur</span> <span class='ocrx_word' id='word_1_122' title='bbox 1223 1228 1368 1286; x_wconf 89' lang='lat' dir='ltr'>culpae.</span> 
     </span>
    </p>
   </div>
   <div class='ocr_carea' id='block_1_15' title="bbox 301 1280 1399 1341">
    <p class='ocr_par' dir='ltr' id='par_1_16' title="bbox 301 1280 1399 1341">
     <span class='ocr_line' id='line_1_27' title="bbox 301 1280 1399 1341; baseline -0.002 -23"><span class='ocrx_word' id='word_1_123' title='bbox 301 1282 378 1318; x_wconf 89' lang='lat' dir='ltr'>Sed</span> <span class='ocrx_word' id='word_1_124' title='bbox 399 1289 616 1341; x_wconf 82' lang='lat' dir='ltr'>peccatum</span> <span class='ocrx_word' id='word_1_125' title='bbox 654 1280 868 1340; x_wconf 82' lang='lat' dir='ltr'>primorum</span> <span class='ocrx_word' id='word_1_126' title='bbox 906 1287 1109 1328; x_wconf 91' lang='lat' dir='ltr'>parentum</span> <span class='ocrx_word' id='word_1_127' title='bbox 1148 1280 1399 1327; x_wconf 63' lang='lat' dir='ltr'>gravissimey</span> 
     </span>
    </p>
   </div>
   <div class='ocr_carea' id='block_1_16' title="bbox 294 1333 1371 1551">
    <p class='ocr_par' dir='ltr' id='par_1_17' title="bbox 294 1333 1370 1491">
     <span class='ocr_line' id='line_1_28' title="bbox 294 1333 1370 1384; baseline -0.003 -12.98"><span class='ocrx_word' id='word_1_128' title='bbox 294 1336 356 1371; x_wconf 82' lang='lat' dir='ltr'>est</span> <span class='ocrx_word' id='word_1_129' title='bbox 393 1336 590 1384; x_wconf 92' lang='lat' dir='ltr'>punitum:</span> <span class='ocrx_word' id='word_1_130' title='bbox 630 1334 719 1383; x_wconf 87' lang='lat' dir='ltr'>quia</span> <span class='ocrx_word' id='word_1_131' title='bbox 758 1345 802 1370; x_wconf 88' lang='lat' dir='ltr'>ex</span> <span class='ocrx_word' id='word_1_132' title='bbox 835 1333 918 1382; x_wconf 88' lang='lat' dir='ltr'>ipso</span> <span class='ocrx_word' id='word_1_133' title='bbox 945 1337 962 1354; x_wconf 61' lang='grc' dir='ltr'>α</span> <span class='ocrx_word' id='word_1_134' title='bbox 995 1345 1098 1369; x_wconf 85' lang='lat' dir='ltr'>mors</span> <span class='ocrx_word' id='word_1_135' title='bbox 1135 1333 1302 1369; x_wconf 77' lang='lat' dir='ltr'>introivit</span> <span class='ocrx_word' id='word_1_136' title='bbox 1333 1333 1370 1369; x_wconf 89' lang='lat' dir='ltr'>in</span> 
     </span>
     <span class='ocr_line' id='line_1_29' title="bbox 299 1385 1370 1435; baseline -0.003 -10"><span class='ocrx_word' id='word_1_137' title='bbox 299 1389 400 1425; x_wconf 85' lang='lat' dir='ltr'>hunc</span> <span class='ocrx_word' id='word_1_138' title='bbox 418 1388 613 1434; x_wconf 85' lang='lat' dir='ltr'>mundum,</span> <span class='ocrx_word' id='word_1_139' title='bbox 634 1395 676 1424; x_wconf 93' lang='lat' dir='ltr'>ut</span> <span class='ocrx_word' id='word_1_140' title='bbox 694 1387 902 1435; x_wconf 88' lang='lat' dir='ltr'>Apostolus</span> <span class='ocrx_word' id='word_1_141' title='bbox 923 1386 1023 1433; x_wconf 91' lang='lat' dir='ltr'>dicit,</span> <span class='ocrx_word' id='word_1_142' title='bbox 1043 1387 1156 1422; x_wconf 90' lang='lat' dir='ltr'>Rom.</span> <span class='ocrx_word' id='word_1_143' title='bbox 1173 1397 1195 1422; x_wconf 91' lang='lat' dir='ltr'>v</span> <span class='ocrx_word' id='word_1_144' title='bbox 1210 1385 1241 1422; x_wconf 70' lang='lat'>²⁸.</span> <span class='ocrx_word' id='word_1_145' title='bbox 1268 1387 1370 1433; x_wconf 85' lang='lat' dir='ltr'>Ergo</span> 
     </span>
     <span class='ocr_line' id='line_1_30' title="bbox 301 1439 1206 1491; baseline -0.006 -12"><span class='ocrx_word' id='word_1_146' title='bbox 301 1450 501 1491; x_wconf 87' lang='lat' dir='ltr'>peccatum</span> <span class='ocrx_word' id='word_1_147' title='bbox 529 1441 619 1478; x_wconf 89' lang='lat' dir='ltr'>illud</span> <span class='ocrx_word' id='word_1_148' title='bbox 647 1440 715 1476; x_wconf 84' lang='lat' dir='ltr'>fuit</span> <span class='ocrx_word' id='word_1_149' title='bbox 741 1439 894 1488; x_wconf 86' lang='lat' dir='ltr'>gravius</span> <span class='ocrx_word' id='word_1_150' title='bbox 922 1439 1002 1476; x_wconf 90' lang='lat' dir='ltr'>aliis</span> <span class='ocrx_word' id='word_1_151' title='bbox 1030 1439 1206 1487; x_wconf 86' lang='lat' dir='ltr'>peccatis.</span> 
     </span>
    </p>

    <p class='ocr_par' dir='ltr' id='par_1_18' title="bbox 357 1491 1371 1551">
     <span class='ocr_line' id='line_1_31' title="bbox 357 1491 1371 1551; baseline -0.004 -19"><span class='ocrx_word' id='word_1_152' title='bbox 357 1495 391 1532; x_wconf 84' lang='lat'>3.</span> <span class='ocrx_word' id='word_1_153' title='bbox 420 1495 655 1539; x_wconf 76' lang='lat' dir='ltr'>PRAETEREA,</span> <span class='ocrx_word' id='word_1_154' title='bbox 685 1492 854 1541; x_wconf 93' lang='lat' dir='ltr'>primum</span> <span class='ocrx_word' id='word_1_155' title='bbox 883 1492 920 1528; x_wconf 92' lang='lat' dir='ltr'>in</span> <span class='ocrx_word' id='word_1_156' title='bbox 950 1492 1120 1551; x_wconf 83' lang='lat' dir='ltr'>quolibet</span> <span class='ocrx_word' id='word_1_157' title='bbox 1148 1503 1288 1539; x_wconf 88' lang='lat' dir='ltr'>genere</span> <span class='ocrx_word' id='word_1_158' title='bbox 1316 1491 1371 1528; x_wconf 88' lang='lat' dir='ltr'>vi—</span> 
     </span>
    </p>
   </div>
   <div class='ocr_carea' id='block_1_17' title="bbox 300 1651 1372 1754">
    <p class='ocr_par' dir='ltr' id='par_1_19' title="bbox 300 1651 1372 1754">
     <span class='ocr_line' id='line_1_32' title="bbox 300 1651 1370 1702; baseline -0.002 -11"><span class='ocrx_word' id='word_1_159' title='bbox 300 1654 396 1691; x_wconf 89' lang='lat' dir='ltr'>inter</span> <span class='ocrx_word' id='word_1_160' title='bbox 415 1654 486 1691; x_wconf 91' lang='lat' dir='ltr'>alia</span> <span class='ocrx_word' id='word_1_161' title='bbox 510 1660 667 1702; x_wconf 89' lang='lat' dir='ltr'>peccata</span> <span class='ocrx_word' id='word_1_162' title='bbox 685 1652 902 1689; x_wconf 89' lang='lat' dir='ltr'>hominum.</span> <span class='ocrx_word' id='word_1_163' title='bbox 933 1653 1036 1700; x_wconf 88' lang='lat' dir='ltr'>Ergo</span> <span class='ocrx_word' id='word_1_164' title='bbox 1057 1651 1125 1688; x_wconf 87' lang='lat' dir='ltr'>fuit</span> <span class='ocrx_word' id='word_1_165' title='bbox 1145 1652 1370 1689; x_wconf 88' lang='lat' dir='ltr'>maximum.</span> 
     </span>
     <span class='ocr_line' id='line_1_33' title="bbox 355 1705 1372 1754; baseline -0.003 -10"><span class='ocrx_word' id='word_1_166' title='bbox 355 1708 430 1744; x_wconf 79' lang='lat' dir='ltr'>SED</span> <span class='ocrx_word' id='word_1_167' title='bbox 450 1718 596 1744; x_wconf 81' lang='lat' dir='ltr'>CONTRA</span> <span class='ocrx_word' id='word_1_168' title='bbox 616 1717 683 1742; x_wconf 76' lang='lat' dir='ltr'>Esr</span> <span class='ocrx_word' id='word_1_169' title='bbox 701 1707 807 1754; x_wconf 83' lang='lat' dir='ltr'>quod</span> <span class='ocrx_word' id='word_1_170' title='bbox 829 1705 1016 1753; x_wconf 88' lang='lat' dir='ltr'>Origenes</span> <span class='ocrx_word' id='word_1_171' title='bbox 1037 1705 1168 1742; x_wconf 76' lang='lat' dir='ltr'>dicit*:</span> <span class='ocrx_word' id='word_1_172' title='bbox 1197 1706 1289 1742; x_wconf 90' lang='lat' dir='ltr'>Non</span> <span class='ocrx_word' id='word_1_173' title='bbox 1310 1717 1372 1742; x_wconf 89' lang='lat' dir='ltr'>ar-</span> 
     </span>
    </p>
   </div>
   <div class='ocr_carea' id='block_1_18' title="bbox 301 2025 1372 2117">
    <p class='ocr_par' dir='ltr' id='par_1_20' title="bbox 301 2025 1372 2117">
     <span class='ocr_line' id='line_1_34' title="bbox 301 2025 1372 2076; baseline -0.003 -12"><span class='ocrx_word' id='word_1_174' title='bbox 301 2027 468 2076; x_wconf 89' lang='lat' dir='ltr'>primum</span> <span class='ocrx_word' id='word_1_175' title='bbox 508 2034 709 2075; x_wconf 88' lang='lat' dir='ltr'>peccatum</span> <span class='ocrx_word' id='word_1_176' title='bbox 743 2025 812 2062; x_wconf 90' lang='lat' dir='ltr'>fuit</span> <span class='ocrx_word' id='word_1_177' title='bbox 841 2025 1051 2062; x_wconf 86' lang='lat' dir='ltr'>maximum</span> <span class='ocrx_word' id='word_1_178' title='bbox 1081 2025 1256 2062; x_wconf 87' lang='lat' dir='ltr'>omnium</span> <span class='ocrx_word' id='word_1_179' title='bbox 1284 2038 1372 2074; x_wconf 90' lang='lat' dir='ltr'>pec-</span> 
     </span>
     <span class='ocr_line' id='line_1_35' title="bbox 303 2089 490 2117; baseline -0.005 0"><span class='ocrx_word' id='word_1_180' title='bbox 303 2089 490 2117; x_wconf 87' lang='lat' dir='ltr'>catorum.</span> 
     </span>
    </p>
   </div>
   <div class='ocr_carea' id='block_1_19' title="bbox 300 2184 1375 2448">
    <p class='ocr_par' dir='ltr' id='par_1_21' title="bbox 300 2184 1375 2448">
     <span class='ocr_line' id='line_1_36' title="bbox 300 2184 1373 2236; baseline -0.004 -12"><span class='ocrx_word' id='word_1_181' title='bbox 300 2194 459 2236; x_wconf 89' lang='lat' dir='ltr'>peccato</span> <span class='ocrx_word' id='word_1_182' title='bbox 489 2185 629 2223; x_wconf 89' lang='lat' dir='ltr'>attendi</span> <span class='ocrx_word' id='word_1_183' title='bbox 658 2193 794 2234; x_wconf 90' lang='lat' dir='ltr'>potest.</span> <span class='ocrx_word' id='word_1_184' title='bbox 824 2185 910 2222; x_wconf 89' lang='lat' dir='ltr'>Una</span> <span class='ocrx_word' id='word_1_185' title='bbox 930 2185 1099 2233; x_wconf 90' lang='lat' dir='ltr'>quidem,</span> <span class='ocrx_word' id='word_1_186' title='bbox 1122 2196 1167 2220; x_wconf 89' lang='lat' dir='ltr'>ex</span> <span class='ocrx_word' id='word_1_187' title='bbox 1186 2184 1268 2233; x_wconf 88' lang='lat' dir='ltr'>ipsa</span> <span class='ocrx_word' id='word_1_188' title='bbox 1288 2197 1373 2232; x_wconf 90' lang='lat' dir='ltr'>spe-</span> 
     </span>
     <span class='ocr_line' id='line_1_37' title="bbox 301 2238 1372 2289; baseline -0.003 -12"><span class='ocrx_word' id='word_1_189' title='bbox 301 2241 357 2277; x_wconf 87' lang='lat' dir='ltr'>cie</span> <span class='ocrx_word' id='word_1_190' title='bbox 377 2239 541 2289; x_wconf 90' lang='lat' dir='ltr'>peccati:</span> <span class='ocrx_word' id='word_1_191' title='bbox 568 2239 663 2276; x_wconf 90' lang='lat' dir='ltr'>sicut</span> <span class='ocrx_word' id='word_1_192' title='bbox 684 2238 845 2275; x_wconf 89' lang='lat' dir='ltr'>dicimus</span> <span class='ocrx_word' id='word_1_193' title='bbox 865 2238 1094 2274; x_wconf 88' lang='lat' dir='ltr'>adulterium</span> <span class='ocrx_word' id='word_1_194' title='bbox 1116 2249 1198 2274; x_wconf 89' lang='lat' dir='ltr'>esse</span> <span class='ocrx_word' id='word_1_195' title='bbox 1218 2238 1372 2286; x_wconf 85' lang='lat' dir='ltr'>gravius</span> 
     </span>
     <span class='ocr_line' id='line_1_38' title="bbox 302 2291 1374 2343; baseline -0.003 -13"><span class='ocrx_word' id='word_1_196' title='bbox 302 2301 504 2343; x_wconf 88' lang='lat' dir='ltr'>peccatum</span> <span class='ocrx_word' id='word_1_197' title='bbox 541 2292 703 2341; x_wconf 89' lang='lat' dir='ltr'>simplici</span> <span class='ocrx_word' id='word_1_198' title='bbox 741 2291 1002 2329; x_wconf 90' lang='lat' dir='ltr'>fornicatione.</span> <span class='ocrx_word' id='word_1_199' title='bbox 1041 2291 1126 2328; x_wconf 88' lang='lat' dir='ltr'>Alia</span> <span class='ocrx_word' id='word_1_200' title='bbox 1159 2298 1287 2328; x_wconf 89' lang='lat' dir='ltr'>autem</span> <span class='ocrx_word' id='word_1_201' title='bbox 1318 2298 1374 2327; x_wconf 89' lang='lat' dir='ltr'>est</span> 
     </span>
     <span class='ocr_line' id='line_1_39' title="bbox 302 2344 1373 2394; baseline -0.003 -11"><span class='ocrx_word' id='word_1_202' title='bbox 302 2346 466 2394; x_wconf 87' lang='lat' dir='ltr'>gravitas</span> <span class='ocrx_word' id='word_1_203' title='bbox 503 2345 649 2394; x_wconf 88' lang='lat' dir='ltr'>peccati</span> <span class='ocrx_word' id='word_1_204' title='bbox 688 2357 786 2393; x_wconf 87' lang='lat' dir='ltr'>quae</span> <span class='ocrx_word' id='word_1_205' title='bbox 825 2344 1029 2381; x_wconf 84' lang='lat' dir='ltr'>attenditur</span> <span class='ocrx_word' id='word_1_206' title='bbox 1061 2344 1275 2382; x_wconf 91' lang='lat' dir='ltr'>secundum</span> <span class='ocrx_word' id='word_1_207' title='bbox 1308 2344 1373 2381; x_wconf 92' lang='lat' dir='ltr'>ali-</span> 
     </span>
     <span class='ocr_line' id='line_1_40' title="bbox 303 2398 1375 2448; baseline -0.002 -12"><span class='ocrx_word' id='word_1_208' title='bbox 303 2412 421 2448; x_wconf 90' lang='lat' dir='ltr'>quam</span> <span class='ocrx_word' id='word_1_209' title='bbox 442 2399 762 2436; x_wconf 88' lang='lat' dir='ltr'>circumstantiam</span> <span class='ocrx_word' id='word_1_210' title='bbox 783 2398 868 2446; x_wconf 91' lang='lat' dir='ltr'>loci,</span> <span class='ocrx_word' id='word_1_211' title='bbox 888 2398 951 2435; x_wconf 89' lang='lat' dir='ltr'>vel</span> <span class='ocrx_word' id='word_1_212' title='bbox 974 2410 1175 2447; x_wconf 83' lang='lat' dir='ltr'>personae,</span> <span class='ocrx_word' id='word_1_213' title='bbox 1197 2406 1261 2434; x_wconf 89' lang='lat' dir='ltr'>aut</span> <span class='ocrx_word' id='word_1_214' title='bbox 1280 2405 1375 2434; x_wconf 90' lang='lat' dir='ltr'>tem-</span> 
     </span>
    </p>
   </div>
   <div class='ocr_carea' id='block_1_20' title="bbox 357 2521 798 2555">
    <p class='ocr_par' dir='ltr' id='par_1_22' title="bbox 357 2521 798 2555">
     <span class='ocr_line' id='line_1_41' title="bbox 357 2521 798 2555; baseline 0 -8"><span class='ocrx_word' id='word_1_215' title='bbox 357 2524 383 2555; x_wconf 74' lang='lat'>2)</span> <span class='ocrx_word' id='word_1_216' title='bbox 403 2530 441 2547; x_wconf 78' lang='lat' dir='ltr'>ex</span> <span class='ocrx_word' id='word_1_217' title='bbox 460 2522 526 2554; x_wconf 80' lang='lat' dir='ltr'>ipso.</span> <span class='ocrx_word' id='word_1_218' title='bbox 538 2535 557 2541; x_wconf 93' lang='lat'>-</span> <span class='ocrx_word' id='word_1_219' title='bbox 571 2529 624 2554; x_wconf 75' lang='lat' dir='ltr'>per</span> <span class='ocrx_word' id='word_1_220' title='bbox 643 2522 731 2553; x_wconf 80' lang='lat' dir='ltr'>ipsum</span> <span class='ocrx_word' id='word_1_221' title='bbox 751 2521 798 2547; x_wconf 86' lang='lat' dir='ltr'>Pa.</span> 
     </span>
    </p>
   </div>
   <div class='ocr_carea' id='block_1_21' title="bbox 328 716 1395 810">
    <p class='ocr_par' dir='ltr' id='par_1_23' title="bbox 328 716 1395 810">
     <span class='ocr_line' id='line_1_42' title="bbox 328 716 1395 810; baseline 0.002 -27"><span class='ocrx_word' id='word_1_222' title='bbox 328 716 488 810; x_wconf 41' lang='lat'>{3723</span> <span class='ocrx_word' id='word_1_223' title='bbox 512 756 712 808; x_wconf 79' lang='lat' dir='ltr'>peccatum</span> <span class='ocrx_word' id='word_1_224' title='bbox 753 748 968 797; x_wconf 91' lang='lat' dir='ltr'>primorum</span> <span class='ocrx_word' id='word_1_225' title='bbox 1008 757 1211 808; x_wconf 81' lang='lat' dir='ltr'>parentum</span> <span class='ocrx_word' id='word_1_226' title='bbox 1257 744 1395 800; x_wconf 70' lang='lat' dir='ltr'>fuerit⁴j‚</span> 
     </span>
    </p>
   </div>
   <div class='ocr_carea' id='block_1_22' title="bbox 405 801 2489 916">
    <p class='ocr_par' dir='ltr' id='par_1_24' title="bbox 405 801 2489 905">
     <span class='ocr_line' id='line_1_43' title="bbox 1393 801 2489 852; baseline -0.001 -13"><span class='ocrx_word' id='word_1_227' title='bbox 1393 804 1394 844; x_wconf 63' lang='grc' dir='ltr'>ἶ</span> <span class='ocrx_word' id='word_1_228' title='bbox 1421 810 1622 852; x_wconf 88' lang='lat' dir='ltr'>peccatum</span> <span class='ocrx_word' id='word_1_229' title='bbox 1660 802 1794 838; x_wconf 87' lang='lat' dir='ltr'>dicitur</span> <span class='ocrx_word' id='word_1_230' title='bbox 1826 815 1942 850; x_wconf 87' lang='lat' dir='ltr'>grave</span> <span class='ocrx_word' id='word_1_231' title='bbox 1977 814 2094 850; x_wconf 88' lang='lat' dir='ltr'>quam</span> <span class='ocrx_word' id='word_1_232' title='bbox 2124 801 2335 839; x_wconf 92' lang='lat' dir='ltr'>secundum</span> <span class='ocrx_word' id='word_1_233' title='bbox 2363 802 2489 839; x_wconf 90' lang='lat' dir='ltr'>aliam.</span> 
     </span>
     <span class='ocr_line' id='line_1_44' title="bbox 405 849 1395 916; baseline 0.002 -26"><span class='ocrx_word' id='word_1_234' title='bbox 405 849 601 891; x_wconf 49' lang='lat' dir='ltr'>⁴&#39;‘XXIV</span> <span class='ocrx_word' id='word_1_235' title='bbox 629 855 674 891; x_wconf 89' lang='lat' dir='ltr'>de</span> <span class='ocrx_word' id='word_1_236' title='bbox 698 855 778 892; x_wconf 90' lang='lat' dir='ltr'>Civ.</span> <span class='ocrx_word' id='word_1_237' title='bbox 798 855 874 892; x_wconf 90' lang='lat' dir='ltr'>Dei</span> <span class='ocrx_word' id='word_1_238' title='bbox 889 854 925 892; x_wconf 76' lang='grc' dir='ltr'>*ε</span> <span class='ocrx_word' id='word_1_239' title='bbox 954 855 1109 916; x_wconf 81' lang='lat' dir='ltr'>Magna</span> <span class='ocrx_word' id='word_1_240' title='bbox 1125 856 1210 904; x_wconf 86' lang='lat' dir='ltr'>suit</span> <span class='ocrx_word' id='word_1_241' title='bbox 1227 856 1264 892; x_wconf 89' lang='lat' dir='ltr'>in</span> <span class='ocrx_word' id='word_1_242' title='bbox 1279 867 1367 904; x_wconf 85' lang='lat' dir='ltr'>pec·</span> <span class='ocrx_word' id='word_1_243' title='bbox 1394 869 1395 876; x_wconf 51' lang='lat'>³</span> 
     </span>
    </p>
   </div>
   <div class='ocr_carea' id='block_1_23' title="bbox 1395 881 1401 1558">
    <p class='ocr_par' dir='ltr' id='par_1_25' title="bbox 1395 881 1401 1558">
     <span class='ocr_line' id='line_1_45' title="bbox 1395 881 1401 1558; baseline 0 0"><span class='ocrx_word' id='word_1_244' title='bbox 1395 881 1401 1558; x_wconf 95' lang='lat' dir='ltr'> </span> 
     </span>
    </p>
   </div>
   <div class='ocr_carea' id='block_1_24' title="bbox 1398 2195 1401 2336">
    <p class='ocr_par' dir='ltr' id='par_1_26' title="bbox 1398 2195 1401 2336">
     <span class='ocr_line' id='line_1_46' title="bbox 1398 2195 1401 2336; baseline 0 1862"><span class='ocrx_word' id='word_1_245' title='bbox 1398 2195 1401 2336; x_wconf 95' lang='lat' dir='ltr'> </span> 
     </span>
    </p>
   </div>
   <div class='ocr_carea' id='block_1_25' title="bbox 1398 2337 1403 2444">
    <p class='ocr_par' dir='ltr' id='par_1_27' title="bbox 1398 2337 1403 2444">
     <span class='ocr_line' id='line_1_47' title="bbox 1398 2337 1403 2444; baseline 0 0"><span class='ocrx_word' id='word_1_246' title='bbox 1398 2337 1403 2444; x_wconf 95' lang='lat' dir='ltr'> </span> 
     </span>
    </p>
   </div>
   <div class='ocr_carea' id='block_1_26' title="bbox 1421 695 2490 798">
    <p class='ocr_par' dir='ltr' id='par_1_28' title="bbox 1421 695 2490 798">
     <span class='ocr_line' id='line_1_48' title="bbox 1421 695 2490 754; baseline -0.001 -22"><span class='ocrx_word' id='word_1_247' title='bbox 1421 696 1535 745; x_wconf 90' lang='lat' dir='ltr'>poris</span> <span class='ocrx_word' id='word_1_248' title='bbox 1566 695 1695 732; x_wconf 89' lang='lat' dir='ltr'>Prima</span> <span class='ocrx_word' id='word_1_249' title='bbox 1714 703 1843 732; x_wconf 89' lang='lat' dir='ltr'>autem</span> <span class='ocrx_word' id='word_1_250' title='bbox 1872 695 2036 743; x_wconf 85' lang='lat' dir='ltr'>gravitas</span> <span class='ocrx_word' id='word_1_251' title='bbox 2057 695 2292 732; x_wconf 89' lang='lat' dir='ltr'>essentialior</span> <span class='ocrx_word' id='word_1_252' title='bbox 2319 703 2375 732; x_wconf 91' lang='lat' dir='ltr'>est</span> <span class='ocrx_word' id='word_1_253' title='bbox 2401 707 2490 754; x_wconf 79' lang='lat' dir='ltr'>pec-</span> 
     </span>
     <span class='ocr_line' id='line_1_49' title="bbox 1422 749 2490 798; baseline 0 -13"><span class='ocrx_word' id='word_1_254' title='bbox 1422 757 1519 796; x_wconf 89' lang='lat' dir='ltr'>cato,</span> <span class='ocrx_word' id='word_1_255' title='bbox 1541 757 1577 785; x_wconf 92' lang='lat' dir='ltr'>et</span> <span class='ocrx_word' id='word_1_256' title='bbox 1604 749 1860 798; x_wconf 88' lang='lat' dir='ltr'>principalior.</span> <span class='ocrx_word' id='word_1_257' title='bbox 1891 749 2002 786; x_wconf 91' lang='lat' dir='ltr'>Unde</span> <span class='ocrx_word' id='word_1_258' title='bbox 2027 751 2240 786; x_wconf 90' lang='lat' dir='ltr'>secundum</span> <span class='ocrx_word' id='word_1_259' title='bbox 2262 761 2348 785; x_wconf 88' lang='lat' dir='ltr'>eam</span> <span class='ocrx_word' id='word_1_260' title='bbox 2370 749 2490 796; x_wconf 87' lang='lat' dir='ltr'>magis</span> 
     </span>
    </p>
   </div>
   <div class='ocr_carea' id='block_1_27' title="bbox 1423 855 2493 1436">
    <p class='ocr_par' dir='ltr' id='par_1_29' title="bbox 1423 855 2493 1436">
     <span class='ocr_line' id='line_1_50' title="bbox 1476 855 2492 904; baseline 0 -12"><span class='ocrx_word' id='word_1_261' title='bbox 1476 855 1693 892; x_wconf 88' lang='lat' dir='ltr'>Dicendum</span> <span class='ocrx_word' id='word_1_262' title='bbox 1714 863 1770 892; x_wconf 89' lang='lat' dir='ltr'>est</span> <span class='ocrx_word' id='word_1_263' title='bbox 1796 856 1907 904; x_wconf 90' lang='lat' dir='ltr'>igitur</span> <span class='ocrx_word' id='word_1_264' title='bbox 1935 856 2041 903; x_wconf 92' lang='lat' dir='ltr'>quod</span> <span class='ocrx_word' id='word_1_265' title='bbox 2069 863 2269 904; x_wconf 88' lang='lat' dir='ltr'>peccatum</span> <span class='ocrx_word' id='word_1_266' title='bbox 2289 855 2402 903; x_wconf 89' lang='lat' dir='ltr'>primi</span> <span class='ocrx_word' id='word_1_267' title='bbox 2422 856 2492 892; x_wconf 92' lang='lat' dir='ltr'>ho-</span> 
     </span>
     <span class='ocr_line' id='line_1_51' title="bbox 1423 909 2490 957; baseline 0 -12"><span class='ocrx_word' id='word_1_268' title='bbox 1423 909 1534 945; x_wconf 89' lang='lat' dir='ltr'>minis</span> <span class='ocrx_word' id='word_1_269' title='bbox 1563 921 1641 946; x_wconf 91' lang='lat' dir='ltr'>non</span> <span class='ocrx_word' id='word_1_270' title='bbox 1671 909 1738 945; x_wconf 82' lang='lat' dir='ltr'>fuit</span> <span class='ocrx_word' id='word_1_271' title='bbox 1762 909 1914 957; x_wconf 89' lang='lat' dir='ltr'>gravius</span> <span class='ocrx_word' id='word_1_272' title='bbox 1934 909 2114 945; x_wconf 90' lang='lat' dir='ltr'>omnibus</span> <span class='ocrx_word' id='word_1_273' title='bbox 2135 909 2216 945; x_wconf 89' lang='lat' dir='ltr'>aliis</span> <span class='ocrx_word' id='word_1_274' title='bbox 2237 909 2402 957; x_wconf 83' lang='lat' dir='ltr'>peccatis</span> <span class='ocrx_word' id='word_1_275' title='bbox 2422 910 2490 946; x_wconf 90' lang='lat' dir='ltr'>hu-</span> 
     </span>
     <span class='ocr_line' id='line_1_52' title="bbox 1423 962 2491 1011; baseline 0 -13"><span class='ocrx_word' id='word_1_276' title='bbox 1423 962 1545 999; x_wconf 89' lang='lat' dir='ltr'>manis</span> <span class='ocrx_word' id='word_1_277' title='bbox 1575 963 1786 998; x_wconf 87' lang='lat' dir='ltr'>secundum</span> <span class='ocrx_word' id='word_1_278' title='bbox 1816 962 1984 1010; x_wconf 89' lang='lat' dir='ltr'>speciem</span> <span class='ocrx_word' id='word_1_279' title='bbox 2013 962 2169 1011; x_wconf 90' lang='lat' dir='ltr'>peccati.</span> <span class='ocrx_word' id='word_1_280' title='bbox 2200 962 2280 998; x_wconf 91' lang='lat' dir='ltr'>Etsi</span> <span class='ocrx_word' id='word_1_281' title='bbox 2310 962 2410 998; x_wconf 90' lang='lat' dir='ltr'>enim</span> <span class='ocrx_word' id='word_1_282' title='bbox 2430 975 2491 999; x_wconf 92' lang='lat' dir='ltr'>su-</span> 
     </span>
     <span class='ocr_line' id='line_1_53' title="bbox 1423 1015 2491 1064; baseline 0.001 -13"><span class='ocrx_word' id='word_1_283' title='bbox 1423 1015 1556 1064; x_wconf 90' lang='lat' dir='ltr'>perbia</span> <span class='ocrx_word' id='word_1_284' title='bbox 1590 1015 1803 1051; x_wconf 91' lang='lat' dir='ltr'>secundum</span> <span class='ocrx_word' id='word_1_285' title='bbox 1834 1027 1947 1051; x_wconf 88' lang='lat' dir='ltr'>suum</span> <span class='ocrx_word' id='word_1_286' title='bbox 1976 1027 2095 1062; x_wconf 87' lang='lat' dir='ltr'>genus</span> <span class='ocrx_word' id='word_1_287' title='bbox 2127 1016 2268 1052; x_wconf 88' lang='lat' dir='ltr'>habeat</span> <span class='ocrx_word' id='word_1_288' title='bbox 2296 1015 2491 1064; x_wconf 89' lang='lat' dir='ltr'>quandam</span> 
     </span>
     <span class='ocr_line' id='line_1_54' title="bbox 1425 1067 2493 1116; baseline 0.001 -12"><span class='ocrx_word' id='word_1_289' title='bbox 1425 1067 1685 1104; x_wconf 87' lang='lat' dir='ltr'>excellentiam</span> <span class='ocrx_word' id='word_1_290' title='bbox 1715 1068 1811 1104; x_wconf 90' lang='lat' dir='ltr'>inter</span> <span class='ocrx_word' id='word_1_291' title='bbox 1839 1068 1911 1104; x_wconf 90' lang='lat' dir='ltr'>alia</span> <span class='ocrx_word' id='word_1_292' title='bbox 1930 1076 2098 1116; x_wconf 89' lang='lat' dir='ltr'>peccata,</span> <span class='ocrx_word' id='word_1_293' title='bbox 2128 1068 2252 1105; x_wconf 89' lang='lat' dir='ltr'>maior</span> <span class='ocrx_word' id='word_1_294' title='bbox 2278 1076 2407 1105; x_wconf 89' lang='lat' dir='ltr'>tamen</span> <span class='ocrx_word' id='word_1_295' title='bbox 2437 1077 2493 1105; x_wconf 88' lang='lat' dir='ltr'>est</span> 
     </span>
     <span class='ocr_line' id='line_1_55' title="bbox 1424 1121 2490 1170; baseline 0 -12"><span class='ocrx_word' id='word_1_296' title='bbox 1424 1121 1603 1170; x_wconf 89' lang='lat' dir='ltr'>superbia</span> <span class='ocrx_word' id='word_1_297' title='bbox 1631 1133 1707 1169; x_wconf 90' lang='lat' dir='ltr'>qua</span> <span class='ocrx_word' id='word_1_298' title='bbox 1736 1121 1821 1168; x_wconf 88' lang='lat' dir='ltr'>quis</span> <span class='ocrx_word' id='word_1_299' title='bbox 1849 1122 1976 1157; x_wconf 89' lang='lat' dir='ltr'>Deum</span> <span class='ocrx_word' id='word_1_300' title='bbox 2006 1129 2118 1169; x_wconf 87' lang='lat' dir='ltr'>negat</span> <span class='ocrx_word' id='word_1_301' title='bbox 2144 1123 2206 1158; x_wconf 86' lang='lat' dir='ltr'>vel</span> <span class='ocrx_word' id='word_1_302' title='bbox 2236 1122 2490 1170; x_wconf 89' lang='lat' dir='ltr'>blasphemat,</span> 
     </span>
     <span class='ocr_line' id='line_1_56' title="bbox 1425 1173 2493 1222; baseline 0.003 -13"><span class='ocrx_word' id='word_1_303' title='bbox 1425 1186 1541 1222; x_wconf 90' lang='lat' dir='ltr'>quarn</span> <span class='ocrx_word' id='word_1_304' title='bbox 1569 1173 1748 1221; x_wconf 89' lang='lat' dir='ltr'>superbia</span> <span class='ocrx_word' id='word_1_305' title='bbox 1781 1186 1856 1222; x_wconf 90' lang='lat' dir='ltr'>qua</span> <span class='ocrx_word' id='word_1_306' title='bbox 1889 1174 1973 1222; x_wconf 88' lang='lat' dir='ltr'>quis</span> <span class='ocrx_word' id='word_1_307' title='bbox 2003 1174 2213 1211; x_wconf 86' lang='lat' dir='ltr'>inordinate</span> <span class='ocrx_word' id='word_1_308' title='bbox 2249 1174 2418 1212; x_wconf 84' lang='lat' dir='ltr'>divinam</span> <span class='ocrx_word' id='word_1_309' title='bbox 2446 1175 2493 1212; x_wconf 91' lang='lat' dir='ltr'>si-</span> 
     </span>
     <span class='ocr_line' id='line_1_57' title="bbox 1424 1226 2493 1276; baseline 0.002 -14"><span class='ocrx_word' id='word_1_310' title='bbox 1424 1226 1677 1263; x_wconf 91' lang='lat' dir='ltr'>militudinem</span> <span class='ocrx_word' id='word_1_311' title='bbox 1707 1226 1865 1275; x_wconf 90' lang='lat' dir='ltr'>appetit,</span> <span class='ocrx_word' id='word_1_312' title='bbox 1895 1227 2016 1274; x_wconf 90' lang='lat' dir='ltr'>qualis</span> <span class='ocrx_word' id='word_1_313' title='bbox 2046 1227 2112 1263; x_wconf 86' lang='lat' dir='ltr'>fuit</span> <span class='ocrx_word' id='word_1_314' title='bbox 2147 1228 2323 1275; x_wconf 90' lang='lat' dir='ltr'>superbia</span> <span class='ocrx_word' id='word_1_315' title='bbox 2351 1229 2493 1276; x_wconf 91' lang='lat' dir='ltr'>primo-</span> 
     </span>
     <span class='ocr_line' id='line_1_58' title="bbox 1425 1279 2491 1328; baseline 0.003 -13"><span class='ocrx_word' id='word_1_316' title='bbox 1425 1292 1510 1316; x_wconf 90' lang='lat' dir='ltr'>rum</span> <span class='ocrx_word' id='word_1_317' title='bbox 1538 1287 1752 1328; x_wconf 90' lang='lat' dir='ltr'>parentum,</span> <span class='ocrx_word' id='word_1_318' title='bbox 1783 1288 1825 1315; x_wconf 90' lang='lat' dir='ltr'>ut</span> <span class='ocrx_word' id='word_1_319' title='bbox 1854 1279 1994 1316; x_wconf 89' lang='lat' dir='ltr'>dictum</span> <span class='ocrx_word' id='word_1_320' title='bbox 2026 1288 2081 1316; x_wconf 89' lang='lat' dir='ltr'>est</span> <span class='ocrx_word' id='word_1_321' title='bbox 2105 1279 2134 1316; x_wconf 67' lang='lat'>³¹⁶.</span> <span class='ocrx_word' id='word_1_322' title='bbox 2175 1281 2251 1317; x_wconf 88' lang='lat' dir='ltr'>Sed</span> <span class='ocrx_word' id='word_1_323' title='bbox 2281 1282 2491 1318; x_wconf 91' lang='lat' dir='ltr'>secundum</span> 
     </span>
     <span class='ocr_line' id='line_1_59' title="bbox 1427 1333 2492 1382; baseline 0.002 -13"><span class='ocrx_word' id='word_1_324' title='bbox 1427 1333 1685 1369; x_wconf 90' lang='lat' dir='ltr'>conditionem</span> <span class='ocrx_word' id='word_1_325' title='bbox 1723 1345 1975 1380; x_wconf 89' lang='lat' dir='ltr'>personarum</span> <span class='ocrx_word' id='word_1_326' title='bbox 2005 1333 2262 1381; x_wconf 88' lang='lat' dir='ltr'>peccantium,</span> <span class='ocrx_word' id='word_1_327' title='bbox 2292 1343 2492 1382; x_wconf 89' lang='lat' dir='ltr'>peccatum</span> 
     </span>
     <span class='ocr_line' id='line_1_60' title="bbox 1426 1386 2493 1436; baseline 0.002 -14"><span class='ocrx_word' id='word_1_328' title='bbox 1426 1386 1518 1422; x_wconf 91' lang='lat' dir='ltr'>illud</span> <span class='ocrx_word' id='word_1_329' title='bbox 1546 1386 1679 1422; x_wconf 87' lang='lat' dir='ltr'>habuit</span> <span class='ocrx_word' id='word_1_330' title='bbox 1707 1386 1915 1422; x_wconf 87' lang='lat' dir='ltr'>maximam</span> <span class='ocrx_word' id='word_1_331' title='bbox 1953 1386 2198 1433; x_wconf 87' lang='lat' dir='ltr'>gravitatem,</span> <span class='ocrx_word' id='word_1_332' title='bbox 2227 1395 2382 1436; x_wconf 91' lang='lat' dir='ltr'>propter</span> <span class='ocrx_word' id='word_1_333' title='bbox 2410 1400 2493 1436; x_wconf 91' lang='lat' dir='ltr'>per-</span> 
     </span>
    </p>
   </div>
   <div class='ocr_carea' id='block_1_28' title="bbox 1398 1439 2495 1487">
    <p class='ocr_par' dir='ltr' id='par_1_30' title="bbox 1398 1439 2495 1487">
     <span class='ocr_line' id='line_1_61' title="bbox 1398 1439 2495 1487; baseline 0.003 -13"><span class='ocrx_word' id='word_1_334' title='bbox 1398 1453 1399 1458; x_wconf 51' lang='lat'><em>*</em></span> <span class='ocrx_word' id='word_1_335' title='bbox 1427 1439 1630 1475; x_wconf 79' lang='lat' dir='ltr'>sectionem</span> <span class='ocrx_word' id='word_1_336' title='bbox 1661 1447 1778 1475; x_wconf 90' lang='lat' dir='ltr'>status</span> <span class='ocrx_word' id='word_1_337' title='bbox 1802 1439 1985 1487; x_wconf 89' lang='lat' dir='ltr'>ipsorum.</span> <span class='ocrx_word' id='word_1_338' title='bbox 2022 1440 2069 1475; x_wconf 92' lang='lat' dir='ltr'>Et</span> <span class='ocrx_word' id='word_1_339' title='bbox 2098 1439 2184 1476; x_wconf 90' lang='lat' dir='ltr'>ideo</span> <span class='ocrx_word' id='word_1_340' title='bbox 2215 1440 2418 1477; x_wconf 90' lang='lat' dir='ltr'>dicendum</span> <span class='ocrx_word' id='word_1_341' title='bbox 2440 1449 2495 1477; x_wconf 88' lang='lat' dir='ltr'>est</span> 
     </span>
    </p>
   </div>
   <div class='ocr_carea' id='block_1_29' title="bbox 1426 1491 2496 1648">
    <p class='ocr_par' dir='ltr' id='par_1_31' title="bbox 1426 1491 2496 1648">
     <span class='ocr_line' id='line_1_62' title="bbox 1427 1491 2494 1541; baseline 0.002 -12"><span class='ocrx_word' id='word_1_342' title='bbox 1427 1494 1530 1541; x_wconf 86' lang='lat' dir='ltr'>quod</span> <span class='ocrx_word' id='word_1_343' title='bbox 1558 1491 1647 1528; x_wconf 91' lang='lat' dir='ltr'>illud</span> <span class='ocrx_word' id='word_1_344' title='bbox 1677 1500 1878 1540; x_wconf 90' lang='lat' dir='ltr'>peccatum</span> <span class='ocrx_word' id='word_1_345' title='bbox 1898 1492 1966 1528; x_wconf 87' lang='lat' dir='ltr'>fuit</span> <span class='ocrx_word' id='word_1_346' title='bbox 1994 1493 2149 1540; x_wconf 90' lang='lat' dir='ltr'>quidem</span> <span class='ocrx_word' id='word_1_347' title='bbox 2171 1493 2381 1530; x_wconf 92' lang='lat' dir='ltr'>secundum</span> <span class='ocrx_word' id='word_1_348' title='bbox 2403 1494 2494 1541; x_wconf 88' lang='lat' dir='ltr'>quid</span> 
     </span>
     <span class='ocr_line' id='line_1_63' title="bbox 1426 1543 2207 1594; baseline 0 -13"><span class='ocrx_word' id='word_1_349' title='bbox 1426 1545 1708 1594; x_wconf 84' lang='lat' dir='ltr'>gravissimum,</span> <span class='ocrx_word' id='word_1_350' title='bbox 1739 1545 1807 1582; x_wconf 90' lang='lat' dir='ltr'>sed</span> <span class='ocrx_word' id='word_1_351' title='bbox 1836 1557 1914 1582; x_wconf 92' lang='lat' dir='ltr'>non</span> <span class='ocrx_word' id='word_1_352' title='bbox 1935 1543 1950 1574; x_wconf 74' lang='grc' dir='ltr'>β</span> <span class='ocrx_word' id='word_1_353' title='bbox 1978 1545 2207 1594; x_wconf 86' lang='lat' dir='ltr'>simpliciter.</span> 
     </span>
     <span class='ocr_line' id='line_1_64' title="bbox 1481 1599 2496 1648; baseline 0.001 -13"><span class='ocrx_word' id='word_1_354' title='bbox 1481 1601 1540 1635; x_wconf 79' lang='lat' dir='ltr'>Ao</span> <span class='ocrx_word' id='word_1_355' title='bbox 1569 1610 1708 1636; x_wconf 78' lang='lat' dir='ltr'>PmMUM</span> <span class='ocrx_word' id='word_1_356' title='bbox 1728 1610 1827 1635; x_wconf 81' lang='lat' dir='ltr'>ERGO</span> <span class='ocrx_word' id='word_1_357' title='bbox 1847 1610 2033 1636; x_wconf 79' lang='lat' dir='ltr'>mCENDUM</span> <span class='ocrx_word' id='word_1_358' title='bbox 2062 1599 2168 1646; x_wconf 89' lang='lat' dir='ltr'>quod</span> <span class='ocrx_word' id='word_1_359' title='bbox 2198 1599 2291 1635; x_wconf 91' lang='lat' dir='ltr'>ratio</span> <span class='ocrx_word' id='word_1_360' title='bbox 2321 1599 2380 1636; x_wconf 87' lang='lat' dir='ltr'>illa</span> <span class='ocrx_word' id='word_1_361' title='bbox 2408 1613 2496 1648; x_wconf 87' lang='lat' dir='ltr'>pro—</span> 
     </span>
    </p>
   </div>
   <div class='ocr_carea' id='block_1_30' title="bbox 299 1714 2496 2194">
    <p class='ocr_par' dir='ltr' id='par_1_32' title="bbox 299 1714 2496 2145">
     <span class='ocr_line' id='line_1_65' title="bbox 1398 1714 1558 1742; baseline -0.006 0"><span class='ocrx_word' id='word_1_362' title='bbox 1398 1715 1400 1742; x_wconf 74' lang='grc'>1</span> <span class='ocrx_word' id='word_1_363' title='bbox 1428 1714 1558 1742; x_wconf 84' lang='lat' dir='ltr'>cantis.</span> 
     </span>
     <span class='ocr_line' id='line_1_66' title="bbox 300 1759 1372 1809; baseline -0.004 -11"><span class='ocrx_word' id='word_1_364' title='bbox 300 1761 420 1798; x_wconf 86' lang='lat' dir='ltr'>bitror</span> <span class='ocrx_word' id='word_1_365' title='bbox 447 1761 550 1809; x_wconf 85' lang='lat' dir='ltr'>quod</span> <span class='ocrx_word' id='word_1_366' title='bbox 582 1759 718 1808; x_wconf 83' lang='lat' dir='ltr'>aliquis</span> <span class='ocrx_word' id='word_1_367' title='bbox 746 1771 796 1795; x_wconf 87' lang='lat' dir='ltr'>ex</span> <span class='ocrx_word' id='word_1_368' title='bbox 822 1760 879 1796; x_wconf 85' lang='lat' dir='ltr'>his</span> <span class='ocrx_word' id='word_1_369' title='bbox 907 1760 972 1807; x_wconf 87' lang='lat' dir='ltr'>qui</span> <span class='ocrx_word' id='word_1_370' title='bbox 999 1759 1036 1795; x_wconf 88' lang='lat' dir='ltr'>in</span> <span class='ocrx_word' id='word_1_371' title='bbox 1064 1770 1213 1795; x_wconf 85' lang='lat' dir='ltr'>summo</span> <span class='ocrx_word' id='word_1_372' title='bbox 1245 1760 1372 1807; x_wconf 74' lang='lat' dir='ltr'>perse·</span> 
     </span>
     <span class='ocr_line' id='line_1_67' title="bbox 300 1812 1400 1863; baseline -0.003 -12"><span class='ocrx_word' id='word_1_373' title='bbox 300 1820 432 1863; x_wconf 86' lang='lat' dir='ltr'>ctoque</span> <span class='ocrx_word' id='word_1_374' title='bbox 460 1813 704 1850; x_wconf 82' lang='lat' dir='ltr'>constiterunt</span> <span class='ocrx_word' id='word_1_375' title='bbox 728 1813 872 1862; x_wconf 82' lang='lat' dir='ltr'>gradu,</span> <span class='ocrx_word' id='word_1_376' title='bbox 902 1812 954 1849; x_wconf 88' lang='lat' dir='ltr'>ad</span> <span class='ocrx_word' id='word_1_377' title='bbox 978 1812 1142 1848; x_wconf 83' lang='lat' dir='ltr'>subitum</span> <span class='ocrx_word' id='word_1_378' title='bbox 1170 1818 1374 1848; x_wconf 83' lang='lat' dir='ltr'>evacuetur</span> <span class='ocrx_word' id='word_1_379' title='bbox 1398 1818 1400 1857; x_wconf 59' lang='lat'><em>}</em></span> 
     </span>
     <span class='ocr_line' id='line_1_68' title="bbox 299 1865 1374 1916; baseline -0.004 -11"><span class='ocrx_word' id='word_1_380' title='bbox 299 1879 347 1905; x_wconf 92' lang='lat' dir='ltr'>ac</span> <span class='ocrx_word' id='word_1_381' title='bbox 374 1867 540 1904; x_wconf 86' lang='lat' dir='ltr'>decidat:</span> <span class='ocrx_word' id='word_1_382' title='bbox 577 1866 644 1902; x_wconf 86' lang='lat' dir='ltr'>sed</span> <span class='ocrx_word' id='word_1_383' title='bbox 673 1866 860 1914; x_wconf 85' lang='lat' dir='ltr'>paulatim</span> <span class='ocrx_word' id='word_1_384' title='bbox 889 1871 925 1902; x_wconf 90' lang='lat' dir='ltr'>et</span> <span class='ocrx_word' id='word_1_385' title='bbox 954 1877 1026 1913; x_wconf 87' lang='lat' dir='ltr'>per</span> <span class='ocrx_word' id='word_1_386' title='bbox 1048 1871 1178 1916; x_wconf 81' lang='lat' dir='ltr'>partes</span> <span class='ocrx_word' id='word_1_387' title='bbox 1209 1865 1374 1914; x_wconf 86' lang='lat' dir='ltr'>defluere</span> 
     </span>
     <span class='ocr_line' id='line_1_69' title="bbox 299 1918 1400 1967; baseline -0.004 -9"><span class='ocrx_word' id='word_1_388' title='bbox 299 1933 386 1958; x_wconf 88' lang='lat' dir='ltr'>eum</span> <span class='ocrx_word' id='word_1_389' title='bbox 416 1932 563 1957; x_wconf 82' lang='lat' dir='ltr'>necesse</span> <span class='ocrx_word' id='word_1_390' title='bbox 591 1925 654 1956; x_wconf 83' lang='lat' dir='ltr'>est.</span> <span class='ocrx_word' id='word_1_391' title='bbox 696 1920 773 1956; x_wconf 89' lang='lat' dir='ltr'>Sed</span> <span class='ocrx_word' id='word_1_392' title='bbox 802 1919 915 1967; x_wconf 90' lang='lat' dir='ltr'>primi</span> <span class='ocrx_word' id='word_1_393' title='bbox 943 1926 1120 1967; x_wconf 85' lang='lat' dir='ltr'>parentes</span> <span class='ocrx_word' id='word_1_394' title='bbox 1149 1918 1186 1955; x_wconf 91' lang='lat' dir='ltr'>in</span> <span class='ocrx_word' id='word_1_395' title='bbox 1216 1930 1372 1955; x_wconf 90' lang='lat' dir='ltr'>summo</span> <span class='ocrx_word' id='word_1_396' title='bbox 1398 1918 1400 1923; x_wconf 83' lang='lat'>&#39;</span> 
     </span>
     <span class='ocr_line' id='line_1_70' title="bbox 300 1969 1400 2023; baseline -0.001 -13"><span class='ocrx_word' id='word_1_397' title='bbox 300 1974 547 2023; x_wconf 88' lang='lat' dir='ltr'>perfectoque</span> <span class='ocrx_word' id='word_1_398' title='bbox 567 1973 687 2021; x_wconf 89' lang='lat' dir='ltr'>gradu</span> <span class='ocrx_word' id='word_1_399' title='bbox 713 1972 981 2009; x_wconf 88' lang='lat' dir='ltr'>consistebant.</span> <span class='ocrx_word' id='word_1_400' title='bbox 1011 1973 1104 2008; x_wconf 90' lang='lat' dir='ltr'>Non</span> <span class='ocrx_word' id='word_1_401' title='bbox 1124 1984 1214 2019; x_wconf 86' lang='lat' dir='ltr'>ergo</span> <span class='ocrx_word' id='word_1_402' title='bbox 1236 1983 1371 2009; x_wconf 92' lang='lat' dir='ltr'>eorum</span> <span class='ocrx_word' id='word_1_403' title='bbox 1398 1969 1400 2003; x_wconf 75' lang='grc' dir='ltr'>ἶ</span> 
     </span>
     <span class='ocr_line' id='line_1_71' title="bbox 1398 2006 2496 2079; baseline 0.001 -17"><span class='ocrx_word' id='word_1_404' title='bbox 1398 2006 1507 2079; x_wconf 64' lang='lat' dir='ltr'>itm,</span> <span class='ocrx_word' id='word_1_405' title='bbox 1538 2037 1613 2073; x_wconf 89' lang='lat' dir='ltr'>qua</span> <span class='ocrx_word' id='word_1_406' title='bbox 1647 2025 1859 2067; x_wconf 90' lang='lat' dir='ltr'>subtracta</span> <span class='ocrx_word' id='word_1_407' title='bbox 1899 2024 2120 2061; x_wconf 87' lang='lat' dir='ltr'>deordinata</span> <span class='ocrx_word' id='word_1_408' title='bbox 2159 2033 2214 2061; x_wconf 91' lang='lat' dir='ltr'>est</span> <span class='ocrx_word' id='word_1_409' title='bbox 2249 2033 2328 2062; x_wconf 90' lang='lat' dir='ltr'>tota</span> <span class='ocrx_word' id='word_1_410' title='bbox 2362 2034 2496 2063; x_wconf 88' lang='lat' dir='ltr'>natura</span> 
     </span>
     <span class='ocr_line' id='line_1_72' title="bbox 1398 2080 1608 2145; baseline -0.005 -30"><span class='ocrx_word' id='word_1_411' title='bbox 1398 2095 1400 2145; x_wconf 69' lang='grc' dir='ltr'>Ι</span> <span class='ocrx_word' id='word_1_412' title='bbox 1426 2080 1608 2115; x_wconf 88' lang='lat' dir='ltr'>humana.</span> 
     </span>
    </p>

    <p class='ocr_par' dir='ltr' id='par_1_33' title="bbox 356 2131 1400 2194">
     <span class='ocr_line' id='line_1_73' title="bbox 356 2131 1400 2194; baseline -0.003 -24"><span class='ocrx_word' id='word_1_413' title='bbox 356 2135 583 2171; x_wconf 78' lang='lat' dir='ltr'>RESPONDEO</span> <span class='ocrx_word' id='word_1_414' title='bbox 616 2144 802 2169; x_wconf 80' lang='lat' dir='ltr'>D1CENDUM</span> <span class='ocrx_word' id='word_1_415' title='bbox 835 2133 940 2180; x_wconf 90' lang='lat' dir='ltr'>quod</span> <span class='ocrx_word' id='word_1_416' title='bbox 973 2132 1112 2180; x_wconf 86' lang='lat' dir='ltr'>duplex</span> <span class='ocrx_word' id='word_1_417' title='bbox 1141 2131 1305 2179; x_wconf 81' lang='lat' dir='ltr'>gravitas</span> <span class='ocrx_word' id='word_1_418' title='bbox 1334 2131 1372 2168; x_wconf 89' lang='lat' dir='ltr'>in</span> <span class='ocrx_word' id='word_1_419' title='bbox 1398 2146 1400 2194; x_wconf 37' lang='grc' dir='ltr'><em>ᾗ</em></span> 
     </span>
    </p>
   </div>
   <div class='ocr_carea' id='block_1_31' title="bbox 1426 1759 2498 2021">
    <p class='ocr_par' dir='ltr' id='par_1_34' title="bbox 1426 1759 2498 2021">
     <span class='ocr_line' id='line_1_74' title="bbox 1480 1759 2498 1808; baseline 0.001 -13"><span class='ocrx_word' id='word_1_420' title='bbox 1480 1761 1539 1795; x_wconf 81' lang='lat' dir='ltr'>Ao</span> <span class='ocrx_word' id='word_1_421' title='bbox 1578 1770 1769 1796; x_wconf 77' lang='lat' dir='ltr'>SECUNDUM</span> <span class='ocrx_word' id='word_1_422' title='bbox 1804 1770 1990 1795; x_wconf 82' lang='lat' dir='ltr'>DICENDUM</span> <span class='ocrx_word' id='word_1_423' title='bbox 2019 1759 2126 1805; x_wconf 88' lang='lat' dir='ltr'>quod</span> <span class='ocrx_word' id='word_1_424' title='bbox 2155 1759 2377 1807; x_wconf 85' lang='lat' dir='ltr'>magnitudo</span> <span class='ocrx_word' id='word_1_425' title='bbox 2407 1773 2498 1808; x_wconf 92' lang='lat' dir='ltr'>poe-</span> 
     </span>
     <span class='ocr_line' id='line_1_75' title="bbox 1427 1811 2496 1861; baseline 0.002 -13"><span class='ocrx_word' id='word_1_426' title='bbox 1427 1825 1499 1848; x_wconf 90' lang='lat' dir='ltr'>nae</span> <span class='ocrx_word' id='word_1_427' title='bbox 1529 1824 1627 1861; x_wconf 89' lang='lat' dir='ltr'>quae</span> <span class='ocrx_word' id='word_1_428' title='bbox 1657 1819 1860 1848; x_wconf 90' lang='lat' dir='ltr'>consecuta</span> <span class='ocrx_word' id='word_1_429' title='bbox 1886 1820 1940 1848; x_wconf 89' lang='lat' dir='ltr'>est</span> <span class='ocrx_word' id='word_1_430' title='bbox 1969 1812 2017 1848; x_wconf 91' lang='lat' dir='ltr'>ad</span> <span class='ocrx_word' id='word_1_431' title='bbox 2046 1811 2138 1848; x_wconf 90' lang='lat' dir='ltr'>illud</span> <span class='ocrx_word' id='word_1_432' title='bbox 2166 1813 2334 1861; x_wconf 92' lang='lat' dir='ltr'>primum</span> <span class='ocrx_word' id='word_1_433' title='bbox 2362 1825 2496 1861; x_wconf 89' lang='lat' dir='ltr'>pecca-</span> 
     </span>
     <span class='ocr_line' id='line_1_76' title="bbox 1426 1864 2495 1913; baseline 0.001 -11"><span class='ocrx_word' id='word_1_434' title='bbox 1426 1874 1520 1910; x_wconf 90' lang='lat' dir='ltr'>tum,</span> <span class='ocrx_word' id='word_1_435' title='bbox 1551 1878 1628 1902; x_wconf 91' lang='lat' dir='ltr'>non</span> <span class='ocrx_word' id='word_1_436' title='bbox 1650 1865 1924 1913; x_wconf 88' lang='lat' dir='ltr'>correspondet</span> <span class='ocrx_word' id='word_1_437' title='bbox 1952 1864 1987 1900; x_wconf 92' lang='lat' dir='ltr'>ei</span> <span class='ocrx_word' id='word_1_438' title='bbox 2015 1866 2227 1902; x_wconf 89' lang='lat' dir='ltr'>secundum</span> <span class='ocrx_word' id='word_1_439' title='bbox 2248 1867 2495 1913; x_wconf 87' lang='lat' dir='ltr'>quantitatem</span> 
     </span>
     <span class='ocr_line' id='line_1_77' title="bbox 1426 1918 2494 1978; baseline 0.002 -24"><span class='ocrx_word' id='word_1_440' title='bbox 1426 1918 1604 1967; x_wconf 86' lang='lat' dir='ltr'>propriae</span> <span class='ocrx_word' id='word_1_441' title='bbox 1640 1918 1798 1967; x_wconf 89' lang='lat' dir='ltr'>speciei,</span> <span class='ocrx_word' id='word_1_442' title='bbox 1838 1919 1904 1954; x_wconf 91' lang='lat' dir='ltr'>sed</span> <span class='ocrx_word' id='word_1_443' title='bbox 1943 1918 2168 1977; x_wconf 89' lang='lat' dir='ltr'>inquantum</span> <span class='ocrx_word' id='word_1_444' title='bbox 2205 1919 2274 1955; x_wconf 86' lang='lat' dir='ltr'>fuit</span> <span class='ocrx_word' id='word_1_445' title='bbox 2305 1919 2494 1978; x_wconf 81' lang='lat' dir='ltr'>primurn:</span> 
     </span>
     <span class='ocr_line' id='line_1_78' title="bbox 1427 1971 2497 2021; baseline 0.001 -13"><span class='ocrx_word' id='word_1_446' title='bbox 1427 1972 1515 2021; x_wconf 90' lang='lat' dir='ltr'>quia</span> <span class='ocrx_word' id='word_1_447' title='bbox 1544 1984 1589 2008; x_wconf 90' lang='lat' dir='ltr'>ex</span> <span class='ocrx_word' id='word_1_448' title='bbox 1618 1972 1692 2008; x_wconf 89' lang='lat' dir='ltr'>hoc</span> <span class='ocrx_word' id='word_1_449' title='bbox 1721 1971 1930 2020; x_wconf 84' lang='lat' dir='ltr'>interrupta</span> <span class='ocrx_word' id='word_1_450' title='bbox 1956 1979 2011 2008; x_wconf 89' lang='lat' dir='ltr'>est</span> <span class='ocrx_word' id='word_1_451' title='bbox 2038 1971 2255 2008; x_wconf 88' lang='lat' dir='ltr'>innocentia</span> <span class='ocrx_word' id='word_1_452' title='bbox 2283 1972 2394 2020; x_wconf 89' lang='lat' dir='ltr'>primi</span> <span class='ocrx_word' id='word_1_453' title='bbox 2424 1982 2497 2009; x_wconf 89' lang='lat' dir='ltr'>sta-</span> 
     </span>
    </p>
   </div>
   <div class='ocr_carea' id='block_1_32' title="bbox 1427 2131 2499 2434">
    <p class='ocr_par' dir='ltr' id='par_1_35' title="bbox 1427 2131 2499 2434">
     <span class='ocr_line' id='line_1_79' title="bbox 1479 2131 2497 2180; baseline 0.002 -13"><span class='ocrx_word' id='word_1_454' title='bbox 1479 2133 1538 2167; x_wconf 79' lang='lat' dir='ltr'>An</span> <span class='ocrx_word' id='word_1_455' title='bbox 1571 2143 1732 2168; x_wconf 74' lang='lat' dir='ltr'>TERTmM</span> <span class='ocrx_word' id='word_1_456' title='bbox 1766 2142 1952 2167; x_wconf 78' lang='lat' dir='ltr'>DtCENDUM</span> <span class='ocrx_word' id='word_1_457' title='bbox 1991 2132 2096 2178; x_wconf 89' lang='lat' dir='ltr'>quod</span> <span class='ocrx_word' id='word_1_458' title='bbox 2129 2131 2166 2167; x_wconf 90' lang='lat' dir='ltr'>in</span> <span class='ocrx_word' id='word_1_459' title='bbox 2195 2131 2252 2168; x_wconf 94' lang='lat' dir='ltr'>his</span> <span class='ocrx_word' id='word_1_460' title='bbox 2281 2144 2380 2180; x_wconf 91' lang='lat' dir='ltr'>quae</span> <span class='ocrx_word' id='word_1_461' title='bbox 2410 2140 2497 2169; x_wconf 92' lang='lat' dir='ltr'>sunt</span> 
     </span>
     <span class='ocr_line' id='line_1_80' title="bbox 1427 2183 2496 2233; baseline 0.002 -13"><span class='ocrx_word' id='word_1_462' title='bbox 1427 2197 1495 2233; x_wconf 86' lang='lat' dir='ltr'>per</span> <span class='ocrx_word' id='word_1_463' title='bbox 1515 2196 1555 2220; x_wconf 92' lang='lat' dir='ltr'>se</span> <span class='ocrx_word' id='word_1_464' title='bbox 1576 2184 1759 2229; x_wconf 87' lang='lat' dir='ltr'>ordinata,</span> <span class='ocrx_word' id='word_1_465' title='bbox 1782 2192 1932 2232; x_wconf 92' lang='lat' dir='ltr'>oportet</span> <span class='ocrx_word' id='word_1_466' title='bbox 1959 2183 1997 2220; x_wconf 92' lang='lat' dir='ltr'>id</span> <span class='ocrx_word' id='word_1_467' title='bbox 2026 2184 2131 2232; x_wconf 90' lang='lat' dir='ltr'>quod</span> <span class='ocrx_word' id='word_1_468' title='bbox 2152 2192 2206 2221; x_wconf 93' lang='lat' dir='ltr'>est</span> <span class='ocrx_word' id='word_1_469' title='bbox 2225 2184 2392 2233; x_wconf 88' lang='lat' dir='ltr'>primum</span> <span class='ocrx_word' id='word_1_470' title='bbox 2415 2198 2496 2222; x_wconf 89' lang='lat' dir='ltr'>esse</span> 
     </span>
     <span class='ocr_line' id='line_1_81' title="bbox 1428 2237 2497 2275; baseline 0.002 -2"><span class='ocrx_word' id='word_1_471' title='bbox 1428 2238 1650 2274; x_wconf 89' lang='lat' dir='ltr'>maximum.</span> <span class='ocrx_word' id='word_1_472' title='bbox 1691 2237 1795 2273; x_wconf 92' lang='lat' dir='ltr'>Talis</span> <span class='ocrx_word' id='word_1_473' title='bbox 1825 2245 1951 2273; x_wconf 89' lang='lat' dir='ltr'>autem</span> <span class='ocrx_word' id='word_1_474' title='bbox 1989 2237 2084 2273; x_wconf 92' lang='lat' dir='ltr'>ordo</span> <span class='ocrx_word' id='word_1_475' title='bbox 2123 2250 2202 2274; x_wconf 93' lang='lat' dir='ltr'>non</span> <span class='ocrx_word' id='word_1_476' title='bbox 2230 2239 2432 2275; x_wconf 86' lang='lat' dir='ltr'>attenditur</span> <span class='ocrx_word' id='word_1_477' title='bbox 2459 2239 2497 2275; x_wconf 92' lang='lat' dir='ltr'>in</span> 
     </span>
     <span class='ocr_line' id='line_1_82' title="bbox 1428 2290 2499 2340; baseline 0.001 -13"><span class='ocrx_word' id='word_1_478' title='bbox 1428 2290 1614 2339; x_wconf 89' lang='lat' dir='ltr'>peccatis,</span> <span class='ocrx_word' id='word_1_479' title='bbox 1645 2291 1713 2327; x_wconf 90' lang='lat' dir='ltr'>sed</span> <span class='ocrx_word' id='word_1_480' title='bbox 1747 2302 1869 2327; x_wconf 91' lang='lat' dir='ltr'>unum</span> <span class='ocrx_word' id='word_1_481' title='bbox 1906 2302 1975 2338; x_wconf 86' lang='lat' dir='ltr'>per</span> <span class='ocrx_word' id='word_1_482' title='bbox 2003 2290 2179 2327; x_wconf 91' lang='lat' dir='ltr'>accidens</span> <span class='ocrx_word' id='word_1_483' title='bbox 2208 2291 2375 2339; x_wconf 91' lang='lat' dir='ltr'>sequitur</span> <span class='ocrx_word' id='word_1_484' title='bbox 2411 2300 2499 2340; x_wconf 92' lang='lat' dir='ltr'>post</span> 
     </span>
     <span class='ocr_line' id='line_1_83' title="bbox 1428 2343 2496 2393; baseline 0.001 -13"><span class='ocrx_word' id='word_1_485' title='bbox 1428 2343 1542 2381; x_wconf 91' lang='lat' dir='ltr'>aliud.</span> <span class='ocrx_word' id='word_1_486' title='bbox 1566 2343 1678 2381; x_wconf 91' lang='lat' dir='ltr'>Unde</span> <span class='ocrx_word' id='word_1_487' title='bbox 1698 2356 1775 2380; x_wconf 92' lang='lat' dir='ltr'>non</span> <span class='ocrx_word' id='word_1_488' title='bbox 1798 2343 1967 2391; x_wconf 91' lang='lat' dir='ltr'>sequitur</span> <span class='ocrx_word' id='word_1_489' title='bbox 1986 2344 2090 2391; x_wconf 88' lang='lat' dir='ltr'>quod</span> <span class='ocrx_word' id='word_1_490' title='bbox 2110 2343 2276 2392; x_wconf 88' lang='lat' dir='ltr'>primum</span> <span class='ocrx_word' id='word_1_491' title='bbox 2296 2353 2496 2393; x_wconf 90' lang='lat' dir='ltr'>peccatum</span> 
     </span>
     <span class='ocr_line' id='line_1_84' title="bbox 1429 2404 1730 2434; baseline -0.003 0"><span class='ocrx_word' id='word_1_492' title='bbox 1429 2404 1476 2434; x_wconf 78' lang='lat' dir='ltr'>sit</span> <span class='ocrx_word' id='word_1_493' title='bbox 1504 2409 1730 2434; x_wconf 74' lang='lat' dir='ltr'>mammum.</span> 
     </span>
    </p>
   </div>
   <div class='ocr_carea' id='block_1_33' title="bbox 1485 2519 1935 2552">
    <p class='ocr_par' dir='ltr' id='par_1_36' title="bbox 1485 2519 1935 2552">
     <span class='ocr_line' id='line_1_85' title="bbox 1485 2519 1935 2552; baseline -0.002 -7"><span class='ocrx_word' id='word_1_494' title='bbox 1485 2519 1510 2552; x_wconf 81' lang='grc' dir='ltr'>β)</span> <span class='ocrx_word' id='word_1_495' title='bbox 1529 2521 1577 2545; x_wconf 85' lang='lat' dir='ltr'>sed</span> <span class='ocrx_word' id='word_1_496' title='bbox 1596 2528 1658 2546; x_wconf 83' lang='lat' dir='ltr'>non.</span> <span class='ocrx_word' id='word_1_497' title='bbox 1670 2534 1689 2539; x_wconf 82' lang='lat'>—</span> <span class='ocrx_word' id='word_1_498' title='bbox 1708 2527 1759 2545; x_wconf 89' lang='lat' dir='ltr'>non</span> <span class='ocrx_word' id='word_1_499' title='bbox 1780 2523 1869 2544; x_wconf 83' lang='lat' dir='ltr'>tamen</span> <span class='ocrx_word' id='word_1_500' title='bbox 1888 2520 1935 2545; x_wconf 88' lang='lat' dir='ltr'>Pa.</span> 
     </span>
    </p>
   </div>
   <div class='ocr_carea' id='block_1_34' title="bbox 987 2599 1826 2634">
    <p class='ocr_par' dir='ltr' id='par_1_37' title="bbox 987 2599 1826 2634">
     <span class='ocr_line' id='line_1_86' title="bbox 987 2599 1826 2634; baseline -0.001 -1"><span class='ocrx_word' id='word_1_501' title='bbox 987 2601 1323 2634; x_wconf 64' lang='lat' dir='ltr'>commentam</span> <span class='ocrx_word' id='word_1_502' title='bbox 1346 2599 1599 2632; x_wconf 72' lang='lat' dir='ltr'>Oaxfflnalis</span> <span class='ocrx_word' id='word_1_503' title='bbox 1622 2600 1826 2633; x_wconf 78' lang='lat' dir='ltr'>Caietani</span> 
     </span>
    </p>
   </div>
   <div class='ocr_carea' id='block_1_35' title="bbox 303 2678 2497 2855">
    <p class='ocr_par' dir='ltr' id='par_1_38' title="bbox 303 2678 2497 2855">
     <span class='ocr_line' id='line_1_87' title="bbox 334 2678 2497 2721; baseline -0.001 -8"><span class='ocrx_word' id='word_1_504' title='bbox 334 2693 354 2713; x_wconf 80' lang='lat' dir='ltr'>N</span> <span class='ocrx_word' id='word_1_505' title='bbox 371 2682 504 2713; x_wconf 87' lang='lat' dir='ltr'>articulo</span> <span class='ocrx_word' id='word_1_506' title='bbox 521 2681 624 2717; x_wconf 86' lang='lat' dir='ltr'>tertio,</span> <span class='ocrx_word' id='word_1_507' title='bbox 642 2682 766 2711; x_wconf 89' lang='lat' dir='ltr'>adverte</span> <span class='ocrx_word' id='word_1_508' title='bbox 782 2680 872 2721; x_wconf 93' lang='lat' dir='ltr'>quod</span> <span class='ocrx_word' id='word_1_509' title='bbox 888 2682 1020 2716; x_wconf 82' lang='lat' dir='ltr'>Auctor,</span> <span class='ocrx_word' id='word_1_510' title='bbox 1037 2680 1172 2710; x_wconf 90' lang='lat' dir='ltr'>omnino</span> <span class='ocrx_word' id='word_1_511' title='bbox 1199 2679 1374 2720; x_wconf 85' lang='lat' dir='ltr'>deprimere</span> <span class='ocrx_word' id='word_1_512' title='bbox 1399 2682 1401 2712; x_wconf 62' lang='lat' dir='ltr'>l</span> <span class='ocrx_word' id='word_1_513' title='bbox 1427 2679 1522 2710; x_wconf 87' lang='lat' dir='ltr'>infert</span> <span class='ocrx_word' id='word_1_514' title='bbox 1551 2680 1640 2720; x_wconf 91' lang='lat' dir='ltr'>quod</span> <span class='ocrx_word' id='word_1_515' title='bbox 1671 2690 1738 2710; x_wconf 88' lang='lat' dir='ltr'>non</span> <span class='ocrx_word' id='word_1_516' title='bbox 1761 2679 1868 2709; x_wconf 89' lang='lat' dir='ltr'>solum</span> <span class='ocrx_word' id='word_1_517' title='bbox 1898 2678 2066 2709; x_wconf 88' lang='lat' dir='ltr'>infidelitas</span> <span class='ocrx_word' id='word_1_518' title='bbox 2095 2679 2221 2719; x_wconf 88' lang='lat' dir='ltr'>gravius</span> <span class='ocrx_word' id='word_1_519' title='bbox 2254 2686 2420 2719; x_wconf 85' lang='lat' dir='ltr'>peccatum</span> <span class='ocrx_word' id='word_1_520' title='bbox 2449 2688 2497 2710; x_wconf 90' lang='lat' dir='ltr'>est</span> 
     </span>
     <span class='ocr_line' id='line_1_88' title="bbox 307 2695 2494 2766; baseline -0.001 -10"><span class='ocrx_word' id='word_1_521' title='bbox 307 2695 446 2758; x_wconf 84' lang='lat' dir='ltr'>Ivolens</span> <span class='ocrx_word' id='word_1_522' title='bbox 470 2733 636 2766; x_wconf 84' lang='lat' dir='ltr'>peccatum</span> <span class='ocrx_word' id='word_1_523' title='bbox 660 2725 754 2765; x_wconf 89' lang='lat' dir='ltr'>primi</span> <span class='ocrx_word' id='word_1_524' title='bbox 777 2724 928 2760; x_wconf 90' lang='lat' dir='ltr'>hominis,</span> <span class='ocrx_word' id='word_1_525' title='bbox 953 2731 990 2754; x_wconf 90' lang='lat' dir='ltr'>ut</span> <span class='ocrx_word' id='word_1_526' title='bbox 1013 2734 1079 2754; x_wconf 92' lang='lat' dir='ltr'>non</span> <span class='ocrx_word' id='word_1_527' title='bbox 1109 2724 1263 2754; x_wconf 89' lang='lat' dir='ltr'>concedat</span> <span class='ocrx_word' id='word_1_528' title='bbox 1286 2724 1374 2764; x_wconf 90' lang='lat' dir='ltr'>quod</span> <span class='ocrx_word' id='word_1_529' title='bbox 1400 2720 1402 2758; x_wconf 67' lang='lat' dir='ltr'>l</span> <span class='ocrx_word' id='word_1_530' title='bbox 1428 2734 1527 2765; x_wconf 81' lang='lat' dir='ltr'>quam</span> <span class='ocrx_word' id='word_1_531' title='bbox 1550 2730 1716 2764; x_wconf 89' lang='lat' dir='ltr'>peccatum</span> <span class='ocrx_word' id='word_1_532' title='bbox 1740 2723 1834 2763; x_wconf 87' lang='lat' dir='ltr'>primi</span> <span class='ocrx_word' id='word_1_533' title='bbox 1866 2723 2022 2753; x_wconf 80' lang='lat' dir='ltr'>hominis:</span> <span class='ocrx_word' id='word_1_534' title='bbox 2048 2724 2101 2754; x_wconf 88' lang='lat' dir='ltr'>sed</span> <span class='ocrx_word' id='word_1_535' title='bbox 2127 2723 2220 2754; x_wconf 88' lang='lat' dir='ltr'>etiam</span> <span class='ocrx_word' id='word_1_536' title='bbox 2250 2724 2395 2763; x_wconf 88' lang='lat' dir='ltr'>superbia</span> <span class='ocrx_word' id='word_1_537' title='bbox 2423 2734 2494 2764; x_wconf 91' lang='lat' dir='ltr'>pro-</span> 
     </span>
     <span class='ocr_line' id='line_1_89' title="bbox 303 2767 2494 2815; baseline -0.002 -13"><span class='ocrx_word' id='word_1_538' title='bbox 303 2771 343 2802; x_wconf 89' lang='lat' dir='ltr'>sit</span> <span class='ocrx_word' id='word_1_539' title='bbox 367 2772 461 2802; x_wconf 88' lang='lat' dir='ltr'>etiam</span> <span class='ocrx_word' id='word_1_540' title='bbox 486 2781 522 2801; x_wconf 85' lang='lat' dir='ltr'>ex</span> <span class='ocrx_word' id='word_1_541' title='bbox 545 2777 632 2811; x_wconf 86' lang='lat' dir='ltr'>parte</span> <span class='ocrx_word' id='word_1_542' title='bbox 656 2769 828 2800; x_wconf 82' lang='lat' dir='ltr'>aversionis</span> <span class='ocrx_word' id='word_1_543' title='bbox 851 2768 1083 2809; x_wconf 89' lang='lat' dir='ltr'>gravissimum,</span> <span class='ocrx_word' id='word_1_544' title='bbox 1099 2769 1175 2809; x_wconf 86' lang='lat' dir='ltr'>quia</span> <span class='ocrx_word' id='word_1_545' title='bbox 1198 2775 1244 2798; x_wconf 91' lang='lat' dir='ltr'>est</span> <span class='ocrx_word' id='word_1_546' title='bbox 1267 2778 1375 2808; x_wconf 87' lang='lat' dir='ltr'>super·</span> <span class='ocrx_word' id='word_1_547' title='bbox 1400 2767 1402 2815; x_wconf 47' lang='grc' dir='ltr'><strong>ᾖ</strong></span> <span class='ocrx_word' id='word_1_548' title='bbox 1428 2778 1580 2808; x_wconf 88' lang='lat' dir='ltr'>rumpens</span> <span class='ocrx_word' id='word_1_549' title='bbox 1596 2768 1628 2798; x_wconf 90' lang='lat' dir='ltr'>in</span> <span class='ocrx_word' id='word_1_550' title='bbox 1645 2767 1863 2798; x_wconf 88' lang='lat' dir='ltr'>infidelitatem</span> <span class='ocrx_word' id='word_1_551' title='bbox 1887 2768 1990 2798; x_wconf 86' lang='lat' dir='ltr'>maior</span> <span class='ocrx_word' id='word_1_552' title='bbox 2006 2774 2052 2798; x_wconf 91' lang='lat' dir='ltr'>est</span> <span class='ocrx_word' id='word_1_553' title='bbox 2074 2778 2172 2808; x_wconf 91' lang='lat' dir='ltr'>quam</span> <span class='ocrx_word' id='word_1_554' title='bbox 2188 2768 2334 2808; x_wconf 85' lang='lat' dir='ltr'>superbia</span> <span class='ocrx_word' id='word_1_555' title='bbox 2349 2779 2494 2808; x_wconf 91' lang='lat' dir='ltr'>prorum-</span> 
     </span>
     <span class='ocr_line' id='line_1_90' title="bbox 303 2812 1943 2855; baseline -0.003 -8"><span class='ocrx_word' id='word_1_556' title='bbox 303 2817 370 2853; x_wconf 83' lang='lat' dir='ltr'>bia;</span> <span class='ocrx_word' id='word_1_557' title='bbox 396 2815 483 2846; x_wconf 88' lang='lat' dir='ltr'>affert</span> <span class='ocrx_word' id='word_1_558' title='bbox 507 2815 688 2855; x_wconf 79' lang='lat' dir='ltr'>superbiam</span> <span class='ocrx_word' id='word_1_559' title='bbox 709 2813 851 2853; x_wconf 86' lang='lat' dir='ltr'>negantis</span> <span class='ocrx_word' id='word_1_560' title='bbox 866 2813 982 2849; x_wconf 92' lang='lat' dir='ltr'>Deum</span> <span class='ocrx_word' id='word_1_561' title='bbox 1003 2813 1057 2843; x_wconf 92' lang='lat' dir='ltr'>ubi</span> <span class='ocrx_word' id='word_1_562' title='bbox 1075 2813 1140 2843; x_wconf 91' lang='lat' dir='ltr'>duo</span> <span class='ocrx_word' id='word_1_563' title='bbox 1157 2812 1233 2842; x_wconf 86' lang='lat' dir='ltr'>vitia</span> <span class='ocrx_word' id='word_1_564' title='bbox 1251 2813 1283 2842; x_wconf 91' lang='lat' dir='ltr'>in</span> <span class='ocrx_word' id='word_1_565' title='bbox 1308 2822 1374 2842; x_wconf 91' lang='lat' dir='ltr'>uno</span> <span class='ocrx_word' id='word_1_566' title='bbox 1400 2817 1402 2852; x_wconf 71' lang='lat'>³.</span> <span class='ocrx_word' id='word_1_567' title='bbox 1429 2823 1507 2852; x_wconf 90' lang='lat' dir='ltr'>pens</span> <span class='ocrx_word' id='word_1_568' title='bbox 1530 2813 1562 2842; x_wconf 92' lang='lat' dir='ltr'>in</span> <span class='ocrx_word' id='word_1_569' title='bbox 1586 2812 1763 2852; x_wconf 83' lang='lat' dir='ltr'>appetitum</span> <span class='ocrx_word' id='word_1_570' title='bbox 1788 2812 1943 2842; x_wconf 84' lang='lat' dir='ltr'>scientiae.</span> 
     </span>
    </p>
   </div>
   <div class='ocr_carea' id='block_1_36' title="bbox 304 2857 1402 2899">
    <p class='ocr_par' dir='ltr' id='par_1_39' title="bbox 304 2857 1402 2899">
     <span class='ocr_line' id='line_1_91' title="bbox 304 2857 1402 2899; baseline -0.005 -8"><span class='ocrx_word' id='word_1_571' title='bbox 304 2868 376 2892; x_wconf 83' lang='lat' dir='ltr'>actu</span> <span class='ocrx_word' id='word_1_572' title='bbox 401 2859 528 2896; x_wconf 85' lang='lat' dir='ltr'>claudit,</span> <span class='ocrx_word' id='word_1_573' title='bbox 546 2859 663 2890; x_wconf 91' lang='lat' dir='ltr'>scilicet</span> <span class='ocrx_word' id='word_1_574' title='bbox 679 2858 861 2899; x_wconf 87' lang='lat' dir='ltr'>superbiam</span> <span class='ocrx_word' id='word_1_575' title='bbox 885 2864 915 2888; x_wconf 88' lang='lat' dir='ltr'>et</span> <span class='ocrx_word' id='word_1_576' title='bbox 938 2857 1165 2887; x_wconf 88' lang='lat' dir='ltr'>infidelitatem.</span> <span class='ocrx_word' id='word_1_577' title='bbox 1190 2857 1230 2887; x_wconf 91' lang='lat' dir='ltr'>Et</span> <span class='ocrx_word' id='word_1_578' title='bbox 1254 2867 1289 2887; x_wconf 86' lang='lat' dir='ltr'>ex</span> <span class='ocrx_word' id='word_1_579' title='bbox 1314 2857 1375 2887; x_wconf 93' lang='lat' dir='ltr'>hoc</span> <span class='ocrx_word' id='word_1_580' title='bbox 1400 2862 1402 2891; x_wconf 62' lang='lat'>3</span> 
     </span>
    </p>
   </div>
   <div class='ocr_carea' id='block_1_37' title="bbox 1321 2942 1531 2951">
    <p class='ocr_par' dir='ltr' id='par_1_40' title="bbox 1321 2942 1531 2951">
     <span class='ocr_line' id='line_1_92' title="bbox 1321 2942 1531 2951; baseline 0 1247"><span class='ocrx_word' id='word_1_581' title='bbox 1321 2942 1531 2951; x_wconf 95' lang='lat' dir='ltr'> </span> 
     </span>
    </p>
   </div>
   <div class='ocr_carea' id='block_1_38' title="bbox 646 3011 2153 3140">
    <p class='ocr_par' dir='ltr' id='par_1_41' title="bbox 646 3011 2153 3140">
     <span class='ocr_line' id='line_1_93' title="bbox 1082 3011 1720 3063; baseline -0.002 -11"><span class='ocrx_word' id='word_1_582' title='bbox 1082 3011 1403 3052; x_wconf 89' lang='lat' dir='ltr'>ARTICULUS</span> <span class='ocrx_word' id='word_1_583' title='bbox 1446 3011 1720 3063; x_wconf 83' lang='lat' dir='ltr'><strong>QUARTUS</strong></span> 
     </span>
     <span class='ocr_line' id='line_1_94' title="bbox 646 3103 2153 3140; baseline -0.001 -5"><span class='ocrx_word' id='word_1_584' title='bbox 646 3105 803 3136; x_wconf 84' lang='lat' dir='ltr'><strong>UTRUM</strong></span> <span class='ocrx_word' id='word_1_585' title='bbox 825 3103 1065 3135; x_wconf 80' lang='lat' dir='ltr'>PECCATUM</span> <span class='ocrx_word' id='word_1_586' title='bbox 1088 3104 1206 3134; x_wconf 81' lang='lat' dir='ltr'><strong>ADAE</strong></span> <span class='ocrx_word' id='word_1_587' title='bbox 1229 3104 1390 3134; x_wconf 80' lang='lat' dir='ltr'>FUERtT</span> <span class='ocrx_word' id='word_1_588' title='bbox 1414 3103 1602 3134; x_wconf 75' lang='lat' dir='ltr'>GRAans</span> <span class='ocrx_word' id='word_1_589' title='bbox 1626 3104 1752 3140; x_wconf 85' lang='lat' dir='ltr'><strong>QUAM</strong></span> <span class='ocrx_word' id='word_1_590' title='bbox 1776 3103 2015 3134; x_wconf 84' lang='lat' dir='ltr'><strong>PECCATUM</strong></span> <span class='ocrx_word' id='word_1_591' title='bbox 2038 3103 2153 3133; x_wconf 84' lang='lat' dir='ltr'>EVAE</span> 
     </span>
    </p>
   </div>
   <div class='ocr_carea' id='block_1_39' title="bbox 1157 3181 1649 3214">
    <p class='ocr_par' dir='ltr' id='par_1_42' title="bbox 1157 3181 1649 3214">
     <span class='ocr_line' id='line_1_95' title="bbox 1157 3181 1649 3214; baseline 0 -8"><span class='ocrx_word' id='word_1_592' title='bbox 1157 3183 1176 3207; x_wconf 89' lang='lat' dir='ltr'>lI</span> <span class='ocrx_word' id='word_1_593' title='bbox 1197 3182 1280 3211; x_wconf 86' lang='lat' dir='ltr'>Sent.,</span> <span class='ocrx_word' id='word_1_594' title='bbox 1300 3182 1358 3207; x_wconf 88' lang='lat' dir='ltr'>dist.</span> <span class='ocrx_word' id='word_1_595' title='bbox 1377 3189 1437 3213; x_wconf 87' lang='lat' dir='ltr'>xxu,</span> <span class='ocrx_word' id='word_1_596' title='bbox 1457 3190 1500 3214; x_wconf 86' lang='lat' dir='ltr'>qu.</span> <span class='ocrx_word' id='word_1_597' title='bbox 1519 3189 1538 3213; x_wconf 89' lang='lat'>1,</span> <span class='ocrx_word' id='word_1_598' title='bbox 1558 3187 1604 3207; x_wconf 84' lang='lat' dir='ltr'>art.</span> <span class='ocrx_word' id='word_1_599' title='bbox 1627 3181 1649 3207; x_wconf 79' lang='lat'>3.</span> 
     </span>
    </p>
   </div>
   <div class='ocr_carea' id='block_1_40' title="bbox 324 3278 512 3464">
    <p class='ocr_par' dir='ltr' id='par_1_43' title="bbox 324 3278 512 3464">
     <span class='ocr_line' id='line_1_96' title="bbox 324 3278 512 3464; baseline 0 0"><span class='ocrx_word' id='word_1_600' title='bbox 324 3278 512 3464; x_wconf 95' lang='lat' dir='ltr'>  </span> 
     </span>
    </p>
   </div>
   <div class='ocr_carea' id='block_1_41' title="bbox 420 3347 2496 3469">
    <p class='ocr_par' dir='ltr' id='par_1_44' title="bbox 420 3347 2496 3469">
     <span class='ocr_line' id='line_1_97' title="bbox 420 3347 2496 3469; baseline -0.001 -9.939"><span class='ocrx_word' id='word_1_601' title='bbox 420 3347 627 3468; x_wconf 40' lang='grc' dir='ltr'>“”ΙΚ(]110(1</span> <span class='ocrx_word' id='word_1_602' title='bbox 663 3423 789 3460; x_wconf 86' lang='lat' dir='ltr'>Adam</span> <span class='ocrx_word' id='word_1_603' title='bbox 825 3436 899 3461; x_wconf 91' lang='lat' dir='ltr'>non</span> <span class='ocrx_word' id='word_1_604' title='bbox 935 3429 989 3460; x_wconf 81' lang='lat' dir='ltr'>est</span> <span class='ocrx_word' id='word_1_605' title='bbox 1018 3424 1208 3468; x_wconf 82' lang='lat' dir='ltr'>seductus,</span> <span class='ocrx_word' id='word_1_606' title='bbox 1238 3421 1401 3458; x_wconf 86' lang='lat' dir='ltr'>mulier</span> <span class='ocrx_word' id='word_1_607' title='bbox 1400 3447 1401 3464; x_wconf 31' lang='lat'>¹</span> <span class='ocrx_word' id='word_1_608' title='bbox 1400 3409 1619 3469; x_wconf 81' lang='lat' dir='ltr'>vapulabit</span> <span class='ocrx_word' id='word_1_609' title='bbox 1646 3420 1790 3456; x_wconf 79' lang='lat' dir='ltr'>multis:</span> <span class='ocrx_word' id='word_1_610' title='bbox 1818 3420 1884 3468; x_wconf 85' lang='lat' dir='ltr'>qui</span> <span class='ocrx_word' id='word_1_611' title='bbox 1900 3425 2026 3456; x_wconf 90' lang='lat' dir='ltr'>autem</span> <span class='ocrx_word' id='word_1_612' title='bbox 2050 3432 2124 3456; x_wconf 90' lang='lat' dir='ltr'>non</span> <span class='ocrx_word' id='word_1_613' title='bbox 2146 3420 2325 3469; x_wconf 78' lang='lat' dir='ltr'>cognovit</span> <span class='ocrx_word' id='word_1_614' title='bbox 2347 3426 2383 3456; x_wconf 88' lang='lat' dir='ltr'>et</span> <span class='ocrx_word' id='word_1_615' title='bbox 2396 3422 2496 3469; x_wconf 89' lang='lat' dir='ltr'>fecit</span> 
     </span>
    </p>
   </div>
   <div class='ocr_carea' id='block_1_42' title="bbox 309 3465 2493 3584">
    <p class='ocr_par' dir='ltr' id='par_1_45' title="bbox 309 3465 2493 3584">
     <span class='ocr_line' id='line_1_98' title="bbox 309 3465 2493 3525; baseline -0.001 -13"><span class='ocrx_word' id='word_1_616' title='bbox 309 3479 434 3512; x_wconf 86' lang='lat' dir='ltr'>autem</span> <span class='ocrx_word' id='word_1_617' title='bbox 462 3474 612 3510; x_wconf 82' lang='lat' dir='ltr'>seducta</span> <span class='ocrx_word' id='word_1_618' title='bbox 639 3475 677 3510; x_wconf 91' lang='lat' dir='ltr'>in</span> <span class='ocrx_word' id='word_1_619' title='bbox 699 3477 1030 3523; x_wconf 83' lang='lat' dir='ltr'>praevaricatione</span> <span class='ocrx_word' id='word_1_620' title='bbox 1042 3477 1145 3525; x_wconf 87' lang='lat' dir='ltr'>fuit:</span> <span class='ocrx_word' id='word_1_621' title='bbox 1177 3483 1212 3512; x_wconf 90' lang='lat' dir='ltr'>et</span> <span class='ocrx_word' id='word_1_622' title='bbox 1240 3475 1293 3512; x_wconf 92' lang='lat' dir='ltr'>sic</span> <span class='ocrx_word' id='word_1_623' title='bbox 1317 3474 1373 3511; x_wconf 82' lang='lat' dir='ltr'>vi·</span> <span class='ocrx_word' id='word_1_624' title='bbox 1399 3465 1402 3510; x_wconf 75' lang='grc' dir='ltr'>Ι</span> <span class='ocrx_word' id='word_1_625' title='bbox 1427 3474 1544 3524; x_wconf 79' lang='lat' dir='ltr'>digna</span> <span class='ocrx_word' id='word_1_626' title='bbox 1567 3473 1711 3523; x_wconf 81' lang='lat' dir='ltr'>plagis,</span> <span class='ocrx_word' id='word_1_627' title='bbox 1737 3473 1932 3521; x_wconf 77' lang='lat' dir='ltr'>vapulabit</span> <span class='ocrx_word' id='word_1_628' title='bbox 1951 3473 2097 3521; x_wconf 85' lang='lat' dir='ltr'>paucis.</span> <span class='ocrx_word' id='word_1_629' title='bbox 2128 3474 2230 3521; x_wconf 88' lang='lat' dir='ltr'>Ergo</span> <span class='ocrx_word' id='word_1_630' title='bbox 2259 3473 2384 3510; x_wconf 90' lang='lat' dir='ltr'>Adam</span> <span class='ocrx_word' id='word_1_631' title='bbox 2412 3486 2493 3522; x_wconf 87' lang='lat' dir='ltr'>gra-</span> 
     </span>
     <span class='ocr_line' id='line_1_99' title="bbox 311 3526 1983 3584; baseline -0.002 -19"><span class='ocrx_word' id='word_1_632' title='bbox 311 3528 420 3565; x_wconf 88' lang='lat' dir='ltr'>detur</span> <span class='ocrx_word' id='word_1_633' title='bbox 448 3526 552 3576; x_wconf 92' lang='lat' dir='ltr'>quod</span> <span class='ocrx_word' id='word_1_634' title='bbox 579 3535 780 3575; x_wconf 88' lang='lat' dir='ltr'>peccatum</span> <span class='ocrx_word' id='word_1_635' title='bbox 809 3529 975 3566; x_wconf 88' lang='lat' dir='ltr'>mulieris</span> <span class='ocrx_word' id='word_1_636' title='bbox 1003 3530 1114 3567; x_wconf 85' lang='lat' dir='ltr'>fuerit</span> <span class='ocrx_word' id='word_1_637' title='bbox 1134 3542 1179 3566; x_wconf 90' lang='lat' dir='ltr'>ex</span> <span class='ocrx_word' id='word_1_638' title='bbox 1198 3529 1372 3577; x_wconf 89' lang='lat' dir='ltr'>ignoran-</span> <span class='ocrx_word' id='word_1_639' title='bbox 1400 3547 1402 3584; x_wconf 73' lang='grc' dir='ltr'>Ι</span> <span class='ocrx_word' id='word_1_640' title='bbox 1426 3527 1512 3564; x_wconf 85' lang='lat' dir='ltr'>vius</span> <span class='ocrx_word' id='word_1_641' title='bbox 1540 3526 1713 3575; x_wconf 88' lang='lat' dir='ltr'>peccavit</span> <span class='ocrx_word' id='word_1_642' title='bbox 1741 3538 1858 3575; x_wconf 89' lang='lat' dir='ltr'>quam</span> <span class='ocrx_word' id='word_1_643' title='bbox 1887 3526 1983 3562; x_wconf 91' lang='lat' dir='ltr'>Eva.</span> 
     </span>
    </p>
   </div>
   <div class='ocr_carea' id='block_1_43' title="bbox 310 3581 1402 3629">
    <p class='ocr_par' dir='ltr' id='par_1_46' title="bbox 310 3581 1402 3629">
     <span class='ocr_line' id='line_1_100' title="bbox 310 3581 1402 3629; baseline 0.002 -12"><span class='ocrx_word' id='word_1_644' title='bbox 310 3581 375 3627; x_wconf 91' lang='lat' dir='ltr'>tia,</span> <span class='ocrx_word' id='word_1_645' title='bbox 405 3587 607 3629; x_wconf 90' lang='lat' dir='ltr'>peccatum</span> <span class='ocrx_word' id='word_1_646' title='bbox 635 3588 764 3617; x_wconf 90' lang='lat' dir='ltr'>autem</span> <span class='ocrx_word' id='word_1_647' title='bbox 792 3581 863 3618; x_wconf 89' lang='lat' dir='ltr'>viri</span> <span class='ocrx_word' id='word_1_648' title='bbox 891 3594 936 3619; x_wconf 91' lang='lat' dir='ltr'>ex</span> <span class='ocrx_word' id='word_1_649' title='bbox 964 3590 1065 3619; x_wconf 90' lang='lat' dir='ltr'>certa</span> <span class='ocrx_word' id='word_1_650' title='bbox 1093 3582 1259 3619; x_wconf 87' lang='lat' dir='ltr'>scientia.</span> <span class='ocrx_word' id='word_1_651' title='bbox 1297 3582 1373 3618; x_wconf 90' lang='lat' dir='ltr'>Sed</span> <span class='ocrx_word' id='word_1_652' title='bbox 1400 3592 1402 3622; x_wconf 67' lang='lat'><em>3</em></span> 
     </span>
    </p>
   </div>
   <div class='ocr_carea' id='block_1_44' title="bbox 1482 3578 2491 3627">
    <p class='ocr_par' dir='ltr' id='par_1_47' title="bbox 1482 3578 2491 3627">
     <span class='ocr_line' id='line_1_101' title="bbox 1482 3578 2491 3627; baseline 0 -11"><span class='ocrx_word' id='word_1_653' title='bbox 1482 3593 1516 3617; x_wconf 89' lang='lat'>2.</span> <span class='ocrx_word' id='word_1_654' title='bbox 1547 3581 1781 3626; x_wconf 82' lang='lat' dir='ltr'>PRAETEREA,</span> <span class='ocrx_word' id='word_1_655' title='bbox 1806 3578 2039 3627; x_wconf 90' lang='lat' dir='ltr'>Augustinus</span> <span class='ocrx_word' id='word_1_656' title='bbox 2060 3579 2158 3624; x_wconf 89' lang='lat' dir='ltr'>dicit,</span> <span class='ocrx_word' id='word_1_657' title='bbox 2179 3579 2217 3616; x_wconf 93' lang='lat' dir='ltr'>in</span> <span class='ocrx_word' id='word_1_658' title='bbox 2237 3579 2332 3616; x_wconf 90' lang='lat' dir='ltr'>libro</span> <span class='ocrx_word' id='word_1_659' title='bbox 2353 3579 2399 3616; x_wconf 88' lang='lat' dir='ltr'>de</span> <span class='ocrx_word' id='word_1_660' title='bbox 2416 3580 2491 3615; x_wconf 87' lang='lat' dir='ltr'>De-</span> 
     </span>
    </p>
   </div>
   <div class='ocr_carea' id='block_1_45' title="bbox 2521 1287 2718 1315">
    <p class='ocr_par' dir='ltr' id='par_1_48' title="bbox 2521 1287 2718 1315">
     <span class='ocr_line' id='line_1_102' title="bbox 2521 1287 2718 1315; baseline -0.005 -6"><span class='ocrx_word' id='word_1_661' title='bbox 2521 1288 2530 1298; x_wconf 80' lang='lat'><strong>·</strong></span> <span class='ocrx_word' id='word_1_662' title='bbox 2544 1288 2594 1309; x_wconf 85' lang='lat' dir='ltr'>Art.</span> <span class='ocrx_word' id='word_1_663' title='bbox 2615 1287 2718 1315; x_wconf 75' lang='lat' dir='ltr'>praeced.</span> 
     </span>
    </p>
   </div>
   <div class='ocr_carea' id='block_1_46' title="bbox 2521 3325 2714 3352">
    <p class='ocr_par' dir='ltr' id='par_1_49' title="bbox 2521 3325 2714 3352">
     <span class='ocr_line' id='line_1_103' title="bbox 2521 3325 2714 3352; baseline 0 -6"><span class='ocrx_word' id='word_1_664' title='bbox 2521 3325 2531 3336; x_wconf 78' lang='lat'>⁸</span> <span class='ocrx_word' id='word_1_665' title='bbox 2547 3325 2612 3347; x_wconf 76' lang='lat' dir='ltr'>Vers.</span> <span class='ocrx_word' id='word_1_666' title='bbox 2626 3331 2663 3352; x_wconf 78' lang='lat'>47,</span> <span class='ocrx_word' id='word_1_667' title='bbox 2677 3325 2714 3351; x_wconf 81' lang='lat'>48.</span> 
     </span>
    </p>
   </div>
  </div>
 </body>
</html>
