2768 4198
75 1295 290 1319 ‘annuendam-

77 2377 92 2402 ἶ
102 2390 174 2414 Num.
188 2396 204 2413 ι.

79 3501 92 3512 ”
105 3500 213 3524 conduc
228 3507 251 3528 4.

996 270 1263 317 QUAESTIO
1295 270 1448 315 CLXII,

319 352 532 389 nimitatem
561 350 722 399 pertinet
741 350 935 398 impellere
964 348 1137 385 animum
1158 349 1205 385 ad
1235 361 1386 396 magna,

321 412 452 442 contra
482 403 809 453 desperationem;
839 402 889 438 ita
918 401 966 438 ad
996 401 1246 438 humilitatem
1275 401 1386 450 perti-

319 462 383 495 n‘et
402 458 590 494 retrahere
611 456 783 493 animum
804 455 852 492 ab
882 454 1096 491 inordinato
1118 455 1285 504 appetitu
1305 467 1385 491 ma-

318 522 501 559 gnorum,
531 517 662 546 contra
690 508 1055 557 praesumptionem.
1095 508 1387 545 Pusillanimitas

319 571 460 610 autem,
482 563 511 599 si
540 563 719 611 importet
748 562 939 599 defectum
969 574 990 598 a
1018 562 1286 610 prosecutione
1308 573 1387 597 ma-

318 628 494 664 gnorum,
509 615 663 664 proprie
685 615 891 664 opponitur
907 615 1206 662 magnanimitati
1222 626 1290 663 per
1305 626 1388 651 mo-

319 669 413 706 dum
443 668 630 714 defectus;
662 668 691 705 si
721 676 849 705 autem
881 667 1059 717 importet
1092 667 1386 717 applicationem

319 721 435 759 animi
465 722 513 759 ad
543 721 669 770 aliqua
687 722 823 758 viliora
853 733 969 770 quam
990 721 1188 758 hominem
1214 721 1385 767 deceant,

319 782 536 825 opponetur
555 775 756 812 humilitati
776 775 989 812 secundum
1010 775 1221 811 defectum:
1242 782 1387 811 utrum-

318 841 393 876 que
424 828 525 865 enim
555 841 601 865 ex
630 828 744 865 animi
764 829 949 877 parvitate
969 826 982 849 δ
1011 827 1195 876 procedit.
1227 828 1332 864 Sicut
1351 834 1388 863 et

371 950 395 981 δ)
411 951 560 983 parvitate.
573 965 592 971 -
609 952 748 984 pronitate
766 951 966 984 BDEFLpACK
987 957 1012 976 et
1030 959 1055 976 a.

1478 269 1775 307 ARTICULUS
1806 269 1818 306 1
2431 268 2499 304 311

1442 361 1461 384 e
1492 348 1678 385 contrario
1709 347 1886 397 superbia
1919 354 2044 396 potest
2078 348 2290 384 secundum
2329 359 2506 395 superex-

1442 414 1590 438 cessum
1631 410 1666 438 et
1700 401 2001 449 magnanimitati
2039 408 2075 437 et
2109 399 2308 437 humilitati
2345 400 2506 448 opponi,

1441 457 1653 492 secundum
1683 454 1846 491 rationes
1874 454 2063 491 diversas:
2093 453 2293 490 humilitati
2326 453 2506 501 quidem,

1441 508 1653 544 secundum
1691 508 1796 557 quod
1831 507 2108 544 subiectionem
2145 514 2388 555 aspernatur;
2427 518 2507 542 ma-

1441 561 1671 609 gnanimitati
1700 569 1840 607 autem,
1862 560 2074 598 secundum
2095 560 2199 609 quod
2226 559 2438 596 inordinate
2458 558 2507 595 ad

1440 626 1578 662 magna
1607 626 1647 650 se
1677 614 1853 651 extendit.
1885 614 1962 650 Sed
1991 614 2079 663 quia
2099 613 2276 662 superbia
2305 611 2508 661 superiori-

1441 675 1555 704 tatem
1578 667 1772 716 quandam
1793 668 1984 715 importat,
2006 666 2184 704 directius
2213 666 2419 715 opponitur
2438 665 2507 702 hu-

1442 720 1605 757 militati:
1645 720 1741 757 sicut
1780 728 1816 757 et
1853 720 2162 769 pusillanimitas,
2192 731 2291 767 quae
2327 719 2508 767 importat

1441 774 1666 822 parvitatem
1696 773 1813 810 animi
1852 773 1890 810 in
1918 785 2057 821 magna
2092 773 2300 819 tendentis,
2330 771 2507 809 directius

1442 827 1649 875 opponitur
1676 826 1988 874 magnanimitati.

986 1029 1321 1062 Commentario.
1344 1027 1597 1060 Garamans
1621 1027 1821 1060 Caietam

322 1121 369 1185 IN
392 1111 530 1142 articulis
557 1111 662 1151 primo
687 1118 717 1141 et
740 1110 880 1141 secundo
909 1110 1005 1140 simul
1032 1109 1227 1150 quaestionis
1254 1108 1386 1139 centesi-

349 1155 804 1196 maesexagesitnaesecundae,
829 1154 965 1185 dubium
989 1153 1126 1184 occurrit
1149 1153 1187 1183 de
1211 1153 1387 1194 quidditate
1412 1169 1414 1192 ς

1412 1198 1414 1210 “
1441 1195 1547 1234 guitur
1570 1195 1745 1225 formaliter
1768 1205 1786 1225 a
1809 1195 2046 1225 celsitudinibus
2071 1194 2224 1225 concretis
2248 1195 2301 1225 tali
2325 1202 2356 1225 et
2371 1195 2424 1226 tali
2440 1205 2507 1226 ma-

311 1245 508 1285 principium
532 1244 635 1274 omnis
653 1243 934 1274 demonstrationis
960 1248 990 1272 et
1008 1241 1213 1272 institutionis
1233 1246 1280 1271 est
1303 1240 1387 1281 quod
1413 1249 1414 1266 1

338 1288 400 1325 uid
407 1293 454 1322 est
469 1294 512 1318 et
513 1287 662 1318 definitio
677 1287 706 1325 *,
723 1287 795 1317 ideo
813 1294 884 1318 ante
907 1285 1016 1317 omnia
1032 1286 1093 1316 hoc
1114 1285 1313 1315 tractandum
1330 1291 1386 1315 est.
1414 1313 1415 1319 ,

236 1297 370 1371 ῗζζὲἰ
1414 1347 1415 1351 ,
1445 1328 1483 1357 Et
1505 1328 1594 1368 quod
1618 1327 1668 1357 hic
1692 1327 1731 1358 sit
1755 1334 1841 1358 tanta
1865 1327 2007 1357 formalis
2023 1327 2182 1358 distinctio
2207 1328 2296 1368 quod
2319 1327 2454 1358 sufficiat
2468 1327 2508 1358 ad

318 1199 491 1240 superbiae.
516 1200 650 1231 Videtur
673 1199 758 1229 enim
776 1198 987 1229 diversimode
1011 1197 1142 1228 definiri.
1168 1197 1208 1227 Et
1231 1197 1387 1237 quoniam

381 1331 536 1372 quoniam
559 1332 776 1373 oppositorum
792 1331 901 1362 eadem
919 1336 966 1361 est
981 1330 1150 1370 disciplina
1165 1329 1192 1366 *,
1218 1329 1313 1359 simul
1330 1339 1387 1358 no-

283 1418 289 1423 ·
317 1383 388 1407 tum
403 1374 458 1406 fiet
479 1376 565 1416 quod
586 1375 664 1416 quid
686 1381 733 1406 est
747 1375 945 1411 humilitatis,
963 1381 993 1405 et
1008 1374 1136 1405 alterius
1152 1373 1294 1414 oppositi
1309 1372 1386 1404 vitii.

375 1420 432 1451 Est
455 1427 562 1451 autem
586 1419 666 1450 ratio
691 1419 855 1450 dubitandi
880 1419 955 1460 quia
979 1418 1120 1449 definitio
1145 1428 1226 1458 quae
1257 1427 1294 1448 ex
1322 1419 1388 1447 Au-

283 1471 290 1510 2
317 1464 445 1506 gustino
469 1464 645 1505 assignatur
658 1463 685 1500 *‚
703 1463 820 1494 scilicet
840 1464 1044 1494 inordinatus
1063 1463 1222 1503 appetitus
1231 1462 1389 1502 propriae

258 1507 289 1530 '·
318 1508 543 1547 excellentiae,
577 1508 672 1539 habet
700 1508 902 1549 quaestiones
938 1507 1064 1538 multas.
1097 1507 1203 1537 Prima
1233 1513 1279 1537 est
1309 1506 1387 1537 anti-

284 1568 290 1588 ;
318 1563 396 1595 qua:
421 1564 460 1584 an
484 1553 517 1595 ly
541 1553 730 1584 excellentia
761 1560 904 1583 sumatur
927 1551 1071 1588 relative,
1097 1562 1136 1581 an
1160 1551 1304 1582 absolute
1315 1551 1341 1582 *.
1365 1569 1387 1574 —

318 1598 464 1630 Secunda
487 1604 534 1628 est
556 1607 649 1634 nova,
674 1607 711 1627 ex
734 1597 881 1633 Martino,
905 1596 938 1626 in
965 1606 1019 1638 qu.
1037 1607 1047 1626 1
1064 1596 1102 1626 de
1126 1595 1322 1636 Superbia*:
1347 1605 1387 1626 an

318 1642 359 1674 sit
371 1635 531 1673 'sufficiens
546 1641 624 1673 haec
639 1641 792 1678 definitio,
817 1641 868 1672 vel
892 1648 1038 1681 oporteat
1057 1641 1171 1671 addere
1195 1641 1228 1682 ly
1251 1645 1388 1671 contem·
1413 1639 1415 1674 «ἶ

311 1688 443 1728 ptivae;
475 1686 518 1717 ita
541 1687 630 1728 quod
653 1686 800 1726 superbia
824 1693 870 1716 est
894 1685 1052 1726 appetitus
1076 1685 1295 1720 excellentiae,
1321 1694 1386 1715 non
1413 1726 1415 1738 1

77 1766 149 1792 π’,
167 1725 240 1764 ffli't
268 1739 291 1786 {t
318 1731 558 1772 cuiuscumque,
583 1731 639 1761 sed
662 1730 895 1771 contemptivae
919 1739 974 1760 seu
999 1729 1194 1770 despectivae
1210 1729 1237 1760 *.

374 1776 411 1806 11.
436 1775 572 1816 Expedit
594 1784 669 1805 vero
694 1774 772 1805 scire
802 1774 890 1816 quod
918 1774 995 1805 haec
1019 1774 1162 1815 quaestio
1187 1783 1271 1804 nova
1303 1773 1386 1803 clau-

317 1819 403 1851 ditur
425 1820 458 1850 in
481 1820 593 1860 prima.
618 1819 702 1849 Nam
722 1818 903 1850 excellentia
920 1818 1048 1849 relative
1068 1825 1195 1859 sumpta
1216 1817 1334 1848 claudit
1353 1817 1386 1847 in

317 1874 350 1895 se
365 1864 503 1895 aliorum
519 1863 766 1904 despectionem.
793 1863 827 1893 ln
845 1873 883 1893 eo
901 1862 1059 1904 siquidem
1075 1863 1165 1903 quod
1182 1868 1218 1892 ut
1233 1862 1387 1892 excellens
1412 1887 1414 1906 ξ

317 1908 397 1940 alios
420 1908 521 1939 homo
545 1918 577 1938 se
601 1908 711 1943 habet,
737 1917 862 1938 necesse
894 1914 940 1938 est
963 1914 999 1938 ut
1022 1906 1075 1938 tali
1100 1914 1171 1938 actu
1204 1913 1388 1937 contemnat
1412 1908 1414 1933 ἲ

1412 1956 1414 1966 ¹
1442 1958 1517 1985 rem,
1539 1948 1582 1978 ita
1606 1948 1761 1988 superbus
1785 1947 1817 1977 in
1847 1947 2066 1978 celsitudinem
2097 1949 2150 1978 sui
2172 1947 2281 1978 tendit.
2313 1947 2400 1977 Haec
2425 1947 2510 1978 enim

318 1962 430 1983 omnes
453 1962 537 1994 quos
559 1952 591 1982 in
615 1952 743 1983 veritate
767 1961 833 1982 non
858 1951 988 1982 excellit.

372 1997 514 2038 Apparet
533 2006 665 2037 quoque
680 2006 717 2026 ex
733 1996 897 2036 speciebus
914 1995 1078 2036 superbiae
1094 1994 1258 2035 assignatis
1275 2005 1292 2025 a
1309 1994 1385 2025 Gre-
1412 2028 1414 2032 y

1412 2034 1414 2060 ἶ
1441 2046 1602 2076 perversae
1622 2036 1823 2067 celsitudines
1839 2037 2015 2067 secundum
2039 2043 2171 2077 partem,
2189 2043 2266 2076 puta
2282 2035 2314 2065 in
2331 2036 2509 2067 honoribus

317 2040 419 2082 gorio,
445 2041 483 2072 de
499 2040 615 2082 quibus
639 2047 686 2071 est
707 2040 740 2070 in
757 2040 815 2071 hac
831 2040 1018 2082 quaestione
1033 2039 1175 2080 specialis
1193 2038 1344 2069 articulus
1358 2039 1385 2075 *,

317 2085 407 2127 quod
430 2091 577 2126 appetere
601 2084 817 2116 excellentiam
841 2084 1043 2125 despiciendo
1064 2084 1153 2120 alios,
1178 2084 1217 2114 ad
1241 2091 1386 2124 quartam
1412 2107 1414 2126 ξ

317 2129 482 2170 superbiae
506 2129 643 2170 speciem
667 2136 794 2170 spectat.
826 2129 899 2160 Non
925 2128 1088 2160 constituit
1111 2128 1206 2169 igitur
1228 2128 1386 2159 rationem

316 2174 439 2215 generis
462 2174 628 2214 superbiae
651 2181 854 2215 contemptus
878 2183 933 2204 seu
957 2174 1132 2214 despectus.

372 2221 570 2250 Attestantur
593 2225 623 2249 et
645 2218 730 2248 idem
754 2219 832 2248 aliae
849 2217 1013 2258 superbiae
1031 2217 1160 2258 species.
1184 2217 1268 2247 Nam
1290 2226 1384 2257 appe-

317 2263 393 2295 titus
417 2263 616 2294 excellentiae
639 2262 730 2303 quasi
753 2273 770 2292 a
792 2271 824 2293 se
848 2268 903 2293 aut
918 2261 982 2292 suis
999 2261 1127 2297 meritis,
1152 2260 1230 2291 nihil
1254 2261 1329 2292 dicit
1347 2261 1386 2292 de

318 2307 499 2339 excellentia
529 2306 744 2347 contemptiva
773 2306 924 2337 aliorum:
956 2313 986 2337 et
1015 2313 1122 2336 tamen
1151 2305 1272 2346 primae
1304 2305 1385 2336 duae
1412 2319 1413 2347 3

1412 2360 1413 2363 ¹
1440 2357 1523 2388 quae
1545 2348 1660 2378 bonum
1685 2347 1791 2378 reddit
1813 2347 1978 2377 habentem
1997 2347 2024 2377 *.
2049 2364 2070 2369 -
2094 2346 2244 2377 Similiter
2270 2356 2441 2376 commune
2465 2346 2511 2376 vi-

1411 2389 1413 2399 ⁴
1441 2393 1533 2423 detur
1561 2391 1671 2422 saltem
1697 2391 1822 2428 multis,
1847 2391 1936 2432 quod
1964 2390 2131 2432 respiciant
2154 2390 2318 2431 propriam
2342 2400 2512 2430 personam

317 2351 437 2393 species
460 2351 625 2393 superbiae
649 2350 681 2381 in
705 2350 754 2381 his
778 2350 965 2381 consistunt.

372 2395 424 2426 111.
450 2395 522 2427 De
514 2406 583 2436 ipsa
604 2401 712 2426 autem
735 2395 838 2436 prima
861 2394 1047 2436 quaestione
1062 2394 1079 2414 *
1099 2404 1162 2424 non
1182 2394 1262 2424 clare
1285 2394 1387 2435 liquet

316 2439 411 2471 altera
434 2450 516 2480 pars.
541 2440 704 2478 Quoniam
728 2446 788 2470 tres
812 2439 932 2480 primae
956 2438 1075 2480 species
1099 2438 1281 2479 superbiae,
1307 2438 1386 2469 nihil
1412 2434 1413 2468 J

317 2483 356 2515 de
379 2484 560 2515 excellentia
589 2484 716 2515 relau‘ve
740 2484 894 2520 dicentes,
919 2490 1072 2514 testantur
1099 2493 1199 2523 genus
1227 2493 1294 2513 non
1319 2493 1385 2514 esse
1411 2491 1413 2522 ξ

1441 2525 1566 2556 minum
1596 2525 1917 2557 commensurationis
1951 2524 2112 2555 ciborum:
2144 2523 2265 2564 appetit
2294 2523 2379 2554 enim
2404 2523 2511 2554 cibum

1441 2577 1537 2609 prout
1560 2577 1643 2601 recta
1659 2570 1740 2600 ratio
1756 2570 1866 2606 dictat;
1892 2575 1974 2599 recta
1994 2575 2102 2599 autem
2118 2568 2198 2598 ratio
2223 2567 2318 2598 dictat
2333 2568 2510 2598 secundum

315 2525 502 2559 relationem'
519 2529 727 2559 excellentiae.
745 2529 866 2566 Quarta
881 2538 968 2565 vero,
981 2527 1014 2558 in
1030 2527 1183 2558 relatione
1199 2527 1384 2564 consistens,

316 2579 447 2603 testatur
470 2583 570 2613 genus
593 2583 659 2603 non
684 2573 878 2603 absolutum.

371 2619 471 2648 Actus
494 2627 626 2658 quoque
650 2617 777 2657 superbi
804 2616 964 2647 invenitur
985 2616 1018 2646 in
1042 2615 1223 2646 excellentia
1247 2622 1384 2656 utroque

315 2661 426 2692 mod0.
456 2662 540 2692 Nam
564 2661 720 2702 superbus
743 2661 864 2702 appetit
893 2670 926 2691 se
950 2660 1070 2691 celsum
1094 2667 1125 2691 et
1147 2669 1310 2700 magnum.
1345 2660 1386 2691 Et

315 2713 483 2747 propterea
498 2706 706 2744 Augustinus,
724 2705 797 2736 XIV
813 2705 854 2736 de
870 2704 963 2736 Civit.
979 2705 1043 2735 Dei
1057 2704 1083 2740 *,
1101 2714 1157 2744 per
1175 2705 1383 2742 celsitudinis,

315 2760 383 2781 non
406 2751 616 2782 excellentiae
638 2760 758 2780 nomen
783 2748 924 2780 definivit
942 2749 1133 2788 superbiam.
1158 2766 1177 2771 -
1201 2749 1242 2779 Et
1265 2759 1384 2786 rursus,

316 2795 471 2836 superbus
495 2794 615 2835 appetit
638 2803 785 2835 superare
802 2793 880 2824 alios
905 2800 935 2824 et
956 2794 1005 2823 ire
1019 2803 1128 2834 super,
1152 2799 1189 2823 ut
1211 2793 1311 2834 ipsius
1327 2803 1384 2823 no-

315 2849 391 2870 men
414 2846 515 2870 sonat.
549 2839 591 2870 Et
612 2846 779 2879 propterea
803 2841 933 2874 Auctor,
958 2837 990 2867 in
1015 2837 1107 2868 tertio
1132 2837 1263 2868 articulo
1287 2837 1384 2868 huius

316 2883 522 2925 quaestionis,
545 2883 578 2914 in
603 2883 685 2914 calce
703 2883 730 2916 *.
748 2882 824 2913 dixit
843 2882 931 2923 quod
948 2883 1084 2922 proprie
1100 2882 1243 2922 pertinet
1265 2882 1309 2912 ad
1330 2891 1383 2912 su-

310 2928 458 2968 perbiam
482 2927 668 2959 inordinata
685 2928 907 2968 praesumptio
931 2927 1014 2957 alios
1036 2925 1221 2966 superandi.

369 2972 504 3003 Videtur
532 2972 611 3003 mihi
645 2972 733 3013 quod
762 2970 944 3002 excellentia
973 2970 1187 3001 communiter
1209 2980 1242 3000 se
1265 2970 1384 3001 habens

316 3017 357 3047 ad
380 3017 525 3048 absolute
549 3023 580 3047 et
602 3016 739 3053 relative,
764 3016 804 3047 sit
826 3015 993 3056 proprium
1018 3014 1178 3045 obiectum
1202 3014 1382 3054 superbiae:

317 3060 398 3092 sicut
418 3071 473 3092 ens
493 3060 707 3092 communiter
722 3070 755 3090 se
770 3060 888 3090 habens
905 3060 944 3090 ad
961 3059 1143 3090 absolutum
1160 3065 1190 3089 et
1206 3058 1382 3095 relativum,

318 3111 364 3136 est
378 3105 546 3146 proprium
558 3105 719 3136 obiectum
732 3104 974 3145 metaphysicae.
993 3103 1034 3134 Et
1045 3103 1118 3134 hinc
1134 3102 1282 3143 provenit
1294 3103 1384 3144 quod

317 3154 384 3179 tarn
407 3149 564 3190 appetitus
588 3149 788 3180 excellentiae
812 3148 967 3184 absolute,
991 3157 1090 3188 quarn
1113 3146 1258 3183 relative,
1283 3146 1384 3177 verifi-

319 3200 407 3223 catur
429 3199 460 3223 et
482 3193 661 3225 attribuitur
684 3193 866 3234 superbiae:
896 3199 927 3223 et
950 3202 1035 3223 nunc
1063 3201 1120 3231 per
1142 3191 1382 3229 celsitudinem,

318 3242 406 3266 nunc
427 3245 484 3278 per
505 3237 727 3269 excellentiam
753 3237 910 3268 definitur.
941 3237 999 3267 Est
1023 3235 1118 3276 igitur
1141 3235 1306 3276 superbiae
1329 3246 1384 3276 ap-

318 3287 424 3321 petere
446 3279 508 3313 hoc
531 3282 619 3322 quod
643 3289 690 3313 est
713 3282 870 3318 excellere,
895 3287 926 3312 et
949 3280 1178 3311 celsitudinem.

374 3323 428 3355 lv.
451 3323 513 3355 Sed
535 3325 689 3366 quoniam
712 3326 814 3358 multa
830 3325 890 3356 alia
905 3325 979 3356 vitia
1002 3324 1150 3355 videntur
1165 3323 1384 3355 celsitudinem

318 3377 498 3409 perversam
517 3374 672 3409 appetere,
695 3379 771 3401 nam
793 3370 1011 3411 praesumptio
1027 3369 1147 3410 appetit
1164 3367 1382 3399 celsitudinem

318 3422 498 3453 perversam
520 3412 551 3443 in
576 3412 734 3453 operibus,
758 3414 889 3446 ambitio
913 3414 946 3444 in
962 3413 1150 3452 honoribus,
1166 3412 1268 3443 inanis
1283 3412 1384 3452 gloria

318 3457 351 3487 in
374 3456 489 3496 gloria:
513 3456 586 3487 ideo
609 3457 788 3498 quaerenda
806 3465 852 3489 est
876 3458 1030 3489 celsitudo
1053 3467 1135 3499 quae
1159 3457 1198 3488 sit
1221 3457 1384 3488 obiectum

319 3500 493 3541 superbiae,
519 3500 645 3531 alterius
667 3501 797 3532 rationis
821 3502 859 3532 ab
881 3502 957 3539 istis,
982 3502 1086 3543 inquit
1108 3501 1263 3533 Martinus
1276 3501 1304 3531 *.

374 3545 437 3576 Ubi
457 3544 534 3575 scito
558 3544 647 3586 quod
670 3544 836 3585 dupliciter
858 3553 963 3586 potest
985 3546 1064 3587 poni
1085 3546 1239 3578 celsitudo
1256 3545 1383 3576 alterius

318 3588 448 3620 rationis
464 3589 502 3619 ab
518 3589 594 3620 istis.
618 3588 693 3620 Uno
710 3588 819 3626 modo,
839 3595 993 3632 tanquam
1008 3590 1042 3621 in
1058 3590 1118 3621 alia
1133 3590 1279 3621 materia:
1304 3589 1386 3620 sicut
1410 3620 1413 3624 ,

1441 1107 1594 1138 celsitudo
1618 1106 1840 1137 vindicationis
1863 1107 1990 1137 alterius
2014 1107 2144 1137 rationis
2168 1107 2323 1137 diceretur
2345 1117 2363 1137 a
2383 1106 2507 1138 celsitu-

1442 1151 1513 1181 dine
1536 1151 1678 1182 honoris.
1703 1151 1776 1181 Alio
1794 1151 1904 1187 modo,
1929 1151 2009 1181 sicut
2033 1151 2186 1181 celsitudo
2204 1151 2386 1191 simpliciter
2402 1151 2508 1181 distin-

1443 1239 1548 1269 teriae:
1580 1239 1661 1270 sicut
1685 1246 1792 1269 motus
1816 1239 1999 1279 simpliciter
2022 1246 2067 1269 est
2091 1239 2220 1270 alterius
2244 1239 2373 1270 rationis
2397 1250 2414 1269 a
2438 1249 2507 1270 mo-

1443 1283 1526 1313 tibus
1550 1283 1729 1323 applicatis,
1755 1289 1831 1323 puta
1855 1283 1957 1319 locali,
1982 1283 2184 1319 alterationis,
2202 1283 2426 1323 generationiS,
2448 1290 2508 1314 etc.

1443 1371 1678 1402 distinctionem
1702 1370 1880 1411 specificam
1897 1371 2074 1407 habituum,
2092 1378 2177 1411 patet
2197 1381 2233 1401 ex
2250 1372 2310 1402 hoc
2334 1372 2422 1412 quod
2439 1382 2508 1412 spe-

1443 1415 1488 1445 cie
1512 1415 1716 1455 distinguitur
1740 1416 1868 1446 scientia
1893 1416 1930 1445 de
1951 1423 2042 1446 motu
2062 1415 2255 1455 simpliciter,
2273 1426 2354 1456 quae
2377 1416 2510 1447 traditur

1443 1460 1474 1489 in
1498 1459 1585 1490 libris
1608 1460 1832 1500 Physicorum,
1851 1469 1868 1489 a
1892 1459 2028 1490 scientiis
2053 1460 2091 1490 de
2116 1467 2207 1491 motu
2228 1460 2266 1490 ad
2291 1460 2353 1497 ubi,
2371 1470 2453 1501 quae
2476 1460 2509 1490 in

1442 1504 1522 1534 libro
1550 1504 1651 1541 Caeli,
1670 1511 1700 1534 et
1724 1511 1814 1534 motu
1835 1504 1874 1533 ad
1894 1503 2031 1534 formam
2055 1503 2248 1544 simpliciter,
2266 1514 2347 1544 quae
2371 1504 2403 1534 in
2428 1504 2509 1534 libro

1442 1548 1481 1579 de
1506 1548 1731 1584 Generatione,
1749 1555 1807 1579 etc.
1833 1548 1877 1578 lta
1901 1549 1990 1588 quod
2014 1548 2175 1579 obiectum
2192 1548 2356 1588 superbiae
2381 1555 2427 1579 est
2450 1549 2509 1579 cel-

1443 1593 1549 1623 situdo
1566 1593 1758 1633 simpliciter,
1776 1599 1806 1624 et
1822 1603 1888 1623 non
1912 1592 1943 1622 in
1960 1592 2014 1623 tali
2037 1593 2088 1623 vel
2103 1593 2157 1623 tali
2173 1593 2321 1623 materia:
2346 1603 2509 1632 praesum-

1443 1637 1510 1677 ptio
1534 1645 1640 1668 autern
1665 1637 1705 1668 ad
1729 1637 1949 1668 celsitudinem
1974 1646 2110 1676 operum
2133 1647 2228 1677 supra
2252 1647 2295 1673 se,
2315 1637 2447 1668 ambitio
2471 1637 2510 1667 ad

1442 1681 1662 1713 celsitudinem
1686 1681 1829 1718 honoris,
1847 1688 1916 1717 etc.,
1934 1681 2087 1712 feruntur.

1497 1726 1536 1757 V.
1553 1726 1593 1756 Et
1617 1726 1641 1756 si
1666 1726 1877 1766 perspicacius
1901 1726 2086 1766 perscrutati
2115 1725 2286 1762 fuerimus,
2310 1725 2510 1756 inveniemus

1413 1771 1414 1776 ’
1442 1770 1530 1811 quod
1554 1771 1635 1801 sicut
1651 1770 1805 1801 celsitudo
1825 1770 1931 1801 iuncta
1955 1770 2105 1810 operibus
2122 1771 2171 1800 vel
2187 1770 2335 1810 praemiis
2351 1769 2511 1800 invenitur

1413 1823 1414 1835 ¹
1442 1814 1564 1845 obiecta
1587 1814 1677 1845 dictis
1700 1814 1793 1850 vitiis,
1813 1814 1856 1845 ita
1880 1814 2034 1845 celsitudo
2058 1815 2164 1845 iuncta
2187 1815 2333 1855 propriae
2357 1824 2510 1854 personae

1442 1859 1599 1889 invenitur
1615 1859 1738 1890 obiecta
1754 1859 1935 1899 superbiae:
1956 1859 1999 1890 ita
2015 1859 2115 1899 quod,
2132 1859 2408 1900 quemadmodum
2425 1869 2511 1899 prae-

1442 1910 1650 1944 sumptuosus
1674 1903 1707 1933 in
1731 1903 1850 1934 celsum
1874 1913 1966 1943 opus,
1984 1903 2171 1934 ambitiosus
2195 1903 2227 1933 in
2262 1903 2383 1934 celsum
2407 1903 2509 1933 hono-

1441 1993 1509 2023 sola
1525 1992 1640 2023 directe
1664 1999 1711 2022 est
1725 2001 1870 2032 perversa
1894 1991 2048 2022 celsitudo
2069 1991 2268 2032 simpliciter:
2294 1998 2412 2022 ceterae
2436 1998 2510 2022 sunt

1441 2082 1489 2112 vel
1513 2081 1613 2121 gloria
1636 2081 1685 2111 vel
1709 2081 1858 2122 operibus
1882 2081 1997 2112 arduis.

1495 2126 1536 2156 Et
1560 2134 1595 2157 ut
1618 2125 1732 2156 melius
1757 2125 1947 2166 percipiatur
1977 2125 2066 2166 quod
2097 2124 2248 2160 dicimus,
2273 2125 2398 2155 adverte
2418 2124 2511 2165 quod

1412 2192 1413 2210 3
1441 2170 1568 2210 propria
1591 2180 1727 2210 persona
1751 2176 1856 2209 potest
1880 2170 1919 2200 ad
1942 2169 2091 2200 virtutem
2113 2169 2163 2199 vel
2186 2168 2299 2199 vitium
2329 2168 2510 2209 multiplici-

1442 2223 1485 2245 ter
1508 2224 1541 2245 se
1564 2214 1697 2245 habere:
1722 2214 1838 2244 scilicet
1854 2220 1889 2244 ut
1912 2214 2084 2249 obiectum,
2109 2213 2157 2244 vel
2181 2213 2370 2249 subiectum,
2386 2214 2436 2243 vel
2452 2220 2511 2244 ter-

1441 2259 1557 2289 minus.
1583 2258 1767 2289 Commune
1790 2258 1948 2299 siquidem
1972 2265 2019 2288 est
2042 2258 2131 2288 omni
2154 2257 2262 2288 virtuti
2278 2263 2310 2288 et
2322 2257 2399 2287 vitio
2423 2257 2512 2298 quod

1442 2303 1584 2343 respiciat
1606 2302 1770 2343 propriam
1786 2312 1957 2343 personam
1973 2309 2008 2332 ut
2030 2302 2224 2333 subiectum:
2250 2311 2324 2332 nam
2343 2303 2446 2332 virtus
2466 2307 2513 2333 est

1441 2443 1476 2468 ut
1490 2436 1663 2467 terminum
1687 2435 2008 2466 commensurationis
2030 2435 2144 2466 obiecti
2161 2445 2216 2465 seu
2233 2435 2391 2466 materiae.
2415 2435 2511 2466 Verbi

1441 2481 1556 2521 gratia,
1585 2480 1793 2521 temperantia
1824 2480 1950 2521 respicit
1984 2480 2147 2520 propriam
2181 2489 2350 2519 personam
2386 2486 2421 2509 ut
2451 2486 2511 2510 ter-

1441 2614 1786 2645 commensurationem
1821 2614 1861 2644 ad
1891 2613 2055 2653 propriam
2089 2622 2268 2652 personam.
2300 2612 2341 2642 Et
2368 2611 2511 2642 similiter

1441 2659 1662 2699 magnanimus
1692 2658 1813 2698 appetit
1843 2667 1958 2698 magna
1981 2667 2094 2697 opera,
2120 2662 2375 2687 commensurata
2403 2662 2510 2686 tamen

1440 2713 1593 2744 personae
1612 2703 1769 2743 propriae.
1793 2702 1834 2733 Et
1850 2701 1992 2732 similiter
2006 2707 2291 2741 praesumptuosus
2308 2699 2428 2740 appetit
2443 2710 2511 2730 ma-

1410 2745 1412 2748 ’
1439 2758 1500 2788 gna
1523 2748 1814 2778 incommensurata
1837 2746 1914 2782 sibi3
1940 2753 1970 2776 et
1993 2745 2180 2775 ambitiosus
2210 2754 2343 2784 magnos
2371 2744 2509 2774 honores

1439 2792 1755 2833 improportionatos,
1773 2798 1830 2822 etc.
1855 2808 1877 2813 —
1900 2789 2054 2830 Superbia
2069 2796 2186 2825 autem,
2203 2789 2276 2819 licet
2294 2788 2510 2819 communicet

1439 2847 1513 2868 cum
1537 2836 1628 2866 aliis
1620 2846 1652 2866 in
1676 2835 1735 2871 his,
1750 2835 1846 2866 habet
1868 2841 1974 2865 tamen
1998 2834 2059 2864 hoc
2075 2833 2251 2873 proprium,
2272 2833 2361 2873 quod
2385 2832 2510 2873 respicit

1438 2881 1601 2921 propriam
1626 2889 1795 2920 personam
1819 2885 1855 2909 ut
1877 2878 2049 2909 obiectum.
2075 2878 2116 2908 Et
2139 2883 2305 2918 propterea
2331 2879 2452 2907 Auctor
2475 2876 2508 2907 in

1439 2925 1622 2956 definitione
1646 2924 1810 2964 superbiae
1834 2922 1943 2963 posuit
1965 2923 1998 2964 ly
2016 2923 2181 2963 propriae,
2199 2921 2333 2952 dicendo
2357 2921 2446 2961 quod
2463 2927 2509 2951 est

1438 2970 1598 3010 appetitus
1627 2969 1836 3000 excellentiae
1853 2968 2018 3008 propriae
2060 2967 2105 2997 Ita
2128 2966 2218 3007 quod
2249 2965 2410 2996 obiectum
2433 2975 2507 3005 pro-

1439 3013 1544 3054 prium
1568 3013 1705 3054 superbi,
1723 3019 1759 3043 ut
1782 3012 1836 3048 sic,
1855 3018 1901 3042 est
1916 3013 2046 3052 ipsemet
2065 3011 2180 3048 celsus,
2198 3019 2252 3040 seu
2273 3009 2426 3040 celsitudo
2447 3009 2506 3040 sui.

1439 3059 1479 3089 Et
1501 3058 1534 3088 in
1563 3057 1625 3088 hoc
1655 3057 1757 3087 differt
1780 3066 1797 3086 a
1820 3062 2089 3097 praesumptuoso
2117 3061 2148 3085 et
2179 3053 2286 3085 ceteris
2318 3053 2507 3084 habentibus

1439 3112 1497 3143 pro
1515 3102 1640 3132 obiecto
1657 3100 1910 3141 magnitudinem
1925 3099 1995 3131 talis
2014 3098 2173 3136 materiae,
2190 3104 2267 3138 puta
2286 3107 2431 3138 operum,
2449 3098 2507 3128 ho-

1439 3146 1534 3182 noris,
1558 3146 1687 3186 gloriae.
1718 3144 1941 3185 Magnanimus
1971 3153 2102 3185 quoque
2130 3143 2224 3173 habet
2253 3142 2507 3182 magnitudinem

1438 3200 1574 3230 operum
1598 3200 1656 3230 pro
1681 3189 1806 3220 obiecto
1830 3188 1972 3229 proprio,
1997 3194 2028 3218 et
2051 3186 2303 3227 magnitudinem
2327 3186 2460 3216 honoris
2476 3192 2508 3217 et

1437 3234 1555 3274 gloriae
1578 3241 1614 3264 ut
1637 3233 1800 3264 materiae:
1829 3233 1983 3273 superbus
2006 3238 2115 3263 autem
2137 3231 2231 3261 habet
2253 3230 2506 3270 magnitudinem

1438 3279 1486 3309 sui
1503 3287 1561 3318 pro
1578 3287 1635 3318 per
1650 3287 1682 3308 se
1698 3277 1803 3318 primo
1820 3276 1956 3307 obiecto.
1981 3276 2023 3306 Et
2038 3276 2112 3316 quia
2129 3276 2168 3305 ad
2185 3274 2440 3314 magnitudinem
2456 3275 2506 3305 sui

1438 3322 1575 3353 ordinari
1594 3328 1730 3362 possunt
1751 3322 1836 3351 bona
1859 3327 1890 3352 et
1912 3320 1996 3350 mala
2019 3319 2174 3351 virtutum
2198 3325 2228 3349 et
2252 3318 2413 3355 vitiorum,
2432 3319 2505 3350 ideo

1437 3373 1467 3397 et
1489 3366 1620 3397 virtutes
1643 3373 1674 3396 et
1696 3365 1771 3396 vitia
1794 3371 1825 3395 et
1847 3374 1961 3395 eorum
1984 3364 2131 3395 materiae
2155 3369 2230 3394 sunt
2247 3363 2378 3394 materia
2396 3373 2505 3404 super-

1437 3411 1521 3441 biae.
1546 3420 1583 3441 ex
1607 3410 1757 3440 omnibus
1782 3409 1867 3439 enim
1898 3408 2053 3449 superbus
2082 3415 2205 3439 tumere
2234 3407 2312 3438 vult.
2342 3407 2388 3438 Ita
2415 3407 2505 3448 quod

2539 2354 2661 2377 'Ariston
2674 2354 2751 2377 Ethic.

2538 2380 2578 2402 lib.
2597 2381 2631 2408 11,
2651 2387 2677 2403 ea
2720 2388 2752 2408 vr,

2538 2413 2561 2429 n.

2576 2414 2654 2436 ²·3·-
2685 2408 2751 2430 frti.

2539 2433 2590 2457 lect.
2607 2441 2638 2457 vi.

1437 3455 1517 3486 sicut
1533 3455 1720 3495 magnitudo
1741 3453 1855 3494 operis,
1873 3460 1909 3484 ut
1932 3452 2109 3498 superius*
2131 3458 2226 3493 patet,
2247 3451 2414 3492 dupliciter
2430 3462 2504 3482 con·
2532 3459 2542 3469 ·

1438 3500 1599 3535 sideratur,
1617 3498 1734 3529 scilicet
1753 3505 1789 3528 ut
1805 3497 1946 3529 conditio
1963 3496 2078 3548 operis,
2095 3503 2126 3527 et
2141 3496 2185 3527 sic
2204 3502 2323 3536 spectat
2338 3496 2376 3526 ad
2392 3506 2503 3537 quam-

1438 3544 1513 3574 libet
1534 3543 1700 3580 virtutem,
1726 3549 1757 3573 et
1779 3549 1815 3573 ut
1844 3541 1954 3573 transit
1984 3541 2016 3572 in
2039 3541 2196 3572 rationem
2220 3540 2387 3571 formalem
2417 3540 2502 3570 obie-

1438 3588 1561 3624 cfivam,
1586 3594 1617 3618 et
1639 3587 1682 3618 sic
1711 3586 1875 3618 constituit
1903 3585 2213 3627 magnanimitatem;
2247 3584 2289 3616 ita
2316 3583 2502 3624 magnitudo

2530 3496 2553 3516 4,

2580 3469 2603 3484 u.
2612 3468 2689 3490 cxxix,
2699 3466 2742 3484 ιη.

2604 3493 2698 3511 mment.
2717 3495 2740 3510 n.

2531 3521 2564 3537 tu.
