2768 4198
54 2327 123 2348 'ei-V
138 2326 180 2348 ..6

54 2382 114 2403 ‘Mo
116 2381 263 2409 ναΙ.ἰ11)ΧΙ,

53 2415 148 2456 05⁹1).va
117 2441 161 2457 cxv
151 2409 247 2457 ,a¹l.1x.

53 2469 80 2491 43
152 2490 167 2524 β

285 341 364 376 414

932 326 1199 373 QUAESTIO
1231 323 1461 370 CLXXVll,
1491 323 1790 360 ARTlCULUS
1822 325 1833 359 l

412 552 825 632 QUAESTIO
866 547 2367 606 CENTESIMASEPTUAGESIMASEPTIMA

484 673 567 713 DE
602 669 832 711 GRATIA
869 667 1091 709 GRATIS
1127 667 1300 707 DATA
1335 666 1507 719 QUAE
1543 667 1862 708 CONSISTIT
1894 669 1956 708 IN
1990 669 2284 711 SERMONE

1114 784 1148 808 IN
1177 783 1273 809 DUOS
1301 783 1506 808 ARTlCULOS
1539 783 1657 808 DlVISA

372 895 479 920 ElNDE
500 882 820 919 considerandum
850 886 906 915 est
926 879 973 915 de
998 878 1117 926 gratia
1136 877 1248 926 gratis
1269 877 1356 914 data
1383 876 1385 942 ἶ

200 895 469 985 ffl‘quuae
499 934 668 971 consistit
697 934 734 970 in
763 944 940 970 sermone
966 931 1005 979 ³¹⁴,
1037 932 1084 968 de
1113 943 1191 979 qua
1219 931 1355 968 dicitur
1383 945 1384 958 ¹

289 992 302 1026 Ι
332 991 383 1027 ad
414 990 500 1026 Cor.
530 1000 577 1024 xn
607 987 647 1024 *ι
677 987 756 1023 Alii
783 986 896 1023 datur
918 997 991 1034 per
1019 985 1200 1033 Spiritum
1229 996 1354 1022 sermo

286 1043 501 1092 sapientiae,
531 1042 598 1078 alii
623 1052 748 1077 sermo
776 1039 963 1076 scientiae.

1411 878 1460 914 Et
1489 879 1588 914 circa
1617 879 1692 915 hoc
1720 885 1956 926 quaeruntur
1985 879 2076 916 duo.

1463 931 1612 968 Primo:
1634 939 1764 1022 ugrum
1780 932 1818 968 in
1835 942 2014 969 sermone
2031 934 2212 972 consistat
2215 935 2351 986 aliqua
2365 936 2485 986 gratia

1519 985 1634 1032 gratis
1691 992 1750 1022 ata

1465 1037 1667 1076 Secundo:
1699 1038 1837 1088 quibus
1865 1039 1963 1077 haec
1990 1040 2110 1088 gratia
2139 1040 2333 1090 competit.

1105 1149 1427 1191 ARTICULUS
1458 1149 1667 1191 PRIMUS

673 1244 828 1275 UTRUM
854 1243 896 1273 IN
920 1241 1125 1273 SERMONE
1150 1241 1393 1273 CONstsTAT
1417 1243 1584 1280 ALIQUA
1608 1243 1773 1274 GRATIA
1797 1243 1955 1275 GRAT1S
1979 1244 2097 1275 DATA

955 1323 986 1347 111
1009 1323 1086 1348 Cont.
1109 1323 1197 1350 Gent„
1217 1330 1273 1355 cap.
1293 1330 1366 1353 eL1v;
1388 1323 1397 1347 1
1416 1323 1454 1347 ad
1475 1323 1545 1352 Cor„
1566 1331 1621 1355 cap.
1640 1331 1684 1353 ΧΠ,
1704 1324 1762 1349 lect.
1782 1331 1809 1350 n.

355 1426 383 1441 ,ι
420 1428 453 1448 s
502 1417 523 1443 D
549 1417 686 1442 ptumum
713 1416 766 1441 sm
795 1415 1038 1441 PROCEDITUR.
1066 1402 1227 1441 Videtur
1256 1402 1359 1449 quod

408 1446 480 1506 '⁸7³5-
502 1459 539 1495 in
570 1470 748 1495 sermone
777 1470 856 1494 non
886 1458 1067 1494 consistat
1095 1457 1221 1506 aliqua
1241 1457 1358 1504 gratia

326 1512 342 1563 ι’
439 1506 441 1509 ’
460 1511 614 1562 (gratis
649 1512 746 1548 data.
787 1511 916 1548 Gratia
955 1511 1057 1548 enim
1097 1511 1207 1548 datur
1239 1509 1288 1547 ad
1321 1509 1357 1547 id

347 1582 359 1595 ι
378 1534 469 1595 7³?
459 1559 609 1614 &quod
644 1565 791 1603 excedit
827 1565 1042 1602 facultatem
1071 1573 1240 1602 naturae.
1281 1563 1358 1600 Sed

289 1633 333 1658 ex
362 1620 521 1657 naturali
550 1619 695 1656 ratione
733 1618 938 1656 adinventa
967 1626 1023 1656 est
1055 1631 1116 1655 ars
1146 1617 1355 1664 rhetorica,

287 1687 356 1724 per
384 1685 500 1722 quam
530 1673 663 1722 aliquis
692 1680 817 1721 potest
843 1674 898 1710 sic
926 1673 1050 1710 dicere
1080 1677 1120 1709 ut
1146 1673 1288 1717 doceat,
1319 1676 1359 1707 ut

287 1729 449 1773 delectet,
480 1733 519 1763 ut
535 1728 689 1776 flectat:
719 1726 814 1763 sicut
843 1727 1078 1774 Augustinus
1107 1726 1207 1772 dicit,
1238 1725 1276 1762 in
1306 1724 1357 1761 IV

288 1783 334 1819 de
354 1782 460 1817 Doct.
487 1781 619 1818 Christ.
640 1780 660 1802 ³⁶
697 1781 783 1817 Hoc
812 1788 939 1817 autern
969 1780 1132 1830 pertinet
1152 1785 1169 1801 α
1197 1779 1245 1816 ad
1274 1791 1356 1827 gra-

287 1836 378 1872 tiam
400 1834 599 1871 sermonis.
621 1835 723 1881 Ergo
738 1833 890 1871 videtur
909 1835 1015 1883 quod
1035 1833 1153 1882 gratia
1169 1832 1357 1870 sermonis

290 1901 367 1926 non
397 1888 443 1925 sit
471 1888 589 1935 gratia
616 1889 730 1936 gratis
759 1888 858 1925 data.

344 1955 378 1979 2.
414 1944 654 1988 PRAETEREA,
686 1942 812 1978 omnis
848 1941 965 1989 gratia
1001 1942 1049 1978 ad
1087 1953 1247 1990 regnum
1285 1940 1357 1977 Dei

288 1996 460 2044 pertinet.
492 1996 569 2032 Sed
589 1996 798 2044 Apostolus
819 1995 918 2042 dicit,
942 1996 954 2031 I
975 1996 1027 2032 ad
1045 1996 1132 2032 Cor.
1149 2007 1184 2032 iv
1198 1994 1235 2031 *z
1265 1994 1356 2031 Non
1385 2015 1387 2043 l

290 2050 326 2086 in
354 2061 528 2086 sermone
556 2055 609 2086 est
636 2061 798 2099 regnum
818 2050 902 2095 Dei,
931 2050 998 2086 sed
1019 2049 1057 2086 in
1078 2049 1224 2086 virtute.
1256 2048 1358 2096 Ergo
1385 2046 1387 2058 “

290 2103 327 2139 in
366 2115 543 2140 sermone
587 2115 663 2139 non
709 2102 877 2140 consistit
921 2103 1046 2152 aliqua
1088 2103 1205 2151 gratia
1248 2102 1359 2150 gratis

291 2157 389 2194 data.

347 2211 381 2247 3.
412 2210 657 2256 PRAETEREA,
688 2211 789 2246 nulla
823 2209 941 2257 gratia
975 2211 1085 2246 datur
1121 2222 1165 2246 ex
1196 2209 1359 2246 meritis:
1388 2209 1389 2216 ’

292 2264 379 2312 quia
411 2263 445 2299 si
477 2274 527 2299 ex
554 2263 740 2311 operibus,
771 2264 847 2300 iam
878 2275 952 2300 non
982 2268 1036 2299 est
1061 2263 1208 2312 gratia,
1238 2270 1279 2300 ut
1308 2262 1362 2300 di-

294 2317 388 2353 citur
415 2317 527 2352 Rom.
549 2328 583 2352 xl
603 2315 634 2352 ³¹⁶.
667 2317 743 2353 Sed
773 2328 899 2353 sermo
930 2316 1040 2352 datur
1069 2316 1178 2353 alicui
1208 2327 1251 2352 ex
1282 2328 1362 2352 me-

293 2370 390 2406 ritis:
422 2369 510 2405 dicit
530 2369 630 2405 enim
652 2369 858 2417 Gregorius
873 2369 903 2415 ³⁸,
925 2381 1121 2418 exponens
1150 2369 1241 2406 illud
1261 2369 1363 2406 Psal-

206 2441 265 2456 πη.
294 2423 347 2460 mi
367 2422 406 2467 ³³,
436 2423 500 2459 Ne
526 2424 682 2471 auferas
710 2424 756 2459 de
784 2435 850 2459 ore
878 2435 962 2459 meo
991 2423 1148 2459 verbum
1176 2422 1363 2467 veritatis,

296 2477 401 2525 quod
430 2477 586 2512 verbum
612 2477 778 2513 veritatis
797 2475 812 2505 β
837 2476 1071 2524 omnipotens
1091 2477 1195 2513 Deus
1211 2476 1365 2524 sacien—

295 2531 390 2567 tibus
409 2529 547 2575 tribuit,
568 2535 604 2566 et
622 2542 696 2566 non
705 2530 938 2578 facientibus
959 2530 1061 2566 tollit.
1093 2530 1196 2577 Ergo
1212 2529 1366 2566 videtur

295 2583 401 2631 quod
431 2585 577 2620 donum
599 2583 786 2620 sermonis
815 2595 894 2620 non
914 2583 960 2620 sit
979 2583 1097 2631 gratia
1123 2583 1236 2631 gratis
1265 2584 1363 2620 data.

348 2648 385 2683 4.
416 2637 657 2683 PRAETEREA,
688 2637 783 2674 sicut
817 2649 972 2673 necesse
1012 2644 1067 2674 est
1105 2638 1209 2686 quod
1245 2637 1364 2673 homo

295 2702 364 2738 per
397 2701 617 2726 sermonem
650 2690 870 2738 pronuntiet
899 2702 943 2726 ea
973 2702 1072 2738 quae
1101 2690 1289 2739 pertinent
1317 2690 1364 2727 ad

296 2743 443 2780 donum
467 2743 673 2792 sapientiae
693 2745 755 2781 vel
776 2743 965 2789 scientiae,
997 2743 1047 2781 ita
1067 2744 1179 2780 etiam
1201 2756 1246 2780 ea
1267 2755 1366 2792 quae
1392 2747 1394 2766 s

296 2796 484 2846 pertinent
503 2797 551 2833 ad
566 2797 745 2834 virtutem
762 2797 865 2834 fidei.
887 2798 1001 2845 Ergo,
1019 2797 1048 2834 si
1069 2798 1224 2846 ponitur
1241 2809 1366 2834 sermo

295 2851 500 2898 sapientiae
528 2858 564 2887 et
590 2863 714 2887 sermo
749 2851 926 2888 scientiae
960 2851 1077 2899 gratia
1114 2851 1227 2899 gratis
1258 2852 1365 2897 data,

296 2904 378 2952 pari
408 2903 552 2940 ratione
582 2904 739 2941 deberet
768 2904 860 2953 poni
887 2916 1011 2941 sermo
1029 2905 1129 2953 fidei
1162 2905 1258 2942 inter
1286 2917 1367 2953 gra-

298 2957 366 2994 tias
395 2957 508 3005 gratis
538 2957 656 2994 datas.

354 3011 428 3047 SED
458 3023 492 3047 IN
513 3022 748 3048 con-smmum
768 3023 834 3048 EST
863 3012 968 3060 quod
989 3011 1124 3048 dicitur
1141 3012 1258 3048 Eccli.
1275 3023 1311 3048 vi
1326 3010 1366 3048 *τ

298 3064 452 3114 Lingua
481 3065 666 3110 eucharis,
696 3064 792 3101 idest
820 3064 994 3113 gratiosa,
1025 3066 1062 3102 in
1091 3066 1189 3102 bono
1218 3065 1369 3102 homine

299 3117 514 3154 abundabit.
555 3117 631 3154 Sed
670 3118 819 3155 bonitas
856 3118 1023 3155 hominis
1062 3127 1117 3155 est
1156 3131 1200 3156 ex
1238 3118 1367 3166 gratia.

300 3171 402 3218 Ergo
432 3171 546 3207 etiam
578 3178 612 3207 et
641 3171 851 3218 gratiositas
881 3171 1082 3208 sermonis.

354 3225 581 3261 RESPONDEO
604 3235 789 3262 mcennun
812 3225 918 3273 quod
947 3225 1086 3273 gratiae
1116 3225 1229 3273 gratis
1259 3225 1367 3263 datae

196 3291 210 3306 u
242 3291 273 3311 ιι,
303 3278 437 3314 dantur
465 3278 511 3314 ad
541 3277 739 3315 utilitatem
768 3278 943 3323 aliorum,
974 3287 1014 3315 ut
1043 3291 1157 3328 supra
1175 3278 1195 3300 '¹‘
1225 3279 1368 3316 dictum

303 3338 369 3366 est.
400 3330 576 3378 Cognitio
606 3338 734 3368 autem
764 3344 882 3380 quam
910 3332 1044 3381 aliquis
1064 3345 1086 3369 a
1106 3333 1191 3370 Deo
1221 3332 1368 3382 accipit,

304 3382 340 3418 in
379 3383 574 3420 utilitatem
614 3385 765 3422 alterius
804 3385 974 3422 converti
1012 3398 1089 3422 non
1132 3394 1262 3434 posset
1299 3385 1369 3423 nisi

306 3435 495 3473 mediante
516 3437 720 3475 locutione.
752 3439 800 3475 Et
819 3438 906 3486 quia
929 3438 1088 3487 Spiritus
1109 3440 1270 3476 Sanctus
1291 3451 1369 3476 non

306 3488 433 3525 deficit
461 3489 497 3525 in
519 3490 646 3537 aliquo
677 3492 780 3539 quod
810 3492 995 3540 pertineat
1019 3493 1065 3529 ad
1087 3492 1281 3529 Ecclesiae
1301 3492 1370 3529 uti-

358 3622 386 3653 α)
406 3621 466 3646 Hoc
489 3624 578 3646 autem
600 3623 728 3654 pertinet.
745 3637 762 3642 —
783 3623 857 3649 Haec
881 3627 969 3648 autem
991 3624 1131 3656 pertinent
1155 3624 1275 3655 ABCEF',
1298 3625 1373 3650 Haec

305 3660 395 3682 autem
410 3657 530 3689 pertinet
547 3657 590 3683 ΗΙ.

1412 1402 1568 1450 litatem,
1595 1403 1708 1440 etiam
1738 1403 1917 1452 providet
1936 1405 2122 1442 membris
2142 1406 2338 1443 Ecclesiae
2366 1407 2406 1444 in
2434 1408 2490 1445 lo-

1413 1456 1583 1494 cutione:
1614 1469 1693 1494 non
1722 1458 1849 1494 solum
1875 1465 1917 1495 ut
1944 1458 2080 1506 aliquis
2109 1458 2162 1496 sic
2191 1460 2370 1510 loquatur
2396 1468 2440 1498 ut
2467 1474 2490 1499 a

1412 1510 1573 1548 diversis
1601 1510 1722 1560 possit
1741 1511 1905 1559 intelligi,
1936 1511 2041 1560 quod
2071 1512 2233 1561 pertinet
2262 1514 2311 1551 ad
2340 1515 2487 1553 donum

1411 1563 1650 1612 linguarum;
1687 1565 1755 1602 sed
1785 1565 1898 1602 etiam
1928 1565 2035 1613 quod
2065 1566 2270 1604 efficaciter
2297 1569 2488 1618 loquatur,

1412 1618 1518 1666 quod
1546 1618 1709 1667 pertinet
1732 1618 1780 1656 ad
1800 1618 1959 1667 gratiam
1987 1620 2172 1657 sermonis
2190 1625 2218 1657 Υ.
2249 1621 2299 1658 Et
2325 1623 2402 1659 hoc
2427 1622 2489 1660 tri-

1412 1671 1566 1720 pliciter.
1606 1671 1737 1709 Primo
1767 1672 1944 1721 quidem,
1973 1673 2021 1710 ad
2052 1673 2317 1712 instruendum
2346 1676 2488 1713 intelle-

1413 1732 1534 1762 ctum:
1570 1725 1675 1775 quod
1714 1725 1757 1762 fit
1794 1726 1887 1763 dum
1922 1726 2058 1775 aliquis
2094 1726 2148 1764 sic
2181 1728 2349 1778 loquitur
2381 1729 2489 1778 quod
2536 1732 2539 1735 '

1411 1779 1587 1816 doceat*.
1608 1801 1632 1807 -
1663 1779 1856 1826 Secundo,
1886 1781 1932 1817 ad
1964 1781 2205 1818 movendum
2233 1782 2428 1830 affectum,
2449 1789 2492 1821 ut
2517 1790 2529 1801 ⁸

1412 1833 1551 1870 scilicet
1571 1833 1732 1870 libenter
1752 1833 1882 1870 audiat
1899 1834 2064 1870 verbum
2083 1834 2176 1872 Dei:
2206 1836 2313 1884 quod
2333 1837 2376 1874 fit
2394 1837 2489 1874 dum

1412 1887 1546 1937 aliquis
1567 1886 1620 1923 sic
1643 1887 1812 1936 loquitur
1831 1887 1938 1936 quod
1958 1887 2153 1925 auditores
2174 1888 2339 1927 delectet.
2370 1890 2489 1937 Quod

1413 1953 1491 1978 non
1509 1941 1623 1978 debet
1638 1940 1771 1990 aliquis
1787 1953 1972 1990 quaerere
1987 1949 2145 1990 propter
2159 1942 2335 1980 favorem
2355 1955 2490 1981 suum:

1414 1995 1481 2031 sed
1510 2002 1552 2031 ut
1570 1994 1749 2031 homines
1769 1994 1980 2032 alliciantur
1998 1995 2048 2032 ad
2067 1995 2305 2033 audiendum
2324 1996 2490 2034 verbum

1414 2048 1499 2086 Dei.
1520 2069 1544 2076 -
1564 2048 1709 2095 Tertio,
1731 2048 1779 2085 ad
1799 2049 1874 2086 hoc
1904 2048 2008 2098 quod
2038 2048 2174 2097 aliquis
2203 2057 2308 2087 amet
2327 2062 2372 2087 ea
2391 2061 2491 2100 quae

1412 2102 1541 2139 verbis
1580 2102 1858 2150 significantur,
1891 2110 1927 2139 et
1961 2102 2053 2139 velit
2090 2115 2135 2140 ea
2169 2103 2349 2152 implere:
2383 2103 2491 2153 quod

1415 2156 1458 2194 fit
1487 2156 1580 2194 dum
1610 2155 1744 2205 aliquis
1774 2156 1827 2193 sic
1850 2156 2019 2204 loquitur
2047 2156 2152 2205 quod
2181 2157 2396 2195 auditorem
2415 2157 2492 2207 fle-

1416 2215 1501 2247 ctat.
1531 2209 1592 2247 Ad
1623 2210 1730 2258 quod
1759 2210 1914 2259 quidem
1944 2209 2192 2247 efficiendum
2214 2210 2376 2260 Spiritus
2396 2211 2492 2248 San-

1418 2270 1499 2300 ctus
1528 2263 1644 2300 utitur
1672 2263 1799 2311 lingua
1826 2263 1996 2300 hominis
2024 2264 2133 2313 quasi
2163 2265 2332 2314 quodam
2356 2264 2492 2302 instru-

1417 2324 1569 2353 mento:
1600 2316 1682 2365 ipse
1711 2324 1839 2354 autern
1870 2325 1926 2354 est
1954 2316 2019 2365 qui
2048 2318 2198 2366 perficit
2225 2318 2491 2367 operationem

1418 2369 1585 2406 interius.
1615 2369 1728 2407 Unde
1757 2370 1964 2418 Gregorius
1994 2370 2098 2418 dicit,
2127 2371 2166 2408 in
2194 2372 2364 2409 Homilia
2392 2372 2492 2409 Pen-

1418 2430 1581 2460 tecostes
1603 2424 1643 2459 *z
1682 2423 1772 2460 Nisi
1802 2423 1919 2460 corda
1953 2423 2171 2460 auditorum
2207 2425 2368 2473 Spiritus
2396 2426 2491 2463 San·
2521 2432 2531 2443 ⁸

1419 2482 1498 2513 ctus
1527 2475 1679 2524 repleat,
1709 2476 1760 2513 ad
1787 2489 1900 2514 aures
1919 2477 2090 2525 corporis
2107 2488 2184 2514 vox
2204 2479 2417 2516 docentium
2436 2478 2492 2516 in-

1419 2542 1568 2567 cassum
1598 2535 1717 2566 sonat.

1473 2586 1532 2620 AD
1561 2595 1699 2620 PR1MUM
1729 2595 1827 2620 ERGO
1846 2594 2032 2621 montinum
2057 2584 2176 2632 quod,
2206 2584 2303 2621 sicut
2330 2584 2494 2622 miracu-

1420 2638 1500 2674 lose
1530 2638 1636 2674 Deus
1665 2638 1899 2685 quandoque
1919 2644 2098 2686 operatur
2117 2639 2288 2686 quodam
2310 2639 2493 2676 excellen-

1420 2690 1503 2727 tiori
1534 2691 1653 2727 modo
1685 2690 1797 2727 etiam
1828 2703 1873 2727 ea
1903 2703 2002 2740 quae
2027 2698 2161 2728 natura
2185 2699 2311 2740 potest
2330 2691 2492 2742 operari,

1421 2744 1471 2781 ita
1500 2744 1614 2781 etiam
1644 2743 1806 2793 Spiritus
1841 2745 2004 2781 Sanctus
2033 2745 2277 2782 excellentius
2312 2753 2494 2795 operatur

1421 2810 1490 2847 per
1509 2798 1666 2846 gratiam
1697 2798 1885 2835 sermonis
1905 2797 1943 2834 id
1972 2798 2078 2847 quod
2107 2806 2232 2847 potest
2251 2811 2311 2861 ars
2340 2798 2491 2848 operari

1421 2851 1590 2888 inferiori
1620 2851 1752 2888 modo.

1475 2907 1534 2941 Ao
1559 2916 1750 2942 SECUNDUM
1780 2915 1965 2942 DICENDUM
1994 2904 2100 2953 quod
2125 2905 2335 2954 Apostolus
2362 2905 2412 2942 ibi
2442 2905 2494 2943 lo-

1422 2958 1548 3008 quitur
1567 2960 1615 2996 de
1636 2969 1814 2995 sermone
1834 2958 1899 3007 qui
1914 2958 2084 2995 innititur
2102 2958 2295 2996 humanae
2311 2959 2495 3008 eloquen-

1421 3013 1506 3059 tiae,
1536 3013 1681 3061 absque
1710 3011 1848 3048 virtute
1879 3011 2039 3061 Spiritus
2069 3011 2206 3048 Sancti.
2245 3011 2358 3049 Unde
2386 3024 2494 3062 prae-

1423 3066 1524 3103 misit
1541 3065 1581 3102 *;
1626 3066 1884 3116 Cognoscam,
1914 3077 1989 3102 non
2022 3076 2235 3102 sermonem
2269 3076 2402 3103 eorum
2431 3066 2498 3115 qui

1423 3119 1544 3168 inflati
1560 3125 1657 3165 sunt,
1672 3119 1739 3156 sed
1756 3119 1941 3156 virtutem.
1964 3118 2013 3155 Et
2033 3117 2080 3155 de
2100 3117 2227 3167 seipso
2247 3118 2497 3167 praemiserat

1424 3185 1551 3222 supra,
1582 3184 1604 3209 11
1625 3172 1662 3209 *t
1693 3173 1826 3209 Sermo
1855 3183 1960 3209 meus
1988 3177 2025 3208 et
2039 3171 2276 3220 praedicatio
2304 3184 2390 3210 mea
2419 3184 2495 3210 non
2525 3183 2535 3194 ·

1418 3227 1497 3274 fuit
1522 3226 1558 3263 in
1582 3225 1893 3275 persuasibilibus
1916 3226 2107 3262 humanae
2124 3225 2331 3274 sapientiae
2349 3226 2494 3263 verbis.-

1423 3280 1489 3316 sed
1515 3279 1552 3316 in
1582 3280 1790 3316 ostensione
1817 3278 1977 3327 Spiritus
2006 3283 2043 3314 et
2067 3278 2225 3315 virtutis

1478 3334 1537 3370 AD
1565 3344 1725 3370 τεκτιυΜ
1755 3342 1941 3369 mceunun
1961 3331 2079 3379 quod,
2110 3331 2206 3368 sicut
2225 3331 2367 3370 dictum
2389 3340 2446 3370 est
2463 3331 2496 3380 ⁸³,
2525 3342 2536 3352 ·

1423 3386 1541 3434 gratia
1561 3384 1749 3422 sermonis
1768 3385 1878 3421 datur
1897 3383 2008 3421 alicui
2029 3385 2076 3422 ad
2098 3385 2294 3422 utilitatem
2319 3385 2494 3423 aliorum.

1424 3439 1536 3476 Unde
1551 3438 1785 3486 quandoque
1801 3437 2032 3474 subtrahitur
2050 3446 2208 3487 propter
2227 3438 2408 3476 auditoris
2423 3439 2497 3476 cul-

1424 3503 1534 3540 pam:
1569 3491 1804 3540 quandoque
1837 3498 1965 3528 autem
2004 3499 2160 3540 propter
2195 3492 2347 3541 culpam
2381 3492 2497 3542 ipsius

1482 3623 1507 3656 β)
1527 3623 1658 3649 veritatis.
1670 3637 1689 3642 -
1706 3627 1746 3648 est
1764 3623 1836 3656 quod
1855 3624 1953 3649 addunt
1971 3624 2017 3651 Pa.

1482 3658 1510 3692 γ)
1529 3658 1667 3684 sermonis.
1679 3672 1698 3678 -
1715 3666 1866 3684 sermonum
1889 3659 2106 3686 ABCDEFHKL.

2527 3080 2536 3091 ¹
2548 3077 2616 3102 Vere.
2630 3084 2664 3108 ¹9·

2549 3181 2616 3205 VC..
2629 3189 2654 3210 4.
