2768 4198
54 322 64 332 ⁸
77 320 143 342 νει-ε.
154 327 178 347 4,
191 326 220 342 1²-
232 326 265 346 ¹4·

51 643 60 652 ⁰
75 642 142 663 Vers.
158 648 186 663 12.

51 832 59 841 ⁸
75 831 140 852 Vers.
156 837 184 859 13-

43 2117 51 2126 ·
59 2116 95 2138 Ps.
105 2122 185 2144 cxviii,
194 2122 253 2139 vers.

41 2143 88 2170 164.

297 240 369 276 512

297 320 385 356 Cor.
406 331 442 356 lx
460 318 491 366 ³⁸,
521 318 586 355 ubi
616 318 704 355 dicit
724 317 933 366 Apostolus
953 315 1059 364 quod
1087 327 1162 351 non
1194 327 1281 351 usus
1309 320 1364 351 est

287 378 469 421 potestate
508 384 624 421 quam
652 372 815 408 hahebat
839 368 992 406 vivendi
1016 369 1062 404 de
1080 368 1305 417 Evangelio.

347 426 430 463 Hac
462 433 590 462 autem
621 422 955 472 supererogatione
992 422 1168 457 utebatur
1195 423 1362 470 Aposto—

291 479 349 516 lus
378 479 496 516 tribus
526 479 573 515 de
602 478 737 514 causis.
768 476 898 512 Primo
927 474 1098 522 quidem,
1123 483 1164 511 ut
1193 475 1363 512 occasio-

291 544 382 569 nem
424 531 670 580 praedicandi
707 530 871 566 auferret
905 528 1259 576 pseudoapostolis,
1300 529 1363 578 qui

290 593 447 634 propter
473 585 553 621 sola
588 583 813 631 temporalia
841 580 1124 630 praedicabant.
1160 582 1273 619 Unde
1308 582 1363 619 di-

291 639 354 685 cit,
387 640 416 674 11
447 638 499 674 ad
534 638 621 674 Cor.
650 648 686 672 x1
714 635 753 672 *ε
788 635 899 677 Quod
929 639 1056 671 autem
1078 635 1214 683 facio,
1244 641 1280 672 et
1294 637 1363 685 fa-

290 692 409 736 ciam,
447 697 488 727 ut
523 695 713 738 amputem
754 700 887 725 eorum
932 688 1195 734 occasionem,
1231 697 1301 726 ete.
1337 710 1362 718 -

291 744 483 791 Secundo,
512 743 561 780 ad
591 742 815 779 evitandum
835 753 1045 790 gravamen
1065 753 1200 779 eorum
1222 743 1363 791 quibus

288 797 545 846 praedicabat.
567 796 678 834 Unde
704 795 811 842 dicit,
843 796 872 831 ll
898 794 951 831 ad
979 794 1068 832 Cor.
1089 801 1170 832 κη’
1189 794 1229 832 *ε
1264 797 1365 839 Quid

288 851 413 888 minus
448 850 628 887 habuistis
655 861 755 898 prae
781 848 913 885 ceteris
941 847 1120 895 ecclesiis,
1156 849 1229 886 nisi
1263 850 1366 899 quod

340 967 365 999 κ)
385 968 450 994 XII.
462 981 482 988 —
500 968 595 994 ultimo
614 970 717 995 codices
737 975 762 995 et
779 978 805 996 a.

903 237 1172 283 QUAEST10
1203 236 1468 283 CLxxxvn,
1498 237 1799 275 ARTICULUS
1830 240 1879 275 111

1417 326 1490 365 ego
1515 316 1592 364 ipse
1612 329 1687 354 non
1714 318 1883 367 gravavi
1898 318 1996 355 vos?
2023 341 2047 347 -
2077 319 2223 367 Tertio,
2246 320 2295 357 ad
2320 320 2491 357 dandum

1419 370 1639 418 exemplum
1661 371 1847 419 operandi
1863 371 2005 409 otiosis.
2027 372 2139 410 Unde
2161 374 2192 409 lI
2209 373 2261 409 ad
2278 374 2314 410 T
2309 374 2403 410 hess.
2413 386 2449 411 111
2460 374 2491 421 ²¹²,
2522 378 2531 387 ⁸
2546 377 2612 400 Vm
2628 378 2651 405 8,
2665 384 2687 406 ⁹·

1419 422 1528 460 dicit:
1557 423 1682 460 Nocte
1709 430 1745 460 et
1762 425 1821 461 die
1840 432 2048 473 operantes,
2070 432 2111 462 ut
2117 427 2296 475 formam
2315 427 2494 464 daremus

1416 476 1523 513 vobis
1542 477 1594 513 ad
1616 477 1840 514 imitandum
1860 491 1975 516 nos.-
1993 479 2111 527 Quod
2132 487 2260 516 tamen
2282 481 2493 529 Apostolus

1418 542 1497 567 non
1525 530 1689 567 faciebat
1718 530 1756 567 in
1786 531 1879 568 locis
1907 532 1947 569 in
1973 533 2113 581 quibus
2142 534 2310 571 habebat
2338 534 2492 571 faculta-

1418 591 1497 620 tem
1518 583 1688 632 quotidie
1711 584 1971 633 praedicandi,
1993 586 2089 623 sicut
2116 588 2276 625 Athenis
2295 587 2334 624 *:
2355 595 2397 624 ut
2415 589 2494 625 Au-

1418 636 1589 685 gustinus
1605 637 1706 684 dicit,
1724 638 1762 675 in
1776 637 1873 674 libro
1893 639 1940 676 de
1958 639 2140 688 Operibus
2153 642 2440 678 Monachorum
2461 641 2492 679 ²¹⁸.

1472 691 1564 728 Non
1584 699 1714 728 autem
1735 699 1893 740 propter
1911 693 1987 729 hoc
2006 693 2169 742 religiosi
2192 703 2369 732 tenentur
2388 697 2493 745 Apo-

1418 744 1560 782 stolum
1599 744 1637 781 in
1673 745 1749 782 hoc
1777 744 1936 782 imitari:
1976 759 2067 784 cum
2101 759 2179 785 non
2208 756 2411 786 teneantur
2444 750 2494 786 ad

1418 810 1556 835 omnes
1583 798 1956 847 supererogationes.
1995 800 2108 838 Unde
2137 813 2210 838 nec
2238 802 2300 839 alii
2329 803 2494 852 apostoli

1417 852 1598 889 manibus
1628 853 1900 901 operabantur.

968 1050 1304 1084 Commentariis.
1329 1047 1583 1080 Cardinalis
1606 1046 1808 1080 Caietam

288 1139 335 1202 In
350 1129 484 1160 articulo
501 1129 593 1160 tertio
609 1130 755 1161 eiusdem
769 1131 978 1173 quaestionis,
995 1138 1072 1162 nota
1088 1138 1259 1171 utramque
1274 1130 1359 1170 glos-

315 1185 384 1205 sam
407 1181 652 1215 praeceptorum
675 1175 753 1207 iuris
778 1183 927 1207 naturae:
952 1177 1084 1207 alteram
1100 1176 1133 1206 in
1150 1174 1359 1216 responsione

284 1220 323 1250 ad
346 1219 502 1260 primum;
532 1219 663 1250 alteram
687 1220 720 1251 in
745 1230 880 1262 corpore
902 1221 1036 1252 articuli.
1067 1221 1176 1251 Habes
1199 1219 1359 1262 siquidem

283 1264 358 1295 hinc
381 1264 497 1304 primo,
523 1265 612 1306 quod
632 1273 799 1306 praecepta
816 1265 971 1297 naturalia
987 1266 1027 1296 ad
1044 1275 1218 1296 commune
1234 1265 1359 1296 bonum

284 1308 429 1339 absolute
445 1309 619 1340 necessaria
635 1319 701 1340 non
717 1310 816 1351 ligant
828 1310 982 1350 singulos.
995 1311 1037 1341 Et
1053 1317 1220 1352 propterea
1236 1310 1275 1340 ad
1292 1319 1358 1339 ma-

284 1353 379 1384 nuale
392 1363 485 1393 opus,
499 1354 588 1395 quod
602 1355 814 1386 necessarium
827 1362 874 1386 est
885 1355 918 1385 in
930 1355 995 1386 vita
1007 1355 1158 1392 humana,
1171 1364 1238 1385 non
1251 1361 1360 1385 tenen-

284 1405 336 1430 tur
359 1398 476 1438 singuli
499 1399 663 1430 absolute:
697 1399 781 1430 sicut
802 1409 862 1431 nec
885 1400 926 1430 ad
946 1399 1146 1440 generationi
1168 1399 1358 1430 vacandum.

340 1443 447 1474 Habes
463 1444 616 1480 secundo,
640 1444 730 1485 quod
749 1451 917 1485 praecepta
933 1444 1090 1476 naturalia
1106 1444 1213 1475 solum
1229 1450 1361 1485 propter

284 1487 498 1518 necessarium
521 1487 619 1519 finem
641 1488 783 1530 aliquem
804 1490 1052 1531 assequendum,
1073 1489 1201 1520 nullum
1218 1488 1360 1529 obligant

283 1532 340 1574 qui
363 1531 462 1563 finem
485 1532 578 1563 illum
602 1533 815 1565 necessarium
839 1533 968 1565 aliunde
991 1533 1145 1576 consequi
1170 1540 1286 1574 potest.
1318 1533 1360 1564 Et

283 1584 452 1618 propterea
476 1587 542 1608 non
565 1584 714 1609 tenentur
737 1578 927 1610 manualiter
942 1579 1066 1619 operari
1090 1585 1222 1619 propter
1237 1578 1359 1609 victum

283 1622 340 1663 qui
364 1622 493 1652 aliunde
515 1621 637 1653 victum
660 1622 744 1653 licite
768 1622 894 1654 habent.

339 1666 377 1697 11.
399 1666 464 1697 Sed
489 1667 570 1697 circa
598 1667 681 1697 hanc
702 1667 844 1707 glossam
873 1667 1010 1697 dubium
1034 1667 1182 1698 occurrit.
1217 1667 1303 1697 Nam
1333 1666 1358 1697 si

282 1720 341 1751 pro
372 1711 481 1751 regula
509 1711 695 1742 habendum
724 1718 772 1742 est
800 1711 891 1752 quod
919 1711 1103 1742 ordinatum
1132 1711 1173 1741 ad
1197 1710 1295 1742 finem
1323 1711 1358 1742 in

282 1761 407 1786 tanturn
432 1762 479 1786 est
501 1755 715 1786 necessarium
745 1755 777 1786 in
802 1763 962 1798 quantum
992 1754 1064 1786 finis
1095 1755 1163 1786 sine
1187 1765 1226 1786 eo
1249 1755 1358 1786 haberi

282 1810 348 1831 non
379 1806 503 1841 potest,
535 1807 566 1830 et
596 1810 663 1830 non
686 1799 793 1831 aliter:
826 1807 1011 1842 sequeretur
1034 1800 1124 1842 quod
1148 1799 1250 1831 homo
1273 1799 1358 1831 licite

282 1852 390 1886 posset
413 1853 478 1875 non
503 1844 636 1885 implere
667 1852 835 1886 praecepta
858 1845 978 1882 multa,
1004 1854 1041 1875 ex
1068 1855 1107 1875 eo
1135 1845 1225 1886 quod
1249 1851 1359 1885 posset

281 1890 370 1921 aliter
402 1899 503 1930 quam
533 1899 591 1930 per
618 1889 854 1921 observantiam
889 1889 974 1921 illius
1010 1889 1168 1930 praecepti
1202 1889 1357 1931 consequi

281 1935 378 1966 talem
400 1933 509 1964 finem.
534 1933 630 1965 Verbi
652 1934 762 1974 gratia,
787 1941 993 1976 praeceptum
1009 1934 1119 1965 ieiunii
1136 1934 1302 1966 ordinatur
1317 1934 1358 1965 ad

282 1979 478 2011 domandam
497 1988 626 2010 carnem
649 1986 680 2010 et
698 1986 840 2010 mentem
856 1979 1061 2011 elevandam:
1086 1979 1142 2021 qui
1156 1989 1233 2020 ergo
1252 1986 1359 2020 potest

281 2025 358 2055 haec
382 2023 471 2055 aliter
494 2034 593 2064 quam
616 2034 672 2064 per
695 2024 854 2055 ieiunium
877 2024 1003 2061 habere,
1028 2034 1095 2055 non
1115 2031 1240 2056 tenetur
1255 2024 1296 2055 ad
1312 2024 1357 2055 ie—

280 2069 417 2100 iunium.
443 2068 594 2099 Similiter
617 2076 823 2110 praeceptum
843 2069 882 2100 de
899 2068 1006 2100 officio
1023 2068 1132 2100 divino
1150 2069 1285 2100 dicendo
1305 2079 1357 2099 or-

281 2114 409 2145 dinatur
431 2113 471 2144 ad
495 2113 610 2144 mentis
634 2123 802 2145 ascensum
831 2115 948 2155 septies
971 2115 1004 2144 in
1028 2113 1160 2144 die*ad
1183 2114 1306 2144 Deum:
1333 2113 1358 2144 si

281 2159 354 2200 quis
377 2168 453 2199 ergo
485 2158 604 2199 absque
634 2158 744 2189 divino
772 2158 880 2190 officio
910 2165 1020 2200 posset
1043 2158 1158 2199 septies
1185 2158 1217 2189 in
1243 2158 1293 2189 die
1318 2158 1358 2189 ad

281 2205 388 2235 Deum
420 2209 526 2234 mente
559 2203 790 2241 conscendere,
815 2213 883 2234 non
912 2210 1072 2235 teneretur
1102 2203 1142 2234 ad
1171 2203 1358 2234 ecclesiasti-

282 2258 357 2280 cum
387 2246 541 2279 officium.
565 2247 607 2278 Et
629 2247 675 2279 sic
698 2249 737 2279 de
760 2248 928 2279 similibus.
962 2248 1055 2286 Quae
1079 2247 1188 2278 omnia
1212 2254 1360 2279 constant

282 2303 349 2324 esse
373 2291 462 2323 falsa.

339 2337 390 2367 Ad
412 2336 474 2366 hoc
498 2336 613 2367 dicitur
645 2335 735 2376 quod
757 2336 853 2366 verba
875 2336 996 2368 litterae
1026 2342 1164 2377 possunt
1190 2335 1360 2376 dupliciter

281 2379 425 2421 intelligi.
458 2379 583 2417 Primo,
615 2387 653 2411 ut
679 2390 763 2420 opus
794 2387 1001 2421 praeceptum
1029 2380 1069 2410 ad
1095 2379 1195 2411 finem
1218 2380 1358 2421 aliquem

282 2432 386 2458 careat
412 2425 544 2456 vinculo
575 2424 734 2465 praecepti
765 2424 791 2455 si
814 2425 904 2456 aliter
933 2431 1040 2466 potest
1067 2423 1141 2455 finis
1164 2425 1282 2456 haberi.
1317 2425 1360 2456 Et

283 2471 369 2502 hunc
392 2479 521 2500 sensum
544 2469 667 2510 accepit
689 2468 839 2500 obiectio.
868 2470 910 2500 Et
931 2469 1030 2500 falsus
1055 2476 1111 2506 est,
1135 2479 1194 2500 nec
1217 2469 1359 2500 intentus

282 2516 322 2546 ab
345 2517 496 2546 Auctore.
519 2532 541 2538 -
565 2514 732 2551 Secundo,
757 2520 793 2544 ut
822 2512 894 2545 finis
918 2513 1112 2545 necessarius
1135 2523 1201 2545 non
1228 2513 1360 2545 inducat

282 2560 347 2590 vim
371 2558 530 2600 praecepti
554 2558 587 2589 in
611 2569 695 2599 opus
718 2557 869 2599 aliquod,
895 2558 940 2595 si,
964 2558 1016 2589 vel
1039 2558 1186 2600 quando,
1211 2557 1278 2589 sine
1303 2558 1357 2590 tali

282 2613 379 2645 opere
402 2603 511 2634 haberi
534 2609 650 2644 potest.
675 2602 716 2634 Et
738 2602 790 2634 hic
810 2609 855 2634 est
879 2613 990 2634 sensus
1009 2602 1129 2634 litterae
1149 2612 1241 2634 verus
1261 2610 1292 2635 et
1311 2603 1358 2634 in-

281 2656 398 2685 tentus,
422 2647 538 2679 directe
562 2647 700 2679 serviens
723 2647 892 2688 proposito
916 2647 1076 2679 Auctoris.

338 2693 395 2724 Est
418 2699 527 2724 autem
549 2692 631 2725 inter
652 2692 714 2723 hos
737 2692 820 2723 duos
844 2702 956 2723 sensus
978 2692 1038 2724 ista
1061 2691 1245 2724 differentia.
1272 2691 1357 2723 Nam

282 2737 369 2768 iuxta
398 2737 577 2769 seeundum
607 2746 758 2774 sensum,
781 2736 949 2768 vinculum
979 2736 1139 2778 praecepti
1162 2737 1358 2778 supponitur

282 2783 392 2814 cadere
415 2792 512 2823 supra
535 2781 567 2812 id
591 2782 681 2823 quod
704 2788 837 2813 vocatur
859 2780 943 2819 finis,
967 2788 1046 2822 puta
1068 2781 1237 2812 comedere
1261 2787 1292 2812 et
1311 2781 1357 2812 bi-

282 2827 371 2858 bere:
397 2833 427 2858 et
450 2827 563 2858 exinde
587 2825 755 2857 deducitur
777 2826 825 2857 vis
849 2826 1008 2868 praecepti
1032 2836 1129 2867 supra
1150 2835 1247 2867 opere
1267 2826 1356 2868 quod

281 2877 415 2902 vocatur
438 2869 578 2903 ordinari
602 2871 642 2902 ad
665 2870 773 2907 finem,
797 2877 875 2911 puta
899 2881 995 2912 supra
1018 2880 1115 2911 opere
1138 2870 1290 2901 manuali.
1315 2871 1357 2902 Et

282 2923 450 2957 propterea
474 2915 588 2947 dicitur
611 2915 710 2956 quod,
735 2914 811 2956 quia
829 2915 910 2946 ratio
932 2915 1091 2956 praecepti
1113 2915 1146 2945 in
1170 2915 1224 2946 tali
1243 2915 1355 2946 ordine

282 2961 322 2991 ad
344 2958 443 2991 finem
465 2967 515 2991 est
537 2970 574 2991 ex
596 2970 637 2991 eo
661 2960 768 2991 solum
791 2960 881 3001 quod
904 2958 977 2990 finis
998 2959 1083 2991 cadit
1106 2960 1166 2990 sub
1185 2966 1356 3000 praecepto

282 3005 391 3042 altero,
416 3005 500 3042 ideo,
524 3005 550 3035 si
574 3004 646 3036 finis
669 3004 722 3035 ille
746 3011 852 3045 potest
874 3004 963 3035 aliter
985 3004 1109 3041 haberi,
1133 3014 1200 3035 non
1222 3004 1357 3036 trahitur

282 3049 449 3080 vinculum
471 3049 631 3090 praecepti
655 3059 673 3080 a
697 3049 803 3089 primo
826 3048 867 3080 ad
890 3049 1079 3086 secundum,
1102 3048 1166 3080 hoc
1181 3055 1228 3080 est
1251 3059 1269 3080 a
1293 3047 1356 3080 fine

283 3095 322 3125 ad
338 3094 399 3125 tale
422 3093 607 3125 ordinatum
623 3093 663 3124 ad
679 3092 786 3124 finem.
811 3111 832 3116 -
857 3093 945 3125 quta
966 3093 1107 3134 primum
1121 3103 1197 3124 vero
1214 3103 1354 3130 sensum,

282 3138 447 3170 vinculum
471 3137 630 3179 praecepti
661 3137 931 3179 praesupponitur
954 3138 1064 3169 cadere
1088 3147 1183 3179 supra
1207 3144 1279 3169 actu
1304 3148 1356 3168 or—

283 3182 391 3214 dinato
418 3183 460 3213 ad
486 3182 602 3219 finem,
626 3188 706 3223 puta
732 3192 829 3223 supra
851 3181 973 3213 ieiunio
1004 3181 1152 3213 ordinato
1176 3182 1215 3213 ad
1239 3182 1356 3214 mentis

284 3227 502 3264 elevationem,
520 3234 594 3258 etc.:
611 3227 666 3258 sed
681 3226 758 3268 quia
781 3233 887 3267 potest
909 3226 970 3257 alia
985 3226 1036 3257 via
1051 3226 1171 3268 acquiri
1186 3226 1258 3258 talis
1272 3226 1355 3264 finis,

284 3272 426 3312 neganda
454 3271 571 3303 dicitur
591 3271 640 3302 vis
664 3271 823 3312 praecepti
847 3272 886 3302 ab
915 3278 987 3303 actu
1011 3271 1159 3302 ordinato
1179 3272 1223 3303 ad
1246 3270 1354 3303 finem.

340 3315 402 3346 Ubi
425 3315 516 3347 facile
539 3316 645 3347 videre
667 3322 761 3356 potes
784 3316 874 3357 quod
889 3315 942 3347 ille
956 3316 1118 3347 secundus
1134 3325 1246 3347 sensus
1262 3326 1355 3348 verus

285 3366 346 3396 est;
372 3366 402 3390 et
425 3360 591 3402 proposito
615 3360 735 3392 litterae
760 3360 875 3391 directe
895 3359 1047 3398 serviens;
1072 3371 1108 3391 ac
1132 3370 1188 3402 per
1211 3360 1283 3398 hoc,
1308 3360 1354 3391 in-

285 3410 390 3434 tentus
414 3404 452 3434 ab
476 3406 625 3436 Auctore.
659 3404 721 3435 iste
745 3411 853 3435 autem
877 3404 999 3446 primus
1024 3411 1151 3436 enervat
1174 3405 1355 3436 universam

285 3447 360 3479 iuris
383 3448 510 3489 positivi
528 3448 606 3485 vim,
630 3455 744 3490 utpote
768 3449 1065 3480 determinationem
1087 3449 1128 3480 ab
1144 3449 1215 3490 ipso
1240 3449 1354 3480 factam

285 3492 395 3524 tollere
418 3492 603 3533 permittens
626 3493 764 3524 cuilibet.
789 3494 836 3524 Ex
853 3503 892 3524 eo
916 3503 1056 3534 namque
1075 3494 1165 3535 quod
1188 3493 1238 3524 lex
1254 3494 1354 3525 deter-

285 3535 418 3568 minavit
438 3536 493 3567 tali
516 3537 623 3567 medio
647 3538 805 3568 utendum
829 3547 895 3568 esse
919 3538 959 3568 ad
982 3538 1079 3568 talem
1102 3536 1209 3574 finem,
1227 3544 1355 3578 oportet

286 3580 430 3612 subditos
459 3580 522 3621 legi
551 3581 590 3611 ad
613 3580 692 3611 illud
716 3581 860 3612 medium
888 3591 921 3612 se
945 3581 1059 3612 habere
1083 3588 1119 3612 ut
1142 3581 1354 3612 necessarium

1414 1139 1451 1160 ex
1474 1129 1553 1169 legis
1576 1129 1805 1169 dispositione,
1830 1130 1896 1161 sive
1918 1130 1988 1171 ipse
2010 1130 2067 1161 illo
2091 1130 2199 1162 medio
2223 1138 2314 1172 egeat
2337 1131 2493 1169 absolute,

1414 1174 1480 1205 sive
1503 1184 1570 1205 non
1593 1181 1684 1215 egeat
1707 1174 1863 1206 absolute.
1899 1175 2016 1206 Procul
2040 1182 2087 1206 est
2110 1175 2206 1216 igitur
2222 1187 2241 1207 a
2256 1186 2352 1207 sensu
2371 1176 2493 1208 litterae

1414 1225 1444 1250 et
1467 1219 1618 1250 Auctoris
1642 1226 1750 1250 mente
1773 1219 1952 1250 intellectus
1972 1220 2041 1251 iste.

1470 1263 1523 1294 111.
1549 1264 1584 1294 ln
1609 1264 1724 1295 eodem
1748 1264 1841 1295 tertio
1865 1264 2010 1301 articulo,
2035 1265 2067 1295 in
2092 1265 2301 1306 responsione
2324 1265 2364 1295 ad
2380 1275 2492 1296 secun-

1414 1308 1510 1345 dum,
1542 1308 1679 1339 dubium
1707 1309 1844 1340 occurrit
1880 1308 1960 1340 circa
1987 1309 2086 1340 illud:
2120 1309 2273 1341 Nondum
2298 1315 2393 1341 erant
2415 1315 2494 1341 tunc

1414 1354 1567 1393 temporis
1590 1354 1767 1395 religiones
1789 1355 1966 1385 institutae.
2002 1354 2091 1385 Tum
2117 1354 2195 1396 quia
2217 1354 2379 1386 Dominus
2403 1354 2491 1386 lesus

1413 1397 1573 1429 invenitur
1596 1398 1734 1439 religiosi
1758 1398 1922 1430 institutor
1936 1405 2046 1436 status,
2067 1409 2143 1430 cum
2160 1399 2237 1431 dixit
2252 1399 2445 1431 adolescenti
2456 1400 2491 1431 *z

1413 1442 1450 1473 Si
1472 1443 1520 1474 ris
1537 1442 1707 1484 perfectus
1725 1453 1805 1481 esse,
1823 1444 1925 1475 vende
1939 1445 2050 1475 omnia
2065 1454 2149 1486 quae
2164 1445 2272 1483 habes,
2290 1451 2348 1476 etc.
2364 1462 2386 1468 -
2402 1444 2492 1476 Tum

1413 1486 1489 1528 quia
1519 1493 1664 1528 tempore
1692 1488 1928 1529 Apostolorum
1962 1496 2051 1520 erant
2078 1489 2247 1520 monachi:
2278 1495 2315 1520 ut
2344 1495 2432 1530 patet
2455 1499 2492 1522 ex

1414 1531 1571 1573 Dionysio
1585 1531 1612 1569 *,
1638 1532 1694 1574 qui
1718 1539 1795 1563 tunc
1819 1533 1974 1574 temporis
1997 1533 2068 1564 fuit.

1469 1577 1520 1607 Ad
1543 1576 1606 1607 hoc
1630 1577 1744 1608 dicitur
1767 1577 1948 1618 dupliciter.
1981 1577 2109 1614 Primo,
2142 1578 2233 1619 quod
2261 1580 2386 1609 Auctor
2415 1577 2493 1610 dicit

1412 1621 1576 1661 pluraliter
1591 1622 1768 1663 religiones
1783 1622 1932 1653 nondum
1947 1621 2045 1653 fuisse
2060 1628 2137 1654 tunc
2153 1622 2326 1654 institutas:
2342 1623 2383 1654 ad
2402 1632 2493 1664 prae-

1412 1666 1605 1696 servandum
1628 1676 1662 1697 se
1684 1677 1704 1697 a
1727 1666 1889 1707 religionis
1912 1674 1996 1699 statu
2028 1667 2085 1709 qui
2108 1667 2205 1698 etiam
2228 1674 2306 1700 tunc
2329 1673 2411 1704 erat,
2435 1668 2492 1699 sci—

1412 1709 1486 1741 licet
1509 1710 1709 1741 monachalis
1733 1717 1869 1743 tantum.

1468 1753 1628 1791 Secundo,
1648 1755 1738 1796 quod
1754 1754 1921 1795 religiosus
1937 1762 2037 1786 status
2053 1762 2214 1797 quantum
2230 1756 2270 1787 ad
2285 1755 2491 1796 perfectionis

1411 1799 1568 1836 semitam,
1595 1798 1655 1830 fuit
1677 1810 1695 1829 a
1712 1798 1841 1830 Christo
1859 1799 2023 1831 institutus
2047 1800 2187 1837 dicente,
2212 1800 2249 1831 Si
2265 1801 2312 1831 vis
2319 1799 2491 1842 perfectus

1411 1852 1491 1880 esse,
1508 1850 1566 1875 etc.
1590 1844 1760 1882 Quantum
1783 1850 1892 1875 autem
1915 1844 1955 1875 ed
1979 1843 2226 1882 solemnitatem,
2243 1844 2304 1876 fuit
2324 1844 2490 1878 institutus

1411 1888 1450 1919 ab
1474 1888 1616 1919 Ecclesia
1638 1888 1819 1920 inchoative
1843 1895 1989 1929 tempore
2011 1889 2262 1930 Apostolorum,
2287 1896 2324 1921 ut
2345 1897 2434 1930 patet
2450 1899 2490 1922 ex

1411 1932 1559 1974 Dionysii
1581 1933 1812 1965 Ecclesiastica
1835 1933 2036 1965 [fier-archia
2052 1931 2256 1977 (rationabile
2272 1934 2359 1965 enim
2381 1942 2429 1968 est
2447 1935 2490 1967 ri-

1411 1984 1481 2009 tum
1505 1978 1641 2009 relatum
1665 1989 1683 2009 a
1698 1978 1857 2020 Dionysio
1881 1978 1962 2010 circa
1984 1978 2194 2010 ecclesiastica
2216 1978 2390 2012 ministeria
2402 1982 2491 2022 Apo·

1411 2022 1570 2054 stolorum
1595 2029 1739 2063 tempore
1763 2021 1983 2066 inchoatum):
2000 2030 2160 2065 quantum
2178 2033 2255 2055 vero
2279 2025 2319 2055 ad
2339 2025 2491 2057 solemni-

1411 2074 1510 2098 tatem
1537 2075 1691 2099 votorum
1719 2074 1750 2099 et
1782 2074 1899 2099 certam
1922 2067 2049 2099 vivendi
2074 2069 2236 2110 regulam,
2265 2075 2313 2100 est
2341 2077 2490 2112 postmo-

1411 2112 1490 2143 dum
1521 2113 1560 2143 ab
1591 2111 1733 2143 Ecclesia
1761 2120 2016 2144 consummatus.
2051 2113 2094 2145 Et
2116 2113 2193 2155 quia
2219 2114 2259 2144 ad
2282 2114 2346 2146 hoc
2369 2121 2492 2157 spectat

1410 2157 1501 2198 quod
1524 2156 1663 2198 religiosi
1683 2157 1838 2197 *peculiari
1861 2157 1995 2189 nomine
2018 2158 2156 2190 Fratres
2173 2158 2390 2200 appellantur,
2414 2159 2490 2192 ideo

1410 2204 1543 2239 Auctor,
1568 2202 1608 2232 ad
1630 2209 1891 2234 consummatam
1915 2202 2108 2243 religionum
2130 2203 2368 2236 institutionem
2390 2204 2490 2246 respi-

1411 2246 1507 2283 ciens,
1532 2246 1609 2277 dixit
1632 2247 1723 2288 quod
1746 2247 1895 2278 nondum
1919 2254 2007 2279 erant
2025 2247 2194 2289 religiones
2210 2248 2383 2282 institutae.
2405 2251 2491 2282 Ante

1411 2297 1671 2322 consummatam
1698 2301 1839 2332 namque
1870 2291 2063 2332 religionum
2093 2292 2347 2332 institutionem,
2375 2304 2490 2326 omnes

1412 2334 1584 2366 Christiani
1609 2334 1718 2366 fratres
1743 2336 1955 2367 vocabantur:
1990 2344 2064 2377 post
2095 2345 2353 2370 consummatam
2381 2345 2490 2371 autem

1410 2379 1646 2410 institutionem
1659 2403 1667 2416 ,
1703 2379 1735 2410 in
1767 2379 1923 2421 religiosis
1951 2381 2062 2413 Patris
2090 2388 2124 2413 et
2152 2382 2284 2414 Fratris
2314 2383 2488 2424 appellatio

1411 2423 1537 2461 mansit,
1562 2431 1598 2455 ut
1621 2425 1824 2456 consuetudo
1847 2431 1992 2457 testatur.

1468 2468 1521 2500 IV.
1546 2468 1583 2499 In
1605 2469 1722 2500 eodem
1744 2469 1889 2507 articulo,
1910 2469 1943 2501 in
1958 2470 2170 2510 responsione
2186 2471 2227 2502 ad
2243 2471 2383 2509 tertium,
2407 2471 2489 2504 cirea

1411 2513 1591 2544 orationem
1617 2513 1808 2545 manualiter
1830 2514 2045 2555 operantium,
2064 2514 2192 2547 adverte
2214 2516 2306 2557 quod
2329 2515 2363 2547 in
2386 2515 2490 2548 littera

1411 2557 1618 2599 distinguitur
1641 2558 1680 2589 de
1703 2558 1848 2590 oratione
1871 2559 2010 2600 publica,
2036 2565 2066 2590 et
2089 2559 2229 2600 privata:
2251 2566 2282 2592 et
2297 2560 2337 2591 de
2360 2560 2490 2602 publica

1411 2609 1544 2643 negatur
1567 2603 1657 2644 quod
1680 2601 1734 2634 fiat
1758 2613 1833 2634 cum
1857 2613 1953 2644 opere
1977 2604 2134 2641 manuali:
2159 2604 2199 2635 de
2223 2604 2344 2647 privata
2367 2612 2488 2646 autem,

1411 2647 1606 2678 conceditur.
1637 2647 1678 2678 Et
1701 2657 1808 2678 revera
1831 2654 1924 2689 turpe
1945 2648 2038 2679 valde
2062 2655 2144 2680 esset
2166 2649 2415 2681 ecclesiasticum
2437 2649 2487 2682 of-

1410 2690 1520 2723 ficium
1536 2691 1685 2723 manibus
1701 2692 1868 2733 operando
1884 2693 2078 2734 persolvere:
2098 2703 2184 2731 cum,
2202 2694 2284 2725 ultra
2299 2694 2487 2727 scandalum

1410 2743 1441 2768 et
1463 2736 1716 2773 irreverentiam,
1748 2747 1848 2778 quam
1877 2737 1950 2779 quis
1976 2737 2101 2769 homini
2125 2738 2290 2770 excellenti
2319 2738 2331 2769 l
2377 2739 2487 2771 nendo

1410 2791 1475 2811 non
1500 2781 1669 2818 exhiberet,
1688 2781 1841 2822 pluribus
1863 2783 2005 2814 intentus
2029 2783 2137 2814 minor
2150 2783 2192 2814 sit
2207 2783 2252 2818 ad
2265 2784 2364 2825 singu
2413 2792 2486 2815 sen-

1408 2835 1475 2857 sus.
1500 2826 1610 2863 Unde,
1635 2825 1711 2868 quia
1739 2827 1904 2867 operando
1929 2826 2077 2858 manibus
2100 2834 2235 2869 poneret
2263 2826 2336 2869 quis
2360 2827 2486 2859 obicem

1409 2870 1522 2911 plenae
1545 2870 1712 2902 attentioni
1737 2881 1836 2912 quarn
1860 2881 1878 2902 a
1897 2871 1967 2902 Deo
1991 2878 2154 2913 expectare
2176 2878 2301 2904 tenetur
2323 2872 2380 2913 qui
2403 2872 2484 2904 obli-

1408 2921 1502 2955 gatur
1524 2915 1564 2946 ad
1587 2915 1734 2946 divinum
1757 2914 1918 2953 officium,
1942 2915 2030 2947 iuxta
2052 2915 2148 2954 illud,
2171 2917 2296 2948 Devore
2326 2922 2484 2957 quantum

1409 2960 1500 2991 Deus
1513 2959 1651 2998 dederit,
1675 2960 1781 2997 Extra,
1804 2960 1845 2991 de
1860 2959 1968 2992 Celeb.
1984 2961 2091 2999 Miss„
2113 2970 2185 3002 cap.
2202 2960 2379 2993 Dolentes:
2399 2961 2484 2999 ideo,

1410 3004 1591 3035 notabiliter
1613 3014 1646 3036 se
1669 3005 1878 3046 occupando,
1910 3014 1977 3036 non
2000 3004 2151 3037 satisfacit
2173 3004 2334 3036 Ecclesiae
2358 3015 2484 3046 praeee-

1409 3055 1478 3089 pto.
1502 3066 1523 3072 -
1544 3048 1645 3080 Secus
1668 3055 1786 3086 autem,
1811 3049 1838 3080 si
1860 3059 1976 3091 parum
2000 3049 2079 3091 quid
2101 3058 2135 3080 se
2151 3056 2302 3091 occupat,
2327 3057 2406 3091 puta
2421 3051 2483 3082 cal-

1409 3093 1530 3124 ceando
1555 3102 1680 3125 ocreas:
1704 3094 1755 3124 vel
1779 3103 1863 3134 opus
1879 3093 1944 3125 fere
1960 3103 2026 3124 non
2041 3092 2266 3134 impeditivum
2286 3094 2388 3132 saciat,
2406 3102 2485 3137 puta

1409 3137 1485 3179 quia
1509 3137 1651 3179 parando
1674 3147 1708 3169 se
1731 3138 1772 3169 ad
1795 3138 1926 3169 missam
1949 3136 2070 3179 perficit
2092 3137 2241 3178 primam,
2266 3148 2303 3170 ex
2326 3139 2388 3171 hoc
2411 3139 2484 3182 ipso

1409 3182 1510 3223 magis
1534 3182 1699 3213 attendens
1723 3181 1830 3214 officio
1854 3182 1930 3224 quia
1948 3181 2098 3222 occupari
2114 3192 2190 3213 eum
2206 3183 2371 3224 contingit.
2396 3183 2484 3216 Cum

1410 3227 1495 3258 enim
1508 3236 1632 3267 parum
1651 3236 1716 3268 pro
1739 3227 1838 3258 nihilo
1859 3226 2056 3263 habeatur-⁴¹,
2080 3234 2219 3268 utroque
2243 3228 2344 3260 modo
2366 3238 2482 3270 parum

1409 3282 1475 3303 non
1500 3271 1641 3303 multum
1663 3271 1858 3312 imputatur:
1883 3270 1949 3302 sive
1968 3270 2087 3302 scilicet
2109 3271 2142 3302 in
2158 3282 2255 3312 parva
2269 3279 2359 3313 parte
2374 3272 2483 3313 officii,

1409 3316 1474 3348 sive
1497 3316 1530 3347 in
1554 3325 1651 3357 opere
1674 3325 1789 3357 parum
1804 3314 1995 3356 impeditivo
2020 3315 2092 3356 quis
2116 3322 2302 3357 occupatur.

1462 3360 1602 3391 Privatas
1619 3366 1726 3391 autem
1747 3358 1906 3390 orationes
1929 3359 2086 3391 laudabile
2100 3361 2192 3391 valde
2210 3367 2258 3392 est
2281 3360 2401 3403 aliquid
2425 3371 2482 3392 no—

1408 3411 1489 3436 strae
1513 3403 1629 3435 mentis
1657 3403 1740 3435 inter
1763 3413 1860 3444 opera
1884 3404 2046 3435 manualia
2069 3405 2108 3435 ad
2131 3405 2238 3436 Deum
2261 3405 2481 3438 transmittere.

1464 3449 1505 3480 V.
1530 3449 1563 3479 ln
1588 3448 1704 3479 eodem
1727 3447 1871 3484 articulo,
1894 3448 1928 3479 in
1945 3449 2154 3489 responsione
2171 3450 2209 3480 ad
2227 3450 2388 3491 quint-um,
2406 3456 2483 3481 nota

1407 3492 1657 3533 diligentissime,
1670 3498 1705 3523 tu
1720 3492 1777 3533 qui
1791 3492 1953 3532 praesides
1968 3493 2129 3530 ecclesiae,
2144 3501 2267 3535 quanta
2281 3501 2314 3526 te
2331 3500 2482 3535 oporteat

1407 3536 1620 3568 sollicitudine
1643 3536 1827 3567 subtrahere
1845 3537 2049 3569 occasionem
2072 3538 2342 3578 praedicatoribus
2357 3545 2389 3570 et
2404 3547 2480 3570 oon—

1406 3580 1579 3611 fessoribus
1610 3580 1812 3621 praedicandi
1842 3581 1890 3612 vel
1923 3581 2139 3613 confessiones
2172 3582 2320 3614 audiendi
2352 3588 2482 3624 propter

2523 599 2531 607 ⁸
2545 598 2596 620 Act.
2611 604 2662 627 cap.
2677 605 2735 627 xvu,

2522 630 2582 647 vers.
2597 631 2627 652 ¹7-

2522 652 2532 662 ·
2546 651 2603 680 Cap.
2618 658 2676 674 xvni

2519 1401 2734 1451 2...⁸¹²¹.¹¹¹.‚·.⁰·¹³·¹·¹›

2519 1532 2530 1542 ⁴
2549 1530 2640 1554 Sedes.
2663 1531 2733 1555 Hier.

2518 1563 2570 1586 cap.
2585 1564 2617 1580 vi.

2511 3233 2723 3263 'AmPan‘a

2510 3261 2550 3284 nb.
2573 3260 2603 3289 u,
2626 3266 2677 3290 cap.
2699 3267 2722 3289 v,

2509 3293 2610 3337 Mhi
2629 3286 2655 3310 ⁸·
2676 3287 2722 3310 η·
