2768 4198
55 1827 183 1850 ‚manath
201 1834 220 1847 *A*

57 1866 61 1867 ν
90 1860 110 1875 ιτ
128 1860 176 1875 ,πω
204 1853 209 1873 ³

55 1881 118 1902 :mst-
156 1886 167 1899 τι

69 1916 78 1924 ,
109 1914 114 1919 ,

50 2304 60 2314 ·
98 2309 122 2325 u.
132 2308 210 2330 αιιιι,
220 2306 262 2325 ιη.

50 2335 86 2378 Ιιῆ.
123 2332 220 2352 manent.
238 2335 262 2351 n.

50 2612 61 2623 ⁸
75 2610 123 2639 Qu.
139 2616 234 2634 mnu.

51 2749 102 2798 525

108 2755 139 2811 φρ

134 2755 156 2772 ιι.
167 2754 262 2775 mnu,

54 3235 64 3245 ⁸
79 3234 127 3261 Qu.
142 3238 237 3256 mviii.

1007 261 1276 308 QUAEsrio
1307 262 1388 308 CL,
1418 261 1716 299 ARTmuLUs
1747 263 1758 297 1

2414 262 2482 298 183

977 390 1312 425 Commentama
1336 391 1588 425 cardinalis
1609 391 1811 424 Caietam

295 492 343 555 In
366 481 497 514 articulo
520 481 626 521 primo
650 480 847 521 quaestionis
877 481 1360 522 centesimaequinquagesimae‚

290 659 396 699 primo
414 658 532 695 modo;
550 664 580 689 et
591 658 682 699 quod
694 658 738 688 sic
753 668 820 688 non
833 665 879 688 est
895 668 1014 689 nomen
1031 659 1154 699 culpae,
1169 659 1223 690 sed
1238 669 1362 700 poenae

291 713 327 734 ex
350 702 453 744 culpa.
483 702 546 733 Ubi
569 702 782 743 appellatione
805 703 872 733 vini
894 702 1078 743 intelligitur
1102 713 1198 734 omne
1222 704 1361 744 potabile

289 746 521 784 inebriativum,
538 753 574 777 ut
590 746 736 777 cervisia:
761 747 981 787 intelliguntur
996 747 1082 778 enim
1102 748 1286 779 secundaria
1302 749 1361 779 sub

290 791 464 832 principali,
482 791 563 822 sicut
579 791 674 822 etiam
698 798 772 822 sunt
788 791 956 822 adinventa
975 792 1014 822 ad
1033 792 1252 833 supplendum
1275 793 1362 832 prin-

290 835 399 876 cipale.
423 836 465 866 Et
488 842 656 876 propterea
681 836 829 867 debentes
853 836 1010 866 abstinere
1025 836 1134 877 aliquo
1159 837 1208 867 die
1233 847 1251 867 a
1274 836 1360 873 vino,

289 887 437 911 tenentur
451 879 547 911 etiam
566 880 721 911 abstinere
738 891 756 910 a
771 880 917 911 cervisia:
942 880 1079 912 sumitur
1095 881 1180 911 enim
1197 881 1270 911 loco
1285 881 1362 912 vini.

345 924 387 955 Et
409 924 566 965 quoniam
588 924 700 955 vinum
724 935 851 955 causare
870 931 975 965 potest
998 925 1117 966 aliquid
1141 932 1289 965 potatum
1312 926 1362 956 vel
1386 906 1390 972 Ι

289 978 355 999 non
379 975 547 1009 potatum,
570 969 772 1009 subiungitur
795 969 828 1010 ly
846 974 977 1009 potato,
1001 970 1041 999 ad
1074 968 1283 1000 differentiam
1308 969 1362 999 de—

289 1012 390 1044 fectus
413 1013 544 1044 rationis
568 1013 624 1054 qui
648 1013 802 1054 consequi
825 1020 930 1054 potest
955 1023 992 1044 ex
1007 1013 1084 1044 vino
1104 1014 1238 1044 odorato
1258 1012 1363 1056 (aiunt

290 1057 376 1088 enim
403 1058 563 1098 quosdam
594 1058 665 1088 solo
696 1058 796 1089 odore
818 1057 884 1088 vini
912 1057 1043 1088 rationis
1072 1067 1168 1088 usum
1198 1056 1360 1100 perdere):

280 1102 359 1132 >talis
389 1101 475 1132 enim
509 1102 650 1134 defectus
673 1112 740 1133 non
763 1109 810 1133 est
840 1101 991 1138 ebrietas,
1021 1101 1102 1132 sicut
1132 1111 1190 1132 nec
1221 1101 1362 1132 defectus

288 1146 419 1177 rationis
436 1157 563 1183 somno,
579 1147 630 1177 vel
649 1156 854 1188 quacumque
870 1156 964 1176 causa
988 1145 1048 1176 alia
1063 1156 1081 1176 a
1095 1145 1171 1176 vino
1193 1152 1318 1186 potato.

343 1190 481 1222 Additur
504 1198 613 1222 autem
629 1191 660 1221 in
685 1190 786 1222 littera
809 1191 842 1232 ly
858 1191 969 1227 multo,
986 1189 1062 1230 quia
1083 1189 1195 1220 vinum
1216 1197 1363 1230 potatum

290 1244 355 1266 non
371 1235 505 1266 inebriat
520 1235 581 1266 nisi
597 1235 637 1266 sit
652 1235 794 1266 multum
811 1241 956 1275 respectu
975 1233 1061 1264 illius
1080 1234 1136 1275 qui
1156 1233 1244 1270 bibit,
1261 1243 1362 1275 quan-

289 1279 565 1323 tumcumquele
595 1279 700 1320 seipso
731 1289 845 1320 parum
874 1278 914 1309 sit
940 1278 1030 1319 quod
1060 1277 1188 1309 bibitur.
1219 1279 1361 1310 Multum

289 1330 418 1355 autem-
428 1324 564 1355 dicimus
595 1323 810 1357 communiter
836 1323 871 1354 in
893 1323 1087 1364 quantitate:
1118 1330 1225 1363 potest
1254 1330 1362 1354 tamen

289 1368 472 1409 contingere
495 1368 586 1410 quod
609 1368 748 1399 multum
773 1367 806 1398 in
829 1366 944 1398 virtute
967 1373 1103 1403 tantum,
1121 1373 1151 1398 et
1175 1377 1240 1397 non
1261 1377 1363 1408 quan-

289 1412 387 1449 titate,
406 1412 554 1449 inebriet;
586 1418 663 1453 puta
687 1411 711 1442 si
736 1412 925 1443 tantundem
947 1412 987 1441 ab
1017 1411 1133 1442 eodem
1162 1417 1258 1448 tunc,
1282 1412 1362 1442 bene

289 1457 447 1494 dilutum,
472 1456 607 1488 bibitum
637 1465 704 1487 non
733 1455 934 1492 inebriasset;
965 1462 1042 1486 tunc
1071 1455 1158 1486 enim
1188 1455 1363 1487 multitudo

288 1501 423 1538 virtutis,
446 1511 513 1532 non
537 1500 732 1542 quantitatis,
755 1500 789 1530 in
812 1509 908 1531 causa
929 1506 985 1530 est.

315 1577 317 1586 -,
345 1546 403 1577 Est
425 1552 533 1586 autem
557 1545 699 1576 defectus
722 1544 779 1575 iste
803 1544 860 1586 qui
883 1544 1017 1575 ebrietas
1039 1551 1184 1580 vocatur,
1203 1554 1310 1585 poena
1327 1554 1365 1575 ex

288 1590 392 1631 culpa,
417 1599 482 1621 non
507 1589 623 1621 actuali
646 1599 789 1630 semper,
813 1589 869 1620 sed
897 1587 1042 1629 originali
1066 1588 1188 1620 saltem.
1220 1589 1256 1620 In
1280 1595 1363 1620 statu

288 1633 447 1676 siquidem
462 1633 673 1670 innocentiae,
690 1633 786 1665 etiam
802 1633 828 1664 si
851 1643 929 1664 usus
943 1632 1008 1664 vini
1028 1632 1148 1671 fuisset,
1165 1633 1274 1664 nullus
1290 1633 1365 1665 fuis-

287 1684 335 1710 set
357 1678 478 1710 ebrius:
501 1677 578 1719 quia
601 1677 710 1709 nullus
733 1687 820 1708 error
843 1684 899 1709 aut
921 1676 1098 1708 infirmitas.

344 1722 383 1754 11.
407 1723 444 1754 In
467 1723 583 1754 eodem
598 1722 732 1754 articulo
757 1722 873 1764 primo,
891 1722 1018 1754 adverte
1037 1722 1127 1763 quod
1143 1722 1286 1760 ebrietas,
1304 1733 1363 1763 pro

287 1773 360 1801 actu
387 1767 595 1804 inebriativo,
619 1767 659 1797 ad
690 1767 752 1798 hoc
781 1767 871 1808 quod
905 1777 971 1798 non
1000 1766 1040 1797 sit
1070 1774 1257 1807 peccatum,
1285 1767 1364 1798 duas

287 1811 383 1845 habet
404 1811 616 1843 conditiones.
648 1811 754 1842 Prima
777 1818 823 1842 est
845 1811 936 1852 quod
959 1818 1082 1852 praeter
1105 1811 1294 1852 opinionem
1318 1812 1364 1842 bi-

287 1855 389 1889 bentis
416 1863 513 1898 potus
543 1855 583 1887 sit
608 1855 825 1887 inebriativus.
855 1873 876 1879 —
906 1856 1072 1892 Secundo,
1097 1856 1188 1896 quod
1215 1856 1303 1886 nulla
1330 1856 1364 1887 in

207 1907 210 1909 ’
235 1916 237 1918 -
287 1900 351 1932 hoc
366 1900 502 1932 bibentis
521 1899 712 1940 negligentia
735 1906 911 1931 concurrat.
934 1899 1019 1930 Nam
1041 1899 1067 1930 si
1085 1899 1182 1931 credit
1205 1899 1289 1941 quis,
1309 1907 1365 1931 aut

288 1944 411 1976 dubitat
434 1955 468 1975 se
489 1945 646 1981 inebriari,
670 1954 737 1975 non
754 1951 929 1975 excusatur.
954 1944 996 1975 Et
1018 1943 1162 1975 similiter
1177 1944 1285 1975 sinon
1308 1945 1363 1976 ad-

287 1989 376 2020 hibet
397 1988 595 2029 diligentiam
623 1998 715 2019 suam
744 1988 778 2019 in
801 1989 995 2020 advertendo
1025 1995 1185 2029 quantum
1216 1989 1309 2025 bibit,
1333 1995 1365 2020 et

289 2033 380 2066 cuius
402 2033 521 2074 vigoris
544 2033 585 2064 sit
606 2033 730 2070 vinum,
754 2040 786 2066 et
809 2033 946 2074 qualiter
967 2033 1036 2074 ipse
1058 2033 1170 2064 bibens
1185 2040 1232 2064 est
1256 2033 1364 2075 dispo-

288 2078 376 2114 situs,
402 2084 480 2118 puta
503 2077 579 2118 quia
602 2084 648 2109 est
670 2077 761 2108 valde
786 2077 965 2114 calefactus,
990 2087 1056 2108 non
1081 2084 1257 2108 excusatur.

346 2122 382 2155 In
405 2122 521 2154 eodem
544 2121 678 2153 articulo
702 2121 819 2163 primo,
843 2122 970 2153 adverte
992 2122 1082 2163 quod
1106 2121 1238 2153 ebrietas
1257 2132 1294 2152 ex
1316 2122 1363 2152 in-

289 2165 435 2197 ordinata
458 2165 715 2206 concupiscentia
737 2173 768 2198 et
791 2176 851 2197 usu
875 2166 941 2197 vini
964 2176 1090 2206 semper
1109 2173 1155 2197 est
1177 2173 1362 2207 peccatum:

289 2211 332 2242 ita
354 2210 446 2252 quod
467 2217 635 2251 peccatum
665 2210 809 2242 consistit
831 2209 864 2241 in
887 2217 960 2242 actu
983 2220 1050 2252 quo
1077 2210 1150 2252 quis
1178 2210 1362 2242 inordinato

289 2255 433 2296 appetitu
461 2254 562 2286 utitur
582 2255 660 2286 vino
694 2254 897 2291 inebriativO,
923 2255 984 2285 hoc
1015 2262 1063 2285 est
1094 2254 1287 2296 inquantum
1316 2261 1364 2286 est

289 2299 523 2332 inebriativum.
553 2299 621 2330 lam
638 2298 658 2318 *
679 2298 766 2330 enim
789 2298 911 2330 dictum
941 2306 989 2330 est
1015 2299 1106 2340 quod
1128 2299 1169 2329 ad
1199 2299 1293 2339 gulae
1316 2299 1363 2330 vi-

289 2345 382 2380 tium,
406 2353 474 2374 non
497 2343 537 2374 ad
560 2342 758 2380 ebrietatem,
782 2350 902 2384 spectat
931 2343 1133 2374 inordinatus
1163 2353 1241 2374 usus
1265 2350 1363 2384 potus

288 2379 451 2421 absolute:
478 2387 519 2418 ad
543 2387 726 2419 ebrietatem
754 2394 864 2419 autem
887 2394 1046 2428 quatenus
1069 2394 1116 2418 est
1143 2387 1360 2419 inebriativus.

306 2429 309 2431 ’
344 2432 381 2463 In
404 2431 519 2462 eodem
543 2430 676 2462 articulo
700 2432 826 2472 primo,
852 2431 932 2463 circa
955 2431 1050 2463 illud:
1085 2432 1236 2464 Ebrietas
1263 2434 1363 2464 conti-

289 2482 385 2508 netur
402 2476 462 2507 sub
479 2476 562 2518 gula
576 2477 660 2507 sicut
674 2477 794 2516 species
808 2477 868 2507 sub
882 2486 1015 2518 genere,
1033 2476 1159 2507 adverte
1176 2477 1266 2518 quod
1280 2477 1362 2518 gula

289 2527 336 2552 est
359 2530 480 2552 nomen
511 2520 726 2561 aequivocum
748 2521 788 2552 ad
811 2530 913 2561 genus
946 2521 1187 2552 comessationis
1211 2529 1242 2552 et
1265 2521 1364 2552 ebrie-

288 2565 370 2602 tatis,
387 2572 418 2596 et
434 2565 474 2595 ad
491 2565 596 2604 ipsam
612 2565 752 2605 speciem
767 2565 1020 2597 comessationis.
1045 2566 1090 2596 Ita
1107 2566 1196 2606 quod
1213 2573 1364 2597 tractatus

289 2609 415 2641 habitus
438 2609 585 2649 superius
600 2607 616 2623 *
640 2609 679 2639 de
702 2609 778 2650 gula
801 2620 865 2640 non
891 2616 938 2640 est
961 2610 1087 2641 habitus
1107 2610 1146 2641 de
1159 2610 1235 2650 gula
1258 2618 1294 2642 ut
1317 2618 1365 2642 est

288 2664 400 2694 genus,
423 2654 480 2684 sed
504 2660 539 2684 ut
562 2660 609 2684 est
631 2653 766 2693 species:
792 2654 948 2695 quoniam
970 2661 1140 2686 tractatum
1157 2661 1204 2686 est
1226 2655 1265 2686 de
1288 2655 1365 2696 gula

290 2705 326 2730 ut
349 2705 395 2729 est
417 2698 532 2728 vitium
556 2697 744 2738 oppositum
764 2698 980 2735 abstinentiae,
996 2705 1033 2730 ut
1055 2709 1199 2740 expresse
1222 2699 1255 2729 in
1278 2699 1363 2740 prin-

290 2742 374 2784 cipio
390 2753 445 2783 qu.
467 2753 569 2780 chv1,
586 2742 770 2780 dividendo,
787 2742 916 2780 dicitur;
946 2750 977 2774 et
999 2743 1081 2774 inter
1095 2743 1215 2784 species
1237 2743 1331 2784 gulae
1346 2743 1364 2763 *

289 2797 356 2818 non
380 2793 427 2818 est
449 2793 635 2828 computata
659 2787 800 2822 ebrietas,
820 2797 903 2828 quae
927 2787 978 2818 hic
994 2787 1108 2818 dicitur
1131 2787 1252 2828 species
1271 2788 1365 2828 gulae

289 2838 326 2863 ut
341 2838 388 2863 est
402 2841 513 2871 genus,
530 2831 585 2861 sed
601 2831 810 2862 solummodo
826 2838 1029 2862 enumeratae
1045 2838 1120 2863 sunt
1135 2832 1255 2872 speeies
1270 2833 1364 2873 gulae

289 2886 372 2918 quae
396 2876 600 2907 continentur
619 2876 678 2906 sub
695 2876 939 2908 comessatione.
963 2876 1097 2907 Perinde
1113 2876 1209 2917 igitur
1228 2877 1288 2908 fuit
1304 2884 1364 2908 tra-

290 2927 372 2954 ctare
399 2920 438 2951 de
461 2920 536 2960 gula
559 2930 595 2951 ac
619 2920 644 2951 si
669 2920 707 2950 de
731 2920 964 2951 comessatione
986 2926 1185 2951 tractaretur:
1211 2922 1266 2952 sed
1289 2921 1364 2963 quia

290 2964 410 3006 species
434 2964 488 2995 illa
510 2974 630 2995 nomen
663 2964 785 3005 generis
809 2964 868 2995 sibi
892 2965 1076 3005 usurpavit,
1101 2966 1160 2996 sub
1184 2965 1276 3006 gulae
1307 2976 1365 2996 no-

290 3009 377 3040 mine
400 3015 529 3040 tractata
553 3016 611 3040 est.
640 3009 676 3039 In
700 3009 763 3040 hoc
785 3016 893 3040 autem
921 3009 995 3040 loco
1024 3009 1100 3049 gula
1124 3019 1190 3040 non
1221 3009 1366 3041 similiter

291 3053 442 3084 sumitur:
466 3053 522 3084 sed
544 3063 604 3094 pro
628 3063 742 3094 genere
768 3054 934 3084 communi
958 3054 997 3084 ad
1020 3054 1130 3093 gulam
1158 3063 1217 3094 pro
1242 3064 1364 3085 comes-

291 3098 414 3129 satione
437 3106 468 3129 et
491 3097 651 3129 ebrietate.

347 3142 400 3174 111.
425 3142 460 3172 ln
484 3142 599 3173 eodem
622 3142 767 3180 articulo,
784 3142 818 3172 in
834 3142 1044 3183 responsione
1067 3142 1107 3173 ad
1130 3142 1282 3183 primum,
1306 3143 1365 3174 du-

292 3184 382 3216 bium
406 3186 543 3217 occurrit
564 3187 605 3218 ad
627 3186 805 3218 hominem.
835 3186 989 3227 Superius
1013 3197 1152 3228 namque
1175 3189 1307 3224 Auctor,
1331 3187 1365 3218 in

293 3239 348 3270 qu.
366 3229 405 3260 de
421 3229 504 3261 Gula
514 3230 542 3267 ⁸³,
559 3237 616 3262 art.
637 3233 665 3268 3,
681 3232 721 3262 ad
740 3232 768 3268 3,
786 3231 864 3262 dixit
887 3231 976 3273 quod
992 3237 1227 3262 nocumentum
1251 3242 1365 3272 prove-

294 3273 383 3304 niens
406 3283 444 3304 ex
466 3274 642 3306 delectabili
665 3275 698 3306 in
722 3276 794 3306 cibo
812 3282 843 3307 et
857 3283 949 3316 potu,
970 3285 1026 3316 per
1049 3275 1194 3307 accidens
1215 3285 1247 3306 se
1270 3276 1366 3307 habet

293 3318 333 3348 ad
355 3317 475 3357 gulam.
503 3318 540 3349 ln
568 3319 628 3350 hac
656 3326 766 3351 autem
788 3320 1016 3361 responsione,
1041 3321 1080 3351 de
1103 3320 1182 3351 vitio
1212 3321 1365 3361 opposito

294 3361 434 3393 ebrietati
457 3369 602 3400 tractans,
627 3373 664 3395 u
686 3371 884 3396 nocumento
908 3371 1039 3396 naturae
1063 3365 1192 3406 culpam
1214 3365 1248 3395 in
1271 3365 1364 3396 absti-

295 3407 400 3437 nendo
425 3416 443 3436 a
465 3406 541 3436 vino
572 3407 745 3439 constituit.
779 3409 812 3440 Si
837 3409 923 3440 enim
953 3416 1000 3440 est
1023 3420 1079 3450 per
1111 3409 1273 3446 accidens,
1299 3420 1366 3440 non

295 3451 388 3481 debet
410 3461 446 3481 ex
470 3450 533 3481 hoc
556 3451 650 3492 culpa
673 3453 842 3484 constitui:
877 3461 908 3485 et
930 3454 955 3484 si
980 3464 1017 3484 ex
1040 3454 1103 3485 hoc
1127 3454 1221 3495 culpa
1246 3455 1365 3485 consti-

294 3495 403 3531 tuitur,
428 3504 495 3525 non
519 3501 565 3525 est
587 3505 644 3535 per
666 3495 821 3527 accidens.

351 3539 401 3570 Ad
424 3539 485 3570 hoc
509 3539 622 3570 dicitur
645 3539 822 3580 dupliciter.
845 3541 964 3579 Primo,
980 3542 1069 3584 quod
1091 3542 1177 3574 aliud
1202 3550 1248 3574 est
1264 3543 1366 3573 dicere

295 3584 384 3624 quod
408 3594 445 3614 ex
468 3590 597 3614 naturae
622 3591 818 3615 nocumento
842 3586 882 3616 sit
905 3586 1015 3626 culpa:
1048 3593 1079 3617 et
1101 3587 1188 3618 aliud
1216 3588 1306 3628 quod
1329 3598 1366 3618 ex

1386 481 1391 523 ᾖ
1417 488 1546 512 naturae
1570 490 1766 512 nocumento
1790 481 1830 511 sit
1853 481 1947 521 culpa
1970 479 2050 517 talis,
2075 480 2193 511 scilicet
2216 482 2365 522 opposita
2389 483 2487 512 ebrie-

323 526 403 557 circa
426 524 689 566 significationem
705 525 873 562 ebrietatis,
891 532 967 555 nota
991 525 1190 556 conditiones
1207 526 1302 566 primi
1322 526 1361 556 si·
1386 542 1389 575 Ι

290 569 442 610 gnificati:
466 569 540 610 quia
565 568 705 600 defectus
729 569 859 600 rationis
883 579 949 599 non
974 570 1128 606 absolute,
1150 571 1203 600 sed
1228 577 1264 601 ut
1287 581 1361 601 cau·
1386 579 1389 596 ι

291 621 376 645 satus
400 624 442 645 ex
464 614 565 645 multo
588 614 662 644 vino
679 619 805 654 potato,
826 613 1020 653 significatur
1043 615 1174 645 nomine
1198 615 1356 646 ebrietatis
1386 599 1389 650 Ῐ

1416 526 1481 556 tati.
1506 528 1629 556 Auctor
1652 535 1718 555 non
1742 525 1818 556 dicit
1839 525 2028 562 secundum,
2046 525 2101 555 sed
2119 525 2271 566 primum.
2297 526 2395 563 Quod
2413 537 2486 557 con-

1416 576 1477 601 stat
1500 579 1566 600 esse
1590 579 1717 600 verum:
1742 569 1817 610 quia
1835 577 1881 600 est
1897 570 1990 610 culpa
2013 576 2124 600 contra
2147 570 2323 600 naturalem
2344 580 2487 601 amorem

1415 614 1465 644 sui
1488 614 1598 654 ipsius,
1623 613 1769 654 quamvis
1793 623 1860 644 non
1884 621 2068 655 opponatur
2091 613 2242 646 ebrietati.

1471 658 1620 689 Secundo
1644 658 1758 689 dicitur
1773 658 1862 699 quod
1886 669 1943 699 per
1965 667 2135 698 gravamen
2151 665 2282 689 naturae
2298 661 2421 690 Auctor
2443 660 2487 689 in-

1415 702 1516 733 tendit
1547 712 1716 743 gravamen
1750 709 1880 733 naturae
1913 703 2022 744 quoad
2045 713 2142 734 usum
2173 702 2315 735 rationis.
2352 703 2393 735 Et
2417 703 2487 735 talis

1416 747 1531 787 culpa,
1554 756 1619 788 qua
1642 746 1714 788 quis
1738 747 1847 788 quoad
1871 757 1967 778 usum
1997 747 2128 778 rationis
2151 757 2188 778 ex
2211 747 2400 779 abstinentia
2422 748 2487 778 vini

1416 798 1558 831 gravaret
1580 798 1738 828 naturam,
1763 791 1887 831 opponi
1911 791 2096 822 conceditur
2114 791 2265 828 ebrietati,
2285 802 2368 833 quae
2391 802 2488 823 usum

1416 835 1546 867 rationis
1579 835 1662 866 tollit
1685 845 1722 866 ex
1746 835 1847 866 nimio
1875 846 1935 866 usu
1960 836 2034 867 vini.
2070 836 2105 866 ln
2129 836 2347 876 superioribus
2380 843 2488 868 autem

1414 882 1537 911 Auctor
1560 879 1637 910 dixit
1660 880 1749 920 quod
1768 887 2002 911 nocumentum
2026 881 2168 921 corporis
2192 891 2225 911 se
2249 881 2342 912 habet
2357 891 2413 922 per
2436 892 2488 912 ac-

1415 924 1522 955 cidens
1545 924 1585 954 ad
1604 924 1730 964 gulam:
1755 931 1786 954 et
1809 934 1876 954 non
1893 924 1970 955 dixit
1993 925 2082 966 quod
2106 932 2338 956 nocumentum
2356 925 2488 956 rationis

1415 978 1448 999 se
1472 968 1566 998 habet
1589 977 1646 1008 per
1668 967 1822 999 accidens.
1848 968 1935 1006 Quin
1952 969 2061 1008 potius
2085 969 2123 999 de
2139 977 2334 1001 nocumento
2358 970 2488 1001 rationis

1416 1012 1493 1043 dixit
1515 1012 1549 1042 in
1573 1022 1628 1053 qu.
1652 1022 1767 1052 praec„
1792 1019 1848 1043 art.
1869 1022 1897 1048 2,
1918 1013 2006 1053 quod
2030 1023 2063 1043 se
2086 1013 2182 1044 habet
2205 1024 2261 1053 per
2284 1025 2316 1045 se
2332 1015 2372 1045 ad
2395 1014 2487 1046 absti-

1415 1056 1567 1092 nentiam,
1593 1055 1807 1092 sobrietatem,
1833 1063 1863 1086 et
1886 1057 1995 1096 gulam
2019 1064 2049 1087 et
2073 1057 2266 1088 ebrietatem.

1474 1101 1528 1131 1V.
1560 1100 1595 1130 In
1619 1100 1736 1130 eodem
1766 1100 1900 1131 articulo
1934 1100 2054 1140 primo,
2078 1101 2111 1131 in
2144 1102 2352 1142 responsione
2379 1103 2419 1133 ad
2442 1113 2488 1134 se—

1416 1144 1570 1180 cundum,
1595 1144 1732 1175 dubium
1755 1144 1861 1184 primo
1885 1154 1921 1175 ex
1944 1145 2093 1182 Martino,
2117 1145 2150 1176 in
2166 1156 2220 1187 qu.
2243 1158 2252 1176 1
2275 1145 2290 1161 *
2314 1148 2353 1177 de
2380 1147 2487 1178 Ebrie-

1415 1196 1488 1225 tate,
1513 1188 1660 1225 occurrit,
1685 1195 1795 1219 contra
1818 1191 1992 1219 Auctorem
2015 1189 2048 1219 in
2072 1189 2131 1220 hac
2155 1191 2315 1221 solutione
2339 1199 2488 1231 arguente

1416 1232 1593 1273 dupliciter.
1616 1232 1736 1269 Primo,
1761 1232 1837 1273 quia
1858 1233 1936 1263 haec
1960 1233 2079 1264 solutio
2104 1243 2170 1264 non
2194 1241 2351 1266 consonat
2373 1236 2489 1267 doctri-

1418 1287 1476 1308 nae
1499 1276 1661 1318 sequentis
1683 1277 1824 1313 articuli,
1849 1277 1903 1307 ubi
1937 1277 2052 1308 dicitur
2075 1279 2184 1319 quod,
2207 1280 2237 1309 si
2258 1280 2330 1320 quis
2351 1280 2491 1312 advertit

1412 1327 1524 1361 potum
1542 1322 1609 1352 vini
1625 1331 1694 1353 esse
1709 1321 1953 1352 immoderatum
1972 1327 2002 1352 et
2018 1322 2180 1354 inebriare
2191 1329 2365 1364 potentem,
2383 1326 2490 1366 magis

1417 1371 1524 1397 tamen
1549 1365 1644 1396 vellet
1666 1366 1850 1396 ebrietatem
1874 1367 2043 1397 incurrere
2065 1376 2161 1407 quam
2181 1378 2201 1398 a
2212 1373 2293 1408 potu
2317 1369 2488 1408 abstinere,

1417 1410 1493 1442 talis
1508 1411 1645 1451 proprie
1661 1410 1781 1441 dicitur
1799 1410 1916 1442 ebrius.
1940 1410 1987 1441 Ex
2004 1410 2121 1451 quibus
2137 1411 2280 1452 arguitur
2295 1413 2348 1444 sic.
2375 1413 2490 1444 Omnis

1417 1454 1472 1496 qui
1495 1454 1597 1495 magis
1620 1454 1690 1485 vult
1713 1454 1858 1485 inebriari
1882 1461 1963 1496 potu
1982 1455 2048 1485 vini
2071 1465 2170 1496 quarn
2187 1466 2204 1487 a
2220 1463 2300 1496 potu
2325 1457 2489 1495 abstinere,

1418 1499 1486 1530 vult
1508 1499 1668 1530 inebriari.
1698 1498 1761 1530 Sed
1784 1499 1890 1529 omnis
1916 1499 2044 1539 proprie
2075 1499 2180 1531 ebrius
2212 1507 2259 1532 est
2291 1501 2488 1533 huiusmodi.

1417 1544 1502 1584 Ergo
1525 1543 1668 1575 defectus
1692 1543 1849 1574 ebrietatis
1873 1550 1920 1574 est
1942 1544 2150 1576 voluntarius.

1472 1588 1633 1620 Secundo.
1657 1587 1751 1619 Ratio
1775 1588 1895 1629 peccati
1923 1588 2080 1620 ebrietatis
2109 1589 2253 1621 consistit
2279 1591 2312 1621 in
2335 1591 2490 1623 volitione

1417 1639 1514 1674 potus
1537 1632 1740 1663 immoderati
1764 1639 1794 1663 et
1817 1632 2010 1671 inebriantis,
2031 1633 2100 1664 sciti
2123 1634 2214 1675 quod
2230 1641 2277 1666 est
2298 1635 2379 1667 talis.
2405 1636 2490 1676 Ergo

1417 1678 1456 1709 ad
1480 1677 1664 1709 ebrietatem
1691 1676 1866 1708 formaliter
1889 1684 1919 1708 et
1942 1678 2071 1718 proprie
2095 1677 2210 1709 dictam
2246 1679 2380 1720 exigitur
2402 1681 2490 1722 quod

1418 1729 1525 1763 potus,
1550 1721 1729 1753 secundum
1754 1722 1843 1763 quod
1866 1721 2034 1759 inebrians,
2059 1721 2099 1753 sit
2122 1722 2251 1755 volitus.

1473 1766 1618 1798 Dubium
1642 1765 1755 1796 deinde
1780 1766 1917 1797 occurrit
1947 1766 2024 1807 quia
2047 1766 2163 1798 falsum
2187 1774 2234 1798 est
2265 1769 2355 1808 quod
2382 1770 2491 1800 nullus

1417 1811 1493 1842 velit
1515 1821 1619 1843 carere
1635 1820 1696 1842 usu
1712 1810 1844 1842 rationis
1866 1821 1903 1842 ex
1917 1818 1998 1851 potu
2013 1811 2048 1841 *:
2075 1821 2149 1842 curn
2173 1812 2272 1853 aliqui
2289 1813 2352 1844 sint
2374 1814 2431 1854 qui
2455 1824 2491 1845 ex

1418 1854 1572 1886 industria
1594 1855 1635 1885 ad
1657 1855 1721 1886 hoc
1743 1854 1852 1886 bibant
1871 1862 1908 1886 ut
1929 1855 2134 1893 inebrientur,
2152 1863 2182 1887 et
2197 1856 2229 1887 in
2253 1857 2315 1888 hoc
2335 1858 2492 1889 delectan-

1419 1907 1470 1931 tur
1493 1899 1582 1941 quod
1599 1899 1722 1940 seipsos
1745 1899 1890 1930 eximunt
1912 1910 1929 1930 a
1953 1899 2083 1930 rationis
2107 1900 2199 1931 curis.

1473 1944 1512 1975 V.
1537 1944 1588 1974 Ad
1611 1943 1747 1975 dubium
1771 1954 1808 1974 ex
1831 1944 1969 1975 Martino
1994 1943 2108 1975 dicitur
2136 1945 2225 1986 quod
2248 1955 2315 1976 non
2338 1945 2490 1978 inconve-

1419 1988 1466 2020 nit
1489 1988 1609 2030 aliquid
1633 1998 1700 2019 esse
1723 1988 1942 2019 voluntarium
1968 1998 2035 2020 uno
2059 1989 2160 2020 modo
2190 1990 2279 2030 quod
2303 1989 2366 2021 alio
2391 1991 2491 2022 modo

1418 2040 1464 2064 est
1486 2033 1749 2064 involuntarium.
1779 2032 1998 2073 Multipliciter
2021 2033 2107 2064 enim
2135 2033 2251 2065 dicitur
2272 2035 2491 2066 voluntarium

1418 2085 1448 2109 et
1476 2077 1746 2108 involuntarium:
1778 2078 1833 2107 sed
1865 2084 2023 2118 quantum
2050 2078 2090 2108 ad
2122 2078 2329 2118 propositum
2360 2086 2491 2120 spectat,

1417 2122 1532 2153 dicitur
1556 2122 1734 2163 dupliciter,
1758 2121 1876 2152 scilicet
1899 2122 2015 2152 directe
2030 2128 2061 2153 et
2079 2122 2113 2152 in
2137 2123 2252 2163 seipso,
2269 2124 2320 2154 vel
2341 2123 2492 2155 indirecte

1417 2173 1448 2197 et
1470 2166 1503 2197 in
1529 2176 1623 2197 causa
1646 2176 1702 2197 seu
1727 2165 1801 2197 alio.
1825 2165 1921 2197 Verbi
1944 2166 2052 2207 gratia,
2074 2177 2148 2198 cum
2168 2167 2240 2208 quis
2259 2176 2374 2208 sponte
2398 2169 2494 2200 currit

1418 2217 1448 2241 et
1470 2210 1545 2241 inde
1578 2210 1741 2251 fatigatur,
1766 2219 1877 2241 cursus
1901 2217 1948 2241 est
1971 2211 2086 2242 directe
2111 2217 2142 2242 et
2164 2211 2196 2242 in
2221 2211 2326 2253 seipso
2356 2213 2492 2244 volitus:

1416 2255 1544 2286 lassatio
1569 2262 1677 2286 autem
1701 2264 1901 2295 consequens
1925 2262 1972 2285 est
1993 2255 2144 2286 indirecte
2169 2262 2200 2286 et
2213 2255 2247 2286 in
2271 2256 2345 2293 alio,
2361 2256 2424 2287 hoc
2448 2263 2495 2288 est

1417 2300 1449 2330 in
1473 2309 1586 2337 cursu,
1610 2299 1650 2330 ad
1673 2309 1772 2340 quem
1796 2299 2160 2340 consequitunvolita,
2186 2307 2216 2330 et
2240 2310 2307 2331 non
2330 2301 2363 2331 in
2390 2300 2494 2341 seipsa

1418 2354 1475 2375 nec
1497 2344 1626 2379 directe.
1655 2344 1696 2375 Et
1719 2343 1752 2374 hi
1777 2343 1843 2374 duo
1867 2344 1957 2374 modi
1981 2343 2152 2375 voluntarii
2176 2354 2366 2376 communes
2390 2346 2494 2376 omni-

1417 2389 1477 2420 bus
1505 2389 1641 2429 peccatis
1664 2388 1826 2419 videntur:
1859 2398 1935 2419 nam
1958 2387 1990 2418 in
2019 2395 2150 2428 peccato
2183 2396 2230 2420 est
2252 2389 2372 2431 aliquid
2405 2390 2494 2431 quod

1417 2433 1533 2464 directe
1556 2434 1724 2469 volumus,
1750 2439 1827 2473 puta
1850 2433 1991 2473 accipere
2015 2433 2173 2471 alienum,
2199 2434 2246 2464 uti
2269 2434 2403 2465 muliere
2427 2445 2492 2465 non

1418 2488 1492 2514 sua,
1517 2483 1590 2514 etc.;
1616 2484 1646 2508 et
1669 2477 1791 2519 aliquid
1815 2478 1904 2518 quod
1927 2477 2078 2508 indirecte
2106 2478 2274 2515 volumus,
2300 2478 2418 2510 scilicet
2441 2479 2493 2509 de-

1418 2522 1613 2553 formitatem
1637 2521 1776 2563 peccati,
1801 2531 1883 2562 quae
1907 2532 2029 2552 annexa
2062 2529 2109 2553 est
2138 2522 2183 2553 illi
2207 2522 2302 2553 actui.
2336 2523 2493 2555 Differunt

1418 2574 1526 2598 autem
1549 2566 1739 2597 huiusmodi
1761 2566 1941 2597 voluntaria
1956 2566 2038 2597 inter
2057 2576 2090 2597 se
2105 2566 2137 2597 in
2161 2566 2223 2598 hoc
2243 2568 2332 2608 quod
2351 2567 2491 2607 primum

1418 2619 1464 2643 est
1480 2611 1616 2642 omnino
1632 2608 1864 2642 voluntarium:
1886 2611 2064 2642 secundum
2080 2618 2189 2642 autem
2205 2618 2251 2642 est
2267 2611 2376 2652 aliquo
2393 2613 2493 2643 modo

1417 2656 1646 2692 voluntarium,
1670 2655 1788 2687 scilicet
1810 2655 1961 2686 indirecte
1977 2662 2008 2686 et
2030 2655 2062 2686 in
2088 2666 2191 2692 causa,
2212 2662 2243 2686 et
2257 2656 2367 2697 aliquo
2391 2657 2492 2687 modo

1417 2700 1681 2737 involuntarium,
1707 2700 1825 2731 scilicet
1847 2699 1962 2730 directe
1986 2706 2017 2730 et
2040 2699 2071 2730 in
2094 2700 2210 2740 seipso.
2240 2700 2290 2731 Sic
2315 2707 2421 2731 autem
2447 2707 2493 2732 est

1418 2745 1450 2775 in
1474 2745 1654 2786 proposito.
1689 2745 1789 2775 Potus
1819 2744 1915 2775 scitus
1939 2744 2028 2785 quod
2061 2751 2108 2775 est
2139 2744 2369 2775 immoderatus
2393 2752 2424 2775 et
2446 2745 2492 2775 in-

1418 2789 1597 2826 ebriafivus,
1615 2795 1663 2820 est
1684 2789 1717 2819 in
1741 2799 1774 2820 se
1798 2795 1829 2819 et
1852 2789 1968 2819 directe
1990 2788 2121 2819 volitus:
2148 2789 2289 2819 defectus
2313 2796 2421 2820 autem
2446 2799 2492 2820 ra-

1418 2834 1515 2865 tionis
1539 2844 1739 2875 consequens
1763 2843 1829 2864 non
1854 2840 1901 2864 est
1922 2833 2040 2864 volitus
2056 2833 2088 2863 in
2110 2833 2216 2874 seipso
2241 2840 2271 2864 et
2295 2833 2420 2870 directe,
2438 2835 2492 2864 sed

1418 2879 1646 2910 tantummodo
1669 2878 1820 2909 indirecte
1844 2885 1875 2909 et
1897 2878 1930 2908 in
1954 2888 2012 2908 sua
2036 2887 2140 2909 causa.
2164 2879 2198 2908 In
2224 2877 2282 2908 hac
2306 2888 2381 2918 ergo
2405 2879 2490 2909 solu-

1418 2923 1505 2954 tione
1528 2926 1652 2955 Auctor
1682 2922 1826 2963 loquitur
1849 2922 1888 2952 de
1911 2922 2092 2952 voluntario
2122 2922 2155 2952 in
2179 2922 2284 2962 seipso
2308 2930 2338 2953 et
2365 2923 2490 2960 directe,

1418 2974 1448 2998 et
1471 2967 1548 2999 dicit
1570 2967 1659 3009 quod
1684 2966 1824 2998 defectus
1849 2965 1978 2997 rationis
2003 2973 2050 2998 est
2073 2966 2323 2998 involuntarius:
2349 2974 2379 2998 et
2401 2968 2491 3004 bene,

1418 3011 1493 3053 quia
1517 3022 1583 3042 non
1607 3018 1654 3042 est
1676 3011 1708 3042 in
1734 3022 1766 3042 se
1791 3018 1822 3042 et
1845 3011 1961 3042 directe
1984 3011 2112 3042 volitus.
2146 3012 2180 3041 In
2211 3011 2355 3052 sequenti
2384 3019 2491 3042 autem

1418 3056 1551 3087 articulo
1575 3056 1720 3097 loquitur
1737 3057 1776 3086 de
1792 3055 1974 3086 voluntario
1990 3055 2141 3086 indirecte
2158 3055 2189 3086 in
2215 3066 2271 3086 sua
2291 3065 2399 3086 causa:
2425 3066 2491 3086 non

1418 3100 1451 3131 in
1473 3101 1577 3132 verbis
1601 3100 1702 3132 allatis
1726 3111 1744 3131 a
1766 3100 1916 3136 Martino,
1941 3100 2016 3141 quia
2039 3100 2072 3130 in
2095 3100 2158 3130 illis
2173 3101 2275 3130 verbis
2298 3103 2422 3131 Auctor
2444 3101 2492 3131 lo—

1419 3145 1529 3185 quitur
1551 3155 1618 3176 non
1642 3145 1681 3175 de
1705 3144 1830 3175 defectu
1858 3144 1989 3175 rationis
2013 3151 2246 3185 consequente,
2271 3145 2326 3175 sed
2357 3144 2396 3175 de
2420 3151 2491 3176 actu

1419 3189 1574 3229 potatoris
1598 3196 1729 3230 potente
1752 3189 1916 3225 inebriare,
1933 3199 2030 3229 quem
2054 3188 2192 3219 diximus
2216 3199 2284 3219 esse
2305 3189 2420 3220 directe
2436 3199 2491 3220 vo-

1419 3233 1529 3270 litum;
1563 3234 1618 3264 sed
1651 3234 1684 3264 in
1708 3233 1811 3264 verbis
1844 3233 2030 3270 subiunctis,
2056 3233 2188 3264 scilicet:
2218 3234 2293 3274 quia
2316 3234 2491 3265 secundum

1419 3278 1479 3309 hoc
1501 3278 1594 3308 homo
1619 3278 1728 3308 volens
1751 3282 1782 3308 et
1804 3278 1908 3308 sciens
1924 3278 2039 3318 privat
2060 3271 2108 3308 sex
2119 3287 2180 3309 usu
2205 3278 2351 3309 rationis.
2377 3278 2419 3308 Et
2437 3288 2493 3319 per

1420 3322 1482 3353 hoc
1500 3328 1587 3362 patet
1610 3321 1730 3352 solutio
1753 3321 1875 3362 primae
1899 3321 2098 3352 obiectionis.

1475 3367 1526 3396 Ad
1550 3366 1723 3397 secundam
1738 3375 1824 3402 vero,
1843 3366 2027 3396 conceditur
2042 3373 2163 3397 totum:
2189 3366 2243 3397 sed
2263 3376 2328 3397 non
2346 3373 2393 3397 est
2416 3376 2491 3397 con-

1419 3417 1466 3441 tra
1488 3410 1522 3440 id
1545 3410 1635 3451 quod
1659 3410 1805 3441 dicimus.
1838 3410 2004 3447 Quoniam
2028 3410 2114 3441 aliud
2138 3417 2184 3441 est
2208 3417 2324 3451 potum
2358 3410 2491 3441 inebria-

1421 3455 1534 3491 tivum,
1559 3461 1595 3486 ut
1619 3454 1672 3491 sic,
1698 3465 1764 3485 esse
1789 3454 1953 3495 cognitum
1978 3461 2009 3486 et
2030 3455 2168 3486 volitum
2199 3455 2314 3486 directe
2334 3462 2365 3486 et
2387 3455 2418 3485 in
2445 3465 2491 3485 se-

1421 3499 1510 3540 ipso:
1536 3506 1566 3530 et
1590 3499 1678 3530 aliud
1702 3506 1748 3530 est
1771 3499 1931 3530 defectum
1954 3499 2084 3530 rationis
2108 3506 2357 3540 consequentem
2374 3510 2410 3530 ex
2434 3499 2491 3529 hu-

1420 3543 1562 3574 iusmodi
1581 3550 1660 3584 potu
1676 3553 1743 3574 esse
1768 3543 1883 3574 directe
1899 3550 1930 3575 et
1945 3544 1977 3574 in
1994 3544 2100 3584 seipso
2115 3544 2263 3575 volitum.
2288 3543 2402 3575 Ebrius
2420 3554 2490 3583 pro-

1421 3588 1488 3628 prie
1501 3595 1531 3619 et
1547 3588 1722 3619 formaliter
1739 3587 1852 3619 dicitur
1868 3598 1933 3619 non
1949 3599 1967 3619 a
1984 3588 2109 3620 defectu
2127 3589 2257 3619 rationis
2273 3589 2328 3628 qui
2345 3595 2492 3618 causatur

2516 1151 2527 1161 ¹⁵
2546 1151 2584 1173 Ad
2608 1151 2692 1173 obiect.
2717 1158 2728 1173 2

2515 1181 2577 1199 cont.
2599 1178 2702 1200 conclus.
2717 1184 2729 1206 3

2516 1208 2538 1225 et
2551 1211 2574 1231 4.

2520 1822 2528 1830 ·
2543 1820 2579 1842 Cf.
2592 1826 2655 1842 num.
2671 1826 2702 1841 vi.
