2768 4198
320 311 395 347 290

1005 295 1272 343 QUAEsrlo
1302 294 1422 340 CLX,

1452 295 1750 333 ARTICULUS
1781 297 1811 333 II

317 378 376 408 bus
400 388 480 418 quae
505 385 578 408 sunt
597 385 684 408 actus
708 377 849 412 humani,
867 383 913 406 est
936 385 1050 410 sermo,
1068 373 1142 414 quia
1167 372 1226 403 soli
1250 372 1382 403 humani
1408 371 1411 397 l
1437 373 1516 404 ratio
1541 381 1696 405 monstrat
1724 376 1813 416 quod
1837 376 1875 406 de
1903 375 2116 406 mediocribus
2146 386 2228 417 quae
2254 383 2372 408 restant
2394 377 2508 407 virtute

316 428 403 452 actus
428 429 502 452 sunt
525 422 653 452 materia
676 422 828 452 virtutum
853 419 1041 454 moralium;
1072 417 1114 447 ita
1138 416 1383 455 subintelligitur
1409 412 1410 434 ἶ

316 466 405 506 quod
438 467 476 496 de
507 466 718 496 mediocribus
751 464 938 494 habentibus
971 462 1132 501 propriam
1164 460 1381 491 difficultatem
1408 486 1409 491 ,

77 520 84 527 “
98 518 197 540 Aristot.
212 518 287 540 Etnic.
316 509 489 540 notabilem
513 517 558 540 est
582 519 695 544 sermo,
716 509 790 549 quia
807 508 885 537 circa
909 506 976 536 sola
998 505 1147 546 difficilia
1172 512 1218 535 est
1238 505 1337 535 virtus
1351 504 1379 535 *.
1407 525 1409 537 ,

372 554 506 585 Constat
529 561 635 584 autem
658 553 737 582 hanc
753 561 818 581 esse
842 557 982 580 mentem
1006 549 1164 584 Auctoris,
1182 558 1248 579 non
1273 549 1380 579 solum
1407 550 1409 553 '

74 545 114 566 lib.
135 545 167 571 11,
184 551 210 566 ca

74 577 96 592 n.
117 577 149 593 ιο.
169 583 179 587 -

74 598 125 619 lect.
145 604 178 620 ιιι.

229 551 286 593 ἦ,

315 607 352 628 ex
370 608 386 628 2
405 605 459 628 art.
477 598 624 637 allegatae
641 595 843 636 quaestionis,
862 595 915 624 sed
933 594 1026 624 etiam
1044 604 1080 623 ex
1097 593 1218 623 ratione
1235 593 1285 623 hic
1307 594 1378 623 sub·
1406 625 1407 629 Ἰ

314 641 430 678 iuncta,
449 642 580 672 scilicet:
605 651 641 670 eo
664 640 748 680 quod
770 644 893 679 oportet
915 643 1070 678 quantum
1087 638 1130 668 ad
1149 638 1257 668 omnia
1281 638 1377 668 vitam
1405 667 1407 670 Α

313 686 449 716 hominis
471 685 643 716 secundum
674 685 820 714 virtutem
853 692 921 713 esse
945 683 1141 723 regulatam.
1172 682 1259 712 Haec
1293 682 1378 712 enirn

1081 816 1402 859 ARTICULUS

1405 696 1406 712 ι
1432 692 1488 721 pra
1504 682 1521 701 *
1544 682 1644 713 dictis.

1437 418 1618 457 regulanda,
1635 419 1789 459 loquitur.
1814 420 1859 450 lta
1882 421 1981 461 quod,
1998 420 2022 450 si
2047 419 2121 462 (pro
2144 419 2232 462 quia)
2257 421 2430 452 mediocria
2453 421 2508 451 ali—

1436 471 1500 501 qua
1524 469 1598 493 sunt
1621 473 1702 503 quae
1726 465 1785 494 sub
1810 464 2024 495 maximorum
2048 465 2156 505 regula
2181 465 2506 505 comprehenduntur,

1436 506 1474 535 de
1497 505 1558 536 illis
1589 516 1654 537 non
1679 515 1726 538 est
1749 517 1873 544 sermo,
1894 515 2006 549 utpote
2037 509 2102 539 iam
2125 509 2242 541 sortitis
2270 519 2342 539 suas
2373 509 2505 549 regulas.

1436 549 1527 580 Unde
1553 557 1583 580 et
1613 551 1796 591 exemplum
1825 552 1910 583 dedit
1933 555 2055 583 Auctor
2084 553 2117 583 in
2141 553 2194 584 illa
2224 554 2354 584 materia
2386 554 2418 583 in
2443 563 2507 594 qua

1435 594 1612 624 maximum
1630 595 1724 625 habet
1740 606 1830 626 suam
1848 596 2075 634 difficultatem,
2094 605 2124 628 et
2140 598 2299 628 mediocre
2316 597 2411 628 habet
2433 607 2506 638 pro-

1434 638 1536 677 priam
1561 637 1790 676 difficultatem,
1807 640 1924 671 scilicet
1947 641 2027 671 circa
2050 649 2209 682 sumptus,
2234 650 2269 672 ut
2293 648 2378 682 patet
2402 652 2438 672 ex
2454 652 2505 672 su·
2532 630 2748 686 2;Ωὲῐ,ῗ“ἕχ’χ“,ῗ,

2533 687 2575 706 art.
2590 690 2610 713 3,
2626 683 2655 706 ad
2671 691 2686 706 1.

1439 817 1743 859 SECUNDUS

724 911 879 942 UTRUM
903 909 1126 941 MODESTIA
1152 910 1218 941 SIT
1244 909 1392 941 SOLUM
1417 909 1548 941 CIRCA
1572 910 1846 941 EXTERIORES
1870 910 2088 943 ACTIONES

1022 991 1053 1014 111
1074 990 1156 1020 Sent..
1178 990 1235 1015 dist.
1256 997 1341 1021 xxxm,
1362 998 1405 1022 qu.
1424 998 1462 1021 ιιι,
1483 996 1529 1015 art.
1551 997 1575 1021 2,
1595 990 1645 1022 qu‘
1669 998 1690 1021 1,
1710 991 1741 1015 ad
1763 990 1786 1016 3.

397 1088 401 1097 ¹
424 1084 498 1135 Va(
519 1084 541 1108 D
558 1083 749 1108 SECUNDUM
765 1082 818 1107 Sic
834 1081 1076 1107 PROCEDlTUR.
1093 1070 1253 1107 Videtur
1273 1070 1377 1118 quod
1403 1073 1405 1079 ’

459 1120 492 1183 ᾗ
520 1124 708 1162 modestia
725 1124 771 1160 sit
786 1124 912 1160 solum
929 1123 1027 1160 circa
1042 1123 1245 1160 exteriores
1261 1123 1377 1160 actio—

345 1210 375 1223 „
464 1181 491 1218 ’ἢ
521 1190 599 1215 nes.
631 1177 833 1214 Interiores
863 1177 964 1213 enim
995 1185 1123 1213 motus
1151 1177 1376 1226 passionum
1403 1172 1405 1211 ἶ

312 1241 318 1248 ·
399 1221 598 1267 1³11Na1iis
627 1231 707 1268 noti
736 1242 818 1267 csse
848 1242 927 1267 non
955 1238 1126 1279 possunt.
1168 1231 1243 1267 Sed
1273 1232 1377 1279 Apo-

308 1286 445 1332 stolus,
475 1284 632 1333 Philipp.
655 1297 689 1321 1v
707 1283 744 1330 ³¹⁶,
774 1284 932 1320 mandat
959 1291 1000 1320 ut
1032 1284 1212 1320 modestia
1248 1289 1377 1321 nostra

308 1345 395 1376 nota
423 1339 471 1375 sit
496 1338 669 1375 omnibus
696 1337 920 1374 hominibus.
958 1337 1061 1385 Ergo
1096 1337 1284 1374 modestia
1323 1344 1378 1374 est

308 1393 432 1429 solum
464 1391 561 1428 circa
590 1390 795 1427 exteriores
824 1390 1005 1427 actiones.

362 1457 397 1482 2.
427 1445 661 1492 PRAETEREA,
686 1444 844 1480 virtutes
873 1456 970 1493 quae
1000 1451 1087 1480 sunt
1107 1443 1205 1480 circa
1233 1443 1377 1492 passio-

308 1511 387 1544 nes,
405 1498 684 1546 distinguuntur
700 1510 721 1534 a
735 1497 872 1534 virtute
893 1497 1065 1544 iustitiae,
1087 1509 1185 1546 quae
1206 1505 1260 1533 est
1281 1497 1377 1534 circa
1404 1508 1406 1547 ς

308 1551 561 1600 operationes.
593 1551 670 1588 Sed
699 1550 887 1587 modestia
915 1551 1067 1588 videtur
1096 1563 1176 1587 esse
1206 1562 1283 1587 una
1301 1551 1376 1588 vir·
1404 1574 1405 1580 κ

307 1614 377 1642 tus.
410 1605 450 1642 Si
471 1617 559 1653 ergo
581 1612 636 1641 est
666 1604 764 1641 circa
789 1604 1032 1652 operationes
1061 1603 1278 1651 exteriores,
1299 1617 1376 1641 non

309 1659 376 1695 erit
405 1658 504 1695 circa
532 1658 675 1706 aliquas
703 1657 900 1694 interiores
929 1657 1137 1706 passiones.

154 1275 162 1285 ἲ

69 1298 79 1307 '
93 1296 159 1317 Vers.
173 1302 192 1324 5.

363 1713 397 1748 3.
433 1713 677 1758 Paaaraam,
708 1711 809 1747 nulla
836 1710 956 1747 virtus
984 1723 1061 1747 una
1091 1718 1127 1746 et
1155 1710 1291 1746 eadem
1322 1717 1378 1747 est
1403 1719 1405 1759 ξ

308 1765 407 1801 circa
436 1777 480 1801 ea
509 1776 605 1813 quae
634 1763 824 1812 pertinent
851 1764 900 1800 ad
930 1763 1152 1812 appetitum,
1183 1763 1288 1810 quod
1323 1771 1378 1800 est
1403 1761 1405 1808 ᾗ

306 1818 503 1867 proprium
533 1817 714 1854 virtutum
750 1816 971 1860 moralium
1009 1823 1044 1853 et
1073 1815 1171 1852 circa
1204 1828 1249 1852 ea
1277 1828 1376 1864 quae

306 1871 494 1920 pertinent
522 1871 569 1907 ad
600 1869 871 1917 cognitionem,
902 1882 1001 1918 quae
1031 1876 1087 1905 est
1122 1869 1274 1917 proprie
1302 1869 1377 1906 vir-

306 1932 429 1961 tutum
450 1923 777 1968 intellectualium;
808 1934 932 1971 neque
954 1923 1067 1959 etiam
1089 1922 1188 1958 circa
1208 1934 1253 1959 ea
1278 1934 1376 1971 quae

306 1977 494 2026 pertinent
523 1977 572 2013 ad
601 1976 848 2022 irascibilem,
880 1985 915 2012 et
949 1975 1296 2024 concupiscibilem.
1337 1977 1376 2013 Si

307 2043 396 2078 ergo
435 2030 622 2067 modestia
656 2037 712 2066 est
748 2042 826 2066 una
854 2029 994 2076 virtus,
1025 2041 1103 2065 non
1139 2036 1264 2078 potest
1293 2041 1376 2067 esse

307 2084 406 2121 circa
434 2083 565 2120 omnia
593 2082 798 2132 praedicta.

361 2138 436 2174 SED
456 2148 615 2183 CONTRA,
636 2136 674 2172 in
701 2135 880 2173 omnibus
901 2135 1101 2185 praedictis
1130 2143 1281 2184 oportet
1308 2136 1377 2173 ob-

307 2190 450 2227 servari
487 2191 662 2235 modum,
693 2202 715 2226 a
750 2202 827 2238 quo
866 2189 1054 2226 modestia
1088 2188 1233 2226 dicitur.
1273 2189 1374 2237 Ergo

308 2244 406 2280 circa
435 2243 564 2279 omnia
592 2242 787 2291 praedicta
816 2250 871 2279 est
905 2242 1105 2279 modestia.

361 2298 587 2333 Respoumzo
613 2308 798 2333 mcaNDUM
829 2296 948 2343 quod,
978 2295 1073 2332 sicut
1101 2295 1244 2332 dictum
1274 2303 1330 2332 est
1343 2294 1376 2343 ⁸³,

308 2349 496 2386 modestia
525 2349 650 2386 differt
678 2361 700 2385 a
728 2348 976 2397 temperantia
997 2348 1034 2385 in
1053 2349 1128 2385 hoc
1148 2348 1252 2397 quod
1282 2356 1376 2385 tem-

307 2402 478 2452 perantia
498 2409 553 2439 est
572 2401 812 2439 moderativa
832 2413 967 2438 eorum
988 2414 1086 2451 quae
1112 2401 1376 2438 difficillimum

309 2464 364 2493 est
393 2456 595 2502 refrenare,
616 2455 804 2492 modestia
825 2463 952 2491 autem
973 2463 1029 2492 est
1047 2455 1288 2492 moderativa
1313 2467 1376 2492 eo-

309 2522 394 2546 rum
422 2521 520 2558 quae
550 2508 588 2545 in
615 2509 691 2545 hoc
719 2508 960 2545 mediocriter
989 2521 1028 2545 se
1057 2509 1210 2546 habent.
1241 2508 1376 2545 Diver-

309 2562 457 2600 simode
486 2569 615 2599 autem
645 2561 758 2609 aliqui
789 2563 836 2599 de
866 2561 1054 2598 modestia
1083 2561 1261 2598 videntur
1294 2574 1376 2599 esse

308 2616 435 2653 locuti.
465 2615 708 2662 Ubicumque
730 2614 833 2651 enim
855 2615 1191 2652 consideraverunt
1211 2615 1375 2664 aliquam

308 2669 511 2718 specialem
540 2668 726 2705 rationem
757 2668 849 2705 boni
876 2669 938 2705 vel
969 2668 1197 2705 difficultatis
1228 2668 1266 2705 in
1294 2681 1377 2705 mo-

309 2722 492 2769 derando,
513 2722 604 2759 illud
633 2722 898 2758 subtraxerunt
917 2721 1141 2768 modestiae,
1163 2721 1377 2770 relinquen-

308 2784 363 2812 tes
392 2775 621 2813 modestiam
650 2775 748 2812 circa
769 2774 930 2812 minora.
962 2774 1207 2812 Manifestum
1237 2783 1292 2812 est
1312 2788 1378 2812 au-

308 2837 385 2866 tem
415 2828 594 2866 omnibus
627 2829 731 2877 quod
767 2828 966 2865 refrenatio
1002 2828 1295 2866 delectationum
1329 2837 1380 2866 ta-

310 2891 391 2920 ctus
410 2882 614 2931 specialem
631 2882 824 2931 quandam
840 2882 1100 2919 difficultatem
1120 2882 1246 2920 habet.
1267 2883 1378 2920 Unde
1405 2913 1406 2918 ,

310 2948 446 2973 omnes
475 2935 766 2984 temperantiam
796 2947 817 2972 a
847 2935 1035 2972 modestia
1064 2935 1323 2973 distinxerunt.
1353 2957 1377 2964 -

73 2994 283 3042 wewam&
311 2990 387 3026 Sed
421 2996 569 3038 praeter
589 2994 606 3010 ‘¹
634 2989 724 3035 hoe,
755 2988 901 3025 Tullius
920 2988 940 3010 *
969 2988 1222 3026 consideravit
1258 2990 1378 3038 quod-

73 3048 118 3067 ’οΥ·
132 3046 173 3068 ¹1¹³·
188 3046 216 3074 ¹12
232 3053 282 3074 0³1³·
311 3043 400 3079 darn
429 3042 591 3091 speciale
626 3043 772 3078 bonum
804 3054 885 3078 esse
919 3042 955 3078 in
987 3042 1250 3079 moderatione
1288 3055 1380 3091 poe-

72 3079 116 3094 ω’
311 3108 458 3133 narum.
489 3097 538 3132 Et
566 3095 653 3133 ideo
684 3095 797 3132 etiam
819 3095 1061 3133 clementiam
1085 3096 1268 3133 subtraxit
1295 3109 1378 3134 mo-

69 2308 81 2319 ·
91 2310 141 2330 Art.
157 2308 259 2336 praeced.

365 3211 392 3242 α)
413 3210 468 3235 Sed
481 3213 633 3241 praeter.-
653 3209 688 3234 Et
703 3212 815 3241 praeter
834 3209 865 3240 D,
887 3210 923 3234 Et
938 3212 1052 3242 propter
1072 3210 1099 3235 P.

366 3244 392 3278 β)
411 3252 495 3277 quem.
508 3258 526 3264 —
546 3252 624 3277 quam
645 3245 731 3275 PEIK,
750 3245 822 3277 quod
841 3245 889 3278 pC.
909 3252 977 3278 quae
995 3246 1025 3271 L.

1403 1853 1405 1867 ὲ
1431 1824 1508 1853 tes:
1543 1816 1639 1853 sicut
1673 1816 1917 1854 Andronicus
1939 1817 1960 1839 ’¹‘
1992 1819 2337 1866 mansuetudinem,
2366 1820 2506 1869 simpli—

1433 1069 1588 1117 destiae,
1609 1082 1759 1118 ponens
1789 1071 2018 1108 modestiam
2049 1071 2146 1108 circa
2175 1073 2307 1110 omnia
2327 1086 2426 1122 quae
2448 1087 2505 1111 re-

1433 1123 1656 1171 linquuntur
1683 1125 1932 1161 moderanda.

1486 1177 1596 1224 Quae
1626 1177 1783 1224 quidem
1808 1177 1987 1214 videntur
2015 1190 2098 1215 esse
2119 1186 2295 1226 quatuor.
2326 1180 2503 1227 Quorum

1404 1275 1405 1280 ¹
1432 1241 1552 1267 unum
1576 1238 1631 1267 est
1651 1238 1778 1267 motus
1807 1231 1924 1267 animi
1946 1231 1995 1268 ad
2023 1231 2192 1281 aliquam
2222 1233 2503 1270 excellentiam:

1433 1282 1584 1331 queml3
1614 1284 1835 1321 moderatur
1871 1284 2072 1322 humilitas.
2116 1286 2340 1323 Secundum
2375 1295 2504 1324 autern
2633 1288 2650 1324 β

1433 1345 1490 1373 est
1526 1337 1758 1374 desiderium
1789 1350 1924 1375 eorum
1953 1350 2052 1387 quae
2081 1338 2272 1387 pertinent
2299 1339 2349 1378 ad
2377 1340 2505 1389 cogni-

1432 1390 1594 1427 tionem:
1623 1399 1658 1428 et
1677 1390 1714 1427 in
1733 1391 1809 1427 hoc
1828 1391 2050 1429 moderatur
2073 1392 2297 1439 studiositas,
2317 1405 2417 1442 quae
2437 1405 2505 1443 op-

1432 1444 1588 1492 ponitur
1611 1445 1827 1481 curiositati.
1849 1445 2025 1482 Tertium
2050 1454 2191 1492 autem,
2212 1445 2319 1497 quod
2343 1446 2507 1496 pertinet

1433 1497 1481 1534 ad
1511 1498 1728 1546 corporales
1755 1505 1883 1534 motus
1913 1506 1949 1535 et
1977 1499 2167 1536 actiones:
2203 1507 2245 1537 ut
2273 1499 2413 1537 scilicet
2441 1502 2505 1538 de-

1434 1558 1563 1588 center
1599 1558 1635 1588 et
1671 1551 1832 1588 honeste
1860 1551 1972 1598 fiant,
2002 1559 2079 1588 tam
2109 1552 2147 1589 in
2175 1553 2234 1590 his
2263 1565 2362 1602 quae
2391 1553 2505 1602 serio,

1403 1637 1405 1657 ᾗ
1433 1616 1550 1652 quam
1571 1604 1610 1640 in
1639 1604 1697 1641 his
1717 1616 1815 1652 quae
1836 1605 1927 1641 ludo
1958 1613 2131 1653 aguntur.
2162 1606 2353 1653 Quartum
2375 1614 2504 1644 autem

1403 1661 1405 1700 s
1433 1665 1489 1694 est
1517 1657 1622 1706 quod
1640 1657 1804 1706 pertinet
1831 1657 1879 1695 ad
1901 1659 2127 1695 exteriorem
2153 1667 2392 1709 apparatum,
2412 1668 2504 1709 puta

1433 1710 1470 1747 in
1490 1710 1661 1747 vestibus
1683 1718 1718 1747 et
1737 1711 1817 1747 aliis
1837 1711 2072 1749 huiusmodi.
2095 1712 2172 1749 Sed
2193 1713 2292 1750 circa
2312 1714 2504 1762 quaedam

1433 1775 1568 1800 eorum
1589 1763 1650 1800 alii
1676 1772 1888 1812 posuerunt
1916 1765 2104 1814 quasdam
2143 1766 2326 1814 speciales
2345 1771 2362 1794 Υ
2389 1766 2506 1804 virtu-
2628 1778 2647 1805 τ

2534 1826 2543 1835 ⁸
2556 1823 2594 1847 De
2611 1825 2745 1860 Affectibus.

1432 1869 1580 1906 citatem
1610 1876 1646 1906 et
1664 1869 1924 1916 humilitatem,
1947 1878 1983 1907 et
2001 1871 2075 1908 alia
2098 1872 2334 1920 huiusmodi,
2355 1874 2403 1911 de
2423 1873 2504 1922 qui-

1431 1923 1502 1959 bus
1531 1934 1647 1971 supra
1665 1922 1685 1943 '¹‘
1714 1922 1856 1960 dietum
1887 1931 1953 1960 est.
1983 1924 2206 1963 Aristoteles
2231 1925 2345 1963 etiam
2364 1923 2378 1948 Β
2407 1926 2506 1964 circa

1431 1975 1701 2013 delectationes
1721 1975 1900 2013 ludorum
1922 1977 2049 2026 posuit
2067 1978 2313 2027 eutrapeliam
2332 1978 2364 2016 ²⁸.
2394 1979 2506 2027 Quae

1432 2029 1564 2066 omnia
1583 2029 1826 2067 continentur
1845 2030 1917 2067 sub
1938 2031 2142 2078 modestia,
2159 2033 2372 2069 secundum
2399 2033 2505 2081 quod

1431 2095 1454 2120 a
1482 2082 1609 2120 Tullio
1630 2082 1824 2132 accipitur.
1855 2084 1904 2120 Et
1927 2084 2002 2121 hoc
2031 2084 2150 2123 modo
2171 2085 2360 2123 modestia
2380 2098 2421 2123 se
2439 2086 2506 2124 ha—

1430 2136 1495 2173 bet
1514 2148 1594 2173 non
1613 2137 1739 2173 solum
1760 2136 1859 2173 circa
1879 2137 2082 2176 exteriores
2102 2138 2284 2186 actiones,
2301 2139 2369 2176 sed
2390 2139 2504 2178 etiam

1432 2189 1530 2226 circa
1559 2189 1755 2226 interiores
1774 2189 1805 2226 *.

1485 2245 1544 2280 An
1571 2254 1710 2280 Palmum
1738 2254 1837 2280 ERGO
1866 2254 2052 2281 mcENDUM
2081 2244 2186 2294 quod
2214 2246 2424 2294 Apostolus
2452 2246 2506 2283 lo-

1432 2296 1558 2344 quitur
1585 2296 1633 2333 de
1670 2296 1857 2333 modestia
1885 2304 1999 2345 prout
2034 2305 2091 2334 est
2119 2297 2217 2335 circa
2251 2299 2450 2336 exteriora.
2480 2318 2505 2328 -·

1432 2350 1481 2386 Et
1504 2357 1632 2386 tamen
1653 2349 1766 2386 etiarn
1787 2349 2011 2387 interiorum
2032 2351 2246 2388 moderatio
2271 2352 2504 2391 manifestari

1432 2410 1557 2451 potest
1586 2415 1654 2451 per
1682 2402 1873 2451 quaedam
1904 2403 2088 2440 exteriora
2117 2404 2234 2452 signa.

1485 2457 1544 2492 An
1564 2467 1755 2493 sacuNDuM
1775 2467 1960 2494 DICENDUM
1980 2457 2084 2505 quod
2110 2458 2181 2494 sub
2202 2457 2391 2495 modestia
2415 2471 2505 2496 con-

2532 1929 2543 1939 ·
2557 1928 2606 1956 Qu.
2621 1935 2700 1952 αιιιι.

2531 1989 2542 2001 ·
2560 1989 2635 2014 Εωε.
2658 1991 2698 2014 ιιι.
2717 1992 2747 2021 ιι,

2531 2021 2617 2066 §m
2639 2024 2746 2067 &¹³55

1403 2544 1405 2556 1
1431 2509 1598 2546 tinentur
1625 2509 1799 2546 diversae
1827 2509 2008 2556 virtutes,
2039 2522 2139 2559 quae
2168 2523 2190 2548 a
2219 2510 2379 2548 diversis
2414 2512 2505 2550 assi-

1431 2570 1593 2611 gnantur
1613 2562 1643 2599 ³¹³.
1683 2563 1795 2600 Unde
1823 2563 1914 2600 nihil
1952 2563 2130 2612 prohibet
2157 2563 2387 2601 modestiam
2422 2577 2504 2603 esse
2530 2576 2542 2587 ·
2585 2591 2591 2598 ·

1433 2616 1531 2653 circa
1551 2628 1596 2652 ea
1616 2628 1714 2665 quae
1735 2616 1933 2666 requirunt
1953 2617 2124 2654 diversas
2143 2617 2313 2655 virtutes.
2335 2639 2359 2646 -
2380 2618 2430 2656 Et
2448 2627 2502 2656 ta·

1432 2681 1522 2706 men
1538 2681 1616 2706 non
1637 2677 1692 2706 est
1706 2677 1809 2706 tanta
1830 2669 2028 2707 diversitas
2044 2669 2140 2707 inter
2154 2678 2280 2720 partes
2294 2672 2504 2710 modestiae

1433 2723 1481 2760 ad
1510 2722 1698 2769 invicem,
1727 2731 1868 2772 quanta
1898 2730 1954 2760 est
1981 2723 2163 2769 iustitiae,
2193 2736 2292 2774 quae
2322 2732 2378 2762 est
2406 2725 2504 2763 cirea

1433 2776 1689 2825 operationes,
1711 2777 1756 2813 ad
1778 2777 2083 2825 temperantiam,
2106 2789 2204 2826 quae
2225 2785 2282 2815 est
2301 2777 2399 2815 circa
2418 2790 2503 2827 pas-

1433 2829 1580 2866 siones:
1611 2829 1700 2878 quia
1729 2829 1766 2866 in
1795 2830 2009 2868 actionibus
2039 2839 2075 2868 et
2102 2830 2344 2880 passionibus
2363 2831 2402 2868 in
2422 2832 2502 2880 qui—

1433 2884 1504 2920 bus
1534 2895 1612 2920 non
1633 2891 1687 2920 est
1716 2883 1841 2932 aliqua
1872 2884 2058 2921 excellens
2086 2884 2288 2922 difficultas
2323 2896 2367 2922 ex
2395 2893 2502 2934 parte

1434 2937 1628 2983 materiae,
1650 2937 1718 2974 sed
1747 2938 1871 2974 solum
1901 2949 1947 2974 ex
1975 2945 2081 2986 parte
2111 2937 2396 2984 moderationis,
2423 2950 2501 2976 non

1433 2990 1637 3027 attenditur
1663 2990 1783 3027 virtus
1813 2990 1883 3027 nisi
1912 3003 2000 3037 una,
2035 2990 2175 3027 scilicet
2201 2991 2415 3028 secundum
2446 3003 2502 3028 ra-

1433 3043 1578 3080 tionem
1607 3043 1894 3081 moderationis.

1487 3097 1537 3134 Et
1564 3109 1631 3146 per
1659 3097 1734 3134 hoc
1763 3096 1878 3134 etiam
1905 3104 2008 3146 patet
2036 3096 2234 3146 responsio
2263 3097 2311 3135 ad
2335 3097 2500 3136 tertium.

1485 3212 1512 3245 γ)
1532 3211 1668 3244 speciales.
1681 3224 1701 3230 -
1718 3211 1780 3236 Om.
1801 3210 1829 3236 Ρ.

1485 3245 1511 3279 ὃ)
1531 3247 1621 3272 etiam.
1631 3260 1650 3266 -
1662 3250 1752 3272 autem
1766 3246 1835 3276 Pca,
1846 3252 1910 3271 vero
1919 3245 1951 3271 D.
1961 3259 1980 3265 -
1993 3245 2044 3270 Pro
2053 3245 2251 3276 delectationes,
2262 3246 2463 3272 delectationem
2473 3247 2502 3274 Ρ.

985 3315 1322 3350 Commenta-ia
1343 3316 1598 3350 cardinalis
1619 3315 1823 3351 Caietam

345 3395 364 3414 N
388 3385 519 3416 articulo
543 3386 683 3416 secundo
708 3386 849 3416 eiusdem
878 3386 1089 3427 quaestionis,
1114 3387 1239 3418 adverte
1263 3387 1378 3428 primo,
1404 3397 1407 3426 i

319 3397 435 3470 Iquod
458 3431 593 3466 Auctor,
618 3430 650 3460 in
675 3440 807 3471 corpore
831 3431 970 3467 articuli,
995 3431 1034 3461 de
1056 3431 1226 3462 virtutibus
1248 3432 1287 3462 ab
1312 3431 1379 3462 aliis
1404 3428 1407 3459 l

315 3472 426 3513 positis
455 3473 535 3503 circa
565 3474 727 3504 materiam
755 3475 942 3511 modestiae,
971 3475 1064 3506 refert
1093 3485 1126 3506 se
1156 3476 1195 3506 ad
1219 3475 1379 3516 quaestio-

316 3527 390 3548 nem
414 3517 570 3553 cx1.111,de
596 3518 736 3557 partibus
760 3519 1017 3559 Temperanfiae,
1042 3519 1097 3549 ubi
1120 3519 1226 3550 videre
1250 3519 1378 3560 poteris.

372 3561 507 3592 Adverte
535 3562 689 3597 secundo,
714 3563 802 3602 quod
832 3562 863 3592 in
895 3563 1102 3603 responsione
1132 3564 1171 3594 ad
1202 3563 1379 3594 secundum

317 3607 439 3637 Auctor
461 3605 530 3636 vult
545 3606 633 3646 quod
650 3612 752 3646 partes
776 3607 950 3637 modestiae
966 3617 1032 3637 non
1057 3614 1183 3647 oportet
1204 3608 1293 3648 quod
1317 3607 1378 3638 dis-

1433 3387 1618 3428 tinguantur
1646 3396 1742 3428 penes
1773 3386 1985 3418 diversitatem
2015 3387 2163 3418 materiae
2190 3387 2223 3418 in
2251 3388 2313 3419 hoc
2342 3389 2446 3430 quod,
2474 3388 2500 3420 si

1433 3438 1480 3462 est
1503 3431 1583 3462 circa
1605 3431 1798 3471 passionem,
1823 3440 1890 3460 non
1915 3430 1955 3461 sit
1980 3430 2060 3462 circa
2080 3431 2311 3472 operationem,
2328 3438 2360 3464 et
2385 3442 2402 3464 e
2425 3442 2500 3464 con-

1432 3483 1494 3506 tra:
1513 3475 1594 3506 sicut
1613 3474 1850 3515 distinguuntur
1864 3474 1983 3506 iustitia
1998 3482 2028 3506 et
2044 3476 2251 3516 temperantia
2266 3486 2322 3517 per
2337 3476 2399 3508 hoc
2411 3477 2500 3519 quod

1432 3519 1485 3549 illa
1509 3525 1556 3550 est
1571 3519 1652 3550 circa
1667 3518 1877 3559 operationes,
1894 3519 1951 3550 ista
1972 3519 2051 3551 circa
2067 3521 2240 3560 passiones.
2261 3521 2425 3559 Quoniam
2441 3527 2501 3552 stat

1433 3573 1531 3594 unam
1555 3569 1586 3594 et
1609 3563 1742 3594 eandem
1766 3563 1903 3603 speciem
1935 3564 2108 3596 modestiae
2132 3575 2199 3596 esse
2221 3571 2253 3596 et
2275 3565 2356 3597 circa
2379 3565 2499 3606 passio-

1432 3617 1487 3637 nes
1511 3613 1542 3638 et
1565 3607 1645 3638 circa
1669 3607 1887 3648 operationes:
1912 3609 1988 3649 quia
2012 3610 2044 3640 in
2068 3610 2307 3650 operationibus
2329 3615 2359 3641 et
2373 3610 2499 3650 passio-
