2768 4198
45 509 55 518 ⁸
66 507 124 536 Sap.
144 514 194 537 etp.
210 513 249 530 vm

43 539 107 562 vers„
118 540 134 556 r.

34 1338 138 1367 ⁴1¹ss⁸⁶,
146 1345 250 1369 qumi,

34 1369 78 1390 sst-
91 1371 112 1388 2.

34 1444 111 1468 un.
125 1445 230 1474 med.

30 2465 43 2478 ⁸
54 2465 144 2488 Honu.
157 2464 178 2488 1.

32 2613 124 2636 ‘Vm
138 2620 168 2645 ¹³·

221 1083 252 1094 ·’
298 1077 334 1116 >Y

951 270 1220 316 QUAESTIO
1251 270 1425 317 CLXXI,
1455 269 1752 307 ARTICULUS
1783 271 1813 306 Il

2399 271 2471 317 367

288 352 392 392 ceptio
416 351 637 382 revelatorum.
661 351 702 381 Et
724 350 756 380 in
776 350 834 380 hac
851 349 988 379 secunda
1004 349 1128 379 actione
1152 356 1182 379 et
1205 349 1352 388 passione
1378 352 1380 374 ἴ
1409 349 1448 378 ad
1472 349 1683 389 prophetiam,
1708 348 1825 379 scilicet
1849 358 1904 388 per
1920 348 2059 378 mediam
2075 347 2299 378 intentionem:
2324 348 2366 378 ita
2386 349 2473 388 quod

287 395 430 427 consistit
456 394 659 426 essentialiter
688 392 871 434 prophetia:
904 392 1006 432 prima
1037 392 1122 422 enim
1146 401 1351 433 praeparato·
1378 383 1379 433 l
1406 392 1494 433 prius
1519 400 1626 424 movet
1654 393 1761 433 ipsum
1784 399 1820 423 ut
1844 393 2001 428 attendat,
2027 399 2057 422 et
2083 391 2195 422 deinde
2220 392 2344 422 revelat.
2377 392 2473 429 Quod

286 440 330 470 ria
353 446 409 470 est.

1377 442 1379 475 ᾗ
1407 443 1452 467 est
1477 443 1585 467 contra
1607 437 1679 467 illos
1713 436 1768 478 qui
1797 443 1911 477 putant
1941 435 2141 477 prophetiam
2170 436 2275 466 haberi
2300 436 2390 476 quasi
2422 446 2476 476 per

340 483 446 514 Habes
458 489 566 514 autern
581 492 619 512 ex
633 481 734 521 prima
751 480 933 511 conditione
950 481 1134 520 prophetiae
1151 481 1239 521 quod
1252 481 1350 519 Deus,
1377 482 1378 511 ἕ
1405 480 1562 511 influxum
1586 481 1618 511 in
1642 481 1802 512 intellectu
1828 481 1894 511 sine
1918 481 2020 512 nobis.
2048 480 2185 520 Oportet
2208 480 2293 510 enim
2317 480 2404 520 prius
2428 480 2473 509 in-

252 524 258 535 ’
283 527 455 567 disponens
470 527 578 557 omnia
593 527 738 557 suaviter
751 526 776 561 *,
796 532 903 555 movet
919 524 1084 556 hominem
1100 525 1242 555 rationali
1258 532 1349 556 motu
1376 518 1378 547 ἶ
1405 524 1580 555 tentionem
1605 525 1736 561 moveri,
1761 532 1796 555 ut
1818 525 1850 555 in
1875 526 1975 556 littera
2000 525 2123 555 dicitur.

1046 679 1366 721 ARTICULUS
1397 679 1700 721 SECUNDUS

1011 771 1167 802 UTRUM
1190 770 1440 801 PROPHETIA
1464 770 1530 801 SIT
1555 771 1744 802 HAB1Tus

467 852 543 882 Infra,
563 859 607 884 qu.
627 858 726 881 cnxxvr.
747 856 791 876 art.
814 858 837 882 2,
857 852 889 875 ad
910 850 936 881 3;
957 850 980 874 1·
1000 850 1054 880 11¹⁸,

1075 858 1119 882 qu.
1139 857 1223 878 vam,
1243 854 1288 874 art.
1311 849 1333 878 3,
1353 850 1384 874 ad
1406 849 1434 879 33
1454 849 1484 873 111
1507 850 1582 875 Cont.
1605 852 1691 880 Gent.‚
1711 859 1766 883 cap.
1786 859 1860 882 cmv;
1882 852 1923 877 De
1946 852 2035 880 Verit.5
2055 860 2099 884 qu.
2118 860 2161 882 xn,
2181 858 2227 878 art.
2251 860 2278 882 x;

745 887 786 911 De
806 887 872 916 Pot„
894 894 937 919 qu.
957 893 991 917 vr,
1010 890 1056 911 art.
1075 893 1107 917 4;
1129 885 1226 916 Quodl.
1245 885 1297 916 xn,
1318 893 1361 917 qu.
1381 892 1441 916 xvn,
1461 890 1507 909 art.
1532 892 1560 915 η
1580 886 1589 910 l
1609 886 1646 910 ad
1667 887 1738 916 Cor„
1759 894 1813 919 cap.
1832 894 1883 917 xm,
1904 888 1962 913 lect.
1980 896 2014 913 v1.

314 983 378 1013 lm
396 987 453 1014 21„
493 981 515 1005 D
536 980 727 1005 SECUNDUM
743 980 796 1004 sm
812 979 1052 1004 pnocamrua.
1068 966 1228 1003 Videtur
1243 965 1348 1014 quod

309 992 469 1083 &pigi
492 1021 694 1070 prophetia
722 1021 768 1058 sit
794 1021 957 1058 habitus.
997 1019 1115 1066 Quia,
1145 1027 1187 1055 ut
1216 1018 1349 1055 dicitur

318 1070 417 1120 sar„
436 1073 532 1111 in
561 1075 593 1111 11
621 1074 742 1111 Ethic.
763 1073 794 1121 ²¹²,
825 1074 898 1110 tria
925 1078 1013 1110 sunt
1038 1073 1075 1108 in
1104 1072 1254 1109 anima:
1277 1082 1347 1118 po-

300 1121 311 1129 ”’
336 1103 433 1160 (²²⁷¹)
449 1121 617 1173 tentia,
641 1128 770 1176 passio
799 1132 836 1163 et
861 1126 1019 1163 habitus.
1050 1125 1127 1161 Sed
1147 1123 1347 1173 prophetia

278 1192 357 1218 non
387 1187 442 1217 est
469 1180 656 1229 potentia:
691 1179 780 1228 quia
809 1179 861 1216 sic
898 1179 1037 1215 inesset
1070 1177 1249 1214 omnibus
1277 1177 1347 1212 ho-

277 1233 456 1279 minibus,
487 1233 624 1283 quibus
650 1232 843 1282 potentiae
872 1231 1022 1269 animae
1052 1238 1139 1267 sunt
1171 1241 1346 1266 commu-

277 1286 568 1335 nesQiter
604 1286 719 1323 etiam
748 1298 827 1323 non
865 1293 920 1322 est
956 1282 1104 1333 passio:
1144 1283 1232 1331 quia
1260 1294 1345 1331 pas-

255 1336 404 1377 §senes
432 1339 621 1388 pertinent
649 1340 696 1377 ad
725 1339 805 1376 vim
834 1337 1094 1387 appetitivam,
1122 1344 1164 1372 ut
1192 1347 1307 1383 supra
1325 1334 1346 1356 '¹‘

275 1392 448 1430 habitum
479 1401 550 1438 est;
581 1392 781 1442 prophetia
810 1398 938 1428 autem
968 1390 1130 1439 pertinet
1157 1388 1345 1438 principa-

274 1446 358 1483 liter
385 1447 434 1483 ad
464 1445 733 1494 cognitionem,
754 1452 796 1481 ut
824 1444 966 1482 dictum
997 1450 1053 1480 est
1070 1442 1100 1479 *.
1132 1443 1234 1489 Ergo
1255 1453 1343 1490 pro-

274 1499 404 1549 phetia
434 1506 489 1536 est
516 1498 677 1536 habitus.

330 1564 366 1590 2.
405 1553 650 1598 PRAETEREA,
681 1550 807 1587 omnis
834 1548 1017 1598 perfectio
1055 1548 1207 1585 animae
1245 1559 1344 1597 quae

274 1617 354 1643 non
372 1617 525 1654 semper
540 1612 596 1641 est
614 1604 653 1641 in
673 1611 770 1650 actu,
788 1611 843 1640 est
861 1602 1023 1640 habitus.
1047 1602 1123 1639 Sed
1143 1601 1345 1650 prophetia

275 1665 331 1695 est
357 1658 550 1706 quaedam
580 1657 732 1694 animae
751 1656 956 1705 perfectio,
987 1668 1066 1692 non
1090 1663 1219 1692 autem
1245 1666 1344 1691 sem—

272 1723 343 1761 per
363 1718 418 1748 est
446 1710 484 1748 in
505 1718 610 1747 actu:
640 1710 811 1758 alioquin
831 1722 910 1746 non
935 1709 1125 1746 diceretur
1150 1707 1345 1746 dormiens

272 1764 473 1814 propheta.
495 1765 598 1812 Ergo
613 1763 766 1801 videtur
781 1763 887 1812 quod
900 1762 1104 1813 prophetia
1119 1761 1166 1799 sit
1179 1761 1344 1798 habitus.

329 1818 364 1854 3.
395 1818 631 1864 PRAETEREA,
652 1816 855 1866 prophetia
884 1822 1129 1864 computatur
1148 1815 1246 1851 inter
1265 1826 1347 1862 gra-

272 1870 342 1908 tias
370 1871 483 1919 gratis
513 1871 630 1908 datas.
669 1869 746 1907 Sed
775 1869 892 1918 gratia
921 1876 976 1905 est
1008 1868 1200 1905 habituale
1237 1867 1345 1916 quid-

239 1945 246 1955 ·
273 1925 362 1962 dam
384 1924 422 1961 in
442 1923 582 1970 anima,
604 1931 645 1960 ut
664 1935 779 1972 supra
797 1922 818 1944 *
844 1921 1018 1959 habitum
1038 1929 1105 1959 est.
1135 1922 1238 1969 Ergo
1257 1933 1345 1970 pro-

273 1976 402 2026 phetia
431 1985 487 2022 est
515 1976 677 2014 habitus.

329 2030 404 2068 SED
424 2041 583 2077 CONTRA,
603 2029 755 2066 habitus
785 2036 840 2065 est
867 2039 941 2076 quo
961 2028 1043 2077 quis
1061 2028 1145 2078 agit
1167 2039 1252 2064 cum
1281 2039 1346 2064 νο-

240 2104 246 2109 ·
274 2083 400 2120 luerit:
429 2091 471 2120 ut
499 2083 588 2120 dicit
617 2083 923 2128 Commentator,
944 2081 984 2118 in
1013 2082 1062 2117 ΙΙΙ
1088 2082 1134 2117 de
1151 2081 1293 2118 Anima
1312 2080 1343 2118 ²¹⁶.

275 2137 351 2174 Sed
371 2136 506 2184 aliquis
526 2148 604 2173 non
623 2142 749 2185 potest
762 2135 814 2172 uti
835 2134 1036 2184 prophetia
1056 2146 1144 2170 curn
1164 2134 1343 2171 voluerit:

274 2189 371 2227 sicut
397 2197 501 2239 patet
529 2189 582 2227 IV
608 2190 705 2239 Reg.
733 2201 767 2226 111
787 2187 827 2234 ²⁸,
859 2187 906 2225 de
936 2187 1084 2233 Elise0‚
1114 2198 1225 2235 quem
1258 2199 1345 2224 cum

273 2243 456 2292 Iosaphat
480 2243 527 2280 de
547 2243 691 2290 futuris
718 2241 937 2290 requireret,
958 2246 994 2277 et
1013 2240 1236 2288 prophetiae
1264 2241 1344 2289 Spi-

273 2296 367 2334 ritus
384 2296 421 2333 ei
437 2296 587 2341 deesset,
601 2295 763 2344 psaltem
777 2294 878 2342 fecit
905 2293 1101 2343 applicari,
1123 2299 1164 2330 ut
1179 2295 1344 2342 prophe-

273 2349 347 2387 tiae
363 2349 416 2386 ad
440 2349 541 2386 hunc
568 2348 727 2396 Spiritus
749 2359 822 2396 per
848 2347 998 2384 laudem
1017 2346 1256 2395 psalmodiae
1283 2347 1344 2383 de·-

271 2402 474 2449 scenderet,
494 2407 607 2451 atque
625 2402 704 2438 eius
725 2401 896 2438 animum
925 2400 971 2437 de
988 2400 1156 2437 venturis
1174 2400 1344 2448 repleret,

272 2462 315 2492 ut
333 2454 542 2503 Gregorius
562 2454 660 2502 dicit,
680 2466 794 2503 super
811 2455 946 2503 Ezech.
966 2453 987 2474 ’¹‘
1015 2454 1117 2501 Ergo
1143 2453 1346 2502 prophetia

274 2520 353 2546 non
383 2515 440 2545 est
467 2508 631 2545 habitus.

327 2562 555 2599 REspounsso
584 2571 769 2598 mcENDUM
789 2559 908 2608 quod,
929 2559 1025 2596 sicut
1051 2560 1262 2608 Apostolus
1291 2560 1344 2597 di-

274 2615 334 2662 cit,
355 2615 408 2652 ad
423 2613 637 2662 Ephes.v*,
657 2625 770 2650 omne
797 2613 898 2661 quod
925 2612 1200 2660 manifestatur,
1216 2613 1343 2650 lumen

273 2674 347 2705 est:
376 2667 465 2717 quia
496 2667 692 2714 videlicet,
722 2666 817 2703 sicut
845 2665 1098 2703 manifestatio
1135 2666 1344 2714 corporalis

271 2721 431 2759 visionis
459 2721 502 2758 fit
529 2732 598 2769 per
617 2720 747 2756 lumen
775 2719 986 2767 corporale,
1008 2718 1058 2755 ita
1078 2717 1193 2755 etiam
1223 2719 1343 2756 mani-

273 2774 420 2812 festatio
439 2773 598 2811 visionis
617 2772 876 2809 intellectualis
895 2772 939 2808 fit
963 2784 1032 2820 per
1051 2773 1183 2808 lumen
1202 2772 1344 2809 intelle-

274 2829 407 2865 ctuale.
439 2827 602 2876 Oportet
630 2838 719 2874 ergo
739 2833 780 2862 ut
800 2825 1053 2862 manifestatio
1079 2825 1344 2873 proportione-

273 2889 335 2918 tur
362 2880 494 2918 lumini
521 2892 591 2930 per
619 2879 724 2928 quod
752 2879 806 2926 fit,
828 2878 924 2915 sicut
942 2877 1101 2915 effectus
1130 2878 1343 2927 proportio-

274 2942 386 2971 natur
404 2946 495 2971 suae
517 2945 666 2970 causae.
698 2932 798 2968 Cum
820 2943 910 2979 ergo
939 2931 1140 2980 prophetia
1158 2931 1345 2980 pertineat

275 2987 323 3025 ad
353 2987 609 3036 cognitionem
639 2997 737 3034 quae
767 2997 881 3034 supra
910 2985 1122 3022 naturalem
1158 2984 1344 3022 rationem

276 3039 407 3087 existit,
436 3047 477 3077 ut
507 3039 651 3077 dictum
682 3046 736 3075 est
754 3038 794 3084 *;
826 3049 1066 3087 consequens
1086 3044 1142 3074 est
1171 3038 1275 3086 quod
1295 3037 1343 3075 ad

276 3093 518 3141 prophetiam
548 3092 761 3142 requiratur
789 3091 988 3140 quoddam
1016 3091 1147 3127 lumen
1175 3090 1344 3139 intelligi-

277 3144 350 3181 bile
371 3150 389 3167 ‘⁸
417 3147 604 3184 excedens
641 3146 771 3182 lumen
809 3144 988 3182 naturalis
1026 3143 1204 3180 rationis:
1239 3144 1344 3181 unde

278 3196 413 3234 dicitur
438 3198 555 3236 Mich.
575 3211 623 3236 vn
642 3198 677 3235 *ε
703 3199 809 3247 ιζῖιινη
836 3198 967 3235 sedero
996 3197 1033 3234 in
1062 3197 1233 3243 tenebris,
1266 3197 1344 3233 Do-

278 3250 403 3287 minus
421 3250 490 3287 lux
507 3263 592 3289 mea
611 3257 673 3288 est.
696 3253 848 3288 Lumen
868 3258 996 3288 autem
1017 3250 1216 3299 dupliciter
1235 3249 1346 3287 alicui

278 3303 403 3340 inesse
440 3310 582 3352 potest:
617 3316 697 3341 uno
730 3305 867 3352 modo,
897 3317 966 3353 per
999 3303 1162 3341 modum
1198 3303 1345 3340 formae

278 3356 553 3405 permanentis,
582 3356 678 3394 sicut
713 3358 845 3395 lumen
883 3358 1081 3406 corporale
1111 3364 1166 3393 est
1194 3356 1232 3393 in
1266 3356 1345 3393 sole

279 3417 316 3446 et
335 3409 373 3446 in
393 3409 497 3457 igne3
524 3409 598 3446 alio
618 3410 750 3457 modo,
770 3423 839 3459 per
858 3411 1020 3448 modum
1042 3410 1240 3447 cuiusdam
1260 3422 1345 3458 pas-

278 3591 331 3608 om.
350 3583 399 3615 pK.

332 3548 359 3579 α)
379 3547 553 3581 intelligibile.
569 3560 589 3567 -
607 3547 783 3573 intellectuale
805 3548 890 3580 PIsK3
908 3549 1075 3583 intelligibile
1099 3551 1233 3576 excedens
1256 3551 1343 3576 lumen
1370 3551 1373 3615 1

1400 964 1516 1002 sionis
1541 965 1621 1002 sive
1642 965 1902 1015 impressionis
1922 969 2150 1006 transeuntis
2170 967 2196 1015 β,
2227 969 2323 1006 sicut
2342 970 2470 1007 lumen
2596 971 2611 1005 β

1401 1025 1456 1054 est
1477 1018 1514 1055 in
1535 1030 1633 1056 aere.
1666 1020 1817 1056 Lumen
1838 1028 1965 1057 autem
1986 1021 2254 1070 propheticum
2275 1035 2354 1060 non
2373 1023 2470 1060 inest

1399 1069 1601 1107 intellectui
1630 1073 1839 1120 prophetae
1860 1086 1928 1121 per
1956 1075 2118 1112 modum
2143 1075 2289 1112 formae
2319 1088 2469 1123 perma-

1399 1123 1540 1159 nentis:
1580 1124 1669 1160 alias
1705 1133 1898 1173 oporteret
1936 1128 2040 1174 quod
2075 1140 2229 1177 semper
2255 1130 2468 1177 prophetae

1399 1176 1550 1212 adesset
1578 1177 1734 1214 facultas
1753 1179 2019 1227 prophetandi,
2041 1181 2144 1229 quod
2173 1189 2277 1230 patet
2298 1194 2380 1219 esse
2402 1182 2467 1218 fal-
2486 1206 2488 1208 v

1400 1240 1509 1274 sum;
1539 1229 1627 1265 dicit
1655 1230 1756 1267 enim
1787 1232 2006 1280 Gregorius,
2028 1246 2142 1283 super
2155 1235 2302 1283 „Ezeclu
2323 1234 2359 1271 *z
2387 1235 2467 1271 Ali·
2494 1235 2504 1245 ⁸
2524 1234 2579 1270 Ρω-
2595 1234 2634 1256 ⁶¹¹·

1398 1282 1549 1328 quando
1581 1284 1804 1331 prophetiae
1832 1285 1991 1333 Spiritus
2026 1287 2127 1323 deest
2155 1288 2364 1335 prophetis,
2399 1300 2468 1324 nec

1397 1345 1546 1382 semper
1564 1347 1695 1372 eorum
1714 1338 1897 1374 mentibus
1906 1344 2059 1385 praesto
2079 1345 2150 1376 est:
2170 1346 2363 1388 quatenus,
2380 1353 2465 1377 cum

1397 1387 1498 1424 hunc
1525 1400 1600 1424 non
1619 1389 1767 1435 hahent,
1786 1402 1826 1426 se
1853 1391 1953 1427 hunc
1971 1398 2182 1441 agnoscant
2200 1405 2249 1429 ex
2277 1394 2375 1430 dono
2399 1395 2466 1430 ha-

1398 1441 1487 1477 bere
1513 1452 1600 1478 cum
1619 1442 1767 1478 habent.
1797 1443 1908 1480 Unde
1938 1444 2086 1481 Eliseus
2116 1445 2206 1482 dixit
2234 1446 2282 1482 de
2307 1446 2466 1483 muliere

1399 1493 1608 1541 sunamite,
1631 1495 1682 1531 IV
1701 1496 1798 1545 Reg.
1819 1495 1858 1532 *ε
1887 1497 2029 1534 Anima
2050 1498 2128 1534 eius
2157 1498 2193 1535 in
2214 1499 2468 1536 amaritudine
2496 1505 2504 1513 '
2521 1503 2577 1550 {2³¹⁹-
2600 1509 2631 1528 w,
2663 1509 2716 1524 ἐπε

1398 1552 1462 1593 est,
1482 1552 1519 1583 et
1536 1548 1724 1585 Dominus
1742 1549 1877 1586 celavit
1894 1562 1917 1586 a
1938 1562 1998 1586 me
2020 1556 2055 1587 et
2073 1563 2147 1588 non
2168 1551 2345 1588 indicavit
2364 1553 2466 1589 mihi.
2495 1535 2521 1556 ²⁷

1399 1600 1447 1636 Et
1475 1600 1588 1637 huius
1609 1601 1702 1638 ratio
1733 1610 1788 1638 est
1806 1602 1896 1650 quia
1915 1604 2046 1640 lumen
2075 1604 2325 1641 intellectuale
2346 1605 2384 1642 in
2404 1605 2467 1642 ali-

1399 1666 1476 1702 quo
1507 1654 1669 1691 existens
1696 1667 1767 1703 per
1795 1657 1956 1693 modum
1979 1657 2124 1694 formae
2152 1658 2412 1706 permanentis
2433 1666 2469 1695 et

1398 1707 1599 1756 perfectae,
1620 1707 1767 1756 perficit
1795 1708 2027 1747 intellectum
2056 1710 2312 1760 principaliter
2341 1711 2388 1748 ad
2406 1724 2468 1748 co-

1398 1760 1663 1808 gnoscendum
1683 1765 1699 1788 Υ
1727 1761 1955 1811 principium
1986 1765 2122 1800 eorum
2152 1776 2251 1811 quae
2280 1776 2349 1812 per
2377 1764 2469 1802 illud
2596 1768 2612 1794 Υ

1398 1815 1528 1850 lumen
1558 1813 1864 1851 manifestantur:
1895 1815 1995 1852 sicut
2012 1828 2082 1865 per
2108 1817 2239 1854 lumen
2260 1817 2469 1854 intellectus

1399 1867 1541 1915 agentis
1561 1867 1766 1916 praecipue
1787 1867 1995 1905 intellectus
2017 1870 2211 1917 cognoscit
2224 1871 2349 1919 prima
2367 1871 2469 1919 prin-

1399 1920 1497 1969 cipia
1517 1920 1692 1957 omnium
1714 1933 1849 1958 eorum
1869 1933 1968 1969 quae
1989 1923 2207 1960 naturaliter
2233 1936 2468 1972 cognoscun-

1398 1981 1470 2011 tur.
1503 1973 1735 2022 Principium
1766 1981 1894 2011 autem
1925 1987 2059 2012 eorum
2088 1988 2188 2025 quae
2217 1977 2266 2013 ad
2286 1989 2469 2025 superna—

1398 2027 1560 2064 turalem
1591 2027 1847 2074 cognitionem
1866 2028 2065 2076 pertinent,
2088 2041 2186 2077 quae
2216 2042 2284 2079 per
2303 2031 2468 2079 prophe-

1397 2080 1490 2117 tiam
1521 2080 1819 2128 manifestantur,
1841 2089 1896 2118 est
1915 2082 1995 2130 ipse
2014 2083 2132 2129 Deus,
2158 2082 2223 2132 qui
2247 2095 2317 2131 per
2341 2095 2468 2120 essen-

1398 2133 1489 2170 tiam
1519 2145 1542 2169 a
1569 2133 1767 2182 prophetis
1796 2146 1874 2171 non
1901 2134 2063 2171 videtur.
2102 2135 2261 2172 Videtur
2289 2143 2418 2173 autem
2447 2149 2469 2173 a

1399 2186 1519 2223 beatis
1539 2186 1577 2223 in
1605 2186 1737 2235 patria,
1759 2187 1796 2224 in
1817 2187 1956 2235 quibus
1980 2188 2201 2226 huiusmodi
2221 2189 2352 2226 lumen
2373 2189 2469 2226 inest

1398 2252 1468 2288 per
1502 2239 1664 2277 modum
1709 2240 1907 2277 cuiusdam
1950 2242 2098 2278 formae
2139 2242 2398 2289 permanentis
2434 2250 2470 2279 et

1398 2293 1606 2341 perfectae:
1644 2293 1857 2330 secundum
1891 2294 1982 2331 illud
2011 2294 2154 2331 Psalmi
2172 2294 2214 2331 *z
2252 2296 2298 2331 In
2328 2295 2470 2332 lumine
2494 2298 2701 2346 fo?⁸·¹¹¹v·v⁸⁵

1398 2352 1461 2382 tuo
1489 2346 1697 2382 videbimus
1723 2346 1863 2383 lumen.

1453 2398 1693 2448 Relinquitur
1713 2412 1802 2448 ergo
1818 2400 1925 2450 quod
1944 2401 2076 2437 lumen
2094 2400 2363 2450 propheticum
2383 2401 2470 2438 insit

1399 2452 1551 2489 animae
1579 2453 1791 2502 prophetae
1815 2466 1885 2502 per
1912 2453 2075 2491 modum
2105 2454 2303 2491 cuiusdam
2324 2454 2468 2503 passio-

1398 2505 1457 2542 nis
1484 2506 1547 2543 vel
1575 2506 1836 2555 impressionis
1870 2507 2108 2544 transeuntis.
2148 2507 2196 2543 Et
2224 2507 2298 2543 hoc
2329 2507 2468 2555 signifi-

1400 2567 1506 2596 catur
1541 2560 1666 2596 Exod.
1701 2572 1811 2597 xxxm
1845 2559 1883 2596 *ε
1926 2561 2097 2608 Cumque
2133 2560 2307 2596 transibit
2340 2561 2469 2610 gloria
2497 2561 2636 2583 'Vm-²2·

1399 2624 1496 2658 mea,
1507 2624 1654 2661 ponam
1673 2619 1707 2649 te
1721 2613 1758 2649 in
1771 2613 1969 2660 foramine
1980 2619 2125 2661 petrae,
2144 2620 2213 2649 etc.
2234 2613 2284 2649 Et
2303 2614 2352 2649 III
2368 2614 2466 2663 Reg.

1398 2677 1459 2702 X1x
1473 2665 1504 2713 ²¹⁸,
1531 2666 1666 2703 dicitur
1684 2666 1734 2702 ad
1754 2666 1901 2703 Eliam:
1929 2667 2137 2716 Egredere,
2158 2671 2195 2702 et
2208 2671 2264 2702 sta
2285 2666 2322 2702 in
2343 2672 2469 2703 monte
2496 2667 2506 2677 ⁴
2520 2666 2587 2688 Vm·
2603 2672 2628 2687 ¹¹·

1398 2730 1530 2756 coram
1550 2719 1738 2756 Domino:
1767 2724 1803 2755 et
1819 2731 1916 2765 ecce,
1936 2720 2125 2756 Dominus
2153 2718 2297 2764 transit,
2320 2725 2388 2755 etc.
2420 2719 2469 2755 Et

1397 2771 1485 2809 inde
1516 2780 1571 2809 est
1598 2772 1716 2820 quod,
1743 2771 1839 2808 sicut
1867 2784 1932 2808 aer
1960 2784 2113 2821 semper
2131 2771 2274 2819 indiget
2302 2783 2406 2809 nova
2427 2772 2468 2808 il-

1397 2825 1668 2872 luminatione,
1699 2825 1749 2861 ita
1778 2825 1892 2861 etiam
1920 2837 2029 2862 mens
2065 2825 2276 2874 prophetae
2314 2837 2468 2873 semper

1397 2878 1539 2926 indiget
1558 2890 1661 2915 nova
1681 2877 1934 2914 revelatione:
1957 2878 2051 2915 sicut
2071 2877 2277 2926 discipulus
2292 2878 2357 2926 qui
2372 2890 2467 2914 non-

1398 2932 1491 2968 dum
1513 2938 1568 2968 est
1587 2932 1746 2980 adeptus
1766 2931 1951 2980 principia
1980 2931 2079 2978 artis,
2099 2931 2240 2978 indiget
2258 2938 2300 2966 ut
2327 2931 2373 2967 de
2394 2931 2467 2968 sin-

1397 2985 1493 3033 gulis
1513 2985 1729 3021 instruatur.
1750 2984 1863 3022 Unde
1884 2992 1919 3021 et
1939 2984 2057 3021 Isaiae
2078 2997 2099 3021 L
2118 2983 2138 3005 *
2167 2983 2316 3021 dicitur:
2345 2984 2468 3021 Mane
2495 2985 2504 2994 ’
2519 2983 2587 3005 ‘'⁶¹⁵-
2604 2990 2627 3010 ⁴·

1398 3038 1512 3088 erigit
1538 3038 1632 3074 mihi
1658 3049 1813 3083 aurem,
1848 3043 1884 3073 et
1909 3038 2063 3074 audiam
2092 3037 2201 3085 quasi
2227 3036 2465 3085 magistrum.

1399 3092 1448 3128 Et
1475 3091 1550 3128 hoc
1579 3091 1693 3127 etiam
1723 3091 1803 3139 ipse
1837 3090 1978 3127 modus
2015 3090 2196 3139 loquendi
2223 3090 2466 3138 prophetiam

1399 3144 1586 3191 designat:
1625 3143 1839 3180 secundum
1875 3143 1980 3192 quod
2018 3143 2153 3181 dicitur
2180 3142 2286 3191 quod
2322 3143 2467 3180 locutus

1398 3203 1454 3233 est
1478 3197 1667 3233 Dominus
1695 3196 1744 3233 ad
1763 3196 1878 3233 talem
1907 3197 1969 3233 vel
1988 3197 2103 3233 talem
2131 3196 2373 3244 prophetam,
2403 3204 2468 3233 aut

1399 3249 1504 3299 quod
1518 3251 1667 3298 factum
1687 3255 1740 3286 est
1757 3250 1915 3286 verbum
1945 3249 2112 3294 Domini,
2133 3249 2213 3286 sive
2233 3259 2370 3286 manus
2387 3249 2467 3286 Do-

1399 3303 1494 3339 mini
1515 3315 1629 3351 super
1656 3314 1755 3339 eum.
1775 3323 1799 3330 -
1820 3302 1983 3338 Habitus
2012 3310 2141 3339 autem
2162 3309 2218 3339 est
2236 3303 2362 3340 forma
2379 3314 2465 3351 per-

1399 3368 1573 3393 manens.
1603 3355 1715 3393 Unde
1744 3355 1988 3392 manifestum
2023 3363 2078 3392 est
2107 3355 2213 3403 quod
2240 3355 2464 3405 prophetia,

1399 3409 1553 3458 proprie
1582 3409 1790 3457 loquendo,
1820 3420 1898 3444 non
1927 3415 1983 3445 est
2011 3407 2174 3445 habitus.

1454 3549 1479 3583 β)
1499 3549 1672 3574 transeuntis.
1685 3563 1703 3568 -
1721 3549 1782 3575 Om.
1801 3550 1832 3575 Α.

1452 3586 1479 3618 γ)
1499 3585 1535 3610 ad
1553 3585 1774 3618 cognoscendum.
1787 3599 1804 3604 -
1821 3585 2033 3618 cognoscendum
2058 3585 2159 3615 AEKL,
2174 3584 2356 3618 cognoscendo
2379 3583 2419 3608 ed.
2437 3589 2462 3607 a.
