2768 4198
51 556 60 566 ⁸
74 556 110 578 Cf.
129 562 192 578 num.
212 563 262 578 vni.

53 1451 62 1461 ⁸
71 1451 107 1472 De
117 1450 210 1472 Ordine
222 1450 261 1471 lib.

53 1478 80 1503 11,
96 1483 145 1505 cap.
161 1483 192 1498 iv.

52 1757 63 1768 ⁸
73 1756 107 1778 Ct.
123 1763 185 1778 num.
201 1762 231 1777 ix.

53 2337 64 2347 ⁴
77 2336 186 2358 Conclus.
201 2342 215 2357 ι.

53 2429 63 2440 ⁸
77 2429 112 2451 Cf.
128 2435 191 2451 num.
205 2435 226 2450 x.

57 2824 66 2834 ⁴
72 2823 97 2845 ln
104 2830 162 2852 resp.
169 2823 197 2845 ad
202 2829 264 2851 argg.

57 2854 118 2872 cont.
134 2850 234 2872 conclus.
250 2856 264 2871 1.

57 2877 78 2887 '⁶
95 2876 130 2898 Cf.
152 2883 214 2899 num.
234 2883 265 2898 xi.

62 3267 71 3275 ⁸
87 3266 122 3287 Cf.
138 3271 200 3287 num.
215 3272 256 3287 ιιι.

296 311 371 337 220

291 379 480 410 nicationem
505 388 571 409 esse
595 379 662 418 lege
682 377 882 417 prohibitam.
908 374 1005 411 Quod
1026 373 1172 402 nondum
1195 369 1357 411 probavit:

292 425 345 454 sed
372 423 480 454 nititur
496 423 630 454 naturali
646 422 765 452 ratione
790 420 975 450 convincere
993 427 1059 447 esse
1083 422 1250 456 peccatum
1275 423 1359 444 mor-

290 469 368 504 tale;
394 475 424 498 et
447 478 521 499 cum
547 467 624 497 ratio
654 465 830 496 ostenditur
858 462 1022 493 manifeste
1051 459 1199 495 deficere,
1225 459 1287 489 iam
1313 468 1359 488 re-

291 513 387 544 currit
405 513 444 542 ad
468 513 579 552 legem,
605 511 643 540 de
667 520 730 550 qua
754 519 819 538 non
843 507 915 537 fecit
931 506 1032 536 adhuc
1057 504 1163 534 fidem.
1335 546 1342 552 .

350 557 469 594 Quinto
483 557 514 592 ³¹⁸,
539 555 614 596 quia
638 555 662 584 si
687 553 743 589 sic,
769 557 951 592 sequeretur
981 549 1070 590 quod
1095 548 1228 589 simplex
1261 546 1358 577 form-

291 601 371 632 catio
397 612 462 631 non
486 607 565 630 esset
581 600 619 629 de
643 607 675 627 se
699 597 791 632 mala,
816 596 869 625 sed
894 602 1018 625 tantum
1043 593 1165 624 ratione
1189 591 1358 622 iniustitiae

290 656 371 686 quae
396 656 432 675 ex
455 655 490 675 ea
524 643 611 684 sequi
643 648 747 681 potest
770 641 802 670 in
834 640 894 669 hoc
923 639 1011 679 quod
1042 644 1130 678 pater
1161 647 1226 667 non
1257 636 1358 666 reddit

291 690 372 730 proli
403 689 539 719 debitam
574 694 701 717 naturae
735 684 957 715 educationem
981 689 1011 713 et
1040 681 1292 713 instructionem.
1318 680 1358 710 Et

291 745 327 764 ex
347 734 407 764 hoc
432 732 573 773 sequitur
590 730 704 771 primo,
722 729 808 770 quod
826 728 932 768 aliqua
949 727 1082 767 simplex
1107 725 1274 756 fornicatio
1291 735 1357 755 non

290 786 336 809 est
360 784 523 818 peccatum
548 774 689 805 mortale.
719 774 806 803 Patet
838 771 1064 812 consequentia
1083 771 1121 800 de
1145 770 1198 800 illa
1226 770 1359 800 fornica-

290 823 375 853 tione
396 822 435 851 ad
458 830 555 861 quam
579 819 665 849 nulla
690 818 833 858 sequitur
855 816 1026 846 iniustitia:
1052 822 1128 855 puta
1153 815 1206 845 illa
1230 825 1266 845 ex
1294 824 1358 854 qua

289 876 353 896 non
379 872 543 905 generatur
566 864 680 903 proleS,
699 869 729 892 et
752 862 805 892 illa
830 871 866 891 ex
886 871 949 902 qua
965 860 1070 901 genita
1090 859 1195 900 proles
1212 859 1358 899 religiose

289 911 448 940 educatur.
474 909 514 939 Et
538 908 690 948 probatur
713 906 940 947 consequentia
964 915 1019 945 per
1043 904 1145 934 simile
1162 904 1199 934 de
1216 904 1300 934 iactu
1315 904 1358 934 la-

289 955 369 995 pidis
393 954 442 983 vel
467 953 595 993 sagittae
619 951 651 982 in
674 951 747 981 loco
772 951 803 980 in
829 961 895 990 quo
920 950 1010 980 facile
1034 949 1105 990 quis
1130 955 1235 989 potest
1258 948 1355 979 laedi:

289 1006 410 1029 constat
434 998 519 1028 enim
543 997 631 1038 quod
656 996 681 1026 si
705 995 787 1036 quis,
813 995 978 1035 diligenter
1001 994 1130 1035 proviso
1155 993 1244 1034 quod
1261 1003 1358 1024 nemo

287 1043 438 1079 laedatur,
462 1042 505 1072 ita
529 1041 628 1077 iaciat,
650 1050 715 1070 non
740 1046 858 1080 peccat.
886 1039 973 1070 Licet
993 1048 1067 1078 ergo
1088 1048 1124 1068 ex
1148 1038 1358 1069 fornicatione

288 1095 359 1118 nata
383 1087 422 1117 sit
445 1086 534 1127 sequi
559 1085 673 1116 iniuria
698 1084 812 1125 prolis,
839 1084 865 1114 si
889 1091 994 1115 tamen
1016 1084 1054 1113 de
1078 1082 1160 1113 facto
1185 1083 1228 1113 ita
1251 1082 1358 1123 provi-

289 1134 398 1162 deatur
421 1131 510 1172 quod
530 1141 595 1161 non
620 1137 780 1170 sequatur,
797 1139 862 1159 non
880 1129 938 1159 erit
961 1135 1139 1168 peccatum.

344 1176 492 1217 Sequitur
516 1175 675 1211 secundo,
696 1174 785 1215 quod
809 1173 976 1204 fornicatio
1001 1172 1175 1203 meretricia
1195 1171 1252 1202 erit
1274 1171 1359 1202 licita

289 1229 319 1252 et
334 1222 427 1251 bona.
453 1220 493 1250 Et
513 1220 664 1260 probatur
679 1217 916 1258 consequentia.
941 1217 1057 1248 Omnis
1077 1224 1164 1247 actus
1185 1215 1359 1247 conformis

288 1266 349 1306 legi
369 1264 483 1296 rationi
506 1271 606 1294 rectae
633 1262 807 1299 conformi,
832 1262 922 1293 cuius
946 1269 1034 1292 actus
1058 1262 1116 1292 toti
1141 1261 1254 1301 culpae
1277 1271 1359 1301 quae

290 1321 326 1340 ex
349 1320 387 1340 eo
413 1309 626 1340 communiter
654 1307 778 1338 evenire
803 1314 907 1347 potest
930 1317 986 1347 per
1016 1306 1110 1336 aliam
1139 1306 1242 1346 legem
1274 1304 1359 1335 suffi-

290 1355 407 1386 cienter
422 1353 587 1394 provisum
612 1358 668 1388 est,
686 1360 731 1383 est
754 1358 842 1382 actus
859 1351 962 1382 licitus
980 1358 1010 1382 et
1033 1352 1148 1381 bonus.
1178 1350 1239 1380 Sed
1254 1349 1305 1380 lex
1321 1351 1360 1380 de

290 1398 506 1430 meretricibus
529 1397 561 1428 in
579 1396 702 1428 civitate
725 1396 876 1427 habendis
897 1403 942 1426 est
966 1403 1067 1426 rectae
1098 1394 1214 1426 rationi
1235 1394 1360 1426 confor-

291 1444 364 1474 mis:
397 1450 433 1473 ut
456 1449 541 1483 patet
559 1452 596 1472 ex
611 1441 793 1481 Augustino
804 1441 833 1478 *,
860 1441 948 1471 Tolle
970 1441 1168 1471 meretricem
1187 1449 1228 1470 ex
1250 1440 1360 1470 Eccle-

290 1490 351 1525 sia,
369 1493 398 1518 et
418 1497 487 1518 eam
512 1487 616 1527 reples
647 1486 831 1516 concubinis
854 1491 883 1516 et
907 1485 1085 1516 adulteriis.
1121 1485 1162 1515 Et
1185 1494 1241 1524 per
1264 1484 1361 1515 aliam

290 1534 393 1573 legem
418 1531 607 1562 sufficienter
627 1530 792 1571 provisum
813 1537 867 1566 est,
886 1537 940 1560 aut
959 1528 1119 1570 provideri
1137 1528 1267 1559 faciliter
1290 1536 1361 1569 pot-

292 1584 338 1608 est
353 1577 484 1607 iniuriae
501 1575 598 1616 prolis
614 1575 824 1615 generandae:
845 1574 905 1604 illis
922 1582 1030 1605 autem
1047 1573 1138 1604 malis
1154 1583 1236 1614 quae
1253 1574 1361 1604 oriun-

291 1629 342 1653 tur
359 1631 395 1651 ex
415 1621 574 1651 ablatione
593 1619 670 1659 legis
693 1619 910 1657 meretricum,
928 1619 1015 1649 nulla
1039 1625 1145 1658 potest
1167 1618 1236 1658 lege
1255 1618 1361 1658 provi-

291 1666 366 1696 deri.
398 1666 482 1705 Ergo
507 1672 594 1695 actus
629 1663 802 1694 conformis
826 1663 887 1703 legi
911 1663 950 1693 de
979 1662 1156 1694 meretricio
1189 1663 1360 1694 concubitu

291 1718 337 1741 est
352 1710 456 1740 licitus
476 1716 506 1740 et
529 1708 740 1748 inculpabilis.

346 1755 443 1785 Sexto
458 1754 484 1784 *.
510 1756 575 1784 Aut
591 1763 629 1783 eo
653 1752 724 1792 ipso
740 1752 859 1792 aliquid
875 1758 922 1782 est
936 1758 1103 1791 peccatum
1118 1751 1252 1782 mortale
1271 1751 1361 1792 quod

291 1810 327 1830 ex
352 1809 389 1829 eo
414 1807 485 1829 nata
510 1804 556 1828 est
573 1796 661 1837 sequi
685 1796 812 1826 alterius
828 1796 954 1826 iniuria:
980 1802 1035 1825 aut
1050 1795 1125 1836 quia
1145 1795 1183 1825 de
1208 1795 1292 1826 facto
1313 1805 1360 1826 se—

290 1844 408 1884 quitur.
433 1842 465 1872 Si
485 1841 670 1875 secundum,
696 1847 761 1870 tota
786 1840 864 1870 ratio
890 1839 975 1870 nulla
1000 1846 1058 1870 est:
1084 1839 1240 1880 quoniam
1265 1850 1302 1870 ex
1325 1849 1361 1870 ea

291 1898 355 1919 non
380 1886 511 1917 infertur
539 1885 627 1926 quod
659 1884 764 1914 omnis
795 1884 962 1914 fornicatio
991 1890 1038 1914 est
1061 1884 1221 1920 mortalis,
1246 1885 1300 1914 sed
1324 1894 1360 1914 ea

289 1939 412 1963 tantum
437 1940 534 1971 quam
559 1930 596 1959 de
622 1929 703 1959 facto
733 1929 875 1969 sequitur
898 1927 1012 1958 iniuria
1036 1928 1145 1968 prolis.
1162 1946 1183 1951 —
1198 1929 1263 1959 Nec
1287 1935 1359 1969 pot-

290 1984 335 2007 est
366 1975 425 2005 dici
458 1975 611 2015 primum:
644 1973 719 2014 quia
751 1973 795 2004 sic
825 1983 938 2003 omnes
970 1971 1202 2012 negotiationes
1236 1973 1358 2010 civiles,
1386 1979 1387 1984 ¹

289 2021 428 2052 actiones
445 2019 504 2049 fori
524 2018 695 2054 exterioris,
713 2024 743 2048 et
767 2027 880 2048 omnes
902 2027 1002 2058 paene
1019 2018 1190 2048 hominum
1214 2027 1360 2048 commu-

289 2065 462 2097 nicationes
485 2071 589 2094 essent
612 2069 739 2103 peccata
763 2062 919 2099 mortalia,
944 2062 1019 2103 quia
1043 2072 1080 2093 ex
1104 2062 1152 2093 his
1171 2070 1262 2093 natae
1286 2069 1361 2093 sunt

289 2110 378 2152 sequi
410 2109 520 2148 culpae
551 2107 716 2143 mortales,
742 2106 884 2143 fraudes,
916 2107 1097 2143 mendacia,
1122 2107 1274 2148 periuria,
1300 2114 1358 2138 etc.

290 2156 479 2196 sequeretur
502 2152 597 2183 etiam
613 2153 702 2193 quod
722 2152 823 2182 iurare
840 2159 921 2182 esset
935 2159 1102 2191 peccatum
1123 2152 1267 2189 mortale,
1284 2151 1361 2193 quia

290 2207 336 2231 est
359 2198 537 2239 periculum
561 2207 651 2228 casus
674 2196 705 2227 in
730 2196 886 2238 frequenti
910 2196 1077 2228 iuratione.

345 2245 392 2274 Ex
414 2243 462 2274 his
486 2250 572 2284 patet
594 2243 683 2283 quod
706 2242 785 2273 ratio
810 2242 957 2272 Thomae
982 2252 1048 2272 non
1071 2248 1118 2272 est
1137 2241 1296 2273 sufficiens
1320 2243 1360 2273 ad

291 2288 513 2329 probationem
529 2288 618 2328 quod
634 2287 767 2327 simplex
783 2286 950 2317 fornicatio
966 2295 1013 2318 est
1028 2294 1195 2327 peccatum
1215 2287 1360 2318 mortale.

348 2333 383 2364 11.
409 2333 540 2368 Rursus,
557 2331 675 2362 ibidem
688 2332 704 2350 '¹‘
728 2331 900 2361 Martinus:
926 2332 998 2362 Non
1021 2332 1104 2368 ideo,
1122 2332 1236 2373 inquit,
1254 2332 1360 2363 omnis

293 2377 458 2408 fornicatio
483 2377 615 2417 simplex
640 2383 685 2406 est
708 2383 874 2416 peccatum
890 2377 1023 2407 mortale
1038 2377 1114 2418 quia
1137 2375 1257 2408 directe
1277 2387 1360 2408 com-

292 2423 428 2453 mittitur
444 2427 556 2452 contra
573 2422 670 2452 vitam
687 2421 824 2451 hominis
840 2422 997 2452 nascituri
1008 2421 1035 2452 *.
1052 2422 1140 2452 Tum
1154 2423 1271 2462 primo,
1285 2421 1360 2463 quia

293 2466 383 2497 multi
408 2472 482 2496 sunt
504 2465 559 2506 qui
584 2475 648 2495 non
672 2465 841 2496 intendunt
863 2476 1020 2505 generare.

347 2511 434 2541 Turn
457 2510 613 2547 secundo,
635 2510 712 2550 ,quia
736 2510 829 2541 multi
853 2517 928 2541 sunt
949 2511 1004 2551 qui
1024 2511 1194 2542 intendunt
1217 2511 1361 2551 religiose

293 2556 424 2586 educare
448 2555 570 2595 prolem
596 2565 632 2584 ex
656 2555 709 2585 tali
733 2555 915 2586 concubitu.

347 2600 435 2630 Turn
458 2601 563 2639 tertio,
580 2599 654 2640 quia
678 2600 717 2629 de
741 2599 827 2630 mille
852 2610 918 2630 non
934 2599 1095 2631 invenitur
1118 2600 1174 2641 qui
1198 2601 1314 2632 directe
1332 2608 1362 2631 et

292 2655 347 2685 per
371 2655 402 2674 se
426 2644 567 2675 intendat
591 2651 823 2675 nocumentum
847 2645 954 2685 proliS.

347 2689 435 2719 Tum
458 2694 584 2729 quarto,
610 2688 685 2729 quia
702 2689 770 2729 lege
794 2697 876 2720 recta
899 2697 928 2720 et
945 2689 1145 2721 convenienti
1165 2696 1271 2730 potest
1287 2699 1360 2730 pro-

291 2733 389 2763 videri
414 2743 451 2763 ne
475 2733 536 2764 hoc
560 2741 792 2764 nocumentum
818 2741 853 2765 ut
876 2734 908 2764 in
933 2734 1077 2774 pluribus
1101 2742 1261 2775 sequatur.

348 2778 400 2808 111.
424 2778 564 2808 Demum
588 2779 627 2808 ad
651 2778 708 2809 tria
732 2778 814 2809 dicta
838 2779 869 2808 in
894 2779 995 2809 littera
1025 2780 1195 2819 respondet
1224 2779 1361 2820 singilla-

293 2823 350 2853 tim
362 2824 387 2853 ΖΚ.
413 2823 555 2853 Primum
572 2822 605 2841 **
629 2830 690 2853 est:
716 2823 901 2854 Fornicatio
919 2824 1057 2864 simplex
1076 2825 1227 2865 importat
1242 2824 1362 2855 inordi-

294 2868 452 2898 nationem
481 2877 563 2907 quae
586 2869 689 2908 vergit
710 2869 742 2898 in
760 2874 985 2899 nocumentum
1012 2870 1095 2899 vitae
1119 2870 1286 2900 nascituri.
1311 2869 1363 2899 Ad

294 2912 354 2942 hoc
370 2912 540 2951 respondet
556 2912 701 2951 negando
726 2912 807 2943 hanc
824 2913 1079 2953 propositionem
1096 2914 1127 2944 in
1149 2913 1260 2955 politia
1285 2914 1364 2944 bene

294 2956 445 2986 instituta.
477 2956 641 2993 Quoniam
665 2956 850 2987 huiusmodi
875 2957 985 2997 politia
1009 2958 1091 2989 vitae
1116 2958 1179 2990 nati
1205 2957 1363 2989 sufficien-

294 3007 339 3031 ter
362 3000 516 3040 providet.

350 3045 530 3076 Secundum
556 3052 601 3075 est
625 3045 713 3086 quod
728 3045 909 3086 fornicatio
927 3048 1038 3086 privat
1057 3048 1182 3088 prolem
1203 3058 1283 3079 cura
1305 3058 1363 3088 pa-

295 3090 364 3126 tris,
383 3097 440 3120 etc.
467 3090 515 3120 Ad
533 3089 593 3120 hoc
610 3090 780 3129 respondet
803 3091 948 3130 negando
965 3092 1054 3132 quod
1076 3092 1256 3128 fornicatio,
1273 3092 1364 3123 rectis

295 3134 416 3173 legibus
441 3134 597 3174 regulata,
630 3134 730 3174 privet
753 3136 876 3175 prolem
901 3146 976 3166 cura
1000 3137 1113 3176 patris,
1137 3144 1193 3168 aut
1217 3137 1364 3178 aequiva-

296 3178 382 3214 lenti,
397 3185 426 3208 et
442 3178 510 3208 aliis
530 3179 568 3208 ad
586 3179 797 3210 eruditionem
815 3180 987 3221 requisitis:
1009 3181 1146 3212 maxime
1164 3192 1238 3213 curn
1256 3182 1365 3213 huius-

298 3222 384 3252 modi
409 3223 513 3262 proles
537 3233 623 3254 rarae
654 3224 716 3254 sint
739 3232 882 3264 respectu
907 3232 1057 3256 natorum
1086 3236 1123 3257 ex
1146 3226 1365 3258 matrimonio.

359 3267 498 3297 Tertium
511 3267 527 3286 ’⁸‘
540 3275 586 3298 est
602 3269 691 3308 quod
694 3268 886 3309 fornicatiO,
899 3279 955 3300 seu
972 3280 1076 3311 vagus
1096 3271 1292 3310 concubitus,
1306 3272 1364 3302 tol-

299 3310 377 3340 leret
393 3312 611 3343 certitudinem
630 3313 745 3352 prolis.
771 3314 820 3344 Ad
838 3314 899 3344 hoc
919 3316 1099 3354 respondet,
1117 3322 1186 3346 tum
1203 3316 1278 3357 quia
1293 3324 1365 3356 pot-

299 3360 344 3383 est
367 3354 485 3385 institui
509 3355 558 3386 lex
581 3366 636 3396 per
659 3367 757 3397 quam
781 3358 838 3388 erit
862 3359 1018 3390 certitudo
1042 3359 1201 3391 sufficiens
1225 3361 1264 3392 ad
1286 3361 1364 3392 edu-

299 3397 456 3428 cationem
480 3400 587 3438 prolis.
611 3418 632 3423 -
652 3402 740 3432 Tum
760 3403 843 3442 quia,
862 3403 886 3433 si
904 3403 1018 3434 mulier
1033 3404 1085 3435 illa
1101 3405 1211 3445 paucis
1227 3415 1260 3436 se
1275 3415 1363 3436 com—

300 3442 455 3478 municet,
484 3444 541 3474 erit
565 3444 662 3475 facilis
686 3446 856 3477 certitudo:
882 3448 907 3477 si
931 3449 1051 3485 multis,
1076 3449 1133 3480 erit
1156 3459 1224 3480 rara
1247 3450 1362 3490 proles.

355 3486 407 3516 IV.
433 3487 482 3516 Ad
506 3487 695 3520 evidentiam
718 3490 852 3529 horum,
884 3502 949 3523 non
981 3500 1108 3533 oportet
1138 3503 1222 3524 nova
1249 3493 1364 3525 funda-

300 3537 406 3560 menta
428 3531 543 3567 iacere,
568 3533 621 3562 sed
645 3544 739 3573 super
761 3535 879 3566 litterae
904 3536 1127 3574 fundamenta,
1159 3538 1209 3569 hic
1232 3538 1363 3579 quidem

300 3575 471 3605 summarie
495 3577 664 3615 perstricta,
689 3578 720 3607 in
746 3579 785 3608 ΙΙΙ
808 3589 882 3610 vero
910 3581 1031 3612 Contra
1050 3582 1155 3620 Gent.,
1189 3592 1258 3624 cap.
1284 3593 1365 3613 cxxu

301 3625 331 3649 et
353 3629 458 3655 cxxtn,
484 3626 618 3657 extensa,
643 3628 745 3652 tantae
769 3624 888 3653 molem
911 3625 1082 3665 sapientiae
1114 3627 1264 3658 naturalis
1288 3636 1364 3658 con-

301 3670 428 3694 struere.
453 3663 632 3695 Differentia
646 3665 740 3705 igitur
756 3666 836 3697 inter
854 3678 916 3707 per
931 3679 965 3699 se
984 3677 1014 3700 et
1032 3680 1094 3709 per
1109 3671 1257 3702 accidens
1272 3681 1363 3702 mon-

975 291 1243 341 QUAESTIO
1274 288 1410 335 CLIV,
1440 291 1739 331 ARTICULUS
1770 294 1801 329 II

1413 376 1489 400 strat
1501 377 1531 400 et
1543 370 1787 402 fornicationem
1799 382 1866 402 esse
1879 379 2045 412 peccatum
2060 372 2205 408 mortale,
2216 378 2247 402 et
2263 371 2356 402 solvit
2373 380 2486 401 omnes

1413 413 1612 446 difficultates
1637 423 1750 448 motas.
1783 417 1880 447 Sume
1905 427 1979 457 ergo
2010 424 2071 447 tres
2101 415 2349 456 propositione&
2381 416 2486 446 Prima

1413 464 1474 487 est:
1500 458 1676 490 Seminatio
1692 461 1835 491 humana
1858 461 2034 492 secundum
2050 470 2085 491 se
2104 461 2276 491 ordinatur
2291 460 2487 490 naturaliter

1412 502 1456 532 ad
1487 505 1751 543 generationem,
1786 505 2006 536 educationem
2039 506 2345 545 instructionemque
2369 505 2485 545 prolis.

1412 546 1499 576 Haec
1523 546 1614 577 facile
1639 555 1725 587 patet
1747 558 1785 579 ex
1808 556 1920 579 natura
1944 549 2090 585 seminis,
2122 556 2152 579 et
2179 549 2278 590 prolis
2303 548 2486 579 necessitate

1412 591 1591 621 secundum
1615 602 1731 632 corpus
1756 599 1786 623 et
1809 594 1987 624 secundum
2011 594 2163 624 animam.

1468 634 1615 665 Secunda
1643 643 1690 667 est
1720 637 1809 677 quod
1841 639 1945 669 omnis
1974 639 2144 668 seminatio
2166 638 2331 675 humana,
2357 638 2400 668 ad
2428 639 2488 669 hoc

1412 679 1497 719 quod
1519 681 1560 710 sit
1582 681 1759 711 secundum
1780 687 1901 712 rectam
1926 683 2096 719 rationem,
2117 687 2242 722 oportet
2265 683 2350 723 quod
2372 682 2488 714 habeat

1410 724 1585 754 secundum
1613 734 1648 754 se
1677 725 1795 756 dictum
1820 726 1985 763 ordinem,
2018 725 2135 756 scilicet
2163 727 2203 756 ad
2230 727 2485 767 generationem,

1411 768 1634 799 educationem
1666 777 1696 800 et
1718 769 1961 800 instructionem
1987 770 2095 810 prolis.
2130 771 2191 801 Ista
2221 771 2318 802 etiam
2341 778 2428 812 patet
2450 782 2487 802 ex

1411 822 1450 842 eo
1469 813 1557 853 quod
1575 819 1663 843 actus
1680 814 1847 850 naturales,
1865 824 1940 845 cum
1955 814 2133 845 voluntarie
2149 822 2342 851 exercentur,
2361 823 2488 856 oportet

1410 858 1499 897 quod
1515 857 1703 888 ordinentur
1718 859 1758 888 ad
1774 857 1871 889 finem
1884 869 1981 889 suum
2001 859 2194 889 naturalem:
2215 859 2370 901 alioquin,
2384 861 2487 891 abuti-

1411 912 1484 932 mur
1508 902 1715 933 naturalibus.
1733 920 1754 926 -
1771 903 1955 943 Explicatur
1972 910 2079 934 autem
2103 903 2135 944 ly
2150 904 2326 936 secundum
2342 915 2388 943 se,
2413 915 2488 946 pro—

1411 953 1479 987 pter
1496 947 1704 978 concubitum
1729 957 1804 978 cum
1821 957 1919 978 uxore
1934 948 2051 984 vetula,
2076 948 2132 988 qui
2148 948 2216 979 sine
2231 949 2326 990 culpa
2342 956 2398 986 est,
2415 950 2488 980 licet

1411 992 1449 1022 ab
1474 991 1536 1022 hoc
1560 991 1672 1022 ordine
1697 991 1836 1023 deficiat:
1867 992 1942 1033 quia
1967 991 2071 1023 deficit
2095 1002 2150 1032 per
2173 992 2334 1030 accidens,
2367 1002 2398 1025 et
2421 1004 2487 1025 non

1411 1046 1468 1076 per
1491 1046 1533 1073 se,
1559 1037 1597 1067 ab
1622 1037 1742 1068 ordine.
1767 1037 1942 1068 Seminatio
1967 1047 2107 1078 namque
2131 1036 2166 1067 fit
2187 1037 2219 1067 in
2244 1038 2317 1068 loco
2342 1038 2487 1075 naturali,

1414 1081 1497 1111 unde
1522 1088 1595 1111 nata
1619 1088 1665 1112 est
1688 1082 1778 1122 sequi
1803 1081 1975 1121 generatio,
2001 1089 2076 1113 etc.:
2101 1082 2155 1111 sed
2179 1091 2236 1121 per
2259 1081 2413 1119 accidens,
2431 1082 2488 1113 sci-

1413 1125 1486 1156 licet
1509 1136 1546 1156 ex
1570 1126 1755 1157 conditione
1784 1126 1875 1157 istius
1909 1136 2065 1166 personae
2095 1133 2143 1156 est
2172 1126 2262 1166 quod
2290 1136 2356 1157 non
2387 1127 2489 1167 possit

1413 1170 1502 1211 sequi
1527 1171 1697 1210 generatio.
1722 1171 1853 1202 Bonitas
1877 1171 1963 1202 enim
1986 1170 2133 1212 specifica
2157 1170 2287 1202 moralis
2310 1171 2343 1201 in
2367 1171 2489 1203 actibus

1413 1215 1609 1245 naturalibus
1633 1216 1804 1246 attenditur
1820 1217 1998 1246 secundum
2015 1216 2046 1246 id
2064 1216 2154 1256 quod
2175 1222 2221 1246 est
2236 1225 2293 1256 per
2308 1225 2351 1252 se,
2377 1222 2407 1246 et
2422 1226 2489 1248 non

1414 1260 1591 1290 secundum
1616 1270 1652 1290 ea
1675 1270 1758 1301 quae
1782 1268 1857 1291 sunt
1880 1271 1936 1301 per
1959 1261 2114 1292 accidens.
2489 1267 2492 1269 ’

1470 1305 1578 1335 Tertia
1591 1311 1651 1335 est:
1673 1304 1785 1336 Omnis
1796 1306 1966 1336 seminatio
1979 1305 2142 1336 naturalis
2154 1314 2270 1335 carens
2279 1304 2394 1335 ordine
2405 1304 2489 1336 dicto

1415 1354 1462 1379 est
1479 1349 1636 1390 deformis
1651 1349 1857 1391 deformitate
1867 1351 2062 1390 privationis
2077 1350 2174 1380 debiti
2189 1349 2314 1380 ordinis
2335 1349 2380 1380 ad
2393 1358 2488 1380 suum

1415 1394 1598 1424 naturalem
1605 1394 1722 1435 finem.
1745 1395 1806 1425 Ista
1821 1395 1982 1426 evidenter
1998 1401 2093 1435 patet.
2111 1394 2152 1425 Et
2167 1404 2205 1424 ex
2221 1394 2284 1425 hoc
2298 1401 2385 1434 patet
2399 1394 2489 1435 quod

1414 1438 1520 1469 omnis
1544 1438 1730 1469 huiusmodi
1755 1439 1922 1470 seminatio
1947 1449 2014 1470 non
2030 1440 2138 1470 solum
2154 1446 2200 1470 est
2217 1439 2379 1470 moraliter
2394 1439 2489 1476 mala,

1415 1484 1470 1514 sed
1494 1490 1540 1514 est
1564 1483 1607 1514 sic
1631 1484 1715 1514 mala
1746 1485 1835 1524 quod
1859 1491 1906 1515 est
1929 1484 2012 1514 mala
2044 1483 2205 1514 moraliter
2228 1493 2266 1514 ex
2289 1483 2418 1524 propria
2440 1493 2490 1515 ra·

1414 1528 1513 1559 tione.
1543 1528 1707 1565 Quoniam
1732 1539 1806 1559 cum
1830 1529 1880 1559 hic
1905 1529 1967 1559 sint
1990 1536 2051 1559 tres
2075 1528 2186 1559 ordine
2210 1529 2354 1570 quodam
2379 1538 2412 1559 se
2435 1527 2490 1559 ha-

1414 1573 1522 1604 bentes
1546 1572 1625 1603 fines
1649 1573 1806 1604 naturales
1821 1573 2041 1605 seminationis
2065 1573 2234 1610 humanae,
2259 1572 2377 1604 scilicet
2395 1582 2490 1613 gene-

1415 1618 1504 1654 ratio,
1530 1617 1676 1648 educatio
1702 1625 1732 1648 et
1755 1618 1937 1654 instructio;
1960 1625 1993 1649 et
2009 1618 2178 1649 cuiuslibet
2191 1617 2310 1648 horum
2326 1618 2488 1648 bonorum

1414 1662 1549 1702 privatio
1574 1662 1613 1693 sit
1633 1663 1810 1693 secundum
1826 1673 1858 1693 se
1875 1663 2009 1693 mortale
2025 1669 2192 1703 peccatum
2216 1661 2307 1705 (nam
2323 1662 2490 1694 instructio

1415 1713 1540 1738 tantum
1565 1708 1689 1738 bonurn
1710 1714 1756 1738 est
1772 1707 1880 1747 prolis,
1905 1715 1936 1738 et
1951 1708 2031 1738 adeo
2048 1707 2204 1744 debitum,
2229 1714 2264 1738 ut
2278 1707 2401 1748 privare
2417 1717 2490 1748 pro-

1414 1752 1479 1782 lem
1503 1752 1556 1781 illa
1581 1752 1694 1792 procul
1725 1752 1824 1782 dubio
1848 1752 2029 1783 notabiliter
2052 1751 2234 1783 damnificet
2257 1752 2360 1788 illam,
2393 1759 2424 1783 et
2446 1751 2490 1783 sic

1415 1796 1453 1826 de
1478 1793 1577 1838 aliis):
1610 1806 1809 1836 consequens
1834 1803 1880 1827 est
1904 1803 1939 1826 ut
1963 1796 1995 1827 in
2020 1796 2231 1828 seminatione
2261 1796 2402 1827 humana
2425 1796 2490 1838 pri-

1414 1840 1499 1870 vatio
1530 1840 1651 1870 ordinis
1675 1841 1714 1870 ad
1739 1840 1970 1882 quodcumque
1995 1840 2112 1871 horum
2138 1841 2234 1872 trium
2258 1841 2432 1872 constituat
2454 1851 2491 1872 ex

1414 1884 1543 1924 propria
1567 1884 1688 1915 ratione
1712 1885 1847 1915 mortale
1870 1891 2047 1925 peccatum,
2077 1892 2190 1926 utpote
2213 1886 2389 1916 naturalem
2415 1885 2491 1917 dile-

1416 1929 1556 1959 ctionem
1580 1928 1714 1960 notabili
1738 1929 1824 1959 malo
1848 1928 2023 1960 offendens.

1471 1973 1509 2004 V.
1534 1973 1600 2004 Sub
1625 1973 1672 2003 his
1697 1980 1805 2004 autem
1830 1973 2106 2015 propositionibus
2131 1974 2222 2005 claris
2246 1980 2277 2005 et
2291 1974 2492 2008 evidentibus

1414 2018 1672 2048 subsumendum
1695 2025 1742 2048 est
1765 2018 1854 2059 quod
1869 2018 2054 2060 fornicatio
2075 2019 2215 2059 simplex
2237 2023 2284 2050 est
2306 2019 2494 2050 concubitus

1409 2064 1561 2104 privatus
1585 2063 1731 2094 naturali
1745 2063 1858 2094 ordine
1880 2063 1924 2094 ad
1947 2063 2132 2094 naturalem
2149 2062 2370 2094 educationem
2387 2069 2418 2095 et
2441 2064 2491 2106 in-

1415 2108 1622 2138 structionem
1642 2107 1756 2148 prolis.
1781 2107 1822 2138 Et
1845 2107 1889 2138 sic
1913 2107 2032 2148 patebit
2056 2107 2237 2138 conclusio:
2263 2107 2382 2139 scilicet
2402 2108 2492 2150 quod

1405 2151 1589 2194 fornicatio
1611 2152 1761 2192 simplex,
1785 2152 1962 2183 secundum
1988 2152 2139 2183 naturale
2167 2153 2229 2190 ius,
2255 2157 2303 2183 est
2319 2152 2491 2193 peccatum

1415 2197 1562 2229 mortale.
1587 2214 1606 2219 —
1631 2195 1850 2228 Manifestatur
1873 2203 1980 2227 autem
2010 2197 2087 2227 haec
2111 2197 2301 2238 subsumpta
2331 2198 2371 2228 de
2392 2197 2493 2230 fomi-

1415 2241 1540 2273 catione
1563 2241 1755 2282 propositio.
1780 2241 1981 2273 Concubitus
1999 2242 2081 2272 inter
2096 2251 2248 2282 personas
2265 2251 2333 2273 non
2355 2242 2492 2276 natumli

1414 2286 1544 2318 vinculo
1568 2286 1793 2318 convenientes
1809 2287 1849 2317 ad
1865 2286 2089 2318 educationem
2113 2293 2144 2318 et
2158 2286 2401 2318 instructionem
2418 2297 2492 2328 pro-

1414 2331 1463 2368 lis,
1489 2338 1572 2362 caret
1596 2330 1732 2362 naturali
1756 2331 1867 2362 ordine
1883 2331 1922 2361 ad
1939 2331 2164 2362 educationem
2187 2338 2219 2362 et
2236 2331 2490 2365 instructionem.

1415 2376 1478 2407 Sed
1501 2376 1608 2407 omnis
1632 2375 1800 2407 fornicatio
1825 2375 1959 2416 simplex
1975 2382 2022 2406 est
2037 2375 2226 2407 concubitus
2245 2375 2326 2407 inter
2340 2385 2492 2417 personas

1416 2430 1481 2451 non
1506 2420 1641 2451 naturali
1665 2420 1794 2451 vinculo
1826 2419 1986 2451 devinctas
2009 2420 2048 2451 ad
2073 2420 2297 2451 educationem
2321 2427 2352 2451 et
2375 2420 2492 2452 instru-

1416 2465 1566 2497 ctionem.
1591 2465 1677 2506 Ergo
1702 2465 1808 2495 omnis
1831 2465 1999 2496 fornicatio
2022 2465 2157 2506 simplex
2180 2471 2264 2496 caret
2282 2465 2418 2496 naturali
2441 2474 2492 2496 or-

1415 2510 1489 2541 dine
1513 2511 1552 2541 ad
1577 2510 1801 2542 educationem
1825 2517 1856 2541 et
1879 2509 2122 2541 instructionem
2146 2509 2257 2550 prolis.

1472 2555 1543 2586 Dixi
1567 2555 1599 2585 in
1625 2555 1756 2591 maiore,
1781 2564 1844 2586 non
1869 2555 2016 2586 naturali
2038 2555 2165 2586 vinculo
2188 2554 2362 2592 devinctas,
2389 2561 2424 2585 ut
2439 2563 2491 2594 23-

1414 2600 1551 2641 plicetur
1574 2600 1606 2630 id
1629 2600 1719 2641 quod
1743 2599 2047 2640 subintelligendum
2067 2606 2123 2636 est,
2134 2608 2199 2640 per
2221 2608 2266 2631 se.
2295 2598 2378 2630 Nam
2402 2598 2493 2640 quod

1415 2644 1620 2686 provideatur
1644 2644 1726 2685 proli
1743 2645 1782 2675 de
1799 2643 1988 2675 educatione
2004 2651 2035 2675 et
2050 2643 2269 2680 instructione,
2293 2649 2399 2684 potest
2415 2653 2492 2674 con-

1415 2690 1537 2730 tingere
1561 2689 1742 2730 dupliciter:
1774 2688 1891 2720 scilicet
1915 2698 1971 2729 per
1994 2698 2037 2724 se,
2062 2695 2093 2719 et
2115 2698 2172 2729 per
2191 2687 2345 2719 accidens.
2377 2688 2436 2719 Per
2458 2697 2491 2719 se

1416 2734 1548 2776 quidem
1572 2734 1767 2775 providetur,
1792 2733 1924 2775 quando
1948 2740 2087 2764 extrema
2106 2732 2334 2769 seminationis,
2359 2732 2423 2763 hoc
2445 2739 2493 2764 est

1417 2786 1506 2820 pater
1529 2786 1560 2810 et
1584 2786 1695 2815 mater,
1720 2778 1916 2810 conveniunt
1935 2788 2010 2809 cum
2027 2777 2161 2809 naturali
2179 2777 2290 2808 ordine
2313 2777 2354 2807 ad
2377 2777 2492 2808 educa-

1416 2824 1540 2855 tionem
1563 2832 1593 2855 et
1616 2823 1870 2854 instructionem.
1902 2823 1998 2854 Tunc
2021 2829 2130 2853 autem
2153 2829 2278 2854 tantum
2300 2831 2376 2852 cum
2398 2828 2490 2852 natu-

1418 2869 1473 2900 rali
1498 2869 1610 2900 ordine
1633 2869 1674 2899 ad
1698 2869 1775 2899 haec
1799 2867 2014 2904 conveniunt,
2043 2867 2174 2908 quando
2198 2865 2393 2901 conveniunt
2416 2875 2491 2897 cum

1418 2913 1554 2945 naturali
1577 2914 1707 2944 vinculo
1732 2913 1771 2943 ad
1795 2913 1889 2943 haec:
1915 2911 2070 2953 quoniam
2094 2911 2246 2943 naturalis
2262 2911 2342 2941 ordo
2358 2910 2398 2940 ad
2414 2910 2492 2941 haec

1419 2969 1484 2989 non
1510 2965 1556 2989 est
1579 2958 1646 2988 sine
1671 2957 1805 2988 naturali
1828 2957 1958 2988 vinculo
1976 2956 2142 2998 utriusque
2164 2955 2204 2986 ad
2220 2955 2283 2992 illa,
2305 2961 2340 2986 ut
2356 2962 2442 2995 patet
2458 2954 2491 2986 in

1419 3003 1530 3034 avibus
1547 3003 1713 3043 egentibus
1730 3009 1867 3043 utroque
1884 3008 2013 3042 parente
2028 3001 2068 3032 ad
2084 2999 2318 3032 educationem.
2341 2999 2492 3031 Naturale

1419 3055 1526 3079 autem
1550 3048 1716 3079 vinculum
1733 3057 1799 3078 non
1816 3047 1954 3077 salvatur
1969 3045 2002 3076 in
2018 3044 2156 3086 simplici
2172 3044 2392 3080 fornicatione,
2408 3053 2491 3085 quae

1418 3093 1554 3124 includit
1565 3092 1764 3134 oppositum,
1778 3091 1853 3132 quia
1870 3097 1917 3122 est
1928 3090 2026 3121 soluti
2042 3090 2083 3120 ad
2095 3089 2244 3121 solutam.
2257 3106 2279 3112 -
2289 3088 2363 3119 Alio
2379 3088 2491 3126 modo,

1419 3147 1475 3178 per
1498 3137 1660 3174 accidens,
1685 3136 1804 3168 scilicet
1827 3146 1864 3166 ex
1887 3135 1997 3176 aliquo
2020 3133 2204 3166 accidentali
2222 3133 2352 3164 vinculo
2375 3133 2426 3164 vel
2441 3143 2491 3165 or-

1420 3182 1507 3213 dine:
1537 3189 1615 3223 puta
1638 3181 1663 3212 si
1687 3188 1787 3212 mater
1810 3180 1850 3211 sit
1873 3179 1960 3210 dives
1983 3185 2014 3210 et
2037 3178 2156 3210 habens
2179 3178 2352 3219 prudentes
2375 3177 2491 3210 instru-

1420 3233 1531 3263 ctores,
1556 3233 1587 3258 et
1603 3225 1768 3267 promittat
1783 3223 1949 3266 providere
1973 3222 2055 3264 proli
2076 3223 2114 3253 de
2131 3222 2292 3254 omnibus.
2317 3222 2389 3253 Hoc
2404 3222 2491 3254 enim

1419 3281 1476 3312 per
1499 3271 1644 3302 accidens
1675 3269 1824 3301 convenit
1846 3268 1900 3300 tali
1923 3267 2136 3299 seminationi.
2167 3267 2227 3298 Per
2256 3277 2289 3297 se
2312 3266 2398 3297 enim
2421 3266 2492 3299 tntis

1419 3315 1609 3347 concubitus
1633 3322 1715 3346 caret
1739 3313 1852 3345 ordine
1874 3313 1914 3344 ad
1937 3311 2160 3343 educationem
2184 3318 2215 3342 et
2233 3311 2490 3343 instructionem:

1419 3361 1495 3402 quia
1518 3366 1602 3391 caret
1625 3358 1760 3390 naturali
1775 3357 1887 3389 ordine
1902 3357 1943 3388 ad
1965 3356 2052 3388 haec.
2077 3357 2144 3387 Nec
2167 3366 2223 3396 per
2239 3356 2384 3387 accidens
2400 3356 2492 3387 datur

1419 3405 1478 3436 sibi
1493 3404 1643 3436 naturalis
1659 3403 1755 3434 ordo:
1781 3402 1836 3433 sed
1852 3401 2030 3432 annectitur
2050 3401 2130 3432 ordo
2147 3400 2348 3432 accidentalis
2362 3410 2400 3431 ex
2415 3410 2491 3432 con-

1418 3449 1538 3480 ditione
1562 3457 1717 3489 personae
1741 3445 1820 3478 talis.
1853 3446 1893 3478 Et
1916 3445 1960 3476 sic
1983 3452 2078 3476 restat
2109 3445 2276 3476 seminatio
2307 3444 2491 3476 deordinata

1418 3493 1530 3524 ordine
1553 3492 1688 3523 naturali
1711 3491 1751 3522 ad
1774 3490 1998 3522 educationem
2029 3497 2060 3521 et
2083 3489 2336 3521 instructionem.
2365 3491 2413 3520 Ac
2436 3498 2492 3530 per

1418 3538 1491 3574 hoc,
1508 3544 1544 3568 ut
1567 3543 1733 3568 ostensum
1757 3542 1812 3572 est,
1830 3535 1936 3566 omnis
1960 3534 2127 3566 fornicatio
2151 3534 2284 3575 simplex
2309 3543 2346 3565 ex
2362 3533 2491 3574 propria

1419 3582 1540 3613 ratione
1564 3588 1611 3612 est
1633 3587 1799 3621 peccatum
1823 3580 1967 3610 mortale.

1473 3626 1526 3657 VI.
1549 3626 1616 3657 Nec
1640 3626 1743 3656 obstat
1765 3634 1828 3654 vox
1851 3623 2012 3660 Durandi,
2032 3623 2064 3654 in
2089 3633 2182 3654 xxxm
2209 3621 2279 3654 dist.
2294 3622 2312 3641 '⁸‘
2331 3621 2374 3652 tv
2389 3599 2489 3658 Sent.,
2519 3628 2527 3637 ·

1419 3670 1551 3702 dicentis
1575 3670 1681 3711 quod:
1712 3669 1786 3699 Non
1811 3669 1956 3710 intelligo
1983 3668 2061 3699 hoc:
2083 3667 2235 3708 quoniam
2267 3665 2418 3697 naturale
2441 3666 2491 3696 ius
