2768 4198
70 1497 80 1507 ⁸
93 1494 163 1518 Num.
178 1502 224 1518 m.

68 1986 78 1997 ⁸
91 1985 151 2007 Ibid.

325 311 399 349 306

320 391 394 420 dam
418 390 668 420 redundantiam.
694 388 856 426 Quoniam
882 393 1131 417 consentaneum
1148 383 1261 414 rationi
1280 389 1327 413 est
1349 389 1386 413 ut
1409 386 1411 410 ἑ

318 434 374 475 qui
404 434 435 464 in
466 434 557 464 bonis
584 433 688 464 arduis
720 442 814 462 suum
843 431 1024 460 moderatur
1056 428 1250 468 appetitum,
1281 427 1382 457 multo

318 478 418 518 magis
441 478 474 508 in
498 477 590 508 bonis
615 477 836 510 mediocribus,
861 483 942 514 quae
966 472 1073 502 minus
1093 479 1166 502 sunt
1189 471 1381 511 appetibilia,
1409 503 1410 506 Ἰ

1408 514 1410 555 J
1437 514 1522 544 idem
1545 515 1660 547 dicitur
1683 517 1720 547 de
1744 527 1839 557 supra
1864 518 2018 548 dictarum
2042 518 2235 559 reliquarum
2256 518 2428 549 moralium
2443 519 2504 549 vir-

371 566 528 602 Secundo,
554 565 641 605 quod
665 562 825 594 humilitas
850 568 895 591 est
919 560 1034 590 directe
1058 566 1201 599 respectu
1223 558 1381 594 omnium,

319 533 351 553 se
374 522 568 553 moderetur.

316 611 432 641 scilicet
454 610 627 640 arduorum
651 607 827 637 secundum
843 615 876 635 se
900 611 930 635 et
946 614 1012 634 non
1029 605 1203 634 arduorum
1219 603 1251 633 in
1267 613 1309 639 se,
1327 603 1381 632 sed

315 662 420 685 tamen
446 654 591 684 omnium
615 659 661 681 est
684 651 741 681 sub
759 649 879 679 ratione
896 648 996 678 ardui.
1022 648 1107 685 Quia
1123 657 1205 688 quae
1225 657 1291 677 non
1308 654 1383 677 sunt
1407 653 1409 690 ξ

1407 691 1409 718 ἱ
1435 691 1610 722 rationibus
1634 693 1796 732 assignatis
1821 694 1860 724 de
1883 694 2064 725 excellentia
2080 704 2207 726 earum:
2233 695 2401 726 cuiuslibet
2417 695 2503 726 enim

314 699 347 729 in
371 708 403 728 se
427 698 539 732 ardua,
564 696 701 725 induunt
724 694 879 724 rationem
904 692 993 723 ardui
1022 692 1118 722 relata
1142 692 1181 722 ad
1204 691 1380 727 humilem,

314 742 389 783 quia
412 741 548 771 induunt
569 739 724 769 rationem
744 737 857 767 divini:
883 737 922 766 ad
939 736 1049 766 omnia
1065 736 1224 776 siquidem
1244 736 1328 766 bona
1347 745 1380 766 se
1407 758 1408 777 3

1406 781 1408 804 ἶ
1435 780 1662 811 conditionem.
1687 781 1783 811 Verbi
1798 782 1905 821 gratia,
1929 782 1963 812 in
1982 783 2197 814 misericordia
2219 785 2324 824 posita
2340 791 2386 815 est
2404 784 2503 815 excel-

313 787 408 816 habet
431 784 559 814 humilis
584 790 619 813 ut
642 783 681 812 ad
705 792 740 812 ea
765 791 846 822 quae
870 781 929 811 Dei
953 788 1038 811 sunt.

379 829 500 859 Primae
525 826 723 867 responsioni
747 827 851 856 obstat
873 825 962 866 quod
987 831 1147 865 oporteret
1167 834 1264 854 unam
1284 824 1380 855 virtu-

312 881 376 904 tem
407 882 525 912 ponere
554 871 634 901 circa
664 871 870 900 moderamen
899 869 1058 909 appetitus
1087 875 1230 908 respectu
1258 868 1379 899 medio—

312 918 421 952 crium,
446 916 526 946 sicut
549 922 670 956 praeter
694 914 987 954 magnanimitatem
1011 913 1154 954 oportuit
1173 913 1268 943 aliam
1283 913 1380 944 virtu·
1405 915 1407 939 ἒ

311 969 375 992 tem
391 969 523 1000 ponere:
540 969 614 990 cum
627 959 807 990 excellentia
820 958 988 989 mediocris
1005 968 1069 988 non
1083 958 1190 988 minus
1206 957 1245 987 sit
1259 957 1380 988 motiva

311 1005 467 1045 appetitus
491 1014 587 1045 quam
612 1004 718 1034 honor
741 1003 926 1039 mediocris;
951 1009 982 1033 et
1005 1002 1167 1033 humilitas
1184 1001 1264 1032 circa
1281 1002 1379 1032 excel·
1405 1002 1406 1020 ³

309 1049 439 1080 lentiam
462 1046 557 1090 (sicut
577 1046 737 1090 superbia)
758 1055 813 1084 est,
838 1048 1115 1088 quemadmodum
1135 1046 1379 1086 magnanimitas
1404 1074 1406 1091 Ι

1404 1097 1405 1108 ³
1433 1091 1650 1122 universaliter
1673 1091 1746 1122 facit
1768 1092 1934 1122 hominem
1958 1093 2038 1124 bene
2061 1092 2227 1124 subditum
2250 1093 2366 1124 rationi
2384 1093 2417 1124 in
2432 1094 2503 1125 uni›

311 1093 390 1124 circa
414 1093 581 1124 honorem.

365 1137 527 1168 Secundae
551 1144 659 1167 autem
683 1136 883 1177 responsioni
908 1142 1064 1166 consonat
1087 1135 1191 1165 unitas
1215 1142 1280 1166 tam
1305 1135 1378 1165 uni-

308 1182 435 1212 versalis
459 1181 624 1221 superbiae
647 1182 686 1211 ad
703 1181 811 1211 omnia
831 1191 863 1211 se
880 1180 995 1211 directe
1012 1179 1216 1210 extendentis.
1242 1180 1282 1210 Et
1305 1189 1378 1220 pro-

308 1233 414 1267 pterea
438 1225 609 1256 dicendum
627 1226 762 1262 videtur,
783 1235 858 1256 cum
873 1227 1012 1256 Auctore
1029 1225 1062 1255 in
1079 1224 1190 1260 littera,
1208 1224 1299 1264 quod
1318 1224 1378 1254 hu-

309 1271 425 1302 militas
457 1278 503 1302 est
531 1270 610 1301 circa
639 1271 747 1301 omnia
775 1271 807 1300 in
833 1270 1020 1306 universali,
1046 1269 1238 1309 inquantum
1262 1269 1378 1300 scilicet
1403 1272 1405 1312 ξ

308 1315 426 1346 habent
449 1315 606 1346 rationem
629 1314 796 1345 cuiusdam
820 1314 927 1351 ardui,
953 1320 983 1344 et
1006 1323 1072 1344 non
1103 1313 1280 1343 secundum
1304 1323 1378 1344 suas

308 1360 458 1400 speciales
482 1359 629 1390 rationes.
661 1359 703 1389 Et
725 1359 800 1400 quia
823 1359 904 1390 circa
927 1359 1052 1389 bonum
1075 1358 1231 1394 arduum,
1256 1358 1321 1388 sive
1344 1357 1377 1388 in
1403 1381 1405 1392 ,

309 1414 341 1434 se
364 1405 430 1434 sive
453 1411 489 1435 ut
511 1404 655 1439 relatum,
681 1410 728 1434 est
750 1412 837 1444 spes;
862 1403 935 1434 ideo
959 1412 1034 1433 cum
1050 1402 1099 1432 his
1123 1409 1183 1433 stat
1206 1402 1295 1442 quod
1318 1402 1377 1433 hu·
1403 1408 1405 1438 ,ὲ

309 1448 424 1480 militas
448 1449 488 1479 sit
511 1448 591 1479 circa
615 1458 715 1488 spem.

364 1493 476 1524 XXIII.
502 1493 552 1523 Ad
575 1493 748 1523 secundam
772 1493 988 1532 quaestionem
1004 1491 1022 1510 *
1045 1490 1159 1521 dicitur
1182 1491 1281 1531 quod,
1302 1491 1378 1532 quia
1403 1520 1405 1527 ‚

308 1537 494 1568 humilitatis
517 1537 699 1577 principalis
723 1544 811 1567 actus
836 1543 882 1567 est
905 1535 1073 1576 reprimere
1098 1535 1275 1576 appetitum
1292 1545 1310 1565 a
1325 1546 1377 1565 su-

309 1582 459 1612 blimibus
484 1589 514 1612 et
537 1592 554 1611 a
578 1581 756 1612 sublimiter
779 1591 811 1611 se
835 1581 949 1611 habere
974 1579 1039 1622 (hic
1063 1586 1110 1610 est
1133 1579 1218 1610 enim
1242 1580 1377 1616 modus,
1403 1604 1405 1618 ζ

308 1626 369 1657 hoc
393 1634 439 1657 est
463 1626 588 1657 frenum
611 1626 700 1666 quod
724 1625 886 1656 humilitas
910 1624 977 1665 spei
997 1623 1131 1664 apponit
1149 1634 1185 1654 ex
1205 1623 1378 1655 reverentia

308 1669 444 1713 divina);
476 1677 507 1701 et
536 1671 598 1701 hoc
626 1670 799 1701 virtualiter
827 1677 873 1700 est
903 1676 1105 1699 contemnere
1131 1668 1376 1699 sublimitatem:

307 1715 380 1745 ideo
404 1721 607 1746 contemnere
629 1715 855 1745 sublimitatem
873 1719 1035 1744 terrenam
1053 1712 1240 1742 humilitatis
1264 1712 1379 1743 dicitur

308 1769 374 1790 esse
398 1759 579 1799 proprium,
604 1766 716 1799 utpote
740 1765 883 1799 spectans
907 1758 946 1787 ad
970 1756 1138 1797 proprium
1161 1756 1229 1786 eius
1253 1764 1375 1793 actum;
1403 1765 1405 1797 ς

307 1811 338 1834 et
362 1813 426 1833 non
451 1804 490 1834 ad
509 1804 742 1839 secundarium,
767 1803 847 1833 sicut
867 1801 1021 1840 contingit
1037 1801 1069 1830 in
1086 1800 1302 1840 magnanimo,
1320 1801 1376 1841 qui

1403 1847 1405 1883 ξ
1433 1846 1504 1877 hinc
1527 1846 1625 1877 habes
1649 1848 1734 1877 unde
1759 1844 1931 1879 humilitati
1954 1848 2045 1879 locus
2068 1849 2119 1879 hic
2143 1848 2201 1878 sibi
2226 1848 2418 1887 assignatus,
2443 1847 2502 1879 sci-

307 1892 462 1929 Quamvis
486 1892 581 1922 etiam
604 1892 664 1921 alia
688 1898 718 1921 et
734 1891 793 1921 alia
816 1891 936 1921 ratione
961 1897 1094 1930 uterque
1118 1895 1301 1919 contemnat
1317 1897 1378 1920 ter·
1403 1887 1405 1892 ’

306 1848 472 1888 principali
503 1855 574 1878 actu
605 1847 705 1878 tendit
734 1847 766 1876 in
799 1856 932 1885 magna,
958 1855 1023 1875 non
1053 1844 1228 1875 contemnit
1251 1854 1376 1884 magna.

306 1945 396 1967 rena:
421 1943 457 1967 ut
480 1943 564 1976 patet
588 1946 624 1966 ex
647 1935 822 1966 rationibus
846 1934 1041 1974 magnanimi
1066 1940 1096 1964 et
1119 1932 1259 1963 humilis.

362 1981 474 2011 XXIV.
500 1981 551 2010 Ad
567 1981 694 2011 tertiam
711 1981 928 2020 quaestionem
944 1978 962 1998 *
981 1978 1095 2008 dicitur
1111 1977 1210 2018 quod,
1229 1987 1303 2008 cum
1318 1977 1377 2008 ista

306 2025 346 2056 sit
369 2024 513 2065 quaestio
537 2025 576 2054 ad
600 2024 783 2060 hominem,
809 2033 874 2054 non
901 2029 1007 2063 potest
1037 2022 1152 2052 melius
1176 2021 1377 2052 determinari

306 2079 404 2110 quam
428 2079 465 2100 ex
487 2069 544 2099 illo
568 2069 641 2100 loco
666 2069 720 2099 ubi
744 2079 781 2099 ex
804 2067 971 2108 proposito
996 2066 1139 2107 explicite
1163 2068 1286 2097 Auctor
1308 2066 1377 2107 ipse
1403 2079 1405 2093 ι

306 2114 387 2144 hanc
410 2114 630 2155 quaestionem
661 2114 699 2144 de
722 2112 886 2143 nobilitate
916 2111 1099 2152 simpliciter
1121 2111 1172 2141 vel
1199 2111 1378 2141 secundum
1403 2115 1405 2132 ἓ

306 2158 383 2199 quid
407 2158 578 2189 moralium
601 2158 770 2194 virtutum,
794 2163 923 2188 tractat:
960 2163 1061 2187 cetera
1091 2154 1251 2196 siquidem
1277 2155 1317 2185 ad
1341 2155 1377 2186 il-

305 2203 370 2233 lam
385 2203 545 2234 referenda
560 2210 634 2233 sunt
649 2203 801 2242 regulam.
828 2201 964 2233 Constat
987 2208 1095 2231 autem
1119 2200 1208 2241 quod
1232 2199 1264 2230 in
1289 2209 1378 2240 prae-

307 2247 428 2278 cedenti
452 2248 559 2283 Libro,
579 2247 611 2277 in
627 2257 680 2288 qu.
698 2257 779 2280 va1.
803 2253 859 2276 art.
876 2255 911 2285 4,
937 2256 974 2276 ex
997 2245 1164 2286 proposito
1189 2254 1378 2285 comparans

306 2292 436 2322 virtutes
460 2292 605 2327 morales,
630 2291 794 2331 distinguit
817 2291 906 2331 quod
931 2301 995 2321 una
1019 2296 1125 2330 potest
1148 2299 1215 2319 esse
1238 2289 1379 2319 nobilior

308 2336 402 2366 altera
426 2336 602 2367 secundum
626 2346 717 2366 suam
741 2335 878 2376 speciem
904 2334 1080 2375 dupliciter,
1105 2333 1303 2374 simpliciter,
1327 2333 1378 2364 vel

308 2381 483 2411 secundum
509 2380 596 2421 quid.
628 2381 668 2411 Et
692 2380 826 2410 declarat
857 2389 954 2420 penes
978 2379 1055 2420 quid
1079 2377 1252 2409 attenditur
1275 2377 1378 2408 maior

308 2424 459 2466 perfectio
475 2424 667 2465 simpliciter,
684 2424 800 2455 scilicet
820 2434 916 2464 penes
932 2423 1138 2454 relucentium
1154 2422 1284 2453 maioris
1299 2422 1377 2453 boni

309 2469 456 2500 rationis:
481 2469 523 2499 ita
547 2470 634 2510 quod
658 2469 712 2499 illa
736 2469 864 2499 moralis
879 2468 979 2499 virtus
998 2468 1031 2498 in
1049 2477 1112 2508 qua
1127 2467 1230 2498 maius
1246 2467 1377 2497 rationis

308 2514 432 2544 bonum
455 2514 584 2551 relucet,
608 2520 653 2543 est
677 2513 859 2553 simpliciter
880 2513 991 2543 maior.
1017 2512 1058 2543 Et
1074 2512 1272 2542 subsumitur
1287 2511 1376 2552 quod

308 2558 426 2589 iustitia
442 2564 488 2588 est
507 2558 618 2598 prima,
639 2557 712 2598 quia
737 2558 948 2598 propinquior
963 2558 1051 2587 bono
1067 2556 1212 2587 rationis:
1238 2563 1268 2586 et
1287 2556 1376 2597 quod

309 2602 390 2633 inter
412 2602 541 2644 virtutes
565 2612 646 2643 quae
670 2609 743 2632 sunt
767 2602 847 2633 circa
870 2602 1049 2643 passiones,
1073 2607 1162 2632 tanto
1190 2600 1294 2631 maius
1320 2601 1376 2631 bo·

309 2657 388 2677 num
412 2646 540 2678 rationis
564 2647 681 2677 relucet
704 2646 735 2676 in
753 2647 868 2687 aliqua,
885 2652 1006 2687 quanto
1023 2645 1232 2686 appetitivum
1250 2652 1376 2675 motum

309 2691 389 2722 circa
411 2691 532 2722 maiora
555 2690 668 2722 rationi
696 2691 859 2722 subditum
883 2690 994 2722 reddit.
1027 2690 1068 2721 Et
1093 2697 1276 2730 propterea,
1301 2689 1376 2730 quia

309 2735 463 2766 fortitudo
496 2735 705 2776 appetitivum
740 2742 866 2766 motum
898 2735 978 2766 circa
1007 2734 1122 2771 vitam,
1158 2743 1240 2775 quae
1277 2733 1376 2764 maxi-

309 2789 400 2810 mum
430 2779 539 2810 omnia
563 2780 834 2819 comprehendens
858 2787 920 2816 est,
952 2779 1065 2810 rationi
1089 2778 1210 2815 subdit,
1235 2778 1375 2819 primum

309 2830 395 2855 tenet
409 2824 528 2855 locum.
550 2824 591 2855 Et
607 2824 719 2854 deinde
735 2824 951 2864 temperantia,
969 2833 1051 2864 quae
1067 2823 1148 2854 circa
1165 2833 1201 2854 ea
1217 2832 1298 2864 quae
1316 2822 1375 2853 im-

309 2868 445 2899 mediate
464 2868 651 2899 ordinantur
663 2869 702 2898 ad
717 2868 814 2899 vitam
832 2868 1090 2904 conservandam,
1107 2867 1285 2908 appetitum
1301 2867 1376 2898 sub-

308 2913 374 2944 iicit
396 2913 528 2949 rationi,
551 2913 683 2943 locatur.
715 2913 756 2944 Et
779 2912 955 2943 concludit:
986 2912 1029 2943 Et
1051 2913 1098 2943 sic
1121 2912 1197 2943 illae
1225 2917 1290 2942 tres
1312 2912 1375 2942 vir·
1402 2924 1403 2927 ¹

308 2963 402 2995 tutes,
420 2958 516 2988 simul
531 2967 602 2988 cum
614 2956 801 2998 prudentia,
815 2957 968 2987 dicuntur
983 2966 1051 2987 esse
1064 2956 1263 2997 principales
1279 2957 1375 2986 etiam

309 3002 476 3043 dignitate.
501 3019 519 3025 -
546 3002 588 3032 Et
611 3001 716 3032 statim
740 3001 951 3041 aggrediendo
975 3001 1152 3032 secundum
1177 3001 1375 3036 membrum,

309 3046 431 3077 subdit:
463 3046 645 3077 Secundum
673 3045 750 3086 quid
773 3050 880 3076 autem
904 3046 1014 3086 aliqua
1039 3046 1141 3076 virtus
1168 3045 1286 3076 dicitur
1309 3054 1377 3076 esse

310 3092 414 3122 maior
440 3090 615 3122 secundum
647 3090 877 3121 adminiculum
909 3090 960 3120 vel
985 3094 1222 3120 ornamentum.
1256 3089 1296 3119 Et
1323 3089 1377 3120 dat

310 3135 508 3176 exemplum:
551 3135 632 3166 sicut
650 3134 829 3165 substantia
854 3139 901 3165 est
925 3134 1062 3164 nobilior
1084 3134 1271 3174 simpliciter
1293 3134 1376 3164 acci-

310 3179 413 3218 dente,
438 3179 586 3211 accidens
605 3184 711 3210 autem
737 3179 874 3209 nobilius
896 3178 1076 3209 substantia
1098 3178 1272 3209 secundum
1289 3178 1376 3218 quid.

365 3225 406 3255 Et
428 3224 604 3255 secundum
627 3223 709 3254 hanc
732 3223 933 3259 sententiam,
958 3222 1079 3253 dicetur
1102 3222 1191 3263 quod
1214 3221 1376 3253 humilitas

1001 305 1267 353 QUAESTIO
1298 304 1434 351 CLXI,
1464 305 1762 343 ARTICULUS
1790 306 1826 343 V

1439 392 1504 413 non
1528 390 1589 420 est,
1615 384 1800 425 simpliciter
1821 385 2005 426 loquendo,
2030 385 2212 416 immediate
2236 393 2309 426 post
2340 385 2503 423 iustitiam,

1438 427 1492 456 sed
1523 434 1595 458 ante
1623 428 1710 459 illam
1737 436 1784 460 est
1811 436 1876 460 tam
1904 429 2059 460 fortitudo
2090 440 2187 470 quam
2217 430 2433 470 temperantia.
2464 431 2504 461 Et

1437 471 1525 511 quod
1557 471 1670 503 dicitur
1700 473 1738 503 de
1761 474 1947 504 humilitatis
1970 474 2043 504 loco
2071 481 2145 515 post
2168 474 2297 505 virtutes
2321 474 2503 510 cardinales,

1437 565 1543 589 tutum
1566 559 1654 590 locis.
1680 560 1802 591 Omnes
1819 562 1904 592 enim
1928 569 2001 602 post
2025 563 2196 593 cardinales
2213 562 2396 603 simpliciter
2411 569 2502 593 sunt:

1437 610 1467 633 et
1490 604 1672 635 excellentia
1695 614 1805 635 earum
1835 616 1930 646 supra
1953 606 2093 647 aliquam
2118 607 2324 637 cardinalium
2355 617 2421 637 non
2445 607 2504 637 nisi

1436 648 1613 678 secundum
1637 648 1714 689 quid
1729 649 1933 689 intelligenda
1952 657 2008 681 est.
2033 651 2074 682 Et
2097 651 2158 682 hoc
2181 658 2286 693 potest
2302 661 2451 692 apparere
2467 661 2504 681 ex

1436 736 1617 767 excellentia
1651 737 1847 768 considerata
1877 745 1923 769 est
1955 739 2132 770 secundum
2163 739 2304 781 aliquam
2335 740 2503 780 specialem

1434 825 1529 855 lentia
1552 825 1627 865 quia
1650 826 1820 865 superioris
1845 833 1892 857 est
1914 827 2096 864 subvenire;
2120 828 2152 858 in
2173 828 2334 868 religione,
2358 828 2435 870 quia
2458 829 2503 858 d1-

1406 870 1407 889 l
1434 875 1516 899 recte
1540 869 1665 900 ordinat
1683 870 1716 899 in
1732 869 1877 901 divinum
1893 870 2065 907 honorem;
2089 871 2122 902 in
2139 872 2327 909 obedientia,
2345 873 2420 914 quia
2437 883 2502 903 ma—

1433 912 1482 943 ius
1506 914 1630 944 bonum
1654 914 1839 950 contemnit,
1864 924 2009 945 seorsum
2033 915 2155 955 singula
2171 916 2255 946 bona
2271 917 2502 947 considerando

1435 956 1523 999 (cum
1554 965 1661 988 tamen
1688 958 1752 989 vita
1783 965 1814 989 et
1840 959 1922 989 vitae
1954 960 2151 990 conservatio
2167 960 2308 992 -claudat
2336 971 2503 992 summum

1433 1003 1522 1042 quod
1545 1002 1578 1032 in
1601 1002 1780 1033 obedientia
1803 1009 1859 1038 est,
1885 1010 1921 1034 ut
1943 1003 2061 1034 scilicet
2084 1013 2186 1044 usque
2209 1005 2249 1034 ad
2268 1012 2416 1042 mortem,
2440 1006 2504 1036 hoc

1434 1053 1488 1083 est,
1507 1046 1698 1087 privandum
1722 1057 1754 1078 se
1769 1047 1843 1084 vita,
1860 1047 1962 1078 homo
1979 1047 2137 1091 obediat);
2162 1048 2196 1079 in
2219 1048 2407 1086 humilitate,
2428 1050 2503 1091 quia

1432 1136 1555 1166 versali.

1487 1180 1587 1211 XXV.
1605 1180 1666 1211 Sed
1690 1180 1715 1210 si
1733 1180 1912 1221 diligentius
1928 1181 2071 1212 doctrina
2095 1181 2244 1212 Auctoris
2268 1188 2431 1222 perspecta
2451 1181 2502 1212 fu-

1433 1224 1498 1261 erit,
1517 1225 1604 1255 aliter
1627 1225 1797 1255 dicendum
1822 1233 1877 1257 est.
1901 1226 1984 1256 Nam
2007 1226 2039 1256 in
2056 1225 2192 1265 allegato
2207 1225 2225 1245 *
2251 1235 2288 1256 ex
2303 1226 2503 1266 praecedenti

1432 1269 1528 1300 Libro
1545 1270 1628 1306 loco,
1645 1272 1776 1306 Auctor,
1794 1277 1868 1310 post
1892 1271 2029 1301 locatam
2050 1270 2203 1300 iustitiam
2231 1269 2266 1300 in
2282 1270 2355 1301 loco
2372 1270 2502 1311 propin-

1432 1324 1498 1354 quo
1514 1313 1638 1350 rationi,
1652 1324 1718 1345 non
1733 1320 1844 1345 tractat
1858 1315 1895 1345 de
1911 1315 2041 1356 reliquis
2057 1314 2225 1346 virtutibus
2241 1314 2415 1345 moralibus
2428 1314 2503 1346 sim-

1431 1358 1562 1398 pliciter,
1587 1359 1642 1389 sed
1664 1358 1810 1395 limitate‚
1836 1359 1954 1390 scilicet
1977 1360 2015 1390 de
2039 1359 2100 1390 illis
2124 1369 2206 1400 quae
2230 1365 2305 1389 sunt
2328 1358 2408 1390 circa
2432 1369 2502 1400 pas-

1432 1402 1552 1433 siones:
1578 1411 1613 1434 ut
1637 1413 1780 1443 expresse
1804 1410 1958 1435 monstrat
1981 1404 2193 1444 subiungens:
2218 1403 2311 1434 Inter
2332 1404 2417 1434 alias
2440 1413 2502 1435 au—

2529 1231 2622 1254 ·Nun.
2635 1231 2741 1260 praeced.

1432 1452 1493 1478 tem
1518 1449 1652 1478 virtutes
1675 1448 1815 1478 morales
1837 1458 1920 1489 quae
1935 1454 2011 1480 sunt
2027 1450 2114 1479 circa
2123 1449 2304 1489 passiones.
2329 1448 2370 1478 Et
2392 1457 2502 1479 rursus
2546 1470 2558 1482 ,ψ
2579 1443 2588 1475 ζ’
2699 1443 2703 1451 ’

1431 1491 1550 1522 ibidem
1574 1499 1683 1532 postea
1708 1493 1746 1522 de
1771 1492 1956 1524 fortitudine
1981 1493 2090 1523 subdit
2117 1493 2206 1534 quod
2228 1494 2373 1533 primum
2397 1493 2502 1524 locum

1432 1541 1515 1567 tenet
1534 1537 1620 1567 inter
1635 1538 1769 1568 virtutes
1788 1538 1929 1568 morales
1951 1547 2034 1579 quae
2052 1543 2128 1568 sunt
2151 1538 2239 1568 circa
2257 1538 2437 1578 passiones.
2461 1537 2503 1569 Et

1432 1588 1599 1621 propterea
1623 1582 1786 1612 conclusio
1811 1592 1847 1612 ex
1871 1582 2051 1622 praemissis
2076 1592 2150 1612 cum
2167 1582 2221 1612 tali
2237 1581 2428 1612 limitatione
2451 1591 2503 1613 ex-

1432 1625 1565 1665 planatis
1588 1625 1688 1662 illata,
1714 1626 1830 1656 scilicet
1853 1627 1942 1667 quod
1966 1626 2138 1657 cardinales
2161 1626 2293 1657 virtutes
2317 1633 2392 1656 sunt
2407 1627 2502 1667 prin-

1431 1670 1549 1710 cipales
1571 1671 1666 1700 etiam
1690 1671 1868 1711 dignitate,
1894 1681 1959 1701 non
1984 1678 2030 1702 est
2059 1671 2148 1701 aliter
2178 1670 2380 1710 intelligenda
2403 1678 2502 1711 quam

1432 1714 1609 1745 secundum
1632 1715 1720 1755 quod
1745 1725 1781 1745 ex
1798 1715 1977 1755 praemissis
2001 1715 2160 1756 sequitur:
2186 1714 2303 1746 scilicet
2325 1721 2362 1746 ut
2384 1714 2503 1746 iustitia

1432 1758 1632 1798 simpliciter,
1657 1758 1811 1790 fortitudo
1840 1766 1948 1790 autem
1977 1767 2007 1790 et
2037 1759 2245 1800 temperantia
2267 1759 2349 1789 inter
2370 1759 2503 1790 virtutes

1432 1812 1513 1843 quae
1537 1809 1612 1833 sunt
1643 1802 1723 1833 circa
1754 1804 1934 1843 passiones,
1959 1811 2033 1834 sunt
2056 1803 2245 1844 principales
2270 1803 2431 1843 dignitate.
2461 1803 2504 1835 Et

1432 1891 1503 1921 licet
1533 1890 1716 1922 immediate
1746 1898 1819 1931 post
1842 1892 2012 1930 iustitiam,
2033 1902 2100 1923 non
2123 1899 2170 1922 est
2193 1892 2222 1922 ei
2246 1891 2378 1923 ablatus.
2410 1891 2502 1930 Quo·

1433 1935 1517 1965 niam
1541 1934 1609 1975 ipsa
1633 1942 1679 1966 est
1702 1935 1873 1966 subiective
1901 1936 2114 1976 principaliter
2137 1936 2169 1966 in
2192 1936 2374 1972 voluntate,
2398 1942 2430 1967 et
2451 1946 2502 1968 se-

1432 1979 1583 2010 cundario
1608 1986 1655 2010 est
1678 1979 1758 2011 circa
1781 1980 1963 2020 passionem
1987 1980 2072 2021 spei:
2102 1980 2178 2021 quia
2201 1979 2340 2012 extendit
2362 1990 2396 2010 se
2419 1979 2505 2012 ultra

1431 2023 1598 2058 sensibilia,
1622 2031 1659 2055 ut
1681 2031 1767 2064 patet
1790 2035 1827 2056 ex
1843 2025 1911 2056 eius
1927 2024 2095 2060 contrario,
2113 2023 2231 2055 scilicet
2245 2023 2402 2064 superbia,
2419 2033 2503 2066 quae

1432 2067 1569 2099 maxime
1592 2074 1639 2099 est
1662 2068 1694 2098 in
1718 2069 1811 2100 bonis
1834 2069 2062 2110 spiritualibus.

1487 2113 1528 2143 Et
1551 2112 1576 2143 si
1601 2113 1785 2153 perscrutati
1809 2113 1964 2144 fuerimus
1988 2113 2135 2150 litteram,
2159 2123 2225 2144 non
2246 2113 2353 2144 solum
2377 2122 2414 2144 ex
2428 2113 2504 2144 sub-

1431 2157 1512 2188 iecto
1537 2157 1732 2197 praeeminet
1754 2157 1917 2189 humilitas
1941 2158 2119 2189 fortitudini
2140 2165 2171 2188 et
2193 2156 2430 2199 temperantiae,
2447 2158 2503 2188 sed

1431 2203 1553 2232 Auctor
1576 2212 1653 2232 usus
1676 2209 1723 2233 est
1745 2202 1778 2232 in
1801 2203 1863 2234 hoc
1886 2203 1959 2234 loco
1984 2203 2103 2233 illamet
2126 2202 2248 2234 ratione
2271 2212 2335 2244 qua
2359 2211 2437 2233 usus
2455 2208 2505 2234 est

1430 2245 1463 2276 in
1498 2246 1594 2277 allato
1632 2246 1705 2277 loco
1743 2247 1958 2287 praecedentis
1996 2247 2098 2283 Libri,
2129 2246 2262 2284 scilicet,
2294 2247 2502 2288 participatio

1431 2291 1564 2322 maioris
1586 2291 1661 2321 bom·
1683 2292 1830 2322 rationis.
1861 2291 1918 2322 Illa
1945 2292 2031 2322 enim
2054 2291 2154 2322 virtus
2177 2291 2220 2322 ibi
2245 2291 2328 2322 dicta
2357 2297 2405 2322 est
2426 2289 2502 2322 sim-

1432 2334 1554 2375 pliciter
1582 2335 1685 2365 maior
1712 2336 1745 2366 in
1773 2345 1838 2376 qua
1866 2337 1972 2366 maius
1997 2336 2114 2366 bonum
2138 2337 2275 2366 rationis
2298 2336 2429 2367 relucet.
2461 2334 2504 2367 Et

1432 2379 1494 2410 hoc
1520 2379 1607 2410 idem
1634 2379 1685 2410 hic
1716 2380 1905 2411 assumitur:
1936 2387 1966 2411 et
1996 2380 2193 2411 subsumitur
2224 2380 2313 2420 quod
2341 2379 2442 2419 magis
2467 2379 2501 2411 in

1433 2423 1611 2454 humilitate
1641 2433 1740 2464 quam
1771 2424 1895 2461 ceteris,
1923 2431 1996 2465 post
2023 2423 2191 2461 iustitiam,
2216 2424 2355 2454 salvatur
2377 2424 2505 2455 bonum*

1433 2467 1581 2505 rationis,
1606 2467 1682 2509 quia
1712 2468 1874 2499 humilitas
1906 2468 2007 2500 reddit
2037 2468 2204 2499 hominem
2234 2474 2316 2499 recte
2338 2467 2500 2499 subditum

1403 2515 1404 2530 z
1433 2522 1487 2543 seu
1507 2513 1659 2554 patulum
1675 2512 1693 2531 '¹‘
1715 2513 1803 2544 bono
1826 2513 1968 2551 rationis,
1993 2523 2058 2543 non
2083 2513 2116 2543 in
2138 2513 2196 2544 hac
2212 2512 2262 2543 vel
2285 2511 2339 2542 illa
2359 2511 2500 2549 materia,

1432 2557 1487 2587 sed
1505 2556 1730 2588 universaliter.
1755 2557 1795 2588 Et
1811 2564 1977 2598 propterea
1993 2558 2116 2588 locatur
2131 2563 2202 2588 ante
2219 2556 2355 2597 reliquas
2370 2555 2506 2588 virtutes*

1434 2601 1625 2642 simpliciter.
1651 2601 1691 2632 Et
1713 2611 1784 2632 vere
1808 2602 1851 2632 sic
1871 2609 1926 2633 est.
1952 2602 2045 2633 Unde
2060 2602 2151 2632 beata
2165 2601 2264 2641 Virgo
2287 2600 2498 2632 humilitatem

1433 2656 1525 2677 suam
1549 2646 1723 2676 Dominum
1748 2647 1927 2687 respexisse
1950 2650 2181 2677 commemorat
2194 2645 2227 2682 *,
2251 2651 2404 2686 tanquam
2427 2645 2500 2676 uni·
2525 2656 2537 2666 ·

1434 2690 1587 2721 versalem
1609 2689 1768 2726 virtutem,
1793 2700 1857 2731 qua
1873 2691 1914 2721 ad
1929 2700 2103 2731 supernum
2120 2689 2359 2731 suscipiendum
2375 2688 2499 2721 divinae

1430 2734 1579 2774 largitatis
1601 2734 1758 2765 influxum
1782 2734 1933 2765 latissime
1957 2744 1992 2765 ac
2015 2733 2263 2775 profundissime
2284 2733 2393 2774 patula
2423 2740 2498 2766 erat.

1485 2778 1657 2816 Quaerenti
1679 2786 1787 2810 autern
1812 2779 1850 2810 de
1873 2778 2069 2810 substantiali
2088 2778 2199 2810 ordine
2221 2777 2415 2819 reliquarum
2437 2777 2498 2809 vir-

1431 2830 1539 2854 tutum
1556 2823 1636 2854 inter
1651 2833 1684 2854 se
1699 2831 1773 2864 post
1789 2823 1971 2860 cardinales,
1989 2823 2113 2854 videtur
2127 2822 2207 2854 mihi
2222 2821 2393 2853 dicendum
2408 2822 2498 2863 quod

1432 2868 1536 2908 primo
1560 2867 1687 2907 religio,
1713 2867 1826 2898 deinde
1850 2867 2047 2906 obedientia,
2071 2874 2102 2898 et
2130 2867 2262 2898 demum
2285 2865 2499 2897 misericordia

1431 2912 1565 2943 locanda
1591 2911 1640 2943 sit.
1670 2912 1754 2943 Nam
1784 2911 1887 2943 maius
1915 2911 2045 2943 rationis
2073 2912 2196 2942 bonum
2225 2910 2344 2942 relucet
2368 2909 2400 2941 in
2427 2909 2497 2941 reli-

1431 2956 1536 2996 gione,
1560 2965 1642 2996 quae
1665 2955 1698 2986 in
1721 2956 1886 2987 voluntate
1909 2963 1956 2988 est
1979 2962 2009 2987 et
2032 2955 2174 2986 debitum
2196 2953 2298 2986 reddit
2316 2954 2386 2984 Deo
2402 2953 2498 2986 Crea-

1432 3001 1492 3032 tori
1505 3011 1540 3031 ac
1554 3000 1763 3040 Praeceptori‚
1775 3010 1875 3042 quam
1889 3000 1923 3031 in
1939 2999 2127 3036 obedientia,
2140 3008 2222 3040 quae
2238 2997 2380 3029 debitum
2396 2998 2498 3030 reddit

1431 3044 1605 3085 praeceptis
1620 3044 1731 3084 ipsius.
1748 3045 1908 3076 Praecedit
1922 3050 2029 3076 tamen
2044 3043 2300 3078 misericordiam,
2314 3052 2396 3083 quae
2411 3049 2498 3075 tenet

1432 3089 1575 3119 medium
1604 3089 1637 3119 in
1665 3088 1812 3129 passione
1842 3088 1983 3120 tristitiae
2011 3093 2155 3128 respectu
2185 3087 2306 3117 alienae
2332 3087 2496 3118 miseriae:

1431 3140 1552 3174 quanto
1577 3133 1679 3164 maius
1709 3133 1834 3164 bonum
1857 3132 1988 3164 rationis
2011 3138 2058 3163 est
2081 3131 2161 3162 bene
2184 3141 2217 3162 se
2241 3130 2354 3161 habere
2381 3132 2421 3162 ad
2443 3141 2496 3163 su·

1430 3177 1605 3218 perioribus
1629 3177 1773 3208 debitum
1789 3177 2012 3213 exhibendum,
2036 3185 2135 3217 quam
2158 3176 2198 3206 nd
2220 3174 2403 3216 passionem
2425 3185 2496 3217 pnr-

1429 3221 1609 3253 ticularium
1633 3221 1815 3253 defectuum
1839 3220 1985 3262 proximi.

2525 2523 2739 2553 stampas.

2558 2655 2739 2685 Lunai,
