2768 4198
0 1891 7 1980 ⁴-n-v--v
0 1802 9 1875 ‘na—e.
0 1775 4 1789 v
0 1734 8 1765 -x
0 1705 7 1722 'T
0 1677 3 1685 v
0 1661 1 1666 Α

41 1219 52 1231 “
64 1217 135 1246 lbu„
149 1222 192 1241 m.
206 1224 226 1240 a.

39 1957 254 2020 ‘stuwi

40 2027 105 2047 eant.
121 2023 225 2046 melan.
237 2029 255 2045 ι.

957 273 1227 320 QUAESTIO
1258 273 1418 320 CXXX,
1448 271 1748 310 ARTICULUS
1780 271 1811 307 ΙΙ

282 354 544 405 praesumptio
573 352 727 402 ponitur
754 359 955 402 peccatum
985 352 1023 388 in
1053 351 1235 401 Spiritum
1261 353 1355 389 San-

284 417 408 455 ctum,
439 407 507 444 sed
535 407 596 443 illa
624 418 700 454 qua
729 405 811 454 quis
847 405 1018 442 divinam
1055 405 1235 442 iustitiam
1265 418 1356 442 con-

283 461 416 499 temnit
445 472 490 497 ex
517 460 732 498 inordinata
762 459 994 496 confidentia
1024 459 1175 496 divinae
1211 459 1356 496 miseri-

283 515 449 552 cordiae.
484 515 533 552 Et
559 514 644 551 talis
672 513 956 562 praesumptio,
986 513 1131 550 ratione
1161 513 1355 559 materiae,

283 568 510 617 inquantum
540 567 681 604 scilicet
708 579 779 616 per
807 579 893 603 earn
923 567 1178 604 contemnitur
1214 566 1357 616 aliquid

282 621 470 669 divinum,
501 620 710 671 opponitur
738 620 899 661 caritati,
929 621 991 657 vel
1021 620 1148 670 potius
1182 622 1285 658 dono
1315 620 1357 657 ti-

283 676 414 723 moris,
431 675 538 712 cuius
559 682 614 711 est
632 675 760 711 Deum
778 674 954 711 revereri.
977 675 1207 723 Inquantum
1227 681 1357 711 tamen

281 728 365 766 talis
394 736 638 778 contemptus
677 728 823 765 excedit
850 728 1142 777 proportionem
1179 728 1356 777 propriae

282 782 480 830 facultatis,
510 789 636 831 potest
665 781 810 830 opponi
841 781 1156 829 magnanimitati.

337 838 396 873 An
435 847 627 873 SECUNDUM
665 847 850 872 memnon
885 835 990 884 quod
1029 835 1125 871 sicut
1161 834 1358 882 magnani—

283 889 406 937 mitas,
426 889 477 926 ita
507 897 542 926 et
561 888 824 939 praesumptio
853 889 892 926 in
913 888 1054 938 aliquid
1075 900 1258 936 magnum
1279 895 1358 924 ten-

283 944 372 980 dere
400 943 569 980 videtur:
608 955 686 980 non
716 942 820 979 enirn
855 943 1018 979 multum
1056 941 1257 979 consuevit
1285 940 1357 978 dici

282 995 417 1046 aliquis
445 1003 790 1046 praesumptuosus
815 996 845 1032 si
866 996 904 1032 in
929 995 1058 1044 aliquo
1084 995 1238 1032 modico
1257 994 1359 1031 vires

282 1051 457 1099 proprias
485 1050 738 1088 transcendat.
779 1049 819 1086 Si
851 1058 982 1086 tamen
1016 1055 1358 1097 praesumptuosus

283 1104 364 1141 talis
403 1104 566 1151 dicatur,
600 1105 696 1141 haec
733 1102 996 1152 praesumptio
1034 1114 1112 1138 non
1151 1100 1360 1150 opponitur

283 1157 604 1206 magnanimitati:
635 1157 703 1195 sed
732 1157 783 1194 illi
802 1155 928 1193 virtuti
956 1167 1056 1204 quae
1078 1162 1134 1191 est
1153 1154 1252 1191 circa
1280 1165 1360 1189 me-

282 1211 432 1249 diocres
460 1212 642 1257 honores,
672 1218 713 1248 ut
742 1210 886 1248 dictum
916 1217 973 1245 est
992 1209 1024 1244 ⁵⁸.

336 1267 395 1302 An
423 1277 586 1306 τεκτιυΜ
614 1276 802 1302 morannum
821 1262 927 1312 quod
956 1261 1082 1299 nullus
1111 1267 1268 1297 attentat
1296 1259 1361 1297 ali-

279 1318 380 1367 quid
402 1328 518 1368 supra
546 1331 657 1356 suam
693 1318 910 1355 facultatem
944 1315 1014 1353 nisi
1049 1315 1276 1363 inquantum
1307 1313 1359 1350 fa-

283 1373 462 1410 cultatem
483 1384 592 1410 suam
614 1371 790 1409 aestimat
816 1369 1004 1406 maiorem
1025 1380 1141 1418 quam
1162 1368 1218 1404 sit.
1250 1367 1360 1404 Circa

281 1426 388 1476 quod
417 1433 544 1476 potest
563 1438 646 1463 esse
666 1436 772 1462 error
791 1422 1003 1472 dupliciter.
1033 1422 1122 1460 Uno
1146 1421 1279 1467 modo,
1301 1433 1358 1458 se-

283 1480 451 1518 cundum
492 1480 615 1517 solam
653 1477 927 1528 quantitatem:
966 1483 1057 1526 puta
1097 1487 1185 1512 cum
1224 1474 1360 1524 aliquis

281 1533 458 1572 aestimat
483 1545 523 1570 se
551 1531 696 1571 habere
726 1530 913 1569 maiorem
941 1530 1120 1567 virtutem
1149 1529 1212 1566 vel
1241 1528 1362 1566 scien-

280 1588 386 1634 tiam,
401 1587 465 1625 vel
485 1585 625 1636 aliquid
645 1585 747 1623 aliud
766 1583 1002 1630 huiusmodi,
1023 1595 1141 1633 quarn
1169 1583 1319 1620 habeat.
1336 1603 1361 1611 -

281 1641 368 1679 Alio
395 1640 532 1686 modo,
564 1639 777 1677 secundum
807 1650 927 1687 genus
957 1638 1028 1674 rei:
1058 1644 1151 1686 puta
1177 1649 1265 1674 curn
1296 1636 1359 1673 ali-

2435 271 2483 318 73

1410 352 1495 402 quis
1524 364 1569 388 ex
1596 352 1672 388 hoc
1701 349 1876 388 aestimat
1903 362 1944 386 se
1975 360 2160 397 magnum
2192 357 2227 385 et
2255 349 2403 397 magnis
2433 350 2486 386 di-

1410 418 1530 454 gnum
1550 403 1566 435 9
1596 417 1640 441 ex
1670 417 1747 453 quo
1769 416 1848 441 non
1869 411 1936 450 est,
1957 410 2050 452 puta
2078 409 2236 451 propter
2255 401 2406 439 divitias
2425 404 2487 440 vel

1410 467 1567 508 propter
1594 458 1720 506 aliqua
1749 458 1852 495 bona
1881 457 2077 501 fortunae;
2114 463 2156 492 ut
2185 455 2286 492 enim
2315 456 2487 493 Philoso-

1410 514 1510 562 phus
1539 512 1648 558 dicit,
1679 512 1717 549 in
1746 512 1797 548 lV
1824 511 1945 548 Ethic.
1966 510 2004 558 ²⁸,
2035 510 2101 559 qui
2125 509 2206 546 sine
2233 509 2370 546 virtute
2397 510 2487 547 talia

1382 560 1384 588 ¹
1411 567 1511 603 bona
1539 566 1687 612 habent,
1717 576 1839 613 neque
1865 564 1960 601 iuste
1986 563 2139 614 magnis
2169 563 2310 612 seipsos
2338 563 2488 613 dignifi-

1411 626 1510 665 cant,
1541 631 1660 668 neque
1688 624 1787 655 recte
1816 618 2058 668 magnanimi
2084 617 2271 654 dicuntur.

1467 673 1648 710 Similiter
1668 672 1780 709 etiarn
1802 672 1894 709 illud
1924 671 1977 708 ad
2002 671 2107 719 quod
2128 670 2263 719 aliquis
2283 670 2403 707 tendit
2427 683 2487 707 su-

1412 739 1480 775 pra
1499 726 1601 763 vires
1630 738 1730 773 suas,
1752 726 1985 774 quandoque
2007 724 2166 772 quidem
2195 724 2409 761 secundum
2435 723 2488 760 rei

1410 779 1613 817 veritatem
1640 787 1695 816 est
1719 791 1905 828 magnum
1932 777 2169 827 simpliciter:
2197 777 2293 815 sicut
2313 785 2416 826 patet
2441 777 2488 814 de

1413 834 1539 880 Petro,
1557 833 1622 882 qui
1642 833 1823 870 tendebat
1837 832 1885 870 ad
1905 832 1980 868 hoc
2001 831 2106 881 quod
2121 843 2192 880 pro
2213 830 2365 868 Christo
2385 838 2488 880 pate-

1413 894 1516 923 retur
1529 886 1560 933 *,
1582 886 1688 935 quod
1709 894 1787 923 erat
1806 898 1922 934 supra
1940 885 2120 922 virtutem
2146 897 2269 922 suam.
2300 884 2488 931 Quando·

1412 952 1488 988 que
1507 952 1602 976 vero
1623 952 1702 976 non
1723 947 1778 976 est
1798 938 1939 986 aliquid
1959 950 2144 986 magnum
2166 938 2397 987 simpliciter,
2419 937 2488 975 sed

1413 994 1540 1030 solum
1561 992 1775 1029 secundum
1796 993 1998 1029 stultorum
2015 991 2261 1040 opinionem:
2288 991 2383 1029 sicut
2402 1004 2487 1041 pre-

1413 1046 1517 1083 tiosis
1545 1045 1725 1082 vestibus·
1747 1045 1875 1091 indui,
1901 1044 2098 1094 despicere
2127 1053 2163 1082 et
2192 1045 2358 1082 iniuriari
2392 1045 2486 1082 aliis.

1414 1099 1531 1146 Quod
1562 1099 1718 1148 quidem
1748 1098 1910 1147 pertinet
1938 1098 1985 1135 ad
2016 1110 2215 1135 excessum
2239 1098 2489 1146 magnanimi-

1413 1152 1498 1189 tatis
1518 1164 1597 1189 non
1626 1153 1838 1189 secundum
1861 1152 1914 1188 rei
1941 1152 2157 1198 veritatem,
2179 1153 2244 1188 sed
2275 1153 2486 1189 secundum

1415 1205 1652 1255 opinionem.
1678 1205 1790 1243 Unde
1808 1206 1955 1242 Seneca
1971 1205 2072 1251 dicit,
2088 1205 2126 1241 in
2142 1204 2237 1241 libro
2254 1205 2299 1241 de
2318 1206 2490 1247 Quatuor

1421 1260 1552 1297 Virtut.
1575 1260 1607 1305 *,
1629 1258 1735 1307 quod
1756 1259 2065 1309 magnanimitas,
2085 1259 2119 1294 si
2144 1270 2184 1295 se
2203 1264 2312 1295 extra
2334 1260 2486 1295 modum

1413 1325 1524 1350 suum
1562 1312 1729 1357 extollat,
1756 1313 1881 1361 faciel
1915 1313 2039 1349 virum
2076 1312 2274 1358 minacem,
2305 1312 2489 1361 inflatum,

1415 1366 1618 1412 turbidum,
1649 1366 1868 1415 inquietum,
1893 1372 1929 1402 et
1955 1366 1992 1402 in
2022 1377 2280 1414 quascumque
2307 1366 2490 1402 excellen-

1415 1420 1486 1457 tias
1504 1419 1690 1456 dictorum
1707 1421 1995 1469 factorumque,
2017 1419 2187 1469 neglecta
2215 1419 2417 1466 honestate,
2427 1420 2491 1467 fe-

1414 1474 1565 1511 stinum.
1606 1474 1655 1510 Et
1684 1473 1737 1510 sic
1773 1481 1877 1523 patet
1914 1473 2019 1522 quod
2057 1480 2402 1521 praesumptuosus
2435 1484 2492 1509 se—

1417 1527 1587 1565 cundum
1622 1526 1675 1564 rei
1703 1527 1903 1564 veritatem
1932 1526 2166 1576 quandoque
2187 1525 2334 1563 deficit
2361 1538 2383 1563 a
2413 1538 2493 1562 ma-

1416 1581 1620 1631 gnanimo:
1652 1580 1719 1618 sed
1749 1582 1962 1619 secundum
1992 1579 2254 1630 apparentiam
2277 1580 2313 1617 in
2335 1591 2492 1616 excessu

1416 1647 1457 1673 se
1485 1636 1613 1672 habet.

322 1755 361 1789 ¹5)
381 1754 654 1789 dignum-'dictum
680 1753 753 1787 quod
776 1753 918 1786 BFLpAK,
937 1753 1039 1779 dictum
1059 1753 1133 1786 quod
1151 1752 1217 1785 (om.
1238 1759 1276 1777 ex
1294 1752 1358 1785 quo)
1378 1752 1435 1783 ΒΗ,
1456 1751 1568 1784 dignum
1590 1751 1664 1784 quod
1682 1750 1780 1783 EpCsA

971 1832 1310 1866 Commenta-ia
1332 1830 1589 1864 cardinalis
1613 1829 1817 1862 Caietam·

311 1928 332 1949 N
356 1916 491 1948 articulo
515 1914 658 1946 secundo
685 1914 830 1945 eiusdem
854 1913 1068 1954 quaestionis,
1094 1913 1126 1943 in
1151 1911 1360 1953 responsione
1387 1945 1389 1947 r

283 1929 353 1994 Iad
376 1961 529 2002 primum,
555 1959 691 1990 dubium
716 1958 855 1989 occurrit
877 1967 914 1988 ex
938 1957 1086 1994 Mai-tino,
1104 1957 1146 1988 ibi
1158 1957 1186 1994 *,
1203 1966 1259 1998 qu.
1279 1955 1362 1995 ιι,**
1387 1952 1389 1966 ²

281 2007 364 2038 circa
392 2004 634 2046 oppositionem
664 2002 935 2044 praesumptionis
968 2002 1007 2033 de
1037 2012 1103 2043 qua
1133 2002 1166 2032 in
1194 2001 1298 2032 littera
1327 2000 1363 2032 fit

281 2051 414 2088 mentio,
435 2050 474 2080 ad
498 2048 795 2089 magnaminitatem
819 2054 851 2078 et
874 2047 1046 2078 caritatem.
1071 2047 1113 2078 Et
1136 2046 1242 2088 primo
1261 2045 1364 2086 arguit

282 2096 374 2138 quod
403 2094 473 2126 talis
503 2092 723 2135 praesumptio
751 2092 854 2134 qualis
882 2092 915 2123 in
942 2092 1045 2123 littera
1068 2091 1270 2127 describitur,
1296 2101 1362 2121 non

282 2147 468 2182 opponatur
483 2137 749 2179 magnanimitati.
771 2137 856 2175 Quia
873 2137 982 2168 nullus
999 2136 1122 2167 affectat
1138 2142 1361 2176 contemptum

282 2185 407 2217 divinae
426 2183 564 2216 iustitiae
587 2189 743 2224 tanquam
766 2192 835 2213 rem
859 2181 1092 2212 honorabilem.
1118 2181 1203 2221 Ergo
1228 2190 1295 2210 non
1317 2187 1363 2210 est

255 2272 259 2274 .
282 2228 503 2272 praesumptio
527 2227 676 2269 opposita
700 2225 966 2267 magnanimitati.

42 2367 111 2418 :ng-
122 2372 174 2396 vm.
183 2371 228 2390 m.
235 2372 256 2395 ³,

339 2274 508 2308 Secundo,
531 2272 621 2314 quod
652 2281 718 2302 non
747 2271 925 2312 opponitur
954 2270 1082 2311 proprie
1113 2268 1244 2301 caritati.
1277 2268 1363 2306 Quia

283 2319 384 2360 magis
398 2317 577 2359 opponitur
591 2316 669 2358 spei.
687 2317 874 2348 Secundum
890 2315 977 2346 enim
993 2317 1180 2351 Auctorem,
1193 2313 1226 2344 in
1243 2313 1307 2355 Qq.
1323 2313 1364 2344 de

282 2363 375 2396 Malo
385 2362 414 2400 “,
438 2361 659 2404 praesumptio
684 2368 731 2392 est
754 2360 934 2391 inordinata
958 2370 1041 2401 spes.

316 2415 318 2417 '
338 2407 460 2439 Tertio.
478 2406 661 2438 inordinata
677 2404 870 2437 confidentia
885 2405 924 2436 de
940 2405 1047 2435 divina
1064 2402 1280 2435 misericordia
1296 2412 1363 2432 non

282 2452 461 2494 opponitur
484 2450 747 2492 magnanimitati.
779 2450 876 2491 Ergo.
908 2467 930 2473 -
960 2450 1118 2480 Probatur
1147 2453 1361 2488 assumptum.

283 2497 370 2536 Quia
393 2507 460 2528 non
479 2503 527 2527 est
549 2503 694 2537 respectu
710 2495 887 2526 arduorum
903 2494 1113 2535 agendorum,
1138 2493 1193 2524 sed
1217 2499 1360 2533 respectu

198 2530 202 2534 .
239 2569 245 2574 .
283 2541 484 2583 impunitatis
506 2541 540 2572 in
563 2547 705 2572 extremo
733 2539 867 2571 Iudicio.

342 2587 379 2618 11.
396 2586 448 2617 Ad
462 2586 526 2617 hoc
541 2585 656 2617 dicitur
667 2584 758 2626 quod
772 2583 992 2625 praesumptio
1008 2594 1072 2625 qua
1088 2582 1170 2624 quis,
1183 2581 1362 2612 inordinate

285 2630 450 2662 confidens
478 2631 517 2661 de
536 2630 643 2661 divina
666 2628 892 2666 misericordia,
909 2628 1086 2660 contemnit
1108 2627 1249 2658 divinam
1271 2625 1360 2657 iusti-
1387 2649 1389 2658 ,

1415 1911 1504 1946 tiam,
1523 1918 1553 1942 et
1570 1910 1691 1941 ratione
1708 1908 1830 1946 radicis.
1848 1917 1879 1940 et
1894 1909 2016 1940 ratione
2031 1909 2131 1950 ipsius
2158 1915 2373 1949 contemptus,
2390 1909 2492 1939 mani-

1416 1955 1494 1987 feste
1511 1955 1689 1996 opponitur
1709 1953 1974 1995 magnanimitati.
2000 1953 2126 1984 Radicis
2150 1953 2294 1994 quidem,
2311 1953 2387 1994 quia
2411 1953 2491 1990 talis,

1417 2008 1453 2032 ut
1468 2000 1523 2037 sic,
1538 1999 1710 2042 dignificat
1724 2009 1760 2030 se
1775 2000 1906 2040 magnis
1917 1998 2031 2039 quibus
2045 2007 2108 2029 non
2121 2003 2168 2029 est
2181 1998 2303 2039 dignus
2314 1998 2347 2028 *ε
2369 1997 2492 2038 dignifi-

1417 2052 1466 2077 cat
1482 2055 1515 2076 se
1531 2044 1691 2086 siquidem
1715 2043 1822 2074 divina
1836 2043 2011 2083 adoptione
2028 2050 2058 2074 et
2081 2042 2214 2079 visione,
2225 2043 2347 2084 ,quibus
2363 2053 2430 2073 non
2447 2049 2494 2074 est

1417 2090 1541 2130 dignus.
1555 2107 1576 2113 -
1590 2089 1725 2120 Ratione
1740 2098 1816 2119 vero
1834 2094 2049 2128 contemptus,
2067 2088 2142 2128 quia
2164 2087 2271 2128 ipsum
2289 2094 2493 2118 contemnere

1417 2142 1463 2166 est
1485 2141 1574 2165 actus
1594 2143 1730 2174 magnus
1750 2133 1903 2164 excedens
1928 2132 2111 2163 facultatem
2138 2131 2278 2162 hominis
2302 2132 2388 2162 talis:
2417 2131 2493 2173 quia

1417 2186 1622 2210 contemnere
1634 2177 1858 2208 vindicativam
1871 2177 2026 2207 iustitiam
2038 2183 2085 2207 est
2097 2176 2238 2207 hominis
2251 2176 2349 2207 sancti
2365 2183 2395 2207 et
2407 2176 2492 2207 iusti.

1471 2223 1564 2254 Unde
1585 2229 1672 2264 patet
1695 2221 1863 2262 responsio
1888 2221 1927 2252 ad
1950 2221 2103 2262 primum.
2129 2221 2272 2258 Quilibet
2295 2221 2382 2251 enim
2405 2231 2494 2261 prae-

1416 2275 1628 2309 sumptuosus
1652 2274 1861 2298 contemnens
1884 2272 2006 2297 exercet
2023 2266 2132 2306 ipsum
2149 2273 2256 2296 actum
2281 2273 2316 2296 ut
2339 2275 2494 2306 magnum

1416 2320 1447 2344 et
1470 2312 1704 2348 honorabilem,
1730 2318 1842 2352 utpote
1866 2318 1902 2342 ut
1925 2318 2032 2342 actum
2056 2310 2121 2341 iam
2145 2310 2246 2341 securi
2270 2311 2310 2341 de
2333 2310 2415 2341 Deo.

1471 2358 1513 2388 Et
1535 2356 1679 2388 similiter
1703 2363 1789 2397 patet
1811 2355 1979 2396 responsio
2004 2355 2044 2386 ad
2068 2355 2213 2386 tertium:
2246 2355 2322 2396 quia
2345 2354 2493 2385 arduissi-

1416 2412 1509 2433 mum
1540 2402 1702 2442 agendum
1730 2407 1778 2432 est
1804 2410 1934 2441 regnare
1966 2410 2041 2431 cum
2065 2399 2211 2436 Christo,
2236 2399 2342 2430 videre
2366 2400 2493 2435 Deum,

1388 2449 1391 2477 ἶ
1416 2446 1543 2488 assequi
1568 2456 1666 2487 opera
1690 2445 1847 2476 felicitatis
1871 2452 2026 2481 aeternae,
2051 2454 2133 2485 quae
2156 2444 2215 2475 iste
2239 2451 2352 2485 sperat.

1473 2491 1524 2522 Ad
1552 2491 1731 2522 secundum
1754 2500 1849 2526 vero,
1875 2500 1912 2521 ex
1939 2490 2042 2520 littera
2065 2496 2151 2530 patet
2178 2490 2267 2530 quod
2291 2499 2358 2519 non
2382 2488 2496 2518 dicitur

1417 2536 1541 2577 opponi
1556 2535 1741 2577 simpliciter
1757 2535 1887 2572 caritati,
1905 2535 1960 2565 sed
1975 2535 2102 2565 ratione
2117 2535 2285 2571 materiae,
2302 2534 2495 2574 inquantum

1416 2581 1534 2612 scilicet
1557 2588 1604 2612 est
1627 2580 1748 2621 aliquid
1772 2580 1927 2610 divinum.
1952 2579 2051 2616 Quod
2075 2589 2141 2609 non
2165 2579 2373 2619 impugnatur
2394 2578 2432 2608 ab
2448 2587 2494 2607 ar-

1415 2632 1582 2666 gumento.

438 3673 549 3698 Sanum
567 3671 670 3697 Timor..
690 3671 721 3695 D.
735 3671 851 3696 Tnomuz
870 3671 902 3696 T.
917 3671 970 3696 Vll.

2321 3669 2378 3686 10·

2615 405 2629 438 β

2516 518 2667 566 sf³⁸1¹³13f¹1¹40¹k
2675 523 2729 565 ²132·

2517 892 2660 920 ‘Manli-cap.
2666 898 2730 919 xxvr,

2516 925 2613 948 vem-353
2620 919 2730 946 Lumenp.

2516 951 2574 973 xxn,
2585 951 2644 967 vers.
2655 951 2687 974 33.

2517 1266 2612 1314 ...⁰:¹32
2617 1309 2622 1314 .
2628 1265 2732 1313 aaz&

2517 1318 2566 1340 tud.
2575 1330 2585 1334 -
2594 1320 2656 1341 Inter
2667 1318 2730 1346 Opp,

2517 1346 2598 1367 Senec-

2520 2005 2530 2014 ·
2540 2003 2577 2025 Cs.
2592 2002 2690 2023 Anstot.
2701 2002 2733 2023 Ε-

2519 2030 2574 2052 thie.
2584 2029 2624 2050 lib.
2632 2028 2673 2055 IV,
2682 2035 2708 2050 ca
2727 2044 2733 2050 .

2521 2063 2555 2083 ιιι,
2567 2062 2590 2078 ιι.
2601 2055 2643 2077 6.-
2653 2054 2678 2077 S.
2688 2055 2709 2077 T
2728 2072 2733 2077 .

2520 2085 2572 2106 lect.
2586 2088 2638 2104 vlu.
