2768 4198
3 923 15 936 ⁸
31 922 80 951 Qu.
99 926 192 950 mxu,

2 952 45 972 nrt.
59 955 74 972 ι

208 1793 214 1799 ·
243 1776 430 1815 Ezechiae
468 1776 598 1814 dicens
625 1776 663 1823 ²¹⁸,
700 1776 868 1824 Dispone
909 1775 1041 1811 domui
1076 1780 1184 1810 tuae.-

905 290 1171 336 QUAESTIO
1203 290 1381 336 CLXXI,
1410 288 1707 326 ARTICULUS
1736 287 1787 323 VI

246 371 334 401 modi
351 370 580 402 correctionem
605 380 670 400 non
687 375 814 410 oportet
830 367 990 398 advenire:
1016 367 1091 407 quia
1116 367 1315 407 privilegium

244 414 414 446 sanctitatis
442 414 475 444 in
499 414 662 454 prophetis
692 414 754 444 hoc
779 419 834 443 est.
867 412 953 449 Quin
984 412 1079 442 etiam
1109 412 1215 442 subdit
1238 412 1314 442 Gre-

243 459 353 498 gorius
383 459 472 498 quod
497 458 578 488 inter
600 467 692 487 veros
716 464 746 487 et
769 456 865 487 falsos
890 456 1061 496 prophetas
1092 456 1168 486 haec
1193 463 1239 486 est
1268 456 1314 486 di—

244 502 365 538 stantia,
391 502 479 543 quod
504 503 573 533 veri
596 502 714 532 eruditi
739 502 832 532 citius
855 501 974 531 dictum
998 510 1092 531 suum
1125 501 1314 541 corrigunt:

235 546 321 587 falsi
344 555 419 577 vero
440 546 535 586 falsa
555 546 802 586 praenuntiant,
821 551 860 582 et,
879 555 899 575 a
923 545 1044 585 Spiritu
1069 544 1187 575 Sancto
1202 545 1310 582 alieni,

244 591 276 620 in
300 600 361 621 sua
377 590 528 631 falsitate
549 590 740 630 perdurant.

298 635 339 664 Et
361 644 417 674 per
439 634 516 664 haec
540 641 626 674 patet
649 634 738 675 quod
762 634 800 664 de
824 634 916 664 bonis
940 634 1104 674 prophetis
1127 633 1251 663 videtur
1267 642 1313 662 re-

242 678 390 719 gulariter
404 688 516 709 verum
532 679 621 719 quod
637 678 837 719 corriguntur
854 679 945 708 citius
969 679 1099 719 quando
1124 688 1160 708 ex
1179 677 1310 717 proprio

243 729 346 753 errant
369 722 490 763 spiritu.
514 723 580 753 Nec
605 722 793 763 experientia
817 730 946 763 apparet
969 723 1001 753 in
1024 722 1227 762 oppositum:
1253 721 1313 751 nisi

243 767 324 798 forte
348 767 493 798 vocando
516 767 688 807 prophetas
712 768 812 798 bonas
836 777 997 807 personas,
1023 777 1104 807 quae
1126 772 1313 806 reputantur

243 811 438 851 spirituales,
463 811 616 852 patientes
645 812 794 848 extasim;
825 822 907 852 quae
935 811 1108 852 aequivoce
1137 810 1311 851 prophetae

243 855 399 887 dicuntur.
417 855 543 886 Distant
558 856 644 886 enim
660 867 677 886 a
693 856 857 896 prophetis
873 856 945 896 plus
961 865 1060 896 quam
1076 862 1157 885 terra
1173 865 1190 886 a
1206 855 1310 885 caelo:

242 900 396 940 quoniam
420 900 497 931 haec
521 900 676 931 naturalia
699 908 789 937 sunt,
815 908 845 931 et
867 900 1050 940 saepissime
1074 899 1198 929 infirma
1222 905 1311 929 natu-

241 953 311 980 rae;
336 944 503 985 prophetia
526 952 634 976 autern
653 945 900 985 supernaturalis
917 951 972 981 est,
994 951 1029 975 ut
1047 944 1127 974 infra
1142 946 1159 962 *
1183 943 1311 983 patebit.

2362 285 2432 332 375

1423 367 1516 397 Ratio
1549 376 1680 407 quoque
1711 366 1804 396 allata
1835 364 1914 395 nihil
1944 365 2056 395 obstat.
2093 364 2180 394 Tum
2211 363 2286 404 quia
2313 373 2349 393 ex
2376 363 2436 393 hoc

1367 412 1454 452 quod
1470 411 1626 451 propheta
1642 417 1768 441 sanctus
1782 409 1837 450 qui
1851 409 1963 439 erravit
1978 419 2043 439 non
2057 407 2262 439 discernendo
2280 407 2436 447 spiritum,

1367 462 1476 495 postea
1493 455 1669 495 corrigitur,
1684 465 1749 485 non
1766 453 1910 495 sequitur
1924 453 2014 494 quod
2029 462 2154 493 semper
2168 459 2244 483 tunc
2260 452 2310 482 vel
2326 458 2436 491 postea

1367 500 1522 530 discernat
1545 509 1641 530 suurn
1665 509 1682 529 a
1702 498 1809 529 divino
1827 498 2021 529 instinctum.
2047 497 2213 534 Quoniam
2229 506 2296 526 non
2312 505 2437 535 semper

1366 544 1405 574 ad
1421 543 1607 574 huiusmodi
1625 553 1763 574 errorem
1779 542 1970 582 prorumpit,
1988 542 2043 572 sed
2060 551 2216 581 suspenso
2236 546 2298 571 stat
2316 540 2435 575 animo,

1366 596 1396 619 et
1414 588 1535 628 profert
1550 588 1681 628 eloquio
1697 597 1862 627 suspenso.
1887 604 1908 610 -
1932 587 2021 616 Turn
2040 585 2126 627 quia,
2151 586 2226 616 dato
2251 584 2340 626 quod
2363 590 2437 624 post

1365 639 1569 672 cognosceret
1592 642 1629 662 ex
1652 632 1837 662 adveniente
1862 631 2067 667 correctione,
2091 636 2152 661 stat
2175 629 2277 660 solida
2293 628 2435 659 differen-

1364 677 1406 707 tia
1430 677 1601 717 assignata:
1627 677 1715 716 quod
1740 676 1884 706 absolute
1908 675 1941 705 in
1963 675 2034 716 ipso
2057 674 2209 705 instinctu
2234 683 2300 704 non
2317 682 2435 712 cogno-

1365 721 1422 752 scit
1446 732 1485 751 an
1510 722 1596 751 Deus
1620 721 1659 751 sit
1683 720 1737 761 qui
1762 721 1815 750 det
1838 720 1940 750 illum.

1420 765 1487 795 VII.
1513 766 1559 795 Ex
1589 765 1705 795 eodem
1728 764 1862 795 articulo
1887 763 2000 804 collige
2025 763 2121 793 aliam
2145 762 2331 804 prophetiae
2359 771 2435 792 con-

1365 810 1521 840 ditionem
1537 810 1569 838 *z
1595 809 1712 840 scilicet
1740 809 1838 850 quod,
1857 809 1881 839 si
1910 807 2094 848 simpliciter
2117 814 2165 838 est
2188 806 2364 847 prophetia,
2383 805 2436 836 dat

1365 854 1538 894 prophetae
1563 854 1680 884 claram
1695 853 1852 883 visionem
1868 852 2078 888 revelationis,
2095 852 2156 882 hoc
2173 858 2220 882 est
2239 851 2329 892 quod
2348 851 2435 881 Deus

1365 905 1412 929 est
1434 898 1574 928 revelans
1597 898 1656 928 sibi
1679 904 1754 928 tunc
1778 898 1856 933 hoc;
1888 897 1930 928 ita
1953 897 2043 938 quod
2071 906 2136 927 non
2164 896 2261 927 credit
2287 895 2435 930 firmiter,

1366 943 1421 973 sed
1444 942 1530 973 videt
1554 942 1598 972 sic
1623 952 1701 973 esse.

1188 1030 1382 1038 *mmm
1385 1029 1447 1036 ΛΝ,

1061 1096 1380 1138 ARTICULUS
1412 1095 1621 1137 SEXTUS

319 1193 474 1223 UTRUM
498 1192 555 1222 EA
579 1191 698 1228 QUAE
724 1189 1001 1221 PROPHETICE
1026 1188 1387 1220 COGNOSCUNTUR
1410 1188 1495 1218 VEL
1519 1188 1881 1223 ANNUNTIANTUR‚
1906 1187 2084 1218 POSSINT
2107 1187 2208 1217 ESSE
2232 1186 2367 1217 FALsA

531 1270 605 1301 Infra,
625 1278 668 1303 qu.
689 1277 780 1298 ccxxii.
800 1274 846 1294 art.
868 1269 890 1298 5,
910 1269 942 1293 ad
963 1268 990 1298 33
1010 1273 1056 1292 art.
1076 1267 1100 1297 ὁ,
1120 1268 1151 1292 ad
1173 1274 1201 1297 2;
1221 1267 1252 1291 111
1274 1267 1350 1292 Cont.
1372 1268 1459 1296 Gent.‚
1478 1274 1533 1298 cap.
1553 1273 1626 1297 cuv;
1648 1266 1688 1290 De
1713 1266 1800 1295 Verit„
1820 1274 1864 1298 qu.
1879 1274 1922 1295 xxi,
1941 1271 1987 1291 art.
2011 1273 2048 1297 10,
2069 1266 2099 1290 ad
2119 1274 2143 1298 7.

284 1370 337 1412 ‘1³⁵
362 1380 416 1404 μ
405 1374 432 1418 <
457 1363 479 1388 ι)
499 1362 640 1388 SEXTUM
668 1362 722 1387 s1c
750 1360 990 1386 PROCEDITUR.
1019 1348 1181 1385 Videtur
1204 1347 1310 1395 quod

273 1395 426 1466 ’Ὲὼῗῆ
458 1416 503 1441 ea
540 1416 638 1452 quae
672 1403 895 1452 prophetice
930 1409 1212 1449 cognoscuntur
1247 1400 1310 1436 vel

264 1489 284 1503 ,
280 1460 405 1505 γρν(
404 1456 746 1507 &annuntiantum
776 1455 922 1504 possint
960 1466 1042 1491 esse
1075 1454 1179 1491 falsa.
1217 1453 1310 1489 Pro-

251 1507 283 1536 ⁷7
302 1505 399 1542 ‘3²55

241 1565 326 1612 bus,
345 1570 388 1600 ut
407 1563 550 1601 dictum
571 1571 627 1600 est
645 1562 675 1599 ²¹².
707 1562 784 1599 Sed
803 1562 927 1598 futura
948 1560 1205 1608 contingentia
1223 1571 1311 1608 pos-

241 1624 329 1655 sunt
355 1628 435 1653 non
473 1616 647 1654 evenire:
683 1615 852 1663 alioquin
889 1627 934 1651 ex
971 1610 1191 1651 necessitate
1222 1625 1311 1649 con-

241 1670 438 1719 tingerent.
467 1670 570 1718 Ergo
590 1669 813 1719 prophetiae
833 1676 959 1718 potest
977 1668 1134 1705 subesse
1159 1667 1309 1704 falsum.

295 1735 332 1761 2.
361 1723 602 1769 Palmam,
634 1722 749 1760 Isaias
776 1721 998 1771 prophetice
1031 1719 1312 1770 praenuntiavit

1222 1784 1311 1822 quia

241 1829 416 1867 morieris
443 1835 500 1875 tu,
529 1835 566 1866 et
592 1842 667 1866 non
696 1830 819 1866 vives.-
857 1836 893 1865 et
920 1835 1049 1865 tamen
1079 1826 1196 1864 additi
1225 1833 1313 1863 sunt

240 1883 343 1921 vitae
372 1882 452 1920 eius
479 1890 614 1932 postea
642 1882 863 1932 quindecim
892 1881 992 1927 anni,
1012 1887 1054 1917 ut
1073 1881 1236 1917 habetur
1261 1880 1312 1916 lV

241 1936 339 1986 Reg.
369 1947 416 1972 xx
441 1934 481 1982 ²¹⁶,
513 1944 548 1972 et
584 1935 703 1973 Isaiae
737 1947 869 1972 xxxvm
893 1934 945 1971 **.
984 1933 1162 1970 Similiter
1197 1933 1311 1970 etiam

243 1990 379 2027 ierem.
398 2001 484 2026 xvm
502 1988 534 2037 ³¹³,
560 1989 752 2026 Dominus
773 1988 878 2026 dicit:
907 1989 1074 2036 Repente
1092 1987 1229 2035 loquar
1247 1986 1312 2023 ad-

241 2054 394 2080 versum
420 2048 572 2092 gentem
592 2048 627 2080 et
644 2043 847 2079 adversum
866 2053 1041 2091 regnum,
1064 2046 1104 2077 ut
1125 2040 1312 2077 eradicem

242 2101 278 2133 et
303 2095 494 2132 destruam
523 2101 559 2132 et
585 2095 798 2145 disperdam
836 2095 938 2132 illud.
974 2095 1017 2131 Si
1042 2093 1312 2142 poenitentiam

359 1370 369 1387 t

242 2149 365 2200 egerit
394 2161 490 2199 gens
527 2149 590 2186 illa
619 2161 643 2186 a
671 2149 773 2186 malo
810 2160 878 2185 suo
912 2148 1014 2196 quod
1047 2147 1192 2184 locutus
1228 2159 1312 2183 sum
1339 2160 1341 2162 ’

242 2203 424 2240 adversus
452 2214 554 2248 eam,
584 2214 702 2252 agam
731 2208 766 2239 et
793 2213 866 2251 ego
897 2201 1166 2249 poenitentiam
1200 2211 1314 2248 super

218 2256 344 2293 -malo
373 2256 475 2304 quod
501 2256 669 2306 cogitavi
690 2261 731 2292 ut
734 2256 913 2304 facerem
942 2255 986 2291 ei.
1018 2254 1066 2290 Et
1094 2254 1170 2290 hoc
1198 2265 1313 2301 appa-

0 2365 14 2379 *
24 2364 92 2388 Vera.
106 2371 140 2389 ιο.
172 2383 174 2387 ⁴

243 2316 298 2346 ret
326 2321 394 2358 per
422 2309 641 2358 exemplum
671 2308 948 2345 Ninivitarum:
979 2307 1192 2344 secundum
1221 2306 1313 2342 illud

244 2363 360 2399 Ionae
380 2374 415 2399 111
436 2361 474 2398 *ε
501 2362 685 2399 Msertus
704 2367 758 2398 est
774 2361 963 2398 Dominus
989 2372 1102 2408 super
1128 2359 1312 2396 malitiam

242 2427 356 2464 quam
385 2415 482 2452 dixit
500 2421 540 2451 ut
545 2417 700 2464 faceret
725 2415 789 2460 eis,
810 2420 846 2451 et
872 2426 947 2451 non
965 2414 1073 2462 fecit.
1104 2414 1206 2461 Ergo
1226 2425 1312 2462 pro-

241 2468 393 2518 phetiae
422 2476 549 2517 potest
576 2469 734 2505 subesse
763 2469 915 2505 falsum.

298 2523 333 2559 3.
362 2523 598 2568 PRAETEREA,
625 2522 751 2558 omnis
780 2520 1044 2558 conditionalis
1073 2519 1181 2556 cuius
1210 2526 1314 2556 ante—

243 2575 384 2612 cedens
414 2582 470 2611 est
498 2575 756 2612 necessarium
786 2575 972 2621 absolute,
999 2585 1239 2622 consequens
1259 2580 1315 2609 est

242 2627 500 2666 necessarium
530 2628 728 2665 absolute:
767 2627 856 2677 quia
885 2627 936 2663 ita
964 2639 1005 2663 se
1033 2626 1149 2663 habet
1182 2638 1315 2662 conse-

242 2694 364 2730 quens
393 2681 432 2718 in
461 2681 707 2718 conditionali
735 2681 784 2717 ad
813 2679 1065 2726 antecedens,
1095 2678 1191 2716 sicut
1225 2691 1314 2716 con-

244 2735 361 2772 clusio
382 2735 430 2772 ad
449 2734 679 2783 praemissas
698 2734 736 2770 in
757 2734 997 2782 syllogismo;
1028 2744 1072 2769 ex
1092 2731 1314 2769 necessariis

243 2796 371 2826 autem
397 2800 598 2837 nunquam
626 2786 807 2846 contingit
835 2786 1057 2834 syllogizare
1086 2785 1157 2822 nisi
1184 2797 1314 2822 neces-

124 2861 131 2872 ‚
163 2861 169 2866 ·
199 2855 218 2893 ff
244 2841 408 2889 sarium,
436 2849 477 2878 ut
504 2842 691 2890 probatur
718 2840 757 2876 in
787 2841 800 2876 Ι
829 2839 1085 2876 Posteriorum
1109 2838 1140 2875 ²¹⁶.
1177 2839 1255 2876 Sed
1283 2838 1314 2875 si

7 3319 132 3343 ’lunata
145 3318 221 3341 Prae-

0 3346 61 3378 με,
77 3352 129 3369 οι.
142 3352 158 3368 ι.
164 3345 220 3377 -ςί,

7 3363 86 3396 Glo’n.
121 3373 185 3396 omb-
196 3378 220 3394 m

0 3400 65 3423 titul.
80 3399 193 3422 Pulterii.

243 2894 466 2944 prophetiae
504 2907 584 2932 non
621 2901 747 2943 potest
783 2894 940 2930 subesse
974 2892 1133 2939 falsum,
1164 2898 1316 2940 oportet

244 2949 343 2985 hanc
379 2947 674 2993 conditionalem
709 2959 791 2983 esse
828 2958 979 2983 veram:
1018 2945 1060 2981 Si
1094 2943 1237 2993 aliquid
1263 2949 1318 2981 est

237 3002 516 3050 prophetatum,
537 3001 617 3037 erit.
649 3000 773 3036 Huius
801 3007 930 3036 autem
957 2997 1220 3035 conditionalis
1249 3010 1314 3034 an-

243 3055 423 3092 tecedens
453 3063 509 3092 est
540 3053 800 3091 necessarium
838 3052 1028 3089 absolute:
1065 3062 1154 3087 curn
1193 3050 1239 3087 sit
1267 3051 1314 3087 de

244 3107 458 3156 praeterito.
493 3108 596 3155 Ergo
627 3113 663 3144 et
691 3118 931 3154 consequens
961 3104 1030 3141 erit
1056 3104 1315 3140 necessarium

245 3161 431 3197 absolute.
471 3161 590 3207 Quod
618 3167 674 3197 est
701 3158 994 3197 inconveniens:
1029 3156 1119 3206 quia
1147 3156 1200 3193 sic
1226 3169 1314 3205 pro-

245 3212 374 3261 phetia
402 3225 482 3250 non
502 3221 601 3250 esset
629 3212 942 3261 contingentium.
973 3211 1128 3247 Falsum
1149 3216 1204 3246 est
1223 3221 1314 3257 ergo

247 3265 351 3314 quod
380 3266 604 3314 prophetiae
632 3278 711 3303 non
739 3265 860 3315 possit
888 3264 1044 3301 subesse
1074 3263 1224 3299 falsum.

302 3319 377 3355 SED
397 3330 544 3355 CONTRA
563 3330 630 3356 EST
648 3321 751 3368 quod
774 3317 1029 3355 Cassiodorus
1049 3316 1139 3353 dicit
1156 3315 1186 3362 ²⁸,
1208 3315 1315 3363 quod

242 3372 441 3421 prophetia
460 3376 514 3408 est
531 3371 724 3420 inspiratio
743 3372 805 3408 vel
822 3371 999 3408 revelatio
1023 3370 1163 3415 divina,
1184 3380 1313 3405 rerum

247 3430 398 3462 eventus
418 3423 602 3461 immobili
627 3425 782 3461 veritate
805 3424 1039 3461 denuntians.
1069 3423 1161 3459 Non
1184 3429 1312 3459 autem

299 3547 326 3579 α)
344 3547 446 3607 eaden}-
457 3549 496 3571 εει
514 3545 715 3579 cognitionis.
733 3545 895 3579 cognitionis
918 3550 958 3571 est
981 3546 1074 3571 eadem
1098 3546 1145 3575 Pa,
1164 3545 1257 3570 eadem
1277 3548 1316 3570 est

245 3583 595 3651 cogsstigoriiingentiam.-
612 3616 795 3650 contingentia
813 3615 1013 3649 ABEFHIKpC.

414 1503 585 1560 &phetia
614 1509 715 1547 enim
744 1517 799 1546 est
828 1510 874 1545 de
904 1508 1036 1545 futuris
1064 1505 1310 1566 contingenti·
1336 1510 1338 1516 ¹

1336 1596 1339 1611 Ι
1365 1566 1479 1607 patet,
1509 1558 1709 1607 prophetia
1738 1565 1795 1594 est
1822 1558 2013 1607 quaedam
2043 1557 2207 1605 cognitio
2232 1557 2435 1594 intellectui

1365 1353 1465 1383 esset
1500 1345 1708 1382 immobilis
1743 1346 1884 1382 veritas
1918 1345 2142 1394 prophetiae
2172 1346 2201 1382 si
2234 1355 2363 1394 posset
2401 1346 2433 1382 ei

1365 1400 1503 1436 falsum
1533 1399 1702 1436 subesse.
1733 1400 1835 1446 Ergo
1865 1411 1945 1435 non
1973 1406 2099 1447 potest
2127 1399 2160 1434 ei
2188 1401 2345 1436 subesse
2370 1399 2434 1435 fal-

1367 1465 1466 1489 sum.

1418 1507 1646 1542 Rssspounsso
1683 1516 1869 1542 montinum
1904 1505 2031 1552 quod,
2071 1504 2166 1541 sicut
2203 1517 2248 1540 ex
2285 1505 2390 1542 dictis
2415 1505 2435 1526 ’¹‘

1364 1613 1574 1661 prophetae
1596 1612 1782 1660 impressa
1803 1623 1848 1647 ex
1867 1610 2100 1647 revelatione
2117 1610 2246 1648 divina
2266 1623 2335 1659 per
2353 1623 2434 1647 mo-

1337 1702 1339 1711 ,
1366 1665 1459 1702 dum
1495 1665 1694 1702 cuiusdam
1724 1664 1929 1702 doctrinae.
1963 1664 2112 1701 Veritas
2141 1671 2270 1701 autem
2299 1664 2436 1701 eadem

1366 1726 1423 1755 est
1451 1718 1677 1766 cognitionis
1697 1723 1714 1739 ‘²
1741 1718 1779 1754 in
1803 1717 1989 1766 discipulo
2011 1725 2047 1754 et
2074 1717 2112 1754 in
2132 1717 2314 1754 docente:
2346 1717 2435 1765 quia

1367 1772 1532 1820 cognitio
1561 1771 1791 1808 addiscentis
1811 1778 1866 1808 est
1884 1770 2091 1807 similitudo
2114 1770 2339 1818 cognitionis
2368 1771 2434 1807 do-

1367 1825 1504 1871 centis;
1544 1824 1639 1862 sicut
1667 1832 1704 1861 et
1739 1825 1778 1861 in
1807 1825 1921 1861 rebus
1959 1823 2193 1860 naturalibus
2222 1823 2345 1860 forma
2372 1836 2434 1871 ge-

1338 1888 1340 1900 ·
1368 1878 1486 1915 nerati
1523 1886 1578 1915 est
1615 1877 1822 1915 similitudo
1858 1877 2048 1926 quaedam
2077 1877 2223 1913 formae
2252 1888 2434 1924 generan-

1367 1932 1423 1968 tis.
1454 1932 1503 1968 Et
1531 1944 1600 1980 per
1619 1931 1722 1968 hunc
1742 1930 1856 1968 etiam
1884 1930 2046 1967 modum
2067 1930 2328 1978 Hieronymus
2348 1930 2435 1967 dicit

1368 1985 1473 2034 quod
1515 1984 1717 2033 prophetia
1764 1991 1820 2021 est
1857 1983 2054 2033 quoddam
2091 1984 2243 2033 signum
2286 1983 2435 2020 divinae

1361 2038 1635 2087 praescientiae
1648 2037 1679 2075 ³¹⁵.
1702 2038 1864 2087 Oportet
1883 2037 1992 2085 igitur
2012 2036 2175 2073 eandem
2197 2048 2279 2073 esse
2299 2036 2434 2074 verita-

1366 2100 1445 2129 tem
1464 2091 1711 2140 propheticae
1741 2090 1964 2138 cognitionis
1989 2097 2024 2126 et
2044 2089 2310 2126 enuntiationis
2336 2101 2434 2138 quae

1368 2153 1424 2182 est
1452 2144 1678 2193 cognitionis
1708 2144 1880 2189 divinae,
1920 2143 1981 2180 cui
2008 2142 2242 2191 impossibile
2263 2150 2320 2179 est
2348 2143 2434 2179 sub-

1368 2211 1450 2235 esse
1480 2198 1637 2245 falsum,
1667 2205 1708 2234 ut
1735 2197 1772 2233 in
1809 2196 1940 2233 Primo
1960 2196 1980 2218 '³‘
2008 2195 2180 2232 habitum
2217 2203 2283 2232 est.
2322 2196 2473 2233 Unde

1339 2262 1341 2306 ᾗ
1367 2251 1591 2301 prophetiae
1621 2263 1699 2287 non
1727 2257 1853 2299 potest
1881 2250 2037 2286 subesse
2066 2249 2216 2286 falsum.

1421 2307 1480 2341 AD
1497 2315 1634 2341 PR1MUM
1655 2315 1754 2340 ERGO
1773 2315 1959 2340 DICENDUM
1974 2303 2090 2352 quod,
2108 2302 2204 2338 sicut
2218 2302 2256 2339 in
2270 2302 2401 2339 Primo
2416 2301 2436 2323 ’¹‘

1368 2358 1511 2395 dictum
1531 2365 1598 2405 est,
1615 2356 1800 2393 certitudo
1822 2356 1975 2393 divinae
1994 2355 2267 2405 praescientiae
2282 2368 2360 2392 non
2377 2367 2436 2392 ex-

1368 2411 1486 2448 cludit
1506 2410 1803 2458 contingentiam
1824 2409 2071 2457 singularium
2091 2409 2326 2446 futurorum:
2347 2408 2437 2458 quia

1369 2466 1485 2502 fertur
1513 2464 1551 2501 in
1581 2476 1625 2501 ea
1654 2463 1867 2500 secundum
1897 2463 2003 2511 quod
2040 2470 2128 2499 sunt
2155 2462 2368 2511 praesentia
2402 2469 2437 2498 et

1368 2518 1445 2555 iam
1476 2517 1726 2555 determinata
1754 2516 1804 2554 ad
1832 2529 1965 2553 unum.
2006 2516 2054 2552 Et
2082 2515 2169 2552 ideo
2206 2515 2318 2552 etiam
2348 2527 2435 2564 pro-

1368 2571 1514 2620 phetia,
1545 2583 1643 2620 quae
1673 2578 1728 2607 est
1755 2570 1905 2606 divinae
1925 2569 2200 2618 praescientiae
2228 2568 2433 2605 similitudo

1370 2626 1555 2673 impressa
1573 2624 1636 2660 vel
1664 2624 1816 2673 signum
1836 2622 1867 2670 ³¹⁵,
1889 2635 1958 2659 sua
1985 2621 2173 2658 immobili
2192 2621 2350 2658 veritate
2379 2621 2433 2657 fu-

1368 2686 1542 2715 turorum
1573 2676 1870 2724 contingentiam
1890 2674 1905 2704 β
1933 2687 2011 2712 non
2041 2674 2213 2711 excludit.

1421 2732 1482 2768 An
1500 2742 1691 2768 SECUNDUM
1710 2741 1895 2766 DiCENDuM
1916 2728 2019 2777 quod
2040 2728 2168 2765 divina
2187 2727 2436 2777 praescientia

1369 2783 1521 2833 respicit
1543 2783 1668 2820 futura
1697 2782 1911 2819 secundum
1931 2781 2026 2819 duo:
2056 2781 2195 2818 scilicet
2222 2780 2435 2816 secundum

1369 2837 1474 2887 quod
1493 2844 1580 2874 sunt
1598 2836 1636 2873 in
1657 2835 1802 2884 seipsis,
1823 2835 2048 2883 inquantum
2070 2833 2236 2870 scilicet
2228 2845 2310 2882 ipsa
2327 2845 2435 2881 prae-

1369 2890 1574 2928 sentialiter
1610 2889 1790 2935 intuetur3
1825 2896 1861 2925 et
1889 2887 2102 2925 secundum
2140 2887 2247 2935 quod
2284 2894 2371 2923 sunt
2397 2886 2435 2922 in

1369 2943 1446 2980 suis
1466 2942 1600 2990 causis,
1621 2943 1847 2991 inquantum
1868 2941 2007 2978 scilicet
2024 2940 2129 2977 videt
2153 2939 2326 2977 ordinem
2348 2951 2435 2975 cau-

1369 3009 1499 3034 sarum
1528 2996 1576 3033 ad
1607 2995 1775 3032 effectus.
1814 2995 1864 3031 Et
1891 2994 2068 3044 quamvis
2098 2992 2351 3041 contingentia
2379 2992 2434 3028 fu-

2464 807 2517 829 ⁸.Cf
2527 811 2594 831 art-1
2604 807 2675 829 Com-

2463 834 2595 855 ment.1n
2613 835 2674 856 arti-

2462 860 2514 882 culo
2525 850 2611 888 ρι’·ἰηιυ

2462 1512 2471 1521 ”
2486 1512 2536 1533 Art.
2550 1517 2569 1532 2.

2461 2074 2484 2097 M

2462 2107 2521 2122 ven.
2549 2107 2583 2123 22

2462 2048 2566 2070 G⁸loss.
2582 2048 2639 2070 Ord.
2650 2048 2674 2070 in

2485 2074 2541 2096 etth.
2572 2080 2623 2117 cap
2638 2081 2675 2123 le'

2461 2127 2597 2159 Hieronym.
2608 2127 2676 2149 Com-

2461 2160 2484 2175 m

2485 2156 2530 2176 ent.
2540 2154 2564 2176 in
2571 2154 2665 2176 Daniel.
2661 2170 2675 2182 .,

2462 2187 2489 2202 ca
2533 2187 2560 2208 ιι,
2567 2187 2626 2202 vers
2642 2187 2675 2202 ιο.

2463 2187 2560 2234 ⁸6¹1.
2542 2213 2588 2234 xv!
2600 2211 2640 2229 art.
2653 2207 2674 2229 8.

2463 2310 2473 2320 ⁸
2495 2309 2542 2336 Qu.

2566 2315 2613 2335 xiv,
2633 2312 2674 2330 art.

2462 2342 2492 2365 ¹3·

2464 2633 2472 2642 ⁸
2487 2631 2524 2653 Cf.
2539 2637 2604 2659 corp.
2619 2635 2662 2652 art.

2561 2676 2577 2711 β

1368 3057 1472 3096 tura,
1501 3056 1617 3098 prout
1645 3056 1731 3085 sunt
1759 3048 1798 3084 in
1826 3047 1977 3097 seipsis,
2008 3046 2080 3083 sint
2108 3045 2358 3083 determinata
2386 3045 2435 3082 ad
2486 3088 2490 3091 st

1368 3115 1513 3149 unum;
1542 3109 1672 3138 tamen
1692 3108 1806 3160 prout
1825 3108 1912 3138 sunt
1930 3100 1969 3137 in
1989 3100 2064 3137 suis
2094 3099 2227 3147 causis,
2249 3110 2327 3136 non
2349 3094 2436 3135 su'nt

1369 3155 1631 3202 determinata,
1649 3154 1740 3203 quin
1759 3154 1906 3213 possint
1923 3153 2029 3190 aliter
2048 3152 2212 3190 evenire.
2233 3153 2282 3189 Et
2301 3164 2434 3200 quam-

1367 3209 1427 3246 vis
1455 3208 1525 3245 ista
1545 3207 1684 3256 duplex
1704 3207 1867 3255 cognitio
1897 3218 2050 3255 semper
2069 3206 2108 3242 in
2128 3205 2317 3242 intellectu
2335 3209 2351 3233 Υ
2381 3205 2434 3242 di-

1367 3262 1459 3298 vino
1480 3261 1741 3308 coniungatur,
1762 3272 1840 3296 non
1860 3267 1988 3296 tamen
2018 3270 2170 3307 semper
2198 3258 2436 3306 coniungitur

1368 3314 1405 3351 in
1436 3313 1668 3351 revelatione
1687 3312 1929 3362 prophetica:
1958 3312 2050 3361 quia
2068 3311 2268 3361 impressio
2292 3311 2435 3359 agentis

1368 3380 1447 3404 non
1476 3379 1629 3416 semper
1648 3367 1836 3414 adaequat
1861 3365 1939 3402 eius
1958 3365 2151 3402 virtutem.
2181 3364 2292 3402 Unde
2315 3376 2434 3412 quan-

1368 3420 1496 3469 doque
1530 3419 1712 3456 revelatio
1749 3418 1971 3468 prophetica
2010 3426 2065 3455 est
2100 3418 2286 3467 impressa
2320 3430 2434 3466 quae-

1421 3544 1448 3577 γ)
1468 3543 1494 3567 in
1514 3543 1655 3568 intellectu.
1668 3557 1686 3561 -
1709 3542 1855 3567 intellectui
1872 3542 1943 3567 PKa.
1955 3555 1975 3560 -
1994 3542 2044 3566 Pro
2065 3542 2256 3575 coniungatur,
2269 3542 2434 3574 coniungan-

1368 3582 1414 3604 tur
1432 3578 1566 3611 ADElpC;
1586 3586 1634 3610 pro
1651 3578 1834 3611 coniungitur,
1852 3577 2055 3611 coniunguntur
2071 3577 2165 3610 BEpC.
