2768 4198
59 509 129 556 .ng-
143 511 269 562 -Ἥᾝῑ

59 567 103 587 cxv,
114 564 155 582 art.
166 566 186 587 2,
198 559 269 582 Com-

59 591 129 609 menl·
143 592 208 609 num.
223 592 247 609 11.

63 1358 74 1370 A,
85 1362 89 1368 ι
98 1359 122 1372 ,Α
155 1358 174 1373 ι’.

62 1383 93 1398 ln.
102 1383 182 1399 mmm*

103 1412 145 1431 ps<

55 1487 271 1541 &aaa

57 1663 69 1675 ·
81 1661 154 1686 8⁶⁶1.
168 1667 220 1691 up.
229 1668 268 1688 xv,

57 2511 68 2522 ⁸
92 2509 210 2533 Fra-dne.
219 2509 272 2558 “de

57 2536 273 2613 {maffia}

59 2618 70 2629 ⁸
96 2616 204 2639 Paludan.
237 2615 270 2638 1v

57 2643 136 2671 Sene„
153 2643 207 2666 diat.
227 2649 270 2670 xv,

56 2674 99 2693 art.
109 2677 127 2697 r,
137 2670 240 2692 conclus.
249 2675 270 2691 2.

948 250 1216 296 QUAESTlO
1247 250 1438 298 CXLVII,
1467 250 1767 288 ARTICULUS
1797 251 1846 287 111

298 328 416 360 dientia
431 335 462 359 et
475 328 559 368 gula.
590 329 632 359 Et
647 338 685 359 ex
699 336 786 368 parte
802 328 960 368 siquidem
979 329 1221 365 inobedientiae,
1239 339 1304 359 non
1322 335 1369 359 est

297 379 464 414 peccatum
487 373 621 404 mortale
637 372 811 412 transgredi
827 372 983 412 simplicia
1002 380 1117 404 statuta
1134 373 1210 404 iuris
1229 373 1367 413 positivi,

298 417 358 448 nisi
382 424 512 458 propter
535 424 774 457 contemptum:
803 417 960 458 quoniam
983 418 1072 448 solus
1096 425 1299 458 contemptus
1323 425 1369 449 est

297 461 474 493 formaliter
496 461 712 492 inobedientia
735 461 890 496 mortalis.
907 469 943 492 ut
965 469 1052 502 patet
1076 472 1112 492 ex
1136 462 1227 492 dictis
1250 462 1283 492 in
1308 469 1368 493 tra-

288 513 383 537 ctatu
406 506 446 537 de
469 505 650 537 obedientia
662 506 690 536 ¹⁸².
715 506 764 536 Ex
785 513 873 546 parte
887 515 963 536 vero
987 506 1203 543 abstinentiae,
1227 517 1309 548 quae
1333 514 1368 538 ut

296 550 475 581 remedium
498 550 664 591 quoddam
686 557 852 590 praecepta
869 557 924 586 est,
945 561 1012 582 non
1031 558 1077 582 est
1100 558 1266 591 peccatum
1283 561 1367 581 rnor-

297 595 358 625 tale
381 594 441 625 nisi
465 594 658 635 impediatur
679 593 752 625 finis
774 594 914 626 intentus
939 605 995 636 per
1017 595 1113 626 talem
1135 595 1366 627 abstinentiam.

297 639 348 670 Sic
378 639 464 670 enim
493 639 527 670 in
550 638 609 669 hac
631 638 733 670 littera
763 639 802 669 de
826 646 964 680 utroque
991 640 1091 670 modo
1120 640 1368 680 transgrediendi

296 683 455 714 ieiunium
465 684 578 714 haba:
606 683 709 714 Cuius
729 685 954 714 auctoritatem
975 685 1003 715 si
1021 686 1094 725 quis
1109 690 1300 722 contemnat,
1319 685 1369 715 vel

297 729 357 759 hoc
379 729 473 759 modo
496 728 764 769 transgrediatur
785 729 871 768 quod
894 729 1090 769 impediatur
1101 729 1185 770 finis
1209 730 1367 767 intentus,

291 778 407 813 peccat
421 773 611 803 mortaliter.
636 773 758 803 Verum
773 772 848 812 quia
863 772 895 803 in
911 773 1016 813 primo
1033 783 1146 804 omnes
1162 774 1367 810 conveniunt,

297 816 414 848 scilicet
436 817 527 858 quod
541 816 666 847 violans
681 817 836 848 ieiunium
854 817 1012 848 Ecclesiae
1029 828 1066 848 ex
1084 825 1272 858 contemptu
1296 827 1368 858 pec-

298 868 348 892 cat
369 861 559 897 mortalitem
593 869 624 892 et
649 861 682 892 in
701 862 842 892 secundo
867 861 1009 893 consistit
1038 861 1206 893 difficultas
1233 862 1366 902 duplex;

296 905 417 946 prima,
441 915 524 947 quae
547 912 603 936 aut
629 906 732 947 qualis
756 913 802 936 est
828 906 1033 946 transgressio
1057 906 1166 937 ieiunii
1189 906 1368 947 impediens

295 949 412 986 finem;
436 950 585 986 secunda,
605 949 631 980 si
650 950 719 981 talis
738 951 944 990 transgressio
961 951 1125 982 constituit
1143 951 1277 982 mortale
1297 960 1367 992 pec-

296 1002 421 1026 catum:
445 995 519 1025 ideo
543 1002 717 1036 utrumque
741 995 1009 1026 considerandum
1032 1002 1088 1026 est.

354 1039 407 1070 IV.
436 1039 656 1080 Requiruntur
683 1039 779 1080 igitur
807 1040 849 1070 ad
877 1040 1019 1080 primum
1049 1040 1130 1070 duae
1158 1039 1367 1070 conditiones.

295 1083 404 1115 Altera
427 1090 474 1115 est
496 1090 532 1114 ut
554 1083 594 1115 sit
617 1083 822 1124 transgressio
841 1083 938 1114 medii
958 1083 1065 1114 statuti
1082 1084 1122 1114 ab
1138 1083 1288 1114 Ecclesia.
1313 1083 1368 1114 Al-

296 1134 362 1159 tera
386 1135 433 1159 est
457 1134 492 1159 ut
514 1127 554 1159 sit
575 1128 753 1169 impediens
774 1127 882 1159 finem.
907 1127 960 1159 Ob
980 1127 1138 1158 defectum
1155 1127 1276 1168 primae
1292 1137 1368 1157 con-

297 1172 437 1208 ditionis,
462 1173 634 1203 comedens
657 1172 762 1208 nimis,
786 1172 878 1213 quasi
901 1181 1005 1212 usque
1018 1171 1058 1201 ad
1074 1172 1249 1211 crapulam,
1265 1171 1299 1201 in
1319 1171 1368 1201 die

296 1217 424 1254 ieiunii,
448 1227 516 1248 non
542 1216 654 1248 incidit
681 1217 714 1247 in
745 1226 855 1247 casum
882 1216 999 1247 istum:
1024 1215 1099 1256 quia
1126 1215 1197 1246 talis
1224 1224 1368 1246 excessus

297 1271 364 1292 non
383 1268 430 1292 est
445 1261 649 1301 transgressio
666 1260 763 1291 medii
779 1261 818 1291 ab
834 1260 975 1291 Ecclesia
990 1259 1112 1296 statuti;
1138 1270 1214 1290 nam
1230 1259 1369 1290 Ecclesia

289 1305 539 1345 mofflgavit
561 1305 601 1335 ad
620 1304 831 1345 quantitatem
848 1304 909 1336 cibi
923 1304 956 1334 in
973 1304 1023 1335 die
1038 1303 1160 1340 ieiunii,
1181 1304 1236 1334 sed
1260 1304 1368 1344 quoad

294 1349 507 1391 quantitatem
518 1348 646 1390 reliquit
661 1358 929 1390 unumquemque
944 1348 976 1379 in
989 1348 1058 1379 iure
1074 1355 1215 1379 naturae.
1233 1347 1266 1378 Si
1282 1347 1368 1378 enim

295 1393 484 1425 huiusmodi
500 1403 645 1424 excessus
661 1393 903 1424 contrariaretur
918 1399 1038 1424 statuto
1049 1392 1218 1428 Ecclesiae,
1230 1401 1305 1423 cum
1314 1392 1369 1423 ha-

294 1439 368 1470 beat
383 1438 514 1469 alteram
530 1436 761 1474 conditionem,
777 1437 896 1468 scilicet
909 1437 999 1478 quod
1015 1436 1150 1477 impedit
1164 1435 1263 1467 finem
1278 1434 1368 1478 (nam

262 1502 269 1509 -
296 1487 409 1515 venter
425 1483 546 1523 plenus
566 1487 696 1522 spumat
719 1481 880 1512 libidinem
897 1478 923 1518 *,
949 1488 980 1512 et
1002 1488 1144 1512 mentem
1167 1480 1325 1521 deprimit,
1339 1487 1370 1512 et

295 1527 412 1559 vitium
433 1526 509 1558 facit
530 1533 587 1557 aut
609 1524 728 1566 auget),
751 1532 936 1567 sequeretur
965 1526 1056 1566 quod
1079 1533 1160 1557 esset
1182 1525 1302 1556 solutio
1326 1525 1369 1556 ie-

294 1571 376 1604 iunii
399 1581 473 1603 cum
498 1577 628 1612 peccato
651 1570 789 1602 mortali.
813 1587 834 1594 -
858 1569 910 1602 Ob
934 1569 1095 1602 defectum
1119 1570 1276 1601 secundae
1293 1579 1369 1601 con·

294 1615 441 1653 ditionis,
464 1615 521 1657 qui
544 1625 611 1646 non
634 1621 737 1646 servat
760 1614 904 1646 medium
927 1615 966 1645 ab
990 1614 1132 1646 Ecclesia
1155 1621 1310 1646 statutum
1334 1621 1369 1646 ut

296 1667 404 1702 pascat
427 1670 460 1691 se
483 1669 676 1701 gregemque
699 1669 796 1690 suum
806 1669 896 1700 pane
911 1659 996 1690 vitae
1013 1665 1043 1690 et
1059 1659 1239 1690 intellectus
1253 1658 1280 1695 *,
1306 1659 1367 1690 im·

295 1704 404 1737 munis
428 1711 475 1736 est
497 1715 516 1735 a
538 1711 685 1745 peccato:
710 1703 866 1744 quoniam
888 1703 959 1734 talis
983 1702 1080 1734 finem
1104 1703 1212 1734 ieiunii
1228 1714 1295 1734 non
1310 1703 1369 1734 im-

295 1749 393 1792 pedit,
418 1749 473 1780 sed
496 1755 667 1790 promovet
690 1748 723 1778 in
747 1758 780 1779 se
804 1755 835 1779 et
857 1748 891 1778 in
914 1747 993 1784 aliis,
1018 1755 1054 1779 ut
1077 1755 1172 1788 patet.

350 1794 392 1826 Et
414 1794 518 1835 prima
540 1793 674 1835 quidem
697 1792 840 1824 conditio
864 1792 1015 1823 omnibus
1035 1799 1111 1823 nota
1127 1799 1188 1823 est:
1213 1792 1369 1834 quoniam

295 1849 394 1881 penes
417 1837 617 1870 conditiones
636 1837 756 1868 ieiunio
782 1838 821 1868 ab
837 1836 977 1868 Ecclesia
993 1836 1165 1877 appositas,
1189 1844 1268 1877 puta
1290 1844 1369 1868 tem-

295 1894 368 1925 puS,
385 1883 571 1924 qualitatem
587 1882 658 1918 cibi,
674 1882 798 1918 horam,
814 1881 1034 1922 unitatemque
1050 1881 1275 1918 manducandi,
1293 1891 1369 1912 con-

295 1927 386 1960 sistit.
404 1945 424 1950 —-
440 1927 587 1958 Secunda
602 1936 678 1957 vero
695 1927 733 1956 ab
749 1925 821 1966 ipso
841 1928 981 1956 Auctore
1001 1925 1143 1965 exposita
1159 1925 1192 1956 in
1209 1926 1251 1956 IV
1268 1925 1368 1964 Sem„

296 1972 367 2004 dist.
382 1982 432 2008 xv,
457 1981 511 2012 qu.
527 1981 572 2007 111,
597 1977 655 2002 art.
675 1981 701 2007 1,
725 1972 784 2011 qu⁸
800 1979 832 2009 4,
857 1970 896 2000 ad
915 1970 948 2006 3,
973 1969 1148 2006 invenitur,
1174 1970 1253 2001 dum
1276 1970 1369 2001 dicit:

296 2017 472 2048 Intentioni
495 2015 694 2057 legislatoris
716 2015 823 2046 obviat
851 2015 907 2055 qui
930 2023 972 2044 ex
995 2019 1195 2055 contemptu,
1221 2015 1272 2045 vel
1299 2016 1370 2046 sine

294 2058 409 2102 'aliqua
420 2059 607 2091 rationabili
622 2069 734 2097 causa,
748 2059 985 2090 ordinationem
1002 2069 1065 2090 non
1081 2064 1200 2090 servat.
1219 2059 1260 2090 Et
1274 2059 1369 2090 hanc-

296 2112 363 2137 met
385 2104 619 2145 expositionem
641 2103 752 2134 hocin
767 2103 841 2134 loco
857 2103 1009 2140 insinuat,
1033 2103 1112 2134 dum
1136 2110 1246 2134 contra
1269 2111 1369 2135 trans-

295 2149 494 2192 gressionem
516 2149 566 2180 vel
597 2158 635 2180 ex
663 2154 850 2188 contemptu
879 2148 931 2178 vel
958 2158 996 2178 ex
1022 2147 1254 2188 impedimento
1277 2147 1368 2184 finis,

296 2193 462 2234 distinguit
489 2203 556 2224 non
580 2202 702 2224 servare
726 2202 762 2224 ex
786 2191 965 2223 rationabili
990 2202 1098 2228 causa,
1122 2191 1309 2223 subdendo:
1334 2192 1371 2223 Si

295 2244 403 2271 autem
428 2248 470 2269 ex
491 2238 602 2280 aliqua
621 2236 810 2268 rationabili
823 2245 934 2274 causa,
952 2242 1011 2267 etc.
1023 2254 1044 2259 —
1064 2236 1105 2267 Et
1120 2246 1176 2276 per
1191 2236 1270 2266 haec
1289 2236 1370 2268 clare

294 2289 383 2325 patet
405 2291 488 2324 quae
511 2288 543 2313 et
565 2281 668 2323 qualis
691 2288 739 2312 est
760 2280 950 2320 trangressio
973 2279 1151 2321 impediens
1174 2279 1282 2311 finem.

351 2327 391 2359 V.
416 2329 468 2358 An
490 2333 600 2358 autem
623 2326 664 2357 sit
686 2325 821 2356 mortale
843 2331 1011 2366 peccatum
1034 2335 1161 2366 semper
1182 2325 1370 2355 huiusmodi

295 2371 513 2412 transgressio,
535 2370 622 2412 apud
645 2373 822 2402 Auctorem
837 2379 905 2401 non
919 2369 1051 2401 vertitur
1069 2369 1102 2400 in
1119 2369 1269 2401 dubium:
1295 2369 1371 2411 quia

291 2425 440 2458 expresse
463 2415 497 2446 in
519 2415 622 2446 littera
645 2414 759 2446 dicitur
787 2414 878 2456 quod
901 2414 971 2446 talis
994 2413 1200 2455 transgressio
1226 2423 1273 2445 est
1296 2424 1369 2455 pec-

297 2467 404 2493 catum
420 2459 566 2491 mortale.
591 2459 652 2491 Sed
676 2469 713 2491 ex
731 2459 870 2490 aliorum
886 2458 976 2490 dictis
999 2458 1135 2490 dubium
1159 2458 1263 2490 habet.
1286 2459 1370 2490 Nam

297 2504 430 2548 quidam
440 2504 459 2524 *
473 2505 622 2535 videntur
635 2503 716 2534 velle
728 2503 818 2546 quod
829 2503 1036 2543 transgressio
1053 2503 1162 2534 ieiunii
1176 2513 1213 2534 ex
1226 2510 1369 2534 contem-

297 2556 356 2591 ptu
372 2549 440 2580 sola
457 2556 504 2580 est
520 2555 688 2589 peccatum
703 2547 847 2578 mortale.
868 2547 1011 2585 Quidam
1025 2548 1044 2567 ²·
1059 2555 1182 2579 autem:
1200 2548 1296 2578 etiam
1312 2548 1370 2579 illa

297 2603 382 2636 quae
401 2599 448 2625 est
468 2594 538 2624 sine
555 2601 656 2624 causa
679 2598 727 2623 est
736 2597 906 2633 peccatum
930 2593 1088 2630 mortale,·
1110 2601 1186 2622 nam
1207 2593 1265 2623 illa
1288 2602 1372 2633 quae

287 2639 335 2680 fit
356 2649 399 2669 ex
414 2647 514 2669 causa
538 2647 602 2668 non
619 2647 661 2667 ex
683 2642 748 2668 toto
767 2636 961 2677 sufficiente,
973 2642 1141 2677 peccatum
1165 2637 1291 2668 veniale
1314 2643 1369 2668 est.

297 2683 381 2714 Inter
404 2683 479 2714 istas
495 2688 601 2713 autem
618 2681 799 2722 opiniones,
816 2681 921 2722 prima
934 2691 953 2711 a
968 2681 1091 2712 ratione
1106 2681 1202 2721 longe
1223 2688 1279 2718 est,
1296 2692 1371 2722 sup-

296 2727 404 2768 posito
420 2727 510 2769 quod
526 2725 666 2757 Ecclesia
681 2725 839 2756 ieiunium
857 2725 1062 2766 praeceperit.
1087 2725 1252 2763 Quoniam
1268 2726 1371 2757 solam

284 2771 512 2803 *obedientiam
535 2771 568 2801 in
591 2769 750 2801 Ecclesiae
774 2769 949 2810 praeceptis
973 2769 1199 2801 consideravit:
1224 2780 1298 2801 cum
1324 2777 1369 2801 ta-

297 2826 382 2853 men,
406 2816 489 2847 ultra
512 2824 722 2846 communem
745 2814 963 2845 conditionem
986 2821 1247 2855 praeceptorum,
1271 2824 1370 2855 quam

297 2861 432 2892 attendit
453 2860 644 2895 obedientia,
669 2865 816 2900 oporteat
835 2858 1034 2889 considerare
1048 2865 1156 2889 actum
1171 2858 1295 2889 virtutis
1315 2859 1371 2900 qui

296 2905 358 2938 aab
380 2911 551 2946 praecepto
574 2903 716 2945 ponitur,
741 2910 772 2934 et
786 2902 885 2934 finem
901 2903 978 2934 eius.
1003 2903 1044 2934 Et
1066 2909 1234 2943 propterea
1249 2905 1372 2935 Auctor

297 2950 378 2982 duas
399 2949 519 2981 radices
542 2947 800 2989 transgressionis
822 2948 947 2988 posuit:
981 2947 1113 2978 alteram
1143 2957 1180 2978 ex
1203 2954 1291 2987 parte
1314 2957 1369 2978 au-

297 2993 450 3026 ctoritatis
473 2993 707 3035 praeceptivae;
732 2999 763 3024 et
779 2992 909 3023 alteram
927 3002 963 3022 ex
978 2998 1066 3032 parte
1084 2990 1157 3022 finis
1180 2991 1292 3022 intenti
1315 3002 1372 3032 per

298 3045 406 3070 actum
428 3038 622 3079 imperatum
645 3048 663 3068 a
684 3037 762 3077 lege.
788 3037 876 3067 Haec
898 3035 985 3067 enim
1005 3036 1072 3066 duo
1088 3042 1163 3066 sunt
1185 3035 1371 3077 principalia

297 3082 332 3114 in
355 3082 498 3124 qualibet
519 3083 598 3123 lege,
623 3082 663 3112 ad
686 3091 769 3122 quae
793 3087 894 3111 cetera
918 3079 1114 3111 ordinantur.
1139 3080 1181 3111 Et
1203 3087 1371 3121 propterea

298 3136 396 3168 penes
415 3128 513 3158 ambo
530 3126 736 3166 transgressio
753 3125 907 3162 mortalis,
930 3125 1022 3166 quasi
1045 3124 1239 3165 principium
1261 3124 1371 3165 legalis

299 3171 381 3203 vitae
402 3171 530 3208 tollens,
555 3170 792 3203 determinatur.

355 3215 502 3247 Secunda
523 3225 601 3247 vero
629 3215 741 3256 opinio
769 3215 911 3246 multum
938 3213 1029 3244 inniti
1051 3213 1177 3244 videtur
1199 3213 1369 3254 aequitati,

299 3269 340 3290 ne
363 3259 415 3290 lex
436 3260 571 3300 positiva
593 3259 689 3292 nimis
713 3259 792 3290 dura
811 3259 859 3290 sit.
883 3258 925 3289 Et
947 3264 1053 3299 potest
1076 3257 1116 3288 ad
1139 3257 1289 3288 Auctoris
1313 3257 1370 3288 do-

301 3303 433 3334 ctrinam
455 3304 573 3341 reduci,
598 3303 822 3344 distinguendo
846 3303 886 3333 de
909 3313 1003 3334 causa
1026 3301 1220 3333 rationabili:
1254 3301 1371 3332 scilicet

301 3347 485 3388 simpliciter
502 3354 534 3379 et
547 3348 708 3385 absolute;
731 3348 782 3378 vel
805 3347 983 3379 secundum
999 3346 1262 3377 aestimationem.
1286 3345 1371 3376 Nam

301 3401 369 3422 non
392 3401 514 3422 servare
535 3391 692 3423 ieiunium
712 3401 750 3423 ex
765 3401 860 3423 causa
874 3391 1052 3423 rationabili
1068 3390 1252 3431 simpliciter
1268 3396 1299 3421 et
1317 3391 1371 3421 ab—

302 3436 417 3472 solute,
441 3446 508 3467 non
531 3442 579 3467 est
601 3442 710 3468 contra
732 3442 938 3477 praeceptum
952 3436 1121 3472 Ecclesiae,
1146 3435 1235 3476 quod
1258 3434 1371 3466 intelli-

302 3481 394 3520 gitur,
420 3486 561 3511 cessante
583 3479 762 3510 rationabili
785 3490 879 3512 causa
902 3481 940 3511 ad
963 3480 1160 3522 oppositum.
1185 3480 1226 3510 Et
1245 3479 1306 3510 hoc
1326 3486 1372 3510 est

303 3525 436 3559 clarum,
458 3524 500 3555 Et
522 3523 665 3554 similiter
687 3523 715 3554 si
736 3533 802 3555 non
826 3534 917 3555 servo
939 3525 1097 3556 ieiunium
1114 3534 1152 3555 ex
1167 3534 1261 3555 causa
1277 3524 1370 3554 ratio-

294 3567 399 3599 'nabili
416 3568 593 3599 secundum
608 3577 715 3599 meam
731 3567 995 3606 aestimationem,
1012 3569 1132 3610 absque
1149 3567 1270 3605 fraude,
1294 3575 1370 3609 puta

303 3613 378 3654 quia
401 3613 525 3644 videtur
547 3612 626 3642 mihi
650 3612 739 3653 quod
762 3611 823 3642 sim
845 3612 925 3643 adeo
945 3613 1055 3643 debilis
1079 3619 1115 3643 ut
1137 3623 1203 3643 non
1227 3622 1371 3653 compre-

2423 254 2492 300 157

1423 329 1542 360 hendar
1565 330 1625 360 sub
1648 329 1794 370 obligatis
1818 329 1858 360 ad
1880 329 2047 365 ieiunium,
2072 326 2219 370 quainvis
2234 330 2266 360 in
2283 330 2411 361 veritate
2430 342 2494 361 non

1423 373 1462 405 sit
1485 374 1517 404 in
1542 384 1594 405 me
1615 374 1759 405 debilitas
1783 373 1942 404 sufficiens
1966 374 2005 403 ad
2030 373 2234 404 eximendum
2259 384 2311 404 me
2331 385 2349 404 a
2365 375 2493 406 vinculo

1422 418 1542 455 ieiunii,
1567 429 1700 450 excusor
1723 429 1742 449 a
1761 425 1892 459 peccato
1908 418 2053 449 mortali:
2077 418 2224 459 quamvis
2244 429 2373 458 peccem
2389 420 2495 450 venia-

1423 462 1491 493 liter
1515 463 1550 499 si,
1575 463 1695 504 absque
1711 463 1846 503 pastoris
1860 463 1998 499 indulto,
2015 462 2209 502 negligenter
2224 473 2311 493 meas
2327 463 2407 493 vires
2424 474 2493 494 exa-

1423 507 1557 543 minans,
1574 507 1690 538 violavi
1710 507 1875 538 ieiunium.
1895 508 1947 538 Ad
1963 507 2145 548 quaesitum
2165 517 2240 547 ergo
2260 508 2494 548 respondendo,

1423 551 1537 583 dicitur
1560 553 1649 592 quod
1673 552 1800 582 solvens
1823 552 1982 583 Ecclesiae
2005 551 2163 582 ieiunium
2191 552 2258 583 sine
2283 562 2376 583 causa
2401 553 2494 583 ratio-

1424 595 1518 626 nabili
1541 603 1607 627 tam
1631 596 1775 627 absolute
1798 606 1897 637 quam
1920 596 2099 627 secundum
2122 596 2376 627 aestimationem
2392 607 2493 633 suam,

1424 647 1530 679 peccat
1553 640 1742 672 mortaliter:
1774 641 1929 682 quoniam
1954 641 2024 671 talis
2048 648 2080 672 et
2101 641 2329 681 transgreditur
2351 641 2494 672 medium

1423 685 1629 716 abstinentiae
1659 692 1813 716 statutum
1845 686 1884 715 ab
1908 685 2064 721 Ecclesia,
2089 692 2120 716 et
2143 685 2370 726 transgreditur
2392 685 2435 716 sic
2460 693 2495 716 ut

1423 729 1576 769 impediat
1605 729 1818 769 legislatorem
1849 739 1867 760 a
1890 729 1953 760 fine
1976 730 2099 760 intento
2129 729 2162 760 in
2185 730 2256 771 ipso
2281 730 2413 761 homine
2437 740 2494 770 po·

1424 780 1508 804 tente
1531 773 1680 810 ieiunare,
1706 774 1784 805 dum
1808 773 1875 804 sine
1899 774 1990 804 omni
2012 773 2190 805 rationabili
2227 785 2323 806 causa
2350 774 2495 805 medium

1423 818 1527 849 renuit
1549 818 1582 848 in
1606 818 1712 858 seipso
1736 819 1775 848 ad
1799 817 1906 848 finem.
1932 819 2005 849 Hoc
2025 828 2165 859 namque
2189 825 2236 849 est
2258 819 2420 850 evidenter
2434 818 2494 850 im-

1424 862 1530 903 pedire
1552 862 1763 893 intentionem
1786 862 1864 902 legis
1899 862 1969 893 talis
2000 869 2036 894 ut
2062 862 2225 903 perveniat
2247 863 2289 893 ad
2311 862 2426 894 finem:
2459 873 2494 894 ac

1423 916 1478 947 per
1500 907 1572 943 hoc,
1598 914 1645 938 est
1668 906 1782 937 directe
1806 906 1868 946 legi
1887 906 2024 938 obviare.
2044 924 2066 930 -
2085 907 2219 938 Solvens
2235 914 2343 938 autem
2359 907 2438 938 illud
2456 917 2493 939 ex

1423 961 1517 982 causa
1549 950 1727 981 rationabili
1757 951 1935 981 secundum
1966 951 2218 982 aestimationem
2250 962 2342 982 suam
2375 952 2494 993 absque

1423 994 1546 1031 fraude,
1570 995 1621 1025 vel
1644 994 1783 1024 aliorum
1805 994 1921 1025 melius
1945 994 2156 1026 iudicantium
2179 997 2402 1037 scrupulosos,
2427 1006 2493 1027 non

1423 1046 1531 1079 peccat
1554 1038 1744 1069 mortaliter:
1769 1038 1925 1079 quoniam
1947 1038 2028 1070 infra
2051 1039 2253 1071 latitudinem
2269 1051 2381 1071 causae
2398 1041 2491 1071 ratio-

1424 1083 1535 1114 nabilis
1558 1082 1738 1114 continetur
1759 1089 1892 1123 uterque
1907 1083 2027 1113 modus
2041 1084 2291 1116 rationabilitatis
2307 1085 2341 1115 in
2356 1085 2410 1116 tali
2427 1095 2493 1115 ma-

1423 1127 1515 1163 teria;
1541 1134 1576 1157 ut
1598 1126 1780 1157 communis
1797 1126 1920 1166 opinio,
1938 1133 1969 1157 et
1984 1128 2176 1159 conscientia
2195 1129 2364 1160 hominum
2385 1129 2496 1160 timen-

1423 1171 1504 1202 tium
1528 1171 1634 1201 Deum
1657 1171 1834 1211 approbare
1857 1171 1991 1202 videtur.

1478 1215 1520 1245 Et
1543 1214 1622 1245 scito
1638 1215 1738 1255 quod,
1756 1214 1817 1245 nisi
1840 1215 2022 1246 communis
2047 1215 2244 1247 Christianae
2269 1217 2427 1248 Ecclesiae
2447 1217 2493 1247 in-

1423 1259 1605 1300 terpretatio
1635 1258 1808 1299 susciperet
1837 1266 1992 1290 statutum
2022 1259 2132 1291 ieiunii
2163 1271 2230 1292 esse
2261 1271 2328 1291 non
2361 1261 2495 1301 simplex

1424 1310 1595 1339 statutum,
1621 1303 1676 1334 sed
1706 1302 1821 1334 habere
1843 1304 1910 1334 vim
1934 1305 2185 1344 praeceptivam,
2210 1305 2313 1337 stricte
2337 1306 2494 1336 sumendo

1423 1354 1640 1388 praeceptum,
1656 1357 1769 1378 verum
1792 1348 1906 1388 procul
1922 1348 2021 1379 dubio
2037 1355 2118 1380 esset
2141 1350 2230 1390 quod
2254 1360 2320 1380 non
2337 1349 2396 1380 nisi
2421 1359 2493 1389 pro-

1424 1399 1492 1432 pter
1515 1398 1739 1432 contemptum
1762 1392 1968 1432 transgressio
1990 1392 2100 1424 ieiunii
2123 1401 2205 1424 esset
2227 1401 2394 1434 peccatum
2411 1404 2495 1424 mor—

1423 1437 1494 1468 tale.
1530 1436 1695 1474 Quoniam
1726 1436 1758 1466 in
1787 1436 1982 1476 simplicium
2012 1444 2206 1469 statutorum
2236 1438 2367 1469 materia
2396 1445 2494 1468 trans—

1422 1481 1542 1521 gressio
1566 1480 1664 1512 medii
1687 1487 1718 1512 et
1733 1480 1900 1521 impeditio
1916 1480 1998 1518 finis,
2022 1482 2095 1513 licet
2117 1482 2158 1513 sit
2180 1482 2275 1522 mala,
2299 1493 2365 1514 non
2389 1488 2494 1513 tamen

1424 1525 1558 1557 mortale
1585 1524 1709 1556 inducit
1738 1532 1922 1565 peccatum,
1947 1526 2008 1557 nisi
2038 1526 2169 1557 materia
2191 1526 2245 1558 illa
2272 1527 2311 1557 ad
2336 1526 2495 1558 caritatem

1423 1570 1483 1602 Dei
1506 1576 1561 1601 aut
1583 1569 1721 1609 proximi
1745 1570 1920 1601 necessaria
1935 1570 1993 1601 sit:
2018 1571 2108 1611 quod
2131 1571 2164 1601 in
2189 1571 2356 1612 proposito
2373 1578 2496 1602 constat

1424 1624 1489 1646 non
1513 1614 1628 1645 habere
1651 1614 1775 1650 locum,
1800 1614 1876 1655 quia
1898 1614 2056 1645 ieiunium
2079 1615 2267 1646 huiusmodi
2291 1623 2415 1648 constat
2438 1626 2496 1647 nec

1423 1659 1463 1691 ad
1475 1659 1535 1690 Dei
1548 1668 1606 1689 nec
1622 1659 1662 1689 ad
1678 1657 1815 1698 proximi
1828 1659 2031 1690 dilectionem
2045 1670 2112 1690 esse
2124 1660 2346 1691 necessarium.
2366 1661 2408 1692 Et
2419 1660 2495 1691 haec

1424 1758 1500 1779 cum
1518 1747 1678 1778 invenitur
1700 1754 1916 1788 praeceptum,
1937 1748 2103 1789 loquendo
2127 1749 2167 1779 de
2190 1756 2358 1789 praecepto
2381 1750 2495 1781 stricte.

1480 1792 1534 1823 Vl.
1559 1792 1594 1822 In
1618 1791 1732 1822 eodem
1756 1791 1889 1822 articulo
1913 1792 2049 1823 dubium
2074 1793 2211 1824 occurrit
2234 1794 2273 1824 de
2293 1803 2386 1824 causa
2402 1794 2495 1824 ratio-

1425 1836 1519 1868 nabili
1545 1846 1582 1867 ex
1605 1846 1669 1877 qua
1693 1843 1838 1876 potentes
1868 1836 2008 1867 ieiunare
2032 1847 2098 1867 non
2132 1845 2279 1869 tenentur
2305 1839 2345 1868 ad
2368 1838 2496 1869 ieiunia.

1423 1882 1472 1912 De
1487 1880 1678 1921 impotentia
1696 1890 1837 1921 namque
1861 1880 1996 1911 dubium
2013 1891 2078 1911 non
2096 1889 2150 1912 est.
2175 1882 2216 1912 Et
2240 1882 2278 1912 de
2302 1882 2495 1923 quibusdam

1423 1925 1661 1957 conditionibus
1679 1934 1900 1965 personarum,
1921 1935 1960 1955 an
1980 1925 2098 1956 scilicet
2116 1926 2248 1957 reddant
2270 1926 2417 1957 homines
2437 1927 2497 1957 im-

1425 1976 1584 2011 potentes,
1610 1975 1645 2000 ut
1667 1969 1812 2009 pueritia,
1837 1976 1996 2006 senectus,
2019 1976 2052 2000 et
2074 1970 2270 2007 huiusmodi,
2295 1971 2328 2000 in
2351 1971 2496 2012 sequenti

1424 2015 1557 2046 articulo
1581 2013 1639 2045 erit
1661 2023 1778 2045 sermo.
1809 2014 1903 2044 Nunc
1933 2014 2077 2054 quaestio
2102 2015 2239 2045 occurrit
2267 2015 2305 2045 de
2330 2025 2423 2045 causa
2447 2025 2496 2045 ra-

1424 2058 1614 2090 tionabiliter
1638 2065 1805 2089 excusante
1828 2065 1975 2099 potentes
1998 2058 2075 2089 alias
2093 2058 2248 2090 ieiunare:
2273 2069 2314 2090 an
2330 2059 2371 2090 sit
2390 2069 2495 2091 neces-

1425 2103 1499 2135 sitas
1521 2103 1606 2139 sola,
1630 2113 1670 2133 an
1694 2102 1788 2133 etiam
1818 2102 1927 2143 pietas.
1961 2103 2002 2134 Et
2025 2109 2071 2134 est
2093 2103 2174 2134 ratio
2197 2103 2286 2135 dubii
2317 2103 2393 2145 quia
2422 2103 2497 2134 hinc

1424 2154 1555 2189 apparet
1586 2147 1676 2188 quod
1706 2147 1774 2178 sola
1798 2147 1966 2178 necessitas
1994 2155 2135 2178 excuset:
2168 2148 2324 2189 quoniam
2355 2147 2498 2179 dicitur*

1428 2192 1518 2234 quod
1554 2191 1737 2222 itinerantes
1767 2197 1799 2221 et
1827 2191 1962 2232 operarii
1992 2191 2048 2232 qui
2076 2198 2214 2232 possunt
2243 2192 2301 2222 iter
2332 2198 2387 2223 aut
2413 2202 2497 2233 opus

1426 2236 1569 2267 minuere
1593 2242 1649 2266 aut
1672 2234 1794 2266 differre
1815 2235 1935 2276 absque
1959 2235 2089 2272 damno,
2106 2242 2254 2268 tenentur
2269 2237 2309 2266 ad
2331 2235 2458 2267 ieiunia.
2476 2254 2497 2260 -

1427 2281 1503 2312 Inde
1526 2286 1635 2311 autem
1654 2285 1785 2320 apparet
1807 2280 1898 2320 quod
1922 2279 2016 2311 etiam
2040 2279 2156 2320 pietas:
2181 2280 2337 2321 quoniam
2357 2280 2499 2311 dicitur*

1425 2325 1515 2367 quod
1538 2323 1748 2365 peregrinatio
1773 2323 1885 2354 festina
1909 2334 1946 2355 ex
1967 2325 2138 2355 devotione
2162 2325 2203 2356 ad
2225 2324 2357 2366 aliquod
2382 2324 2498 2356 festum

1425 2376 1553 2402 excusat
1575 2379 1594 2399 a
1617 2368 1749 2400 ieiunio.

1481 2414 1548 2446 VII.
1574 2413 1625 2444 Ad
1649 2413 1711 2444 hoc
1735 2412 1850 2443 dicitur
1877 2413 1967 2453 quod
1990 2412 2185 2444 rationabilis
2208 2413 2241 2443 in
2268 2412 2379 2454 primis
2405 2423 2498 2444 causa

1425 2460 1515 2501 quod
1531 2458 1607 2489 alias
1624 2464 1770 2498 potentes
1785 2457 1925 2488 ieiunare
1941 2467 2008 2487 non
2025 2457 2175 2494 ieiunent,
2193 2464 2239 2488 est
2259 2456 2426 2488 necessitas
2443 2457 2495 2488 ali-

1426 2504 1517 2535 cuius
1533 2502 1735 2544 impedientis
1750 2501 1908 2532 ieiunium
1924 2501 2013 2542 quod
2029 2508 2156 2542 oportet
2170 2500 2237 2532 fieri
2252 2502 2302 2532 vel
2318 2502 2357 2531 ad
2374 2511 2498 2532 conser-

1426 2548 1568 2579 vandum
1583 2547 1683 2578 vitam
1697 2546 1749 2577 vel
1765 2546 1930 2577 sanitatem
1946 2546 1997 2576 vel
2014 2552 2132 2576 statum
2148 2546 2369 2586 temporalem,
2386 2546 2437 2576 vel
2453 2546 2497 2576 vi-

1426 2593 1560 2624 tandum
1580 2592 1747 2627 damnum,
1764 2597 1820 2621 aut
1835 2590 2064 2632 acquirendum
2079 2590 2199 2631 aliquid
2214 2600 2284 2621 raro
2300 2589 2496 2630 contingens.

1425 2637 1560 2669 Declaro
1585 2636 1719 2676 singula.
1745 2634 1778 2666 Si
1801 2642 1929 2675 oportet
1951 2634 2091 2675 aliquem
2114 2635 2257 2664 laborare
2280 2634 2355 2674 quia
2371 2644 2407 2664 ex
2423 2634 2495 2666 solo

1424 2682 1533 2714 labore
1556 2681 1660 2712 vivere
1691 2686 1814 2720 potest,
1838 2686 1894 2710 aut
1922 2678 1988 2709 sine
2018 2678 2088 2710 talis
2114 2679 2231 2709 laboris
2260 2679 2403 2708 mercede
2431 2688 2497 2708 non

1426 2733 1532 2767 potest
1561 2725 1675 2755 habere
1706 2724 1815 2754 omnia
1846 2723 2019 2754 necessaria
2047 2723 2087 2753 ad
2117 2722 2281 2754 sanitatem
2305 2722 2355 2752 vel
2379 2729 2496 2754 statum

1426 2770 1636 2811 temporalem
1660 2769 1709 2799 sui
1734 2775 1765 2799 et
1787 2776 1937 2798 suorum:
1970 2773 2046 2808 puta
2070 2767 2146 2807 quia
2170 2773 2216 2798 est
2246 2766 2350 2803 faber,
2376 2773 2406 2797 et
2429 2766 2496 2797 sine

1426 2815 1580 2846 continuo
1605 2813 1751 2844 exercitio
1776 2822 1842 2842 non
1859 2818 1964 2852 potest
1986 2811 2090 2842 vivere
2107 2811 2174 2852 ipse
2198 2821 2272 2842 cum
2296 2821 2354 2841 sua
2377 2811 2496 2841 familia

1424 2859 1511 2890 iuxta
1534 2858 1669 2899 gradum
1692 2866 1805 2893 suum,
1830 2863 1861 2887 et
1887 2857 1996 2887 dotare
2018 2855 2117 2892 filias,
2142 2862 2172 2886 et
2201 2863 2307 2886 tenere
2337 2854 2439 2885 filium
2463 2855 2495 2885 in

1425 2903 1542 2940 studio,
1567 2909 1598 2933 et
1619 2902 1732 2933 vestire
1751 2911 1828 2932 suos
1852 2907 1888 2931 ut
1911 2901 2000 2932 decet
2015 2910 2109 2931 suam
2128 2900 2357 2938 conditionem,
2382 2906 2413 2929 et
2436 2899 2497 2929 alia

1425 2946 1623 2980 huiusmodi.
1653 2945 1804 2978 Similiter
1833 2945 1872 2975 ad
1895 2944 2062 2977 vitandum
2093 2945 2266 2981 damnum,
2291 2954 2358 2974 non
2389 2943 2496 2974 solum

1424 2998 1552 3034 repente
1572 3000 1750 3027 occurrens,
1771 2996 1849 3030 puta
1867 2996 1999 3031 propter
2013 2989 2134 3019 bellum
2149 2988 2330 3026 imminens,
2352 2988 2406 3018 sed
2423 2987 2496 3017 sim-

1448 3036 1563 3068 liciter:
1594 3042 1671 3076 puta
1695 3035 1772 3076 quia
1795 3039 1967 3070 mercator,
1991 3033 2017 3064 si
2046 3043 2113 3063 non
2138 3033 2200 3064 cito
2225 3032 2327 3073 pergit
2349 3038 2404 3062 aut
2427 3042 2495 3072 per-

1424 3047 1490 3112 gcit
1515 3080 1590 3111 talia
1613 3089 1727 3120 opera,
1753 3077 1974 3109 damnificatur
2002 3078 2035 3108 in
2063 3078 2156 3108 rebus
2180 3077 2255 3108 suis.
2287 3077 2329 3107 Et
2355 3075 2498 3106 similiter

1425 3125 1451 3156 si
1474 3125 1630 3155 damnum
1660 3123 1740 3154 lucri
1769 3123 1918 3153 cessantis
1946 3128 2075 3162 repente
2099 3121 2226 3152 accidit:
2261 3127 2297 3151 ut
2327 3120 2366 3150 de
2396 3120 2497 3160 pisca-

1425 3170 1513 3201 tione
1536 3168 1685 3200 allecium
1708 3166 1832 3198 dicitur.
1860 3167 1896 3197 In
1919 3166 2070 3198 omnibus
2093 3166 2179 3197 enim
2203 3165 2294 3197 dictis
2317 3164 2441 3196 casibus
2465 3171 2496 3196 et

1425 3213 1582 3244 similibus
1613 3211 1781 3242 necessitas
1810 3217 1937 3242 excusat
1959 3220 1977 3241 a
2000 3210 2120 3242 ieiunio
2152 3209 2333 3248 Ecclesiae,
2356 3219 2393 3239 ex
2417 3218 2497 3250 quo,

1425 3257 1522 3288 simul
1545 3266 1620 3287 curn
1643 3256 1692 3286 his
1716 3255 1876 3295 operibus,
1901 3264 1968 3285 non
1992 3260 2127 3295 possunt
2149 3253 2299 3284 ieiunare.

1478 3301 1616 3332 Excusat
1638 3309 1771 3341 quoque
1790 3299 1893 3329 multo
1909 3298 2008 3338 magis
2025 3298 2192 3329 necessitas
2208 3296 2389 3338 spiritualis.
2413 3297 2497 3327 Nam

1425 3345 1450 3376 si
1474 3345 1514 3375 ad
1536 3345 1632 3376 vitam
1658 3343 1854 3384 spiritualem
1868 3343 1917 3373 sui
1940 3343 1990 3373 vel
2014 3342 2142 3373 alterius
2161 3348 2289 3383 oportet
2307 3341 2427 3384 aliquid
2447 3341 2494 3371 in—

1426 3389 1623 3430 compatiens
1645 3387 1756 3419 ieiunii
1778 3386 1938 3428 perficere,
1962 3394 2040 3427 puta
2062 3387 2194 3427 longam
2217 3386 2354 3417 diaetam
2377 3385 2495 3421 facere,

1425 3442 1480 3466 aut
1510 3444 1547 3465 ex
1575 3432 1681 3464 officio
1704 3432 1755 3462 vel
1784 3431 1964 3463 obedientia
1995 3431 2175 3472 praedicare
2202 3430 2253 3462 vel
2281 3429 2496 3461 confessiones

1425 3478 1550 3515 audire,
1575 3478 1688 3508 docere
1710 3476 1808 3507 verbo
1831 3476 1883 3506 vel
1909 3476 2044 3516 scripto,
2070 3482 2125 3506 aut
2148 3474 2269 3516 aliquid
2291 3474 2495 3509 huiusmodi,

1425 3523 1468 3554 ita
1491 3523 1581 3564 quod
1603 3521 1673 3552 talis
1690 3521 1791 3552 homo
1815 3529 1881 3550 non
1897 3526 2013 3561 potest,
2038 3519 2221 3555 ieiunando,
2245 3518 2365 3560 aliquid
2388 3518 2494 3548 huius-

1426 3568 1516 3599 modi
1547 3566 1738 3607 adimplere,
1762 3571 1928 3596 excusatur
1950 3575 1969 3595 a
1991 3564 2122 3596 ieiunio.
2146 3581 2169 3587 -
2191 3563 2232 3595 Et
2261 3563 2364 3594 simile
2387 3569 2433 3592 est
2457 3562 2495 3590 de

1427 3611 1577 3643 omnibus
1593 3621 1675 3652 quae
1691 3609 1762 3651 quis
1778 3615 1903 3640 tenetur
1917 3608 2107 3649 adimplere:
2132 3607 2271 3639 Ecclesia
2287 3606 2382 3642 enim,
2408 3614 2494 3646 prae-

2524 2152 2534 2160 ·
2544 2149 2579 2172 Cf.
2590 2153 2632 2172 art.
2642 2158 2666 2177 4.
2676 2151 2704 2172 ad
2715 2157 2734 2179 3.

2526 2284 2535 2292 *
2550 2282 2585 2304 Cf.
2600 2281 2656 2304 ibid.
