2768 4198
57 508 66 516 ⁶
82 507 117 527 Cf.
136 506 241 533 prolog,

56 533 187 554 Comment.

58 562 66 570 ⁸
78 559 124 586 Qu.
133 559 177 581 ista
188 563 209 580 et
217 565 268 586 sqq.

58 640 67 649 ⁸
77 640 85 660 1
96 638 130 659 ud
142 638 196 660 Cor.
218 643 270 665 cap.

57 672 99 691 κη,
115 671 174 686 vers.
190 654 211 686 ὅ.

60 1473 69 1482 ·
85 1471 118 1493 Ca
137 1487 142 1492 .
157 1477 179 1496 v,
194 1476 217 1491 n.
233 1475 252 1491 2.
263 1481 274 1485 -

59 1499 84 1520 S.
99 1478 142 1519 TE.
158 1497 209 1518 lect.
225 1503 246 1518 v.

66 2491 74 2499 ·
84 2488 140 2510 Gen.
151 2495 201 2517 cap.
212 2495 275 2511 xxix.

66 2649 75 2659 ⁸
97 2648 150 2670 Luc.
180 2654 229 2676 cap.

65 2681 116 2697 vers
139 2675 165 2703 38
180 2681 230 2703 sqq.

66 2754 75 2764 ⁸
99 2753 155 2781 Cap.
184 2759 276 2777 xxxvii,

65 2780 94 2801 ιιΙ.
109 2786 180 2807 xviii,
194 2781 218 2802 in
234 2784 277 2801 vet-

66 2813 146 2829 xxvui.
162 2818 173 2823 -
193 2807 227 2829 ef.
252 2807 278 2828 In

67 2833 277 2861 Erech.hom.X1V;

66 2861 94 2881 al.
102 2860 176 2886 lib.11‚
185 2860 277 2882 homar.

68 2920 76 2928 ⁸
91 2919 140 2940 Art.
157 2925 171 2944 ι,
187 2918 216 2940 ad
231 2925 250 2940 2.

296 326 373 361 422

942 309 1211 356 QUAESTIO
1242 308 1455 354 CLXXIX,
1486 307 1786 345 ARTICULUS
1817 309 1849 343 Il

984 413 1320 445 Commentaria
1344 412 1597 445 Cardinalis
1620 412 1822 446 Caietam

367 509 396 528 1c
420 497 530 537 incipit
559 507 644 528 nona
672 506 744 537 pars
767 494 939 535 praesentis
962 493 1048 524 Libri
1064 493 1096 529 *‚
1122 493 1154 523 in
1178 502 1243 533 qua
1273 492 1376 532 agitur

301 511 406 573 Hde
422 542 486 573 vita
506 542 605 574 activa
622 548 652 572 et
676 538 932 579 contemplativa,
950 548 1043 579 quae,
1062 544 1097 568 ut
1118 537 1227 567 infra*
1246 536 1373 576 patebit,
1399 548 1402 575 4

299 588 538 627 distinguuntur
562 596 659 627 penes
683 585 786 615 studia
810 582 1047 623 operationum,
1069 583 1107 612 de
1133 581 1250 622 quibus
1276 581 1374 621 scrip-

298 633 338 663 sit
361 631 537 672 Apostolus
551 631 583 660 *:
607 630 790 660 Divisiones
812 628 1034 668 operationum
1065 631 1155 664 sunt,
1182 626 1264 656 idem
1297 635 1372 656 vero

298 678 396 707 Deus.

355 722 389 751 In
407 720 511 760 primo
535 725 642 749 autem
659 717 756 748 huius
773 716 969 757 quaestionis
993 715 1138 751 articulo,
1156 715 1214 746 tria
1230 715 1372 745 notanda
1398 732 1399 739 κ

299 773 382 796 sunt.
414 764 568 799 Primum,
593 763 625 792 in
649 773 715 803 quo
747 760 891 792 consistit
922 767 1055 801 utraque
1080 760 1153 790 vita.
1186 760 1270 789 Nam
1294 769 1369 790 con·
1397 761 1399 798 j

298 809 481 849 templativa
512 817 577 837 non
609 806 753 837 consistit
775 806 808 836 in
832 805 894 836 hoc
917 805 1006 846 quod
1038 804 1145 835 solum
1175 811 1265 834 vacet
1295 814 1370 835 con·
1396 805 1398 847 l

298 852 497 893 templationi
518 851 673 882 veritatis:
698 851 754 881 sed
773 850 863 892 quod
892 849 1035 881 studium
1058 848 1198 879 hominis
1223 848 1263 879 sit
1286 848 1370 889 prin—
1396 849 1398 896 s

299 898 437 938 cipaliter
462 897 502 927 ad
535 895 842 936 contemplationem
874 894 1022 925 veritatis.
1061 893 1102 924 Et
1133 893 1276 924 similiter
1306 892 1370 923 vita
1395 897 1398 918 l

1077 1049 1290 1092 ARTICU
1298 1049 1396 1091 LUS

1429 492 1529 522 activa
1553 493 1658 523 studet
1677 492 1855 523 actionibus
1879 493 2094 530 exterioribus,
2119 504 2185 524 non
2209 493 2326 530 solum,
2343 494 2399 525 sed
2418 494 2504 535 prin-

1429 536 1579 577 cipaliter.

1485 581 1670 611 Secundum
1701 588 1747 612 est
1770 582 1860 622 quod
1883 581 1915 612 in
1939 582 2148 623 responsione
2172 583 2211 613 ad
2234 583 2377 623 primum
2405 583 2502 614 habes

1427 626 1598 665 specialem
1620 625 1761 665 glossam
1784 626 1870 656 illius
1894 626 1982 658 tritae
2001 627 2242 668 propositionis,
2266 628 2378 658 Vivere
2394 629 2500 659 viven-

1427 670 1510 701 tibus
1540 675 1587 701 est
1618 679 1702 701 esse:
1733 671 1823 711 quod
1853 670 2039 712 intelligitur
2072 672 2254 708 causaliter,
2280 673 2355 713 quia
2385 672 2503 703 scilicet

1426 715 1532 745 vivere
1556 721 1703 745 causatur
1727 715 1765 744 ab
1790 725 1868 746 esse.

1482 759 1630 790 Tertium
1653 766 1700 789 est
1723 760 1812 800 quod
1835 759 1949 790 divisio
1973 770 1991 790 a
2014 761 2173 802 Dionysio
2204 761 2308 801 posita
2336 761 2417 792 circa
2440 769 2503 792 tres

1426 811 1536 834 motus
1555 803 1691 840 animae,
1708 803 1826 834 scilicet
1841 814 1898 844 per
1913 810 2049 843 rectum,
2067 806 2261 836 circularem
2279 813 2310 837 et
2325 807 2502 847 obliquum,

1425 848 1554 879 recitata
1577 848 1610 878 in
1634 848 1843 888 responsione
1866 849 1907 879 ad
1930 849 2070 886 tertium,
2087 849 2121 880 in
2137 850 2271 882 articulo
2295 858 2383 882 sexto
2404 861 2504 892 quae-

1424 893 1537 923 stionis
1562 893 1723 934 sequentis
1747 892 1944 931 discutietur.

1428 1049 1731 1091 SECUNDUS

524 1147 682 1179 UTRUM
705 1147 810 1178 VITA
833 1145 912 1177 SUF
915 1145 939 1175 F
943 1144 1149 1176 ICIENTER
1173 1144 1417 1175 DIVIDATUR
1442 1144 1525 1175 PER
1551 1143 1752 1176 ACTIVAM
1776 1144 1835 1175 ET
1858 1143 2275 1178 CONTEMPLATIVAM

1003 1225 1034 1249 111
1055 1225 1138 1254 Sent„
1158 1224 1217 1249 dist.
1236 1232 1308 1256 xxxv,
1329 1232 1375 1257 qu.
1400 1233 1418 1253 ι,
1438 1230 1484 1250 art.
1509 1231 1536 1255 r;
1556 1224 1565 1249 1
1586 1224 1684 1254 Ethic„
1706 1225 1764 1249 lect.
1783 1232 1808 1250 ν.

331 1322 393 1365 ηδ’»
415 1325 487 1374 μα(
511 1319 534 1344 D
549 1318 742 1344 SECUNDUM
757 1318 811 1343 s1c
827 1317 1071 1344 PROCEDlTUR.
1091 1304 1253 1342 Videtur
1267 1304 1372 1352 quod
1398 1308 1400 1320 ’

326 1340 489 1418 ’ξμς-φή
511 1361 590 1398 vita
610 1372 689 1397 non
714 1359 948 1397 sufficienter
967 1359 1158 1397 dividatur
1186 1370 1254 1407 per
1282 1359 1371 1395 acti-

316 1394 438 1472 '15'qu
449 1398 604 1454 'f‘vam
634 1422 670 1450 et
697 1413 1035 1463 contemplativam
1055 1417 1084 1449 α.
1115 1411 1372 1461 Philosophus

357 1442 446 1496 Q
469 1459 629 1508 enim,
651 1467 917 1514 in1Ethic.*‚
949 1467 1038 1504 dicit
1066 1467 1171 1515 quod
1191 1473 1267 1502 tres
1287 1474 1374 1503 sunt

300 1521 402 1559 vitae
421 1522 588 1559 maxime
615 1521 850 1568 excellentes,
872 1520 1011 1558 scilicet
1030 1520 1265 1568 voluptuosa,
1286 1520 1374 1557 civi-

302 1575 357 1622 lis,
387 1587 486 1623 quae
514 1575 666 1613 videtur
702 1587 783 1612 esse
821 1575 958 1612 eadem
987 1574 1133 1612 activae
1153 1572 1187 1621 β,
1219 1581 1254 1610 et
1286 1586 1374 1611 con-

301 1628 529 1677 templatim.
552 1628 829 1666 Insufficienter
858 1641 947 1676 ergo
967 1633 983 1656 Υ
1013 1627 1192 1666 dividitur
1209 1626 1287 1664 vita
1306 1641 1376 1677 per
1401 1638 1403 1642 ‘

302 1682 467 1720 activam
498 1691 534 1719 et
563 1682 916 1731 contemplativam.

359 1748 392 1773 2.
424 1737 659 1783 ΡιῐΑΕΤΕιὶΕΑ,
689 1735 935 1783 Augustinus,
963 1735 1052 1771 XIX
1081 1735 1126 1771 de
1150 1733 1229 1770 Civ.
1251 1735 1327 1771 Dei
1342 1734 1373 1782 ²¹⁸,
1402 1749 1403 1780 i

301 1789 410 1838 ponit
436 1789 506 1826 tria
537 1789 639 1826 vitae
677 1801 838 1837 genera:
876 1789 1018 1825 scilicet
1055 1788 1233 1832 otiosum,
1268 1788 1404 1842 quod,

300 1843 464 1891 pertinet
500 1844 547 1879 ad
587 1841 974 1891 contemplationem;
1012 1847 1230 1886 actuosum,
1270 1842 1404 1890 quod*

300 1896 464 1945 pertinet
493 1896 542 1932 ad
570 1895 689 1932 vitam
725 1895 910 1941 activam;
943 1902 979 1931 et
1007 1894 1112 1932 addit
1143 1893 1296 1932 tertium
1326 1908 1377 1932 ex

302 1955 460 1998 utroque
496 1950 755 1998 compositum.
796 1950 900 1997 Ergo
933 1948 1084 1986 videtur
1118 1948 1224 1999 quod
1260 1949 1376 1986 insuf-
1404 1990 1405 1994 Ἰ

300 2003 473 2040 ficienter
508 2002 700 2040 dividatur
727 2003 805 2040 vita
842 2015 912 2052 per
940 2003 1105 2040 activam
1135 2011 1171 2041 et
1207 2011 1374 2041 contem-

300 2056 484 2106 plativam
506 2054 532 2093 ⁶.

357 2111 391 2147 3.
421 2111 666 2156 PRAETEREA,
695 2110 774 2147 vita
801 2109 970 2147 hominis
1008 2110 1287 2148 diversificatur
1322 2123 1378 2148 se—

303 2164 473 2201 cundum
507 2164 611 2212 quod
650 2164 826 2201 homines
865 2164 1024 2202 diversis
1061 2164 1274 2203 actionibus
1303 2172 1406 2236 stu-Q

303 2219 394 2255 dent
412 2222 437 2254 ⁸.
476 2217 553 2254 Sed
587 2218 697 2267 plura
732 2230 851 2266 quam
890 2218 967 2255 duo
996 2226 1084 2256 sunt
1118 2220 1378 2257 humanarum

303 2271 500 2308 actionum
529 2271 664 2308 studia.
696 2272 797 2319 Ergo
826 2271 1103 2321 videtur‘quod
1131 2273 1211 2310 vita
1240 2274 1380 2311 debeat
1405 2269 1407 2314 Ξ

1427 1313 1505 1343 tem
1540 1305 1721 1343 dividitur
1757 1317 1826 1354 per
1854 1304 2023 1342 activum
2064 1313 2099 1342 et
2137 1309 2506 1357 contemplativum:

1427 1359 1516 1409 quia
1553 1359 1641 1396 finis
1675 1358 1925 1396 intellectivae
1965 1358 2192 1407 cognitionis
2229 1362 2292 1398 vel
2331 1371 2387 1400 est
2423 1364 2507 1413 ipsa

1429 1413 1595 1462 cognitio
1633 1413 1824 1459 veritatis,
1854 1412 1961 1461 quod
1989 1412 2152 1462 pertinet
2189 1414 2238 1452 ad
2272 1415 2506 1456 intellectum

1429 1467 1789 1516 contemplativum;
1828 1467 1891 1503 vel
1926 1474 1983 1503 est
2019 1466 2146 1516 aliqua
2185 1469 2349 1507 exterior
2385 1472 2506 1520 actio,

1429 1521 1535 1571 quod
1554 1521 1717 1570 pertinet
1737 1521 1785 1558 ad
1815 1519 2046 1557 intellectum
2077 1521 2287 1569 practicum
2308 1523 2389 1562 sive
2419 1525 2508 1564 acti-

1429 1588 1537 1614 vum.
1577 1575 1626 1625 Et
1663 1575 1751 1612 ideo
1788 1574 1867 1611 vita
1903 1573 2017 1611 etiam
2055 1575 2288 1614 sufficienter
2327 1577 2510 1618 dividitur

1429 1642 1499 1679 per
1527 1628 1694 1666 activam
1724 1636 1761 1665 et
1790 1627 2145 1676 contemplativam.

1483 1684 1542 1719 AD
1563 1695 1701 1720 PR1MUM
1721 1694 1820 1719 ERGO
1840 1688 2028 1719 D1CENDUM
2047 1682 2154 1736 quod
2173 1682 2252 1720 vita
2275 1686 2510 1735 voluptuosa

1430 1737 1539 1785 ponit
1561 1737 1682 1774 finem
1711 1737 1749 1773 in
1778 1734 2028 1773 delectatione
2059 1737 2258 1784 corporali,
2280 1750 2380 1787 quae
2401 1752 2509 1778 com-

1431 1790 1559 1826 munis
1589 1797 1645 1826 est
1673 1789 1784 1826 nobis
1815 1797 1851 1826 et
1878 1788 2009 1826 brutis.
2048 1789 2179 1837 Unde,
2210 1790 2306 1829 sieut
2334 1793 2509 1832 Philoso-

1431 1844 1530 1892 phus
1545 1843 1690 1880 ibidem
1700 1842 1721 1864 *
1737 1842 1837 1890 dicit,
1855 1850 1910 1879 est
1924 1842 2003 1880 vita
2018 1842 2191 1881 bestialis.
2208 1845 2372 1894 Propter
2387 1848 2506 1898 quod,
2537 1855 2549 1868 ⁸

1432 1909 1510 1934 non
1531 1896 1870 1946 comprehenditur
1891 1895 1962 1933 sub
1982 1896 2173 1946 praesenti
2198 1897 2398 1949 divisione,
2419 1914 2508 1950 pro—

1432 1959 1472 1987 ut
1499 1950 1577 1987 vita
1605 1951 1778 1988 humana
1807 1949 1988 1988 dividitur
2015 1950 2053 1988 in
2083 1950 2248 1988 activam
2278 1960 2314 1990 et
2337 1962 2508 1993 contem-

1432 2003 1629 2054 plativam.

1486 2060 1544 2095 An
1565 2069 1758 2095 SECUNDUM
1787 2069 1974 2095 mCENDUM
2002 2056 2110 2105 quod
2138 2057 2268 2096 media
2298 2061 2510 2101 conficiun—

1433 2120 1494 2149 tur
1522 2123 1567 2148 ex
1597 2110 1795 2157 extremis,
1835 2119 1871 2148 et
1904 2111 1991 2149 ideo
2024 2110 2164 2148 virtute
2197 2113 2440 2154 continentur
2471 2116 2508 2155 in

1434 2166 1504 2203 eis:
1534 2166 1630 2203 sicut
1649 2165 1821 2215 tepidum
1842 2165 1880 2202 in
1900 2165 2023 2204 calido
2045 2173 2080 2202 et
2099 2164 2246 2215 frigido,
2269 2175 2306 2205 et
2323 2169 2509 2218 pallidum

1433 2219 1472 2257 in
1501 2220 1588 2257 albo
1619 2227 1655 2256 et
1683 2220 1804 2268 nigro.
1835 2220 1885 2256 Et
1913 2219 2082 2259 similiter
2101 2219 2172 2257 sub
2197 2221 2324 2260 activo
2354 2230 2392 2260 et
2420 2237 2512 2263 con-

1433 2273 1658 2322 templativo
1679 2274 2019 2323 comprehenditur
2033 2273 2070 2312 id
2086 2273 2193 2325 quod
2214 2283 2270 2313 est
2285 2289 2331 2314 ex
2345 2285 2510 2328 utroque

304 2324 342 2362 in
371 2325 479 2373 plura
498 2325 675 2361 membra
696 2324 813 2362 dividi
834 2337 950 2374 quam
980 2325 1018 2362 in
1043 2326 1210 2364 activum
1233 2335 1270 2365 et
1290 2339 1380 2363 con·
1405 2327 1407 2344 ⁵
1435 2326 1704 2376 compositum.
1741 2328 1790 2365 Et
1817 2335 1960 2377 tamen,
1990 2327 2087 2366 sicut
2115 2328 2153 2367 in
2182 2329 2354 2377 quolibet
2391 2331 2510 2370 mixto

304 2377 584 2427 templativum.
1406 2422 1407 2431 ἶ
1434 2380 1751 2430 praedominatur
1779 2381 1935 2431 aliquod
1964 2382 2212 2432 simplicium,
2243 2384 2294 2422 ita
2329 2384 2444 2423 etiam
2472 2385 2510 2424 in

361 2432 436 2468 SED
463 2442 611 2468 CONTRA
643 2442 710 2467 Esr
743 2431 848 2480 quod
877 2431 971 2468 istae
1001 2433 1098 2470 duae
1130 2433 1232 2470 vitae
1269 2433 1380 2482 signi·
1406 2434 1407 2465 l
1435 2434 1565 2471 medio
1585 2446 1725 2483 genere
1743 2435 1844 2472 vitae
1864 2437 2150 2486 superabundat
2174 2437 2409 2488 quandoque
2429 2438 2523 2489 qui-⁴

305 2485 469 2522 ficantur
496 2497 565 2533 per
593 2484 687 2521 duas
716 2497 856 2521 uxores
876 2485 992 2522 Iacob
1007 2485 1038 2532 ²⁸,
1069 2486 1193 2524 activa
1221 2487 1380 2536 quidem
1406 2478 1408 2534 l
1435 2488 1524 2525 dem
1555 2489 1909 2538 contemplativum,
1939 2492 2175 2540 quandoque
2203 2503 2299 2530 vero
2329 2492 2508 2531 activum.

305 2551 375 2588 per
395 2537 519 2584 Liam,
542 2539 839 2587 contemplativa
865 2551 959 2575 vero
988 2551 1057 2588 per
1085 2540 1314 2586 Rachelem;
1346 2548 1382 2578 et
1406 2537 1408 2578 f
1488 2543 1548 2578 An
1576 2540 1737 2579 TERT1U'M
1775 2555 1960 2582 DicENDUM
1994 2545 2100 2594 quod
2129 2546 2260 2583 omnia
2289 2545 2413 2584 studia
2440 2547 2511 2584 hu-

305 2605 374 2641 per
390 2592 485 2629 duas
501 2591 679 2628 mulieres
694 2604 794 2640 quae
809 2592 1024 2630 Dominum
1044 2593 1209 2643 hospitio
1231 2606 1382 2643 recepe·
1406 2626 1408 2656 Ι
1435 2607 1640 2632 manarum
1670 2595 1888 2646 actionum,
1919 2598 1949 2635 si
1978 2599 2203 2637 ordinentur
2231 2600 2280 2637 ad
2308 2600 2511 2639 necessita-

254 2655 277 2674 xv
306 2653 393 2683 runt
406 2645 438 2693 ³²,
460 2645 760 2694 contemplativa
780 2645 936 2695 quidem
965 2658 1034 2695 per
1063 2648 1240 2695 Mariam,
1257 2649 1381 2686 activa
1406 2657 1408 2679 ἐ

305 2711 400 2737 vero
420 2711 490 2748 per
509 2699 722 2746 Martham;
743 2707 784 2737 ut
804 2699 1012 2748 Gregorius
1043 2700 1142 2748 dicit,
1163 2701 1202 2739 in
1221 2701 1272 2739 Vl
1291 2703 1381 2739 Mo·
1406 2743 1408 2748 ,

306 2753 376 2790 ral.
393 2752 413 2774 *
441 2753 533 2790 Non
563 2760 692 2790 autem
723 2761 821 2791 esset
845 2754 941 2791 haec
961 2766 1130 2802 congrua
1157 2755 1379 2804 significatio

307 2807 336 2844 si
357 2814 483 2843 essent
502 2807 630 2856 plures
659 2819 777 2855 quam
799 2807 898 2845 duae
922 2807 1035 2845 vitae.
1067 2809 1169 2856 Ergo
1190 2809 1380 2847 sufficien-

305 2868 363 2898 ter
391 2859 572 2897 dividitur
588 2860 667 2897 vita
686 2873 755 2911 per
783 2861 947 2898 activam
969 2869 1004 2898 et
1029 2863 1378 2912 contemplativam.

361 2915 589 2951 REsrormno
619 2926 804 2952 mei-:unum
833 2915 953 2963 quod,
976 2915 1072 2953 sicut
1100 2915 1243 2954 dictum
1272 2925 1328 2954 est
1346 2916 1378 2965 ²¹²,

308 2967 444 3005 divisio
474 2967 543 3004 ista
573 2967 683 3005 datur
712 2968 759 3006 de
779 2967 859 3006 vita
887 2969 1070 3018 humana,
1092 2981 1192 3018 quae
1222 2970 1379 3020 quidem

307 3021 508 3058 attenditur
536 3023 750 3060 secundum
784 3021 1028 3060 intellectum.
1068 3024 1281 3061 Intellectus
1314 3037 1379 3062 au-

362 3154 390 3186 α)
408 3154 526 3179 activam
546 3157 572 3180 et
589 3155 834 3187 contemplativam.
846 3169 864 3174 -
881 3155 999 3181 activum
1024 3159 1051 3181 et
1074 3157 1309 3189 contemplativum
1334 3159 1379 3183 ΑΒ

307 3188 518 3257 Fxffi'actfvae.
531 3239 550 3244 -
567 3226 657 3251 activa
672 3226 774 3259 ampo,
787 3227 876 3252 activo
890 3227 945 3258 ΑΙ),
960 3227 1065 3260 actim(
1078 3227 1133 3259 Bm
1154 3236 1202 3261 pro
1216 3230 1379 3262 contempna-

309 3259 372 3290 tiva,
391 3261 598 3293 contemplativo
617 3262 649 3292 Α,
666 3262 891 3294 contemplativae
908 3263 958 3295 pK.
1405 3271 1407 3297 Ι

1434 2657 1512 2686 tem
1542 2649 1751 2698 praesentis
1770 2650 1872 2688 vitae
1897 2653 2111 2691 secundum
2142 2653 2330 2692 rationem
2351 2661 2508 2702 rectam,

1434 2702 1624 2752 pertinent
1652 2703 1700 2741 ad
1729 2703 1849 2742 vitam
1878 2706 2055 2755 activam,
2086 2720 2184 2757 quae
2214 2720 2282 2757 per
2315 2707 2510 2746 ordinatas

1407 2762 1408 2787 ἒ
1434 2756 1604 2794 actiones
1643 2758 1804 2795 consulit
1842 2760 2055 2798 necessitati
2083 2761 2183 2799 vitae
2210 2761 2433 2811 praesentis.
2469 2760 2510 2800 Si

1434 2818 1564 2848 autern
1582 2811 1799 2849 deserviant
1814 2814 2144 2863 concupiscentiae
2165 2815 2408 2864 cuicumque,
2423 2826 2510 2864 per-

1407 2887 1408 2890 =
1434 2864 1552 2902 tinent
1572 2866 1620 2902 ad
1635 2864 1754 2902 vitam
1774 2867 2063 2916 voluptuosam,
2080 2881 2178 2918 quae
2194 2881 2274 2907 non
2294 2868 2509 2907 continetur

1433 2919 1505 2955 sub
1524 2918 1603 2955 vita
1632 2918 1766 2956 activa.
1797 2920 1979 2959 Humana
2000 2934 2096 2959 vero
2125 2922 2249 2961 studia
2277 2934 2378 2971 quae
2407 2921 2506 2960 ordi-

1433 2980 1570 3009 nantur
1598 2973 1646 3010 ad
1667 2972 2014 3013 considerationem
2042 2975 2222 3024 veritatis,
2242 2975 2431 3025 pertinent
2458 2975 2507 3014 ad

1406 3066 1407 3071 ¹
1433 3025 1551 3062 vitam
1583 3027 1946 3076 comtemplativam.

1486 3162 1513 3192 γ)
1532 3166 1607 3193 ergo.
1619 3174 1638 3179 -
1655 3159 1738 3185 etiam
1756 3160 1896 3194 BEFpr.
1910 3174 1928 3179 -—
1947 3159 1998 3185 Pro
2016 3159 2157 3191 dividitur,
2177 3160 2286 3186 videtur
2304 3160 2391 3186 dividi
2411 3161 2439 3187 Ρ.

1485 3193 1510 3226 ὅ)
1530 3195 1646 3220 activam
1660 3199 1687 3221 et
1698 3196 1941 3228 contemplativam.
1951 3209 1969 3215 -
1981 3195 2099 3222 activum
2112 3199 2139 3221 et
2150 3197 2387 3229 contemplativum
2397 3196 2507 3224 ABCFI.

1485 3231 1507 3262 ε)
1526 3230 1644 3257 student.
1655 3244 1675 3250 -
1693 3231 1755 3257 Orn.
1773 3231 1913 3265 BEFpCK,
1932 3230 2077 3256 intendunt
2090 3231 2132 3262 m,
2147 3235 2234 3265 agunt
2253 3232 2298 3264 Pa,
2315 3233 2507 3266 mancipantur

1433 3266 1462 3297 L,
1481 3269 1508 3291 et
1524 3266 1623 3292 studiis
1641 3267 1832 3300 mancipantur
1849 3267 1894 3299 sC,
1912 3269 2000 3301 agunt
2018 3271 2078 3292 ante
2097 3266 2211 3293 diversis
2230 3268 2263 3294 H.

2561 1855 2633 1878 Num.
2647 1861 2668 1884 3.
