2768 4198
70 922 153 971 §.citt
167 928 281 970 iZ'a‘f'viis

70 1898 79 1907 ⁸
94 1896 128 1918 cf.
147 1901 210 1917 num.
225 1901 254 1917 rv.

78 2648 87 2657 ⁸
97 2646 133 2668 Cf.
145 2652 183 2674 qu.
195 2653 287 2673 mxiv,

76 2677 117 2695 art.
133 2679 152 2700 5,
169 2673 197 2695 ad
212 2679 232 2700 ις
248 2679 286 2701 qu.

77 2705 159 2727 ccxxv,
174 2703 216 2722 art.
230 2706 250 2729 3.

77 2911 87 2921 ⁴
100 2910 135 2932 Cf.
151 2917 214 2932 uum.
230 2917 249 2932 v.

312 309 386 346 368

364 391 422 425 An
443 400 581 426 PRIMUM
601 400 699 425 ERGO
720 399 904 424 DICENDUM
924 386 1028 434 quod
1049 385 1110 421 illa
1130 383 1266 421 divisio
1290 383 1376 419 Phi-

311 441 464 490 losophi
495 453 574 478 non
604 440 895 489 comprehendit
923 439 1095 474 absolute
1120 436 1249 473 omnia
1278 448 1377 484 quae

312 502 400 531 sunt
428 494 466 531 in
495 494 644 531 anima:
682 493 749 529 sed
779 505 822 528 ea
851 503 948 540 quae
977 498 1138 539 possunt
1167 502 1249 526 esse
1277 489 1378 538 prin-

313 547 408 595 cipia
437 547 641 584 moralium
671 553 836 590 actuum,
859 544 924 591 qui
953 544 1188 591 quandoque
1217 543 1315 579 fiunt
1334 554 1378 578 ex

312 600 502 649 passione,
519 599 751 648 quandoque
771 605 898 633 autem
921 609 965 632 ex
985 596 1128 643 habitu,
1146 596 1379 644 quandoque

313 661 439 689 autem
470 665 514 689 ex
542 651 710 700 potentia
739 650 857 696 nuda,
887 656 928 686 ut
956 657 1058 697 patet
1087 649 1124 686 in
1152 649 1210 685 his
1240 649 1305 697 qui
1334 660 1379 684 ex
1405 666 1406 678 i

312 706 452 742 iudicio
482 704 636 741 rationis
670 703 810 750 aliquid
840 710 1046 750 operantur
1075 710 1280 750 antequam
1313 702 1380 738 ha-

312 759 426 794 beant
461 757 646 793 habitum.
677 777 700 782 -
731 757 861 792 Potest
898 763 1027 792 tamen
1052 753 1065 776 ⁶
1094 755 1296 804 prophetia
1330 755 1380 791 ad

311 811 529 859 passionem
572 809 723 846 reduci:
768 809 797 845 si
834 817 964 845 tamen
1006 821 1151 845 nomen
1192 807 1380 857 passionis

310 876 380 911 pro
409 862 576 911 qualibet
603 862 822 911 receptione
852 861 1077 910 accipiatur;
1111 869 1226 910 prout
1250 861 1381 899 Philo-

309 917 454 964 sophus
484 915 582 962 dicit,
600 915 638 952 in
668 917 716 952 111
747 916 793 952 de
820 916 961 952 Anima
981 915 1012 962 *,
1037 915 1143 964 quod
1172 915 1381 964 intelligere

303 970 388 1017 pati
413 968 603 1017 quoddam
632 974 695 1005 est.
727 969 832 1005 Sicut
867 968 969 1005 enirn
999 968 1036 1004 in
1071 968 1286 1016 cognitione
1315 980 1380 1005 na-

309 1021 417 1058 turali
446 1022 657 1059 intellectus
690 1021 879 1071 possibilis
908 1021 1047 1070 patitur
1076 1034 1118 1058 ex
1152 1021 1296 1058 lumine
1326 1021 1380 1058 in-

307 1076 476 1112 tellectus
500 1075 655 1122 agentis,
685 1075 736 1112 ita
765 1075 878 1112 etiarn
907 1075 945 1112 in
975 1075 1190 1123 cognitione
1215 1075 1380 1124 prophe—

308 1129 381 1165 tica
418 1128 627 1165 intellectus
656 1129 848 1165 humanus
884 1128 1024 1177 patitur
1053 1141 1098 1165 ex
1135 1128 1379 1165 illustratione

309 1181 426 1218 divini
460 1181 624 1219 luminis.
1339 1221 1341 1223 ‚

363 1237 422 1271 AD
442 1246 635 1272 SECUNDUM
654 1246 841 1272 DICENDUM
861 1235 979 1283 quod,
997 1234 1093 1271 sicut
1108 1234 1145 1271 in
1166 1235 1279 1271 rebus
1301 1247 1380 1272 cor-

308 1287 524 1337 poralibus,
555 1289 721 1325 abeunte
749 1287 950 1337 passione,
981 1296 1153 1325 remanet
1187 1289 1378 1337 quaedam

309 1341 483 1378 habilitas
512 1342 560 1378 ad
589 1341 665 1378 hoc
692 1341 798 1390 quod
827 1341 964 1378 iterum
1002 1341 1186 1390 patiatur,
1218 1341 1313 1378 sicut
1339 1342 1380 1378 li-

309 1405 428 1442 gnum
456 1395 575 1431 semel
594 1394 876 1432 inflammatum
897 1395 1042 1432 facilius
1062 1395 1200 1432 iterum
1229 1394 1379 1432 inflam-

311 1455 457 1494 matur;
487 1447 537 1484 ita
557 1448 670 1485 etiam
691 1448 730 1484 in
749 1448 940 1485 intellectu
963 1449 1188 1497 prophetae,
1210 1456 1381 1485 cessante

311 1500 446 1537 actuali
474 1500 744 1549 illustratione,
775 1508 949 1538 remanet
981 1501 1175 1550 quaedam
1209 1501 1381 1539 habilitas

364 1630 388 1663 δ)
409 1635 508 1658 tamen.
521 1646 540 1651 -
560 1635 649 1657 autem
670 1633 716 1657 Pa.

974 306 1241 354 QUAESTIO
1272 305 1449 351 CLXXI,
1478 305 1777 343 ARTICULUS
1807 307 1838 342 11

1432 383 1481 420 ad
1495 384 1570 420 hoc
1591 385 1696 433 quod
1716 385 1859 421 facilius
1875 385 2007 422 iterato
2024 385 2235 421 illustretur.
2262 385 2367 422 Sicut
2386 385 2501 422 etiam

1431 448 1540 473 mens
1561 438 1680 474 semel
1701 439 1749 475 ad
1770 438 2018 475 devotionem
2043 438 2212 485 excitata,
2233 438 2379 475 facilius
2398 446 2502 488 post-

1433 490 1595 526 modum
1616 490 1666 527 ad
1685 491 1934 528 devotionem
1949 491 2146 540 pristinam
2168 498 2389 528 revocatur:
2414 504 2501 540 pro-

1433 550 1517 591 pter
1531 543 1636 591 quod
1656 544 1901 591 Augustinus,
1922 544 1961 582 in
1979 544 2075 581 libro
2095 545 2141 581 de
2164 545 2318 582 Orando
2332 545 2459 582 Deum
2469 545 2501 593 *,

1435 595 1523 633 dicit
1552 608 1635 632 esse
1665 597 1897 634 necessarias
1926 599 2078 635 crebras
2106 598 2310 643 orationes,
2336 610 2383 634 ne
2414 610 2503 635 con-

1435 656 1544 697 cepta
1572 649 1728 686 devotio
1756 650 1919 687 totaliter
1948 652 2215 699 exstinguatur.

1489 702 1620 738 Potest
1637 710 1768 739 tamen
1789 702 1861 739 dici
1881 704 1986 751 quod
2006 704 2141 752 aliquis
2161 704 2296 742 dicitur
2314 705 2503 753 propheta

1436 755 1550 791 etiam
1580 763 1750 792 cessante
1771 756 1906 792 actuali
1930 757 2154 805 prophetica
2178 758 2436 804 illustratione,
2459 769 2504 794 ex

1436 808 1682 857 deputatione
1705 808 1849 845 divina:
1870 810 2083 847 secundum
2104 810 2196 848 illud
2217 812 2350 848 Ierem.
2368 823 2377 848 1
2393 810 2428 847 *ε
2456 812 2507 847 Et

1428 863 1654 910 prophetam
1684 862 1722 898 in
1750 862 1924 911 gentihus
1951 862 2038 899 dedi
2063 868 2108 899 te.

1488 916 1547 951 An
1572 926 1734 952 TERTmM
1761 926 1947 952 monimum
1972 915 2078 964 quod
2102 928 2218 952 omne
2247 916 2394 953 donum
2423 929 2505 965 gra-

1434 968 1507 1005 tiae
1537 968 1736 1005 hominem
1766 968 1891 1005 elevat
1919 970 1966 1005 ad
1996 968 2138 1017 aliquid
2172 969 2278 1017 quod
2307 977 2363 1007 est
2390 982 2506 1019 supra

1434 1028 1610 1058 naturam
1649 1022 1872 1058 humanam.
1911 1021 2031 1068 Quod
2069 1021 2227 1069 quidem
2260 1030 2386 1071 potest
2422 1035 2505 1060 esse

1436 1074 1644 1123 dupliciter.
1678 1075 1766 1111 Uno
1796 1074 1929 1121 modo,
1959 1082 2147 1123 quantum
2177 1076 2226 1112 ad
2255 1075 2506 1113 substantiam

1435 1135 1559 1165 actus:
1581 1127 1677 1164 sicut
1694 1127 1876 1165 miracula
1896 1128 2033 1175 facere,
2056 1135 2091 1165 et
2111 1140 2344 1176 cognoscere
2365 1129 2507 1166 incerta

1434 1187 1471 1218 et
1487 1181 1632 1218 occulta
1652 1181 1803 1218 divinae
1819 1181 2026 1230 sapientiae
2039 1181 2070 1218 *.
2092 1182 2142 1218 Et
2155 1181 2204 1219 ad
2219 1182 2291 1218 hos
2306 1189 2412 1219 actus
2428 1194 2508 1219 non

1435 1235 1545 1272 datur
1577 1234 1725 1272 homini
1764 1234 1910 1272 donum
1943 1234 2084 1283 gratiae
2121 1235 2325 1272 habituale.
2362 1257 2386 1264 -
2421 1234 2506 1272 Alio

1435 1289 1553 1325 modo
1584 1296 1640 1325 est
1659 1288 1801 1337 aliquid
1822 1300 1936 1337 supra
1956 1296 2133 1325 naturam
2152 1290 2367 1326 humanam
2387 1301 2508 1338 quan—

1434 1349 1516 1379 tum
1546 1342 1595 1378 ad
1624 1342 1787 1379 modum
1816 1349 1942 1389 actus,
1973 1354 2052 1378 non
2081 1349 2210 1379 autem
2241 1350 2431 1390 quantum
2460 1342 2508 1380 ad

1435 1395 1685 1432 substantiam
1715 1395 1852 1444 ipsius:
1890 1395 1986 1432 sicut
2015 1394 2171 1443 diligere
2204 1396 2350 1443 Deum,
2381 1402 2418 1433 et
2445 1407 2508 1433 co-

1435 1461 1619 1497 gnoscere
1641 1460 1729 1485 eum
1750 1448 1787 1485 in
1817 1449 1973 1497 speculo
1995 1456 2266 1487 creaturarum.
2296 1449 2346 1486 Et
2364 1449 2415 1487 ad
2434 1449 2510 1488 hoc

1436 1502 1547 1539 datur
1576 1502 1723 1539 donum
1753 1502 1893 1550 gratiae
1922 1502 2127 1539 habituale.

990 1712 1326 1745 Commentariis.
1350 1712 1603 1746 cardinalis
1626 1713 1828 1746 Caietam

340 1814 359 1834 N
384 1802 517 1833 articulo
542 1800 683 1831 secundo
708 1799 851 1830 eiusdem
874 1801 1080 1841 quaestionis,
1105 1800 1241 1831 dubium
1266 1800 1383 1840 duplex

314 1818 477 1879 Ioccurrit
500 1846 581 1876 circa
600 1845 756 1875 rationem
772 1844 963 1885 assignatam
977 1845 1009 1875 in
1025 1844 1127 1876 littera
1150 1854 1248 1885 quare
1270 1844 1381 1875 lumen

310 1891 535 1935 propheticum
559 1899 625 1919 non
649 1896 695 1919 est
719 1888 855 1919 habitus.
886 1890 1032 1919 Primum
1049 1889 1066 1908 *
1095 1895 1141 1919 est
1164 1890 1240 1929 quia
1258 1888 1383 1920 videtur

310 1945 470 1969 assumere
493 1934 625 1965 falsum:
657 1933 775 1964 scilicet
797 1933 900 1974 quod,
925 1933 951 1963 si
975 1940 1056 1964 esset
1079 1943 1135 1973 per
1158 1934 1294 1964 modum
1318 1932 1381 1963 for-

310 1991 380 2013 mae
404 1978 627 2020 permanentis,
652 1977 766 2009 faceret
787 1978 886 2008 videri
905 1978 1021 2014 Deum,
1046 1978 1101 2019 qui
1119 1985 1165 2009 est
1188 1977 1381 2019 principium

310 2024 501 2067 cognitionis
532 2022 833 2063 supernaturalium.
866 2023 1022 2053 Probatur
1051 2032 1191 2064 namque
1221 2023 1283 2053 hoc
1315 2032 1382 2052 esse

311 2072 438 2106 falsum,
463 2079 499 2099 ex
522 2068 585 2098 hoc
613 2067 702 2108 quod
731 2067 848 2098 modus
879 2067 1002 2098 essendi
1026 2077 1092 2097 non
1115 2067 1214 2098 variat
1238 2073 1383 2097 naturam

310 2126 368 2146 nec
392 2113 590 2145 essentialem
614 2111 786 2143 efficaciam
809 2111 941 2148 formae,
967 2111 1022 2142 sed
1046 2122 1082 2142 ea
1105 2118 1229 2143 tantum
1253 2121 1336 2153 quae
1351 2121 1384 2142 se

310 2167 418 2192 tenent
442 2168 479 2189 ex
502 2163 590 2197 parte
614 2156 703 2187 modi
720 2156 854 2187 essendi.
879 2157 941 2187 Sed
956 2157 1067 2187 lumen
1087 2156 1313 2197 propheticum
1328 2165 1384 2196 per

312 2204 449 2235 modum
481 2201 637 2243 passionis
666 2211 731 2231 non
760 2208 806 2232 est
835 2201 904 2232 talis
929 2208 1059 2232 naturae
1087 2211 1144 2232 nec
1169 2200 1324 2232 efficaciae
1349 2207 1384 2231 ut

312 2249 352 2280 sit
375 2246 533 2279 sufficiens
562 2255 690 2277 causare
714 2245 870 2276 visionem
894 2245 963 2276 Dei.
997 2246 1100 2286 Ergo,
1125 2245 1220 2276 etiam
1249 2245 1273 2275 si
1304 2251 1385 2275 esset

313 2303 369 2334 per
399 2292 535 2322 modurn
566 2289 709 2326 habitus,
734 2299 800 2320 non
828 2289 984 2321 sufficeret
1007 2291 1046 2320 ad
1071 2290 1264 2321 causandum
1289 2289 1384 2319 visio-

313 2347 399 2368 nem.
423 2354 444 2360 -
468 2336 509 2366 Et
540 2334 755 2366 confirmatur.
788 2334 872 2372 Quia
896 2341 1020 2365 constat
1046 2335 1136 2375 quod
1159 2335 1247 2365 Deus
1277 2340 1386 2374 posset

313 2382 424 2412 lumen
447 2380 591 2410 infusum
615 2378 789 2419 prophetae
813 2388 998 2409 conservare
1022 2379 1172 2409 continue
1196 2379 1229 2409 in
1253 2377 1326 2408 illo:
1356 2384 1386 2408 et

313 2433 420 2457 tamen
445 2434 511 2455 non
535 2430 702 2464 propterea
725 2423 844 2454 videret
867 2424 973 2454 Deum
996 2423 1152 2463 propheta
1175 2423 1238 2453 ille.

371 2468 473 2500 Maior
488 2475 534 2499 est
549 2468 640 2499 clara.
666 2468 706 2498 Et
729 2467 949 2498 manifestatur
963 2467 995 2497 in
1016 2467 1182 2508 proposito
1199 2467 1294 2498 etiam
1311 2466 1386 2507 quia

313 2514 423 2545 lumen
446 2513 575 2554 gloriae,
600 2513 675 2554 quia
699 2522 736 2543 ex
759 2511 887 2554 propria
906 2518 1018 2542 natura
1042 2518 1088 2542 est
1111 2511 1269 2543 sufficiens
1286 2511 1325 2542 ad
1339 2509 1386 2540 vi-

314 2559 439 2589 sionem
453 2557 523 2594 Dei,
540 2557 604 2587 sive
621 2557 773 2588 habeatur
792 2566 848 2597 per
862 2557 999 2587 modum
1019 2555 1141 2587 formae
1160 2555 1383 2597 permanentiS,

315 2609 351 2634 ut
374 2603 406 2632 in
430 2602 545 2638 beatis,
569 2602 634 2632 sive
659 2611 715 2642 per
738 2602 875 2632 modum
898 2601 1072 2641 passionis,
1098 2607 1134 2632 ut
1160 2601 1193 2631 in
1218 2601 1331 2641 Moyse
1355 2606 1385 2630 et

314 2647 415 2678 Paulo
429 2646 456 2683 *,
482 2646 555 2677 facit
569 2646 674 2677 videre
691 2646 806 2676 Deum.
831 2646 898 2676 Nec
914 2655 989 2685 ergo
1006 2646 1122 2676 modus
1143 2645 1265 2676 essendi
1288 2644 1386 2675 variat

315 2691 487 2722 efficaciam
515 2690 714 2721 essentialem
747 2690 885 2720 formae:
920 2700 977 2720 nec
1007 2690 1118 2721 lumen
1140 2690 1385 2730 propheticum,

314 2742 612 2777 quantumcumque
635 2735 802 2766 haberetur
821 2745 877 2775 per
893 2735 1030 2765 modum
1046 2734 1182 2771 habitus,
1207 2734 1322 2765 faceret
1340 2733 1387 2763 vi-

314 2780 380 2811 deri
404 2781 526 2816 Deum;
558 2779 634 2820 quia
658 2789 695 2810 ex
718 2779 780 2810 hoc
811 2789 877 2810 non
901 2786 982 2810 esset
1003 2779 1114 2810 lumen
1138 2779 1271 2819 gloriae,
1297 2779 1385 2820 quod

315 2831 438 2855 constat
461 2833 528 2854 esse
545 2823 672 2855 alterius
697 2830 837 2860 naturae,
854 2823 897 2853 ita
917 2831 961 2859 ut,
979 2823 1074 2854 etiam
1090 2833 1146 2864 per
1163 2823 1298 2854 modum
1315 2834 1384 2863 pas-

315 2868 413 2899 sionis
438 2868 593 2904 habitum,
611 2868 703 2899 faciat
718 2868 817 2898 videri
841 2868 959 2899 Deum.

372 2913 409 2943 11.
435 2912 618 2943 Secundum
634 2913 650 2931 *
675 2919 720 2943 est
744 2913 820 2953 quia
844 2922 1011 2952 processus
1041 2913 1161 2943 litterae
1190 2912 1283 2943 infert
1307 2922 1384 2942 con-

316 2957 494 2988 clusionem
523 2967 605 2997 quae
634 2967 699 2988 non
724 2963 770 2987 est
796 2956 898 2987 elicita
921 2967 957 2987 ex
981 2957 1171 2998 praemissis.
1203 2957 1286 2987 Nam
1310 2967 1383 2987 con-

316 3001 416 3038 clusio
440 3011 575 3042 sequens
595 3011 631 3031 ex
648 3001 826 3041 praemissis
850 3008 896 3032 est
918 3001 993 3032 ista:
1018 3002 1142 3032 Lumen
1160 3002 1383 3042 propheticum

317 3055 379 3076 non
404 3046 486 3076 inest
511 3055 573 3086 per
602 3046 730 3076 modum
753 3045 890 3086 formae
907 3047 1132 3086 permanentis
1155 3051 1186 3077 et
1206 3046 1382 3087 perfectae.

316 3090 357 3120 Et
379 3089 569 3130 praemissae
593 3096 667 3121 sunt
689 3090 782 3120 istae:
807 3090 931 3120 Lumen
956 3091 1172 3122 intellectuale
1194 3091 1335 3122 existens
1351 3092 1383 3121 in

316 3123 425 3174 aliquo
444 3143 506 3174 per
529 3134 656 3165 modum
671 3134 808 3175 formae
825 3136 1048 3175 permanentis
1063 3141 1094 3165 et
1111 3135 1289 3176 perfectae,
1309 3145 1384 3175 per-

312 3179 382 3217 ficit
398 3179 594 3210 intellectum
615 3179 659 3210 ad
668 3179 897 3219 principaliter
912 3180 1166 3221 cognoscendum
1185 3181 1383 3220 principium

317 3223 446 3253 illorum
470 3233 553 3264 quae
571 3233 635 3264 per
658 3223 740 3254 illud
763 3223 870 3254 lumen
895 3224 1158 3265 manifestantur.
1189 3224 1253 3255 Sed
1276 3225 1383 3255 lumen

311 3267 502 3307 prophetiae
525 3277 588 3298 non
608 3268 737 3308 perficit
759 3268 954 3299 intellectum
969 3268 1013 3299 ad
1021 3269 1251 3310 principaliter
1266 3278 1383 3310 cogno-

317 3311 467 3341 scendum
486 3313 684 3352 principium
702 3313 831 3343 illorum
856 3322 939 3353 quae
955 3322 1020 3354 per
1035 3313 1142 3344 lumen
1161 3313 1383 3354 propheticum

319 3354 580 3395 manifestantur.
601 3356 648 3386 Ex
663 3355 712 3387 his
729 3357 887 3398 siquidem
903 3357 1068 3388 conclusio
1083 3357 1176 3388 debet
1191 3367 1274 3388 esse:
1291 3358 1384 3399 Ergo

319 3399 426 3429 lumen
456 3401 644 3440 prophetiae
672 3411 734 3431 non
764 3403 846 3432 inest
873 3411 935 3442 per
957 3402 1086 3433 modum
1100 3402 1238 3443 formae
1254 3412 1385 3443 perma—

319 3444 422 3473 nentis
446 3449 475 3473 et
497 3444 675 3484 perfectae.
707 3445 747 3476 Et
776 3452 883 3476 tamen
914 3446 946 3477 in
977 3446 1079 3478 littera
1109 3447 1205 3487 longe
1235 3457 1383 3478 commu·

319 3486 390 3516 nior
411 3487 574 3518 conclusio
590 3488 737 3525 infertur,
762 3489 894 3520 scilicet:
919 3491 1012 3532 Ergo
1036 3491 1143 3522 lumen
1162 3492 1383 3531 propheticum

319 3531 401 3561 inest
410 3541 474 3571 per
485 3532 612 3562 modum
626 3533 792 3563 cuiusdam
809 3535 1026 3574 impressionis
1037 3544 1093 3565 seu
1105 3536 1268 3575 passionis
1280 3540 1385 3566 trans-

319 3575 434 3605 euntis.
459 3575 546 3606 Haec
570 3576 654 3606 enim
679 3576 793 3607 distant
816 3578 915 3609 valde.
945 3579 1108 3616 Quoniam
1132 3579 1297 3610 conclusio
1320 3578 1383 3615 illa,

319 3628 402 3660 quae
426 3628 497 3650 vere
513 3619 655 3660 sequitur
671 3630 707 3650 ex
726 3621 913 3660 praemissis,
930 3629 991 3652 stat
1010 3632 1084 3653 cum
1101 3623 1268 3662 negatione
1284 3622 1383 3658 istius,

1436 1811 1518 1841 quae
1542 1801 1689 1841 apposita
1714 1809 1760 1832 est
1783 1802 1815 1832 in
1838 1801 1959 1833 littera:
1984 1809 2020 1833 ut
2043 1809 2129 1843 patet
2152 1802 2191 1833 de
2214 1802 2337 1833 lumine
2359 1802 2443 1840 fidei,
2471 1803 2511 1835 de

1435 1855 1502 1885 quo
1526 1844 1728 1877 verificantur
1751 1853 1782 1876 et
1810 1846 2001 1886 praemissae
2024 1854 2055 1877 et
2078 1846 2260 1884 conclusio,
2286 1853 2317 1878 et
2340 1853 2448 1879 tamen
2471 1847 2510 1879 de

1436 1899 1475 1920 eo
1503 1896 1549 1920 est
1577 1889 1654 1920 falsa
1677 1889 1737 1920 ista
1761 1890 1907 1930 apposita
1930 1890 2111 1927 conclusio;
2145 1891 2321 1932 quoniam,
2346 1898 2382 1923 ut
2404 1898 2510 1933 patet,

1435 1934 1547 1964 lumen
1570 1933 1644 1964 fidei
1668 1940 1715 1964 est
1738 1944 1794 1974 per
1816 1934 1954 1965 modum
1977 1933 2120 1971 habitus,
2145 1942 2176 1966 et
2199 1942 2432 1977 consequenter
2454 1946 2512 1977 por

1437 1979 1574 2009 modum
1598 1978 1720 2008 formae
1744 1978 1968 2018 permanentis.

1493 2023 1546 2053 111.
1571 2023 1621 2053 Ad
1646 2023 1837 2054 evidentiam
1860 2023 1988 2060 horum,
2013 2024 2181 2054 sciendum
2204 2030 2251 2054 est
2273 2024 2363 2065 quod
2386 2033 2512 2065 proces·

1437 2077 1491 2098 sus
1516 2067 1634 2098 litterae
1658 2077 1724 2098 non
1749 2067 1891 2098 consistit
1921 2067 1954 2098 in
1978 2077 2044 2099 uno
2068 2074 2194 2099 tantum
2217 2068 2428 2110 syllogismo,
2456 2069 2512 2100 sed

1437 2111 1592 2152 pluribus.
1616 2112 1767 2149 Quorum
1791 2112 1925 2152 primus,
1948 2112 1982 2143 in
2006 2113 2145 2144 secunda
2167 2112 2283 2153 figura,
2309 2119 2356 2144 est
2378 2113 2432 2146 ille
2454 2113 2512 2156 qui

1437 2157 1470 2186 in
1487 2157 1629 2188 secundo
1654 2156 1752 2187 dubio
1777 2163 1823 2187 est
1847 2157 1970 2194 allatus,
1995 2157 2128 2188 scilicet:
2154 2158 2277 2189 Lumen
2295 2157 2513 2191 intellectuale

1438 2202 1579 2232 existens
1595 2202 1627 2232 in
1644 2201 1752 2242 aliquo
1770 2211 1834 2242 per
1857 2201 1985 2232 modum
1999 2201 2138 2243 formae
2149 2203 2375 2244 permanentis
2391 2207 2423 2234 et
2433 2212 2511 2244 per-

1429 2245 1553 2287 fectae,
1572 2246 1703 2286 perficit
1719 2245 1914 2276 intellectum
1939 2246 1982 2277 ad
1999 2246 2230 2288 principaliter
2253 2247 2511 2288 cognoscendum

1435 2291 1632 2331 principium
1658 2290 1788 2320 illorum
1821 2300 1904 2330 quae
1923 2300 1986 2331 per
2009 2291 2091 2322 illud
2114 2291 2222 2322 lumen
2246 2290 2510 2331 manifestantur.

1439 2334 1502 2366 Sed
1526 2335 1632 2365 lumen
1653 2335 1875 2374 propheticum
1892 2344 1955 2365 non
1970 2335 2101 2376 perficit
2119 2336 2316 2367 intellectum
2331 2336 2376 2367 ad
2389 2345 2511 2378 cogno-

1438 2379 1590 2410 scendum
1610 2379 1838 2419 principaliter
1849 2380 2046 2420 principium
2063 2389 2175 2411 eorum
2192 2389 2275 2420 quae
2292 2389 2357 2421 per
2371 2380 2511 2422 propbe-

1440 2424 1537 2454 ticum
1562 2424 1669 2454 lumen
1685 2423 1948 2464 manifestantur.
1972 2423 2066 2465 Ergo
2083 2425 2190 2455 lumen
2204 2425 2430 2465 propheticum
2447 2434 2510 2456 non

1440 2473 1487 2498 est
1501 2468 1617 2510 forma
1640 2477 1840 2508 permanens
1863 2473 1894 2499 et
1910 2467 2071 2510 perfecta.
2105 2468 2208 2499 Maior
2229 2469 2383 2508 probatur
2405 2468 2439 2500 in
2462 2469 2511 2500 lit-

1439 2519 1505 2543 tera
1534 2522 1570 2543 ex
1594 2512 1715 2543 lumine
1739 2512 1916 2543 intellectus
1939 2512 2071 2553 agentis.
2101 2512 2207 2543 Minor
2231 2513 2403 2554 probatur:
2436 2513 2513 2555 quia

1439 2558 1538 2594 Deus,
1558 2557 1614 2598 qui
1631 2565 1676 2588 est
1692 2556 1885 2597 principium
1902 2557 2202 2598 supernaturalium,
2219 2567 2302 2599 quae
2325 2567 2382 2597 per
2401 2557 2512 2588 lumen

2527 546 2741 603 ἒιῗῑὲἑᾶιὲἕέὲτ

2531 813 2541 825 ⁸
2556 813 2623 835 Ven.
2637 820 2656 842 5.

2534 1189 2545 1199 ⁸
2559 1188 2596 1210 Pe.
2610 1194 2632 1217 ῃ
2647 1193 2708 1210 vers.
2722 1188 2745 1211 8.

1439 2601 1663 2642 propheticum
1695 2601 1952 2638 manifestantur,
1978 2611 2043 2632 non
2067 2601 2192 2632 videtur
2222 2612 2239 2632 a
2263 2601 2430 2642 prophetis
2456 2611 2514 2643 per
2567 2617 2572 2620 -

1439 2646 1618 2677 essentiam.
1642 2663 1663 2669 -
1688 2646 1748 2677 Iste
1772 2653 1818 2677 est
1841 2646 1963 2686 primus
1983 2646 2208 2687 syllogismus:
2234 2646 2314 2677 circa
2330 2655 2429 2687 quem
2444 2656 2512 2678 ver-

1439 2698 1525 2722 satur
1549 2691 1691 2731 primum
1714 2690 1860 2721 dubium.

1496 2735 1547 2766 Ad
1571 2735 1662 2766 cuius
1686 2734 1865 2766 evidentem
1889 2735 2046 2771 notitiam,
2071 2734 2150 2766 scito
2170 2734 2259 2776 quod
2274 2734 2362 2766 aliud
2379 2741 2426 2766 est
2449 2734 2512 2766 for-

1440 2790 1527 2810 mam
1557 2789 1741 2820 permanere
1770 2779 1801 2809 in
1832 2779 1957 2820 aliquo:
1989 2786 2019 2810 et
2043 2779 2129 2810 aliud
2153 2786 2200 2810 est
2230 2789 2297 2810 esse
2320 2779 2353 2809 in
2377 2778 2433 2810 illo
2457 2789 2513 2820 per

1439 2824 1576 2855 modum
1596 2824 1717 2855 formae
1734 2823 1958 2864 permanentis.
1983 2824 2066 2854 Nam
2087 2833 2143 2864 per
2162 2823 2304 2864 primum
2319 2821 2514 2864 significatur

1439 2869 1563 2900 duratio
1589 2869 1710 2899 formae
1733 2868 1766 2899 in
1791 2869 1950 2899 subiecto:
1976 2878 2032 2908 per
2056 2868 2234 2899 secundum
2258 2869 2332 2899 vero
2357 2867 2513 2909 siguifica-

1438 2920 1490 2944 tur
1513 2914 1631 2944 modus
1655 2913 1777 2944 essendi
1803 2913 1924 2944 formae
1947 2913 1980 2943 in
2004 2913 2158 2950 subiecto,
2183 2913 2300 2944 scilicet
2322 2913 2412 2954 quod
2430 2912 2514 2944 inest

1439 2969 1477 2989 eo
1503 2958 1603 2989 modo
1627 2968 1693 2999 quo
1718 2958 1840 2989 formae
1863 2957 2077 2998 dependentes
2107 2957 2214 2988 solum
2237 2957 2270 2988 in
2293 2955 2360 2988 fieri
2391 2963 2422 2988 et
2444 2966 2511 2987 non

1439 3003 1471 3033 in
1496 3013 1563 3033 esse
1596 3003 1634 3033 ab
1659 3002 1835 3043 agentibus,
1863 3002 1982 3033 insunt.
2007 3001 2100 3033 Unde
2123 3001 2266 3043 primum
2290 3000 2440 3032 convenit
2462 3000 2511 3031 lu-

1439 3047 1517 3078 mini
1541 3047 1574 3077 in
1598 3056 1684 3078 aere:
1710 3053 1875 3087 permanet
1898 3045 1983 3077 enim
1998 3046 2109 3077 lumen
2133 3045 2219 3076 idem
2242 3045 2275 3076 in
2297 3054 2368 3076 aere
2385 3045 2512 3080 eodem,

1439 3092 1588 3123 existente
1619 3091 1735 3122 eodem
1765 3090 1978 3122 illuminativo
2009 3090 2041 3121 in
2073 3090 2188 3121 eodem
2218 3089 2310 3126 loco;
2343 3099 2510 3130 nunquam

1438 3143 1545 3167 tamen
1568 3136 1662 3167 habet
1685 3136 1822 3167 modum
1845 3135 1967 3166 formae
1990 3134 2214 3175 permanentis,
2240 3143 2314 3164 cum
2330 3143 2456 3174 semper
2472 3133 2512 3166 sit

1438 3181 1471 3212 in
1495 3180 1571 3217 fieri,
1596 3181 1639 3212 ita
1663 3181 1753 3222 quod
1776 3190 1874 3212 suum
1896 3188 1964 3210 esse
1988 3178 2131 3210 consistit
2153 3178 2187 3209 in
2203 3177 2280 3215 fieri,
2298 3178 2380 3209 sicut
2397 3185 2428 3210 et
2442 3187 2512 3209 mo-

1438 3232 1499 3257 tus.
1532 3225 1692 3262 Quocirca
1715 3223 1889 3256 differentia
1915 3233 2012 3264 penes
2036 3223 2132 3254 talem
2156 3223 2292 3254 modum
2316 3222 2440 3254 essendi
2464 3222 2512 3253 di-

1438 3269 1618 3300 versitatem
1642 3268 1822 3310 specificam
1844 3267 1938 3299 infert
1961 3267 2156 3298 formarum:
2183 3277 2258 3297 nam
2282 3277 2364 3308 quae
2381 3277 2418 3298 ex
2436 3275 2510 3307 pro-

1438 3314 1507 3355 pria
1535 3320 1647 3345 natura
1675 3319 1766 3344 natae
1789 3318 1865 3343 sunt
1893 3311 2008 3343 habere
2032 3312 2168 3342 modum
2199 3311 2452 3352 permanentiae,
2481 3317 2512 3343 et

1438 3368 1521 3400 quae
1545 3368 1582 3389 ex
1605 3357 1733 3398 propria
1756 3363 1870 3388 natura
1892 3362 1983 3387 natae
2006 3363 2081 3387 sunt
2104 3356 2218 3387 habere
2234 3356 2371 3387 modum
2387 3364 2509 3386 succes-

1437 3403 1590 3438 sivomm,
1615 3401 1696 3432 sicut
1719 3400 1845 3432 habitus
1868 3409 1906 3430 ex
1929 3409 1986 3431 sua
2010 3406 2122 3431 natura
2146 3407 2176 3431 et
2200 3400 2368 3441 dispositio
2392 3409 2430 3431 ex
2452 3409 2510 3430 sua

1438 3453 1560 3482 natura,
1577 3445 1815 3486 distinguuntur
1830 3444 1944 3484 specie.
1969 3444 2057 3476 Sicut
2081 3455 2147 3475 non
2171 3444 2366 3485 praeiudicat
2387 3443 2510 3475 habitui

1438 3501 1476 3522 ex
1499 3497 1611 3521 natura
1633 3499 1691 3520 sua
1713 3489 1802 3530 quod
1833 3489 2028 3530 quandoque
2055 3489 2130 3520 insit
2153 3499 2210 3530 per
2233 3489 2369 3520 modum
2399 3487 2509 3528 dispo-

1438 3534 1571 3570 sitionis,
1596 3533 1727 3574 quando
1751 3533 1868 3564 scilicet
1892 3543 1957 3564 non
1977 3540 2024 3564 est
2047 3533 2206 3572 firmatus·,
2229 3533 2271 3565 ita
2295 3543 2362 3564 non
2386 3532 2509 3573 praeiu-

1439 3578 1522 3609 dicat
1544 3577 1666 3608 formae
1689 3587 1726 3608 ex
1750 3587 1807 3608 sua
1830 3584 1941 3608 natura
1965 3578 2164 3619 permanenti
2194 3578 2284 3619 quod
2311 3577 2508 3618 quandoque

1439 3631 1494 3662 per
1518 3621 1662 3652 accidens
1685 3621 1798 3652 habeat
1813 3623 1948 3653 modum
1965 3622 2171 3659 transeuntis;
2195 3628 2231 3653 ut
2251 3622 2290 3652 de
2303 3621 2426 3652 lumine
2441 3620 2509 3661 glo-
