<?xml version="1.0" encoding="UTF-8"?>
<!DOCTYPE html PUBLIC "-//W3C//DTD XHTML 1.0 Transitional//EN"
    "http://www.w3.org/TR/xhtml1/DTD/xhtml1-transitional.dtd">
<html xmlns="http://www.w3.org/1999/xhtml" xml:lang="en" lang="en">
 <head>
  <title>
</title>
<meta http-equiv="Content-Type" content="text/html;charset=utf-8" />
  <meta name='ocr-system' content='tesseract 3.04.00' />
  <meta name='ocr-capabilities' content='ocr_page ocr_carea ocr_par ocr_line ocrx_word'/>
</head>
<body>
  <div class='ocr_page' id='page_1' title='image "./operaomniaiussui10thom/operaomniaiussui10thom_0309.png"; bbox 0 0 2768 4198; ppageno 0'>
   <div class='ocr_carea' id='block_1_1' title="bbox 958 267 1796 318">
    <p class='ocr_par' dir='ltr' id='par_1_1' title="bbox 958 267 1796 318">
     <span class='ocr_line' id='line_1_1' title="bbox 958 267 1796 318; baseline -0.006 -10"><span class='ocrx_word' id='word_1_1' title='bbox 958 270 1225 318; x_wconf 91' lang='lat' dir='ltr'>QUAESTIO</span> <span class='ocrx_word' id='word_1_2' title='bbox 1256 270 1409 316; x_wconf 89' lang='lat' dir='ltr'>CLVII,</span> <span class='ocrx_word' id='word_1_3' title='bbox 1437 267 1735 305; x_wconf 88' lang='lat' dir='ltr'>ARTICULUS</span> <span class='ocrx_word' id='word_1_4' title='bbox 1765 267 1796 303; x_wconf 88' lang='lat'>11</span> 
     </span>
    </p>
   </div>
   <div class='ocr_carea' id='block_1_2' title="bbox 2397 266 2471 311">
    <p class='ocr_par' dir='ltr' id='par_1_2' title="bbox 2397 266 2471 311">
     <span class='ocr_line' id='line_1_2' title="bbox 2397 266 2471 311; baseline 0 -10"><span class='ocrx_word' id='word_1_5' title='bbox 2397 266 2471 311; x_wconf 87' lang='lat'>267</span> 
     </span>
    </p>
   </div>
   <div class='ocr_carea' id='block_1_3' title="bbox 42 342 2480 834">
    <p class='ocr_par' dir='ltr' id='par_1_3' title="bbox 42 342 2480 834">
     <span class='ocr_line' id='line_1_3' title="bbox 42 342 2477 401; baseline -0.005 -11"><span class='ocrx_word' id='word_1_6' title='bbox 42 369 52 380; x_wconf 80' lang='lat'><strong>·</strong></span> <span class='ocrx_word' id='word_1_7' title='bbox 66 369 122 396; x_wconf 74' lang='lat' dir='ltr'>cap.</span> <span class='ocrx_word' id='word_1_8' title='bbox 138 373 169 389; x_wconf 76' lang='lat' dir='ltr'>w.</span> <span class='ocrx_word' id='word_1_9' title='bbox 283 354 371 391; x_wconf 88' lang='lat' dir='ltr'>dicit</span> <span class='ocrx_word' id='word_1_10' title='bbox 400 354 559 399; x_wconf 81' lang='lat' dir='ltr'>Seneca,</span> <span class='ocrx_word' id='word_1_11' title='bbox 579 352 619 388; x_wconf 91' lang='lat' dir='ltr'>in</span> <span class='ocrx_word' id='word_1_12' title='bbox 647 353 679 388; x_wconf 89' lang='lat' dir='ltr'>II</span> <span class='ocrx_word' id='word_1_13' title='bbox 708 352 755 388; x_wconf 87' lang='lat' dir='ltr'>de</span> <span class='ocrx_word' id='word_1_14' title='bbox 778 350 893 388; x_wconf 88' lang='lat' dir='ltr'>Clem.</span> <span class='ocrx_word' id='word_1_15' title='bbox 914 350 944 396; x_wconf 71' lang='lat'>²¹⁸,</span> <span class='ocrx_word' id='word_1_16' title='bbox 975 349 1081 398; x_wconf 90' lang='lat' dir='ltr'>quod</span> <span class='ocrx_word' id='word_1_17' title='bbox 1101 348 1268 385; x_wconf 86' lang='lat' dir='ltr'><em>crudeles</em></span> <span class='ocrx_word' id='word_1_18' title='bbox 1286 360 1350 385; x_wconf 83' lang='grc' dir='ltr'>νο·</span> <span class='ocrx_word' id='word_1_19' title='bbox 1377 347 1379 401; x_wconf 69' lang='lat' dir='ltr'>J</span> <span class='ocrx_word' id='word_1_20' title='bbox 1405 360 1445 384; x_wconf 90' lang='lat' dir='ltr'>se</span> <span class='ocrx_word' id='word_1_21' title='bbox 1462 347 1706 394; x_wconf 83' lang='lat' dir='ltr'>delectantur,</span> <span class='ocrx_word' id='word_1_22' title='bbox 1719 345 1834 382; x_wconf 88' lang='lat' dir='ltr'>etiam</span> <span class='ocrx_word' id='word_1_23' title='bbox 1849 344 1931 381; x_wconf 88' lang='lat' dir='ltr'>sine</span> <span class='ocrx_word' id='word_1_24' title='bbox 1953 355 2080 390; x_wconf 85' lang='lat' dir='ltr'>causa,</span> <span class='ocrx_word' id='word_1_25' title='bbox 2096 351 2256 392; x_wconf 89' lang='lat' dir='ltr'>possunt</span> <span class='ocrx_word' id='word_1_26' title='bbox 2278 342 2351 380; x_wconf 90' lang='lat' dir='ltr'>dici</span> <span class='ocrx_word' id='word_1_27' title='bbox 2372 344 2477 379; x_wconf 76' lang='lat' dir='ltr'>saevi</span> 
     </span>
     <span class='ocr_line' id='line_1_4' title="bbox 142 396 2473 455; baseline -0.006 -11"><span class='ocrx_word' id='word_1_28' title='bbox 142 414 157 443; x_wconf 76' lang='grc' dir='ltr'><strong>ζ</strong></span> <span class='ocrx_word' id='word_1_29' title='bbox 283 413 418 444; x_wconf 87' lang='lat' dir='ltr'>cantur</span> <span class='ocrx_word' id='word_1_30' title='bbox 435 406 502 455; x_wconf 86' lang='lat' dir='ltr'>qui</span> <span class='ocrx_word' id='word_1_31' title='bbox 513 405 700 454; x_wconf 83' lang='lat' dir='ltr'>puniendi</span> <span class='ocrx_word' id='word_1_32' title='bbox 716 415 872 441; x_wconf 87' lang='lat' dir='ltr'>causam</span> <span class='ocrx_word' id='word_1_33' title='bbox 891 404 1041 447; x_wconf 84' lang='lat' dir='ltr'>habent,</span> <span class='ocrx_word' id='word_1_34' title='bbox 1061 403 1215 439; x_wconf 86' lang='lat' dir='ltr'>modum</span> <span class='ocrx_word' id='word_1_35' title='bbox 1245 414 1319 438; x_wconf 91' lang='lat' dir='ltr'>non</span> <span class='ocrx_word' id='word_1_36' title='bbox 1339 400 1351 424; x_wconf 58' lang='grc' dir='ltr'>ζ</span> <span class='ocrx_word' id='word_1_37' title='bbox 1404 401 1467 438; x_wconf 87' lang='lat' dir='ltr'>vel</span> <span class='ocrx_word' id='word_1_38' title='bbox 1474 401 1570 448; x_wconf 87' lang='lat' dir='ltr'>feri,</span> <span class='ocrx_word' id='word_1_39' title='bbox 1591 399 1700 448; x_wconf 87' lang='lat' dir='ltr'>quasi</span> <span class='ocrx_word' id='word_1_40' title='bbox 1729 398 1909 436; x_wconf 88' lang='lat' dir='ltr'>affectum</span> <span class='ocrx_word' id='word_1_41' title='bbox 1939 398 2154 434; x_wconf 89' lang='lat' dir='ltr'>humanum</span> <span class='ocrx_word' id='word_1_42' title='bbox 2179 408 2258 432; x_wconf 91' lang='lat' dir='ltr'>non</span> <span class='ocrx_word' id='word_1_43' title='bbox 2277 396 2473 443; x_wconf 85' lang='lat' dir='ltr'>habentes,</span> 
     </span>
     <span class='ocr_line' id='line_1_5' title="bbox 282 449 2348 506; baseline -0.006 -9"><span class='ocrx_word' id='word_1_44' title='bbox 282 461 430 497; x_wconf 86' lang='lat' dir='ltr'>habent.</span> <span class='ocrx_word' id='word_1_45' title='bbox 459 481 483 488; x_wconf 94' lang='lat'>-</span> <span class='ocrx_word' id='word_1_46' title='bbox 504 458 583 506; x_wconf 81' lang='lat' dir='ltr'>Qui</span> <span class='ocrx_word' id='word_1_47' title='bbox 602 465 730 495; x_wconf 90' lang='lat' dir='ltr'>autem</span> <span class='ocrx_word' id='word_1_48' title='bbox 752 457 791 494; x_wconf 91' lang='lat' dir='ltr'>in</span> <span class='ocrx_word' id='word_1_49' title='bbox 809 456 945 506; x_wconf 89' lang='lat' dir='ltr'>poenis</span> <span class='ocrx_word' id='word_1_50' title='bbox 973 455 1176 493; x_wconf 89' lang='lat' dir='ltr'>hominum</span> <span class='ocrx_word' id='word_1_51' title='bbox 1197 462 1353 504; x_wconf 89' lang='lat' dir='ltr'>propter</span> <span class='ocrx_word' id='word_1_52' title='bbox 1406 466 1452 490; x_wconf 87' lang='lat' dir='ltr'>ex</span> <span class='ocrx_word' id='word_1_53' title='bbox 1480 465 1557 502; x_wconf 91' lang='lat' dir='ltr'>quo</span> <span class='ocrx_word' id='word_1_54' title='bbox 1586 452 1807 489; x_wconf 83' lang='lat' dir='ltr'>naturaliter</span> <span class='ocrx_word' id='word_1_55' title='bbox 1833 452 1954 488; x_wconf 89' lang='lat' dir='ltr'>homo</span> <span class='ocrx_word' id='word_1_56' title='bbox 1993 450 2109 498; x_wconf 90' lang='lat' dir='ltr'>diligit</span> <span class='ocrx_word' id='word_1_57' title='bbox 2137 449 2348 486; x_wconf 88' lang='lat' dir='ltr'>hominem.</span> 
     </span>
     <span class='ocr_line' id='line_1_6' title="bbox 335 588 711 623; baseline -0.003 -8"><span class='ocrx_word' id='word_1_58' title='bbox 335 590 361 623; x_wconf 86' lang='grc' dir='ltr'>ζ)</span> <span class='ocrx_word' id='word_1_59' title='bbox 382 597 444 615; x_wconf 82' lang='lat' dir='ltr'>non.</span> <span class='ocrx_word' id='word_1_60' title='bbox 457 603 475 609; x_wconf 97' lang='lat'>-</span> <span class='ocrx_word' id='word_1_61' title='bbox 494 593 584 614; x_wconf 78' lang='lat' dir='ltr'>tamen</span> <span class='ocrx_word' id='word_1_62' title='bbox 609 596 662 614; x_wconf 83' lang='lat' dir='ltr'>non</span> <span class='ocrx_word' id='word_1_63' title='bbox 683 588 711 614; x_wconf 85' lang='lat' dir='ltr'>P.</span> 
     </span>
     <span class='ocr_line' id='line_1_7' title="bbox 961 666 1803 701; baseline -0.005 0"><span class='ocrx_word' id='word_1_64' title='bbox 961 668 1299 701; x_wconf 60' lang='lat' dir='ltr'>Commentario</span> <span class='ocrx_word' id='word_1_65' title='bbox 1321 666 1574 701; x_wconf 73' lang='lat' dir='ltr'>Cardine-lis</span> <span class='ocrx_word' id='word_1_66' title='bbox 1597 666 1803 700; x_wconf 76' lang='lat' dir='ltr'>Caietam</span> 
     </span>
     <span class='ocr_line' id='line_1_8' title="bbox 315 746 2480 791; baseline -0.001 -10"><span class='ocrx_word' id='word_1_67' title='bbox 315 761 335 781; x_wconf 70' lang='lat' dir='ltr'>n</span> <span class='ocrx_word' id='word_1_68' title='bbox 359 750 492 781; x_wconf 85' lang='lat' dir='ltr'>articulo</span> <span class='ocrx_word' id='word_1_69' title='bbox 517 750 622 790; x_wconf 86' lang='lat' dir='ltr'>primo</span> <span class='ocrx_word' id='word_1_70' title='bbox 647 748 843 791; x_wconf 87' lang='lat' dir='ltr'>quaestionis</span> <span class='ocrx_word' id='word_1_71' title='bbox 864 746 1355 789; x_wconf 85' lang='lat' dir='ltr'>centesimaequinquagesimae·</span> <span class='ocrx_word' id='word_1_72' title='bbox 1410 746 1504 777; x_wconf 87' lang='lat' dir='ltr'>teriae</span> <span class='ocrx_word' id='word_1_73' title='bbox 1521 746 1704 777; x_wconf 87' lang='lat' dir='ltr'>clementiae</span> <span class='ocrx_word' id='word_1_74' title='bbox 1722 753 1752 777; x_wconf 88' lang='lat' dir='ltr'>et</span> <span class='ocrx_word' id='word_1_75' title='bbox 1767 747 2018 777; x_wconf 84' lang='lat' dir='ltr'>mansuetudinis</span> <span class='ocrx_word' id='word_1_76' title='bbox 2043 747 2227 787; x_wconf 84' lang='lat' dir='ltr'>disparatae,</span> <span class='ocrx_word' id='word_1_77' title='bbox 2244 747 2326 778; x_wconf 88' lang='lat' dir='ltr'>sicut</span> <span class='ocrx_word' id='word_1_78' title='bbox 2344 747 2480 778; x_wconf 90' lang='lat' dir='ltr'>iustitiae</span> 
     </span>
     <span class='ocr_line' id='line_1_9' title="bbox 45 762 2480 834; baseline -0.001 -10"><span class='ocrx_word' id='word_1_79' title='bbox 45 801 248 824; x_wconf 63' lang='lat' dir='ltr'>*DeMansuetua</span> <span class='ocrx_word' id='word_1_80' title='bbox 288 762 479 834; x_wconf 80' lang='lat' dir='ltr'>Iseptimae,</span> <span class='ocrx_word' id='word_1_81' title='bbox 508 794 644 824; x_wconf 90' lang='lat' dir='ltr'>dubium</span> <span class='ocrx_word' id='word_1_82' title='bbox 673 804 710 824; x_wconf 83' lang='lat' dir='ltr'>ex</span> <span class='ocrx_word' id='word_1_83' title='bbox 733 793 871 824; x_wconf 88' lang='lat' dir='ltr'>Martino</span> <span class='ocrx_word' id='word_1_84' title='bbox 885 792 903 812; x_wconf 89' lang='lat'><strong><em>*</em></strong></span> <span class='ocrx_word' id='word_1_85' title='bbox 926 792 1077 828; x_wconf 79' lang='lat' dir='ltr'>occurrit,</span> <span class='ocrx_word' id='word_1_86' title='bbox 1103 792 1217 822; x_wconf 87' lang='lat' dir='ltr'>directe</span> <span class='ocrx_word' id='word_1_87' title='bbox 1247 791 1353 831; x_wconf 93' lang='lat' dir='ltr'>impu·</span> <span class='ocrx_word' id='word_1_88' title='bbox 1411 797 1442 821; x_wconf 87' lang='lat' dir='ltr'>et</span> <span class='ocrx_word' id='word_1_89' title='bbox 1452 790 1660 821; x_wconf 82' lang='lat' dir='ltr'>liberalitatis:</span> <span class='ocrx_word' id='word_1_90' title='bbox 1678 797 1709 821; x_wconf 91' lang='lat' dir='ltr'>et</span> <span class='ocrx_word' id='word_1_91' title='bbox 1724 801 1789 821; x_wconf 93' lang='lat' dir='ltr'>non</span> <span class='ocrx_word' id='word_1_92' title='bbox 1806 798 1880 822; x_wconf 89' lang='lat' dir='ltr'>sunt</span> <span class='ocrx_word' id='word_1_93' title='bbox 1895 791 2127 828; x_wconf 87' lang='lat' dir='ltr'>subordinatae,</span> <span class='ocrx_word' id='word_1_94' title='bbox 2141 791 2200 822; x_wconf 90' lang='lat' dir='ltr'>nisi</span> <span class='ocrx_word' id='word_1_95' title='bbox 2217 791 2347 832; x_wconf 86' lang='lat' dir='ltr'>quando</span> <span class='ocrx_word' id='word_1_96' title='bbox 2363 802 2419 832; x_wconf 88' lang='lat' dir='ltr'>per</span> <span class='ocrx_word' id='word_1_97' title='bbox 2432 802 2480 822; x_wconf 89' lang='lat' dir='ltr'>ac-</span> 
     </span>
    </p>
   </div>
   <div class='ocr_carea' id='block_1_4' title="bbox 45 817 258 858">
    <p class='ocr_par' dir='ltr' id='par_1_4' title="bbox 45 817 258 858">
     <span class='ocr_line' id='line_1_10' title="bbox 45 817 258 858; baseline -0.009 -7"><span class='ocrx_word' id='word_1_98' title='bbox 45 835 84 858; x_wconf 85' lang='lat' dir='ltr'>qu.</span> <span class='ocrx_word' id='word_1_99' title='bbox 95 835 112 855; x_wconf 80' lang='grc' dir='ltr'>ι,</span> <span class='ocrx_word' id='word_1_100' title='bbox 124 829 148 850; x_wconf 90' lang='lat' dir='ltr'>in</span> <span class='ocrx_word' id='word_1_101' title='bbox 162 817 258 850; x_wconf 48' lang='lat' dir='ltr'>notandi</span> 
     </span>
    </p>
   </div>
   <div class='ocr_carea' id='block_1_5' title="bbox 45 835 1357 879">
    <p class='ocr_par' dir='ltr' id='par_1_5' title="bbox 45 835 1357 879">
     <span class='ocr_line' id='line_1_11' title="bbox 45 835 1357 879; baseline -0.004 -9"><span class='ocrx_word' id='word_1_102' title='bbox 45 859 98 878; x_wconf 81' lang='lat' dir='ltr'>ante</span> <span class='ocrx_word' id='word_1_103' title='bbox 111 855 215 877; x_wconf 75' lang='lat' dir='ltr'>conclus.</span> <span class='ocrx_word' id='word_1_104' title='bbox 284 845 400 879; x_wconf 84' lang='lat' dir='ltr'>gnante</span> <span class='ocrx_word' id='word_1_105' title='bbox 423 841 598 869; x_wconf 88' lang='lat' dir='ltr'>Auctorem</span> <span class='ocrx_word' id='word_1_106' title='bbox 620 838 654 868; x_wconf 92' lang='lat' dir='ltr'>in</span> <span class='ocrx_word' id='word_1_107' title='bbox 677 838 738 868; x_wconf 90' lang='lat' dir='ltr'>hoc</span> <span class='ocrx_word' id='word_1_108' title='bbox 763 838 911 874; x_wconf 89' lang='lat' dir='ltr'>articulo,</span> <span class='ocrx_word' id='word_1_109' title='bbox 938 837 1017 868; x_wconf 89' lang='lat' dir='ltr'>circa</span> <span class='ocrx_word' id='word_1_110' title='bbox 1048 835 1255 867; x_wconf 87' lang='lat' dir='ltr'>differentiam</span> <span class='ocrx_word' id='word_1_111' title='bbox 1277 835 1357 865; x_wconf 91' lang='lat' dir='ltr'>inter</span> 
     </span>
    </p>
   </div>
   <div class='ocr_carea' id='block_1_6' title="bbox 273 879 1367 1846">
    <p class='ocr_par' dir='ltr' id='par_1_6' title="bbox 284 879 1362 1323">
     <span class='ocr_line' id='line_1_12' title="bbox 284 879 1358 922; baseline -0.005 -8"><span class='ocrx_word' id='word_1_112' title='bbox 284 883 563 914; x_wconf 88' lang='lat' dir='ltr'>mansuetudinem</span> <span class='ocrx_word' id='word_1_113' title='bbox 580 890 611 914; x_wconf 92' lang='lat' dir='ltr'>et</span> <span class='ocrx_word' id='word_1_114' title='bbox 625 882 825 913; x_wconf 81' lang='lat' dir='ltr'>clementiam</span> <span class='ocrx_word' id='word_1_115' title='bbox 849 882 882 912; x_wconf 91' lang='lat' dir='ltr'>in</span> <span class='ocrx_word' id='word_1_116' title='bbox 905 881 967 912; x_wconf 92' lang='lat' dir='ltr'>hoc</span> <span class='ocrx_word' id='word_1_117' title='bbox 983 881 1073 922; x_wconf 90' lang='lat' dir='ltr'>quod</span> <span class='ocrx_word' id='word_1_118' title='bbox 1089 879 1255 911; x_wconf 86' lang='lat' dir='ltr'>clementia</span> <span class='ocrx_word' id='word_1_119' title='bbox 1278 879 1358 910; x_wconf 84' lang='lat' dir='ltr'>circa</span> 
     </span>
     <span class='ocr_line' id='line_1_13' title="bbox 286 924 1358 969; baseline -0.004 -11"><span class='ocrx_word' id='word_1_120' title='bbox 286 927 534 959; x_wconf 86' lang='lat' dir='ltr'>diminutionem</span> <span class='ocrx_word' id='word_1_121' title='bbox 544 927 712 969; x_wconf 19' lang='lat' dir='ltr'>,exterioris</span> <span class='ocrx_word' id='word_1_122' title='bbox 736 937 870 968; x_wconf 88' lang='lat' dir='ltr'>poenae,</span> <span class='ocrx_word' id='word_1_123' title='bbox 886 926 1100 956; x_wconf 86' lang='lat' dir='ltr'>mansuetudo</span> <span class='ocrx_word' id='word_1_124' title='bbox 1116 935 1192 955; x_wconf 88' lang='lat' dir='ltr'>vero</span> <span class='ocrx_word' id='word_1_125' title='bbox 1217 924 1298 955; x_wconf 90' lang='lat' dir='ltr'>circa</span> <span class='ocrx_word' id='word_1_126' title='bbox 1313 924 1358 954; x_wconf 89' lang='lat' dir='ltr'>di-</span> 
     </span>
     <span class='ocr_line' id='line_1_14' title="bbox 286 968 1359 1013; baseline -0.004 -11"><span class='ocrx_word' id='word_1_127' title='bbox 286 972 501 1002; x_wconf 89' lang='lat' dir='ltr'>minutionem</span> <span class='ocrx_word' id='word_1_128' title='bbox 523 971 680 1013; x_wconf 85' lang='lat' dir='ltr'>passionis</span> <span class='ocrx_word' id='word_1_129' title='bbox 700 972 764 1002; x_wconf 90' lang='lat' dir='ltr'>irae</span> <span class='ocrx_word' id='word_1_130' title='bbox 783 971 923 1012; x_wconf 90' lang='lat' dir='ltr'>ponitur.</span> <span class='ocrx_word' id='word_1_131' title='bbox 949 970 1079 1006; x_wconf 86' lang='lat' dir='ltr'>Contra,</span> <span class='ocrx_word' id='word_1_132' title='bbox 1089 970 1199 1010; x_wconf 79' lang='lat' dir='ltr'>primo</span> <span class='ocrx_word' id='word_1_133' title='bbox 1213 968 1241 999; x_wconf 89' lang='lat'>*.</span> <span class='ocrx_word' id='word_1_134' title='bbox 1267 968 1359 999; x_wconf 86' lang='lat' dir='ltr'>Circa</span> 
     </span>
     <span class='ocr_line' id='line_1_15' title="bbox 286 1013 1358 1048; baseline -0.005 -1"><span class='ocrx_word' id='word_1_135' title='bbox 286 1023 393 1048; x_wconf 90' lang='lat' dir='ltr'>actum</span> <span class='ocrx_word' id='word_1_136' title='bbox 423 1016 606 1047; x_wconf 89' lang='lat' dir='ltr'>interiorem</span> <span class='ocrx_word' id='word_1_137' title='bbox 629 1022 659 1047; x_wconf 92' lang='lat' dir='ltr'>et</span> <span class='ocrx_word' id='word_1_138' title='bbox 688 1015 873 1046; x_wconf 86' lang='lat' dir='ltr'>exteriorem</span> <span class='ocrx_word' id='word_1_139' title='bbox 902 1015 960 1045; x_wconf 92' lang='lat' dir='ltr'>sibi</span> <span class='ocrx_word' id='word_1_140' title='bbox 993 1013 1235 1045; x_wconf 87' lang='lat' dir='ltr'>subordinatum</span> <span class='ocrx_word' id='word_1_141' title='bbox 1260 1019 1290 1043; x_wconf 92' lang='lat' dir='ltr'>et</span> <span class='ocrx_word' id='word_1_142' title='bbox 1320 1013 1358 1042; x_wconf 90' lang='lat' dir='ltr'>ab</span> 
     </span>
     <span class='ocr_line' id='line_1_16' title="bbox 286 1057 1359 1101; baseline -0.005 -10"><span class='ocrx_word' id='word_1_143' title='bbox 286 1070 325 1091; x_wconf 90' lang='lat' dir='ltr'>eo</span> <span class='ocrx_word' id='word_1_144' title='bbox 349 1061 551 1101; x_wconf 89' lang='lat' dir='ltr'>imperatum,</span> <span class='ocrx_word' id='word_1_145' title='bbox 576 1071 642 1091; x_wconf 90' lang='lat' dir='ltr'>non</span> <span class='ocrx_word' id='word_1_146' title='bbox 667 1067 742 1091; x_wconf 89' lang='lat' dir='ltr'>sunt</span> <span class='ocrx_word' id='word_1_147' title='bbox 764 1059 932 1100; x_wconf 88' lang='lat' dir='ltr'>ponendae</span> <span class='ocrx_word' id='word_1_148' title='bbox 956 1059 1037 1089; x_wconf 86' lang='lat' dir='ltr'>duae</span> <span class='ocrx_word' id='word_1_149' title='bbox 1060 1058 1200 1088; x_wconf 87' lang='lat' dir='ltr'>virtutes.</span> <span class='ocrx_word' id='word_1_150' title='bbox 1226 1057 1288 1088; x_wconf 90' lang='lat' dir='ltr'>Sed</span> <span class='ocrx_word' id='word_1_151' title='bbox 1304 1067 1359 1096; x_wconf 90' lang='lat' dir='ltr'>ap-</span> 
     </span>
     <span class='ocr_line' id='line_1_17' title="bbox 287 1101 1360 1145; baseline -0.007 -8"><span class='ocrx_word' id='word_1_152' title='bbox 287 1112 392 1145; x_wconf 86' lang='lat' dir='ltr'>petere</span> <span class='ocrx_word' id='word_1_153' title='bbox 415 1105 590 1136; x_wconf 84' lang='lat' dir='ltr'>vindictam</span> <span class='ocrx_word' id='word_1_154' title='bbox 613 1111 643 1136; x_wconf 91' lang='lat' dir='ltr'>et</span> <span class='ocrx_word' id='word_1_155' title='bbox 665 1104 779 1134; x_wconf 87' lang='lat' dir='ltr'>inferre</span> <span class='ocrx_word' id='word_1_156' title='bbox 808 1113 948 1144; x_wconf 91' lang='lat' dir='ltr'>poenam</span> <span class='ocrx_word' id='word_1_157' title='bbox 972 1112 1004 1133; x_wconf 88' lang='lat' dir='ltr'>se</span> <span class='ocrx_word' id='word_1_158' title='bbox 1028 1103 1145 1132; x_wconf 86' lang='lat' dir='ltr'>habent</span> <span class='ocrx_word' id='word_1_159' title='bbox 1169 1101 1249 1131; x_wconf 91' lang='lat' dir='ltr'>sicut</span> <span class='ocrx_word' id='word_1_160' title='bbox 1272 1107 1360 1131; x_wconf 86' lang='lat' dir='ltr'>actus</span> 
     </span>
     <span class='ocr_line' id='line_1_18' title="bbox 286 1145 1361 1188; baseline -0.006 -8"><span class='ocrx_word' id='word_1_161' title='bbox 286 1149 418 1180; x_wconf 90' lang='lat' dir='ltr'>interior</span> <span class='ocrx_word' id='word_1_162' title='bbox 441 1156 471 1181; x_wconf 90' lang='lat' dir='ltr'>et</span> <span class='ocrx_word' id='word_1_163' title='bbox 501 1149 635 1181; x_wconf 77' lang='lat' dir='ltr'>exterior</span> <span class='ocrx_word' id='word_1_164' title='bbox 658 1149 696 1179; x_wconf 84' lang='lat' dir='ltr'>ab</span> <span class='ocrx_word' id='word_1_165' title='bbox 719 1148 776 1178; x_wconf 88' lang='lat' dir='ltr'>illo</span> <span class='ocrx_word' id='word_1_166' title='bbox 799 1147 991 1188; x_wconf 89' lang='lat' dir='ltr'>imperatus:</span> <span class='ocrx_word' id='word_1_167' title='bbox 1020 1146 1096 1187; x_wconf 83' lang='lat' dir='ltr'>quia</span> <span class='ocrx_word' id='word_1_168' title='bbox 1119 1145 1283 1176; x_wconf 87' lang='lat' dir='ltr'>efficaciter</span> <span class='ocrx_word' id='word_1_169' title='bbox 1308 1155 1361 1184; x_wconf 90' lang='lat' dir='ltr'>ap-</span> 
     </span>
     <span class='ocr_line' id='line_1_19' title="bbox 287 1189 1362 1235; baseline -0.007 -10"><span class='ocrx_word' id='word_1_170' title='bbox 287 1200 397 1235; x_wconf 87' lang='lat' dir='ltr'>petens</span> <span class='ocrx_word' id='word_1_171' title='bbox 420 1194 602 1230; x_wconf 86' lang='lat' dir='ltr'>vindictam,</span> <span class='ocrx_word' id='word_1_172' title='bbox 619 1193 645 1223; x_wconf 92' lang='lat' dir='ltr'>si</span> <span class='ocrx_word' id='word_1_173' title='bbox 668 1199 774 1233; x_wconf 88' lang='lat' dir='ltr'>potest</span> <span class='ocrx_word' id='word_1_174' title='bbox 795 1191 909 1222; x_wconf 87' lang='lat' dir='ltr'>inferre</span> <span class='ocrx_word' id='word_1_175' title='bbox 930 1200 1079 1231; x_wconf 87' lang='lat' dir='ltr'>poenam,</span> <span class='ocrx_word' id='word_1_176' title='bbox 1095 1189 1198 1220; x_wconf 88' lang='lat' dir='ltr'>infert.</span> <span class='ocrx_word' id='word_1_177' title='bbox 1216 1207 1235 1212; x_wconf 97' lang='lat'><em>-</em></span> <span class='ocrx_word' id='word_1_178' title='bbox 1259 1189 1362 1219; x_wconf 91' lang='lat' dir='ltr'>Maior</span> 
     </span>
     <span class='ocr_line' id='line_1_20' title="bbox 287 1234 1360 1279; baseline -0.007 -10"><span class='ocrx_word' id='word_1_179' title='bbox 287 1239 450 1279; x_wconf 83' lang='lat' dir='ltr'>probatur.</span> <span class='ocrx_word' id='word_1_180' title='bbox 480 1238 564 1276; x_wconf 85' lang='lat' dir='ltr'>Quia</span> <span class='ocrx_word' id='word_1_181' title='bbox 593 1244 681 1268; x_wconf 90' lang='lat' dir='ltr'>actus</span> <span class='ocrx_word' id='word_1_182' title='bbox 714 1236 844 1267; x_wconf 88' lang='lat' dir='ltr'>interior</span> <span class='ocrx_word' id='word_1_183' title='bbox 871 1242 901 1266; x_wconf 93' lang='lat' dir='ltr'>et</span> <span class='ocrx_word' id='word_1_184' title='bbox 921 1235 1055 1266; x_wconf 84' lang='lat' dir='ltr'>exterior</span> <span class='ocrx_word' id='word_1_185' title='bbox 1082 1234 1194 1264; x_wconf 89' lang='lat' dir='ltr'>eadem</span> <span class='ocrx_word' id='word_1_186' title='bbox 1225 1243 1360 1263; x_wconf 90' lang='lat' dir='ltr'>numero</span> 
     </span>
     <span class='ocr_line' id='line_1_21' title="bbox 288 1281 674 1323; baseline -0.008 -10"><span class='ocrx_word' id='word_1_187' title='bbox 288 1281 456 1323; x_wconf 87' lang='lat' dir='ltr'>prudentia</span> <span class='ocrx_word' id='word_1_188' title='bbox 480 1282 674 1322; x_wconf 82' lang='lat' dir='ltr'>regulantur.</span> 
     </span>
    </p>

    <p class='ocr_par' dir='ltr' id='par_1_7' title="bbox 273 1320 1364 1589">
     <span class='ocr_line' id='line_1_22' title="bbox 273 1320 1363 1366; baseline -0.006 -9"><span class='ocrx_word' id='word_1_189' title='bbox 273 1343 289 1347; x_wconf 32' lang='grc' dir='ltr'>ν-</span> <span class='ocrx_word' id='word_1_190' title='bbox 304 1325 509 1363; x_wconf 32' lang='lat' dir='ltr'>*asez-ando,</span> <span class='ocrx_word' id='word_1_191' title='bbox 534 1325 611 1366; x_wconf 89' lang='lat' dir='ltr'>quia</span> <span class='ocrx_word' id='word_1_192' title='bbox 635 1324 802 1355; x_wconf 87' lang='lat' dir='ltr'>clementia</span> <span class='ocrx_word' id='word_1_193' title='bbox 826 1323 960 1354; x_wconf 90' lang='lat' dir='ltr'>omnino</span> <span class='ocrx_word' id='word_1_194' title='bbox 991 1322 1208 1363; x_wconf 86' lang='lat' dir='ltr'>superflueret.</span> <span class='ocrx_word' id='word_1_195' title='bbox 1242 1320 1363 1352; x_wconf 89' lang='lat' dir='ltr'>Conse-</span> 
     </span>
     <span class='ocr_line' id='line_1_23' title="bbox 288 1366 1363 1411; baseline -0.006 -10"><span class='ocrx_word' id='word_1_196' title='bbox 288 1380 390 1411; x_wconf 85' lang='lat' dir='ltr'>quens</span> <span class='ocrx_word' id='word_1_197' title='bbox 405 1376 452 1400; x_wconf 87' lang='lat' dir='ltr'>est</span> <span class='ocrx_word' id='word_1_198' title='bbox 466 1369 593 1401; x_wconf 84' lang='lat' dir='ltr'>falsum.</span> <span class='ocrx_word' id='word_1_199' title='bbox 613 1369 709 1409; x_wconf 89' lang='lat' dir='ltr'>Ergo.</span> <span class='ocrx_word' id='word_1_200' title='bbox 723 1386 744 1391; x_wconf 95' lang='lat'><em>-</em></span> <span class='ocrx_word' id='word_1_201' title='bbox 760 1369 916 1404; x_wconf 79' lang='lat' dir='ltr'>Probatur</span> <span class='ocrx_word' id='word_1_202' title='bbox 931 1367 1068 1408; x_wconf 87' lang='lat' dir='ltr'>sequela.</span> <span class='ocrx_word' id='word_1_203' title='bbox 1089 1366 1184 1404; x_wconf 84' lang='lat' dir='ltr'>Quia,</span> <span class='ocrx_word' id='word_1_204' title='bbox 1200 1366 1363 1396; x_wconf 82' lang='lat' dir='ltr'>moderata</span> 
     </span>
     <span class='ocr_line' id='line_1_24' title="bbox 288 1409 1364 1455; baseline -0.005 -10"><span class='ocrx_word' id='word_1_205' title='bbox 288 1414 383 1455; x_wconf 85' lang='lat' dir='ltr'>plene</span> <span class='ocrx_word' id='word_1_206' title='bbox 405 1414 460 1451; x_wconf 85' lang='lat' dir='ltr'>ira,</span> <span class='ocrx_word' id='word_1_207' title='bbox 485 1421 540 1445; x_wconf 86' lang='lat' dir='ltr'>aut</span> <span class='ocrx_word' id='word_1_208' title='bbox 563 1420 610 1445; x_wconf 89' lang='lat' dir='ltr'>est</span> <span class='ocrx_word' id='word_1_209' title='bbox 632 1413 797 1443; x_wconf 83' lang='lat' dir='ltr'>moderata</span> <span class='ocrx_word' id='word_1_210' title='bbox 813 1412 912 1443; x_wconf 83' lang='lat' dir='ltr'>illa&#39;n&#39;o</span> <span class='ocrx_word' id='word_1_211' title='bbox 929 1421 1063 1452; x_wconf 84' lang='lat' dir='ltr'>poenae,</span> <span class='ocrx_word' id='word_1_212' title='bbox 1087 1418 1142 1442; x_wconf 87' lang='lat' dir='ltr'>aut</span> <span class='ocrx_word' id='word_1_213' title='bbox 1165 1420 1244 1440; x_wconf 90' lang='lat' dir='ltr'>non.</span> <span class='ocrx_word' id='word_1_214' title='bbox 1268 1409 1301 1440; x_wconf 87' lang='lat' dir='ltr'>Si</span> <span class='ocrx_word' id='word_1_215' title='bbox 1318 1416 1364 1440; x_wconf 89' lang='lat' dir='ltr'>est</span> 
     </span>
     <span class='ocr_line' id='line_1_25' title="bbox 290 1454 1364 1499; baseline -0.006 -9"><span class='ocrx_word' id='word_1_216' title='bbox 290 1459 463 1495; x_wconf 85' lang='lat' dir='ltr'>moderata,</span> <span class='ocrx_word' id='word_1_217' title='bbox 487 1468 564 1499; x_wconf 90' lang='lat' dir='ltr'>ergo</span> <span class='ocrx_word' id='word_1_218' title='bbox 588 1457 755 1498; x_wconf 84' lang='lat' dir='ltr'>superfluit</span> <span class='ocrx_word' id='word_1_219' title='bbox 774 1456 950 1488; x_wconf 89' lang='lat' dir='ltr'>clementia.</span> <span class='ocrx_word' id='word_1_220' title='bbox 975 1456 1008 1486; x_wconf 87' lang='lat' dir='ltr'>Si</span> <span class='ocrx_word' id='word_1_221' title='bbox 1032 1466 1109 1492; x_wconf 90' lang='lat' dir='ltr'>non,</span> <span class='ocrx_word' id='word_1_222' title='bbox 1127 1454 1241 1485; x_wconf 89' lang='lat' dir='ltr'>dicitur</span> <span class='ocrx_word' id='word_1_223' title='bbox 1261 1464 1364 1485; x_wconf 91' lang='lat' dir='ltr'>unum</span> 
     </span>
     <span class='ocr_line' id='line_1_26' title="bbox 289 1499 1364 1544; baseline -0.005 -10"><span class='ocrx_word' id='word_1_224' title='bbox 289 1503 500 1544; x_wconf 86' lang='lat' dir='ltr'>impossibile:</span> <span class='ocrx_word' id='word_1_225' title='bbox 525 1503 601 1544; x_wconf 87' lang='lat' dir='ltr'>quia</span> <span class='ocrx_word' id='word_1_226' title='bbox 624 1502 724 1533; x_wconf 85' lang='lat' dir='ltr'>illatio</span> <span class='ocrx_word' id='word_1_227' title='bbox 749 1511 873 1542; x_wconf 85' lang='lat' dir='ltr'>poenae</span> <span class='ocrx_word' id='word_1_228' title='bbox 891 1501 924 1531; x_wconf 90' lang='lat' dir='ltr'>in</span> <span class='ocrx_word' id='word_1_229' title='bbox 949 1500 1106 1531; x_wconf 89' lang='lat' dir='ltr'>ultionem</span> <span class='ocrx_word' id='word_1_230' title='bbox 1126 1499 1259 1530; x_wconf 86' lang='lat' dir='ltr'>iniuriae</span> <span class='ocrx_word' id='word_1_231' title='bbox 1282 1509 1364 1530; x_wconf 91' lang='lat' dir='ltr'>nun-</span> 
     </span>
     <span class='ocr_line' id='line_1_27' title="bbox 291 1546 797 1589; baseline -0.006 -10"><span class='ocrx_word' id='word_1_232' title='bbox 291 1557 387 1589; x_wconf 87' lang='lat' dir='ltr'>quam</span> <span class='ocrx_word' id='word_1_233' title='bbox 408 1546 444 1578; x_wconf 87' lang='lat' dir='ltr'>fit</span> <span class='ocrx_word' id='word_1_234' title='bbox 467 1547 534 1578; x_wconf 90' lang='lat' dir='ltr'>sine</span> <span class='ocrx_word' id='word_1_235' title='bbox 557 1547 700 1588; x_wconf 89' lang='lat' dir='ltr'>impulsu</span> <span class='ocrx_word' id='word_1_236' title='bbox 725 1546 797 1577; x_wconf 89' lang='lat' dir='ltr'>irae.</span> 
     </span>
    </p>

    <p class='ocr_par' dir='ltr' id='par_1_8' title="bbox 290 1588 1367 1846">
     <span class='ocr_line' id='line_1_28' title="bbox 350 1588 1364 1633; baseline -0.005 -10"><span class='ocrx_word' id='word_1_237' title='bbox 350 1593 474 1630; x_wconf 79' lang='lat' dir='ltr'>Tertio,</span> <span class='ocrx_word' id='word_1_238' title='bbox 500 1592 577 1633; x_wconf 86' lang='lat' dir='ltr'>quia</span> <span class='ocrx_word' id='word_1_239' title='bbox 601 1597 786 1632; x_wconf 82' lang='lat' dir='ltr'>sequeretur</span> <span class='ocrx_word' id='word_1_240' title='bbox 808 1590 948 1631; x_wconf 85' lang='lat' dir='ltr'>aliquem</span> <span class='ocrx_word' id='word_1_241' title='bbox 969 1589 1066 1620; x_wconf 87' lang='lat' dir='ltr'>simul</span> <span class='ocrx_word' id='word_1_242' title='bbox 1090 1598 1157 1619; x_wconf 88' lang='lat' dir='ltr'>esse</span> <span class='ocrx_word' id='word_1_243' title='bbox 1188 1588 1364 1620; x_wconf 89' lang='lat' dir='ltr'>clementis-</span> 
     </span>
     <span class='ocr_line' id='line_1_29' title="bbox 290 1633 1366 1671; baseline -0.005 -3"><span class='ocrx_word' id='word_1_244' title='bbox 290 1637 411 1668; x_wconf 71' lang='lat' dir='ltr'>simum</span> <span class='ocrx_word' id='word_1_245' title='bbox 442 1643 472 1668; x_wconf 87' lang='lat' dir='ltr'>et</span> <span class='ocrx_word' id='word_1_246' title='bbox 501 1635 797 1671; x_wconf 77' lang='lat' dir='ltr'>iracundissimum,</span> <span class='ocrx_word' id='word_1_247' title='bbox 824 1641 855 1665; x_wconf 92' lang='lat' dir='ltr'>et</span> <span class='ocrx_word' id='word_1_248' title='bbox 877 1633 1022 1665; x_wconf 84' lang='lat' dir='ltr'>similiter</span> <span class='ocrx_word' id='word_1_249' title='bbox 1054 1633 1310 1664; x_wconf 89' lang='lat' dir='ltr'>crudelissimum</span> <span class='ocrx_word' id='word_1_250' title='bbox 1335 1639 1366 1663; x_wconf 92' lang='lat' dir='ltr'>et</span> 
     </span>
     <span class='ocr_line' id='line_1_30' title="bbox 291 1678 1365 1719; baseline -0.005 -7"><span class='ocrx_word' id='word_1_251' title='bbox 291 1681 596 1712; x_wconf 82' lang='lat' dir='ltr'>mansuetissimum.</span> <span class='ocrx_word' id='word_1_252' title='bbox 629 1681 722 1718; x_wconf 87' lang='lat' dir='ltr'>Quae</span> <span class='ocrx_word' id='word_1_253' title='bbox 755 1685 829 1710; x_wconf 91' lang='lat' dir='ltr'>sunt</span> <span class='ocrx_word' id='word_1_254' title='bbox 859 1678 1085 1719; x_wconf 87' lang='lat' dir='ltr'>impossibilia,</span> <span class='ocrx_word' id='word_1_255' title='bbox 1121 1678 1182 1708; x_wconf 89' lang='lat' dir='ltr'>nisi</span> <span class='ocrx_word' id='word_1_256' title='bbox 1213 1678 1365 1718; x_wconf 90' lang='lat' dir='ltr'>ponendo</span> 
     </span>
     <span class='ocr_line' id='line_1_31' title="bbox 291 1722 1366 1767; baseline -0.005 -10"><span class='ocrx_word' id='word_1_257' title='bbox 291 1726 381 1767; x_wconf 91' lang='lat' dir='ltr'>quod</span> <span class='ocrx_word' id='word_1_258' title='bbox 405 1726 618 1756; x_wconf 83' lang='lat' dir='ltr'>mansuetudo</span> <span class='ocrx_word' id='word_1_259' title='bbox 636 1732 666 1756; x_wconf 90' lang='lat' dir='ltr'>et</span> <span class='ocrx_word' id='word_1_260' title='bbox 682 1723 850 1755; x_wconf 90' lang='lat' dir='ltr'>clementia</span> <span class='ocrx_word' id='word_1_261' title='bbox 873 1723 935 1754; x_wconf 91' lang='lat' dir='ltr'>sint</span> <span class='ocrx_word' id='word_1_262' title='bbox 959 1723 1039 1753; x_wconf 90' lang='lat' dir='ltr'>circa</span> <span class='ocrx_word' id='word_1_263' title='bbox 1054 1722 1130 1752; x_wconf 90' lang='lat' dir='ltr'>alias</span> <span class='ocrx_word' id='word_1_264' title='bbox 1150 1729 1181 1753; x_wconf 89' lang='lat' dir='ltr'>et</span> <span class='ocrx_word' id='word_1_265' title='bbox 1203 1722 1278 1753; x_wconf 88' lang='lat' dir='ltr'>alias</span> <span class='ocrx_word' id='word_1_266' title='bbox 1298 1732 1366 1763; x_wconf 88' lang='lat' dir='ltr'>per-</span> 
     </span>
     <span class='ocr_line' id='line_1_32' title="bbox 292 1766 1367 1810; baseline -0.005 -9"><span class='ocrx_word' id='word_1_267' title='bbox 292 1780 397 1801; x_wconf 85' lang='lat' dir='ltr'>sonas.</span> <span class='ocrx_word' id='word_1_268' title='bbox 420 1788 438 1792; x_wconf 96' lang='lat'>-</span> <span class='ocrx_word' id='word_1_269' title='bbox 466 1770 622 1800; x_wconf 85' lang='lat' dir='ltr'>Probatur</span> <span class='ocrx_word' id='word_1_270' title='bbox 651 1769 789 1810; x_wconf 86' lang='lat' dir='ltr'>sequela,</span> <span class='ocrx_word' id='word_1_271' title='bbox 813 1768 964 1808; x_wconf 89' lang='lat' dir='ltr'>ponendo</span> <span class='ocrx_word' id='word_1_272' title='bbox 998 1767 1164 1797; x_wconf 89' lang='lat' dir='ltr'>hominem</span> <span class='ocrx_word' id='word_1_273' title='bbox 1188 1766 1367 1808; x_wconf 86' lang='lat' dir='ltr'>frequenter</span> 
     </span>
     <span class='ocr_line' id='line_1_33' title="bbox 293 1811 1258 1846; baseline -0.004 -1"><span class='ocrx_word' id='word_1_274' title='bbox 293 1814 496 1846; x_wconf 85' lang='lat' dir='ltr'>exercitatum</span> <span class='ocrx_word' id='word_1_275' title='bbox 520 1814 552 1844; x_wconf 91' lang='lat' dir='ltr'>in</span> <span class='ocrx_word' id='word_1_276' title='bbox 576 1814 697 1845; x_wconf 88' lang='lat' dir='ltr'>actibus</span> <span class='ocrx_word' id='word_1_277' title='bbox 721 1813 806 1843; x_wconf 93' lang='lat' dir='ltr'>illius</span> <span class='ocrx_word' id='word_1_278' title='bbox 829 1812 952 1843; x_wconf 90' lang='lat' dir='ltr'>virtutis</span> <span class='ocrx_word' id='word_1_279' title='bbox 977 1818 1007 1843; x_wconf 89' lang='lat' dir='ltr'>et</span> <span class='ocrx_word' id='word_1_280' title='bbox 1030 1811 1157 1842; x_wconf 84' lang='lat' dir='ltr'>alterius</span> <span class='ocrx_word' id='word_1_281' title='bbox 1181 1811 1258 1842; x_wconf 91' lang='lat' dir='ltr'>vitii.</span> 
     </span>
    </p>
   </div>
   <div class='ocr_carea' id='block_1_7' title="bbox 46 976 233 999">
    <p class='ocr_par' dir='ltr' id='par_1_9' title="bbox 46 976 233 999">
     <span class='ocr_line' id='line_1_34' title="bbox 46 976 233 999; baseline -0.011 0"><span class='ocrx_word' id='word_1_282' title='bbox 46 978 58 989; x_wconf 76' lang='lat'>&#39;⁵</span> <span class='ocrx_word' id='word_1_283' title='bbox 71 976 106 999; x_wconf 77' lang='lat' dir='ltr'>Cf.</span> <span class='ocrx_word' id='word_1_284' title='bbox 122 982 186 999; x_wconf 85' lang='lat' dir='ltr'>num.</span> <span class='ocrx_word' id='word_1_285' title='bbox 201 981 233 998; x_wconf 87' lang='grc' dir='ltr'><strong>ιιι.</strong></span> 
     </span>
    </p>
   </div>
   <div class='ocr_carea' id='block_1_8' title="bbox 293 1856 1368 1984">
    <p class='ocr_par' dir='ltr' id='par_1_10' title="bbox 293 1856 1368 1984">
     <span class='ocr_line' id='line_1_35' title="bbox 349 1856 1368 1897; baseline -0.004 -8"><span class='ocrx_word' id='word_1_286' title='bbox 349 1859 387 1890; x_wconf 88' lang='grc' dir='ltr'>ῙῙ.</span> <span class='ocrx_word' id='word_1_287' title='bbox 411 1859 463 1889; x_wconf 92' lang='lat' dir='ltr'>Ad</span> <span class='ocrx_word' id='word_1_288' title='bbox 486 1858 582 1890; x_wconf 90' lang='lat' dir='ltr'>huius</span> <span class='ocrx_word' id='word_1_289' title='bbox 599 1858 790 1889; x_wconf 88' lang='lat' dir='ltr'>evidentiam</span> <span class='ocrx_word' id='word_1_290' title='bbox 813 1856 1020 1897; x_wconf 87' lang='lat' dir='ltr'>quaestionis,</span> <span class='ocrx_word' id='word_1_291' title='bbox 1039 1856 1117 1887; x_wconf 89' lang='lat' dir='ltr'>scito</span> <span class='ocrx_word' id='word_1_292' title='bbox 1133 1856 1223 1896; x_wconf 92' lang='lat' dir='ltr'>quod</span> <span class='ocrx_word' id='word_1_293' title='bbox 1246 1858 1368 1886; x_wconf 90' lang='lat' dir='ltr'>Auctor</span> 
     </span>
     <span class='ocr_line' id='line_1_36' title="bbox 293 1900 1368 1940; baseline -0.005 -6"><span class='ocrx_word' id='word_1_294' title='bbox 293 1910 340 1934; x_wconf 90' lang='lat' dir='ltr'>est</span> <span class='ocrx_word' id='word_1_295' title='bbox 355 1903 437 1933; x_wconf 87' lang='lat' dir='ltr'>male</span> <span class='ocrx_word' id='word_1_296' title='bbox 452 1903 631 1934; x_wconf 90' lang='lat' dir='ltr'>intellectus</span> <span class='ocrx_word' id='word_1_297' title='bbox 647 1903 686 1932; x_wconf 86' lang='lat' dir='ltr'>ab</span> <span class='ocrx_word' id='word_1_298' title='bbox 703 1902 780 1932; x_wconf 89' lang='lat' dir='ltr'>istis.</span> <span class='ocrx_word' id='word_1_299' title='bbox 806 1901 944 1931; x_wconf 91' lang='lat' dir='ltr'>Intendit</span> <span class='ocrx_word' id='word_1_300' title='bbox 959 1900 1118 1940; x_wconf 89' lang='lat' dir='ltr'>siquidem</span> <span class='ocrx_word' id='word_1_301' title='bbox 1137 1902 1260 1930; x_wconf 90' lang='lat' dir='ltr'>Auctor</span> <span class='ocrx_word' id='word_1_302' title='bbox 1278 1900 1368 1940; x_wconf 91' lang='lat' dir='ltr'>quod</span> 
     </span>
     <span class='ocr_line' id='line_1_37' title="bbox 293 1944 1367 1984; baseline -0.005 -5"><span class='ocrx_word' id='word_1_303' title='bbox 293 1947 462 1979; x_wconf 87' lang='lat' dir='ltr'>clementia</span> <span class='ocrx_word' id='word_1_304' title='bbox 478 1955 508 1978; x_wconf 88' lang='lat' dir='ltr'>et</span> <span class='ocrx_word' id='word_1_305' title='bbox 532 1947 746 1978; x_wconf 88' lang='lat' dir='ltr'>mansuetudo</span> <span class='ocrx_word' id='word_1_306' title='bbox 763 1946 880 1976; x_wconf 89' lang='lat' dir='ltr'>habent</span> <span class='ocrx_word' id='word_1_307' title='bbox 900 1945 1035 1975; x_wconf 90' lang='lat' dir='ltr'>diversas</span> <span class='ocrx_word' id='word_1_308' title='bbox 1050 1944 1196 1975; x_wconf 87' lang='lat' dir='ltr'>materias</span> <span class='ocrx_word' id='word_1_309' title='bbox 1212 1944 1367 1984; x_wconf 88' lang='lat' dir='ltr'>proprias,</span> 
     </span>
    </p>
   </div>
   <div class='ocr_carea' id='block_1_9' title="bbox 294 1985 1395 2030">
    <p class='ocr_par' dir='ltr' id='par_1_11' title="bbox 294 1985 1395 2030">
     <span class='ocr_line' id='line_1_38' title="bbox 294 1985 1395 2030; baseline -0.004 -7"><span class='ocrx_word' id='word_1_310' title='bbox 294 1992 376 2023; x_wconf 88' lang='lat' dir='ltr'>sicut</span> <span class='ocrx_word' id='word_1_311' title='bbox 391 1992 510 2022; x_wconf 89' lang='lat' dir='ltr'>iustitia</span> <span class='ocrx_word' id='word_1_312' title='bbox 527 1998 556 2022; x_wconf 90' lang='lat' dir='ltr'>et</span> <span class='ocrx_word' id='word_1_313' title='bbox 570 1991 757 2022; x_wconf 83' lang='lat' dir='ltr'>liberalitas:</span> <span class='ocrx_word' id='word_1_314' title='bbox 783 1997 814 2021; x_wconf 91' lang='lat' dir='ltr'>et</span> <span class='ocrx_word' id='word_1_315' title='bbox 829 2000 895 2020; x_wconf 92' lang='lat' dir='ltr'>non</span> <span class='ocrx_word' id='word_1_316' title='bbox 912 1989 1002 2030; x_wconf 91' lang='lat' dir='ltr'>quod</span> <span class='ocrx_word' id='word_1_317' title='bbox 1018 1999 1082 2020; x_wconf 90' lang='lat' dir='ltr'>una</span> <span class='ocrx_word' id='word_1_318' title='bbox 1098 1989 1138 2019; x_wconf 91' lang='lat' dir='ltr'>sit</span> <span class='ocrx_word' id='word_1_319' title='bbox 1157 1989 1237 2019; x_wconf 87' lang='lat' dir='ltr'>circa</span> <span class='ocrx_word' id='word_1_320' title='bbox 1261 1995 1368 2020; x_wconf 89' lang='lat' dir='ltr'>actum</span> <span class='ocrx_word' id='word_1_321' title='bbox 1393 1985 1395 1996; x_wconf 69' lang='grc'>’</span> 
     </span>
    </p>
   </div>
   <div class='ocr_carea' id='block_1_10' title="bbox 294 2033 1373 2608">
    <p class='ocr_par' dir='ltr' id='par_1_12' title="bbox 294 2033 1373 2608">
     <span class='ocr_line' id='line_1_39' title="bbox 294 2033 1367 2076; baseline -0.004 -9"><span class='ocrx_word' id='word_1_322' title='bbox 294 2036 479 2068; x_wconf 90' lang='lat' dir='ltr'>interiorem</span> <span class='ocrx_word' id='word_1_323' title='bbox 502 2036 726 2076; x_wconf 87' lang='lat' dir='ltr'>imperantem,</span> <span class='ocrx_word' id='word_1_324' title='bbox 747 2042 777 2065; x_wconf 90' lang='lat' dir='ltr'>et</span> <span class='ocrx_word' id='word_1_325' title='bbox 800 2034 861 2065; x_wconf 87' lang='lat' dir='ltr'>alia</span> <span class='ocrx_word' id='word_1_326' title='bbox 877 2034 957 2065; x_wconf 86' lang='lat' dir='ltr'>circa</span> <span class='ocrx_word' id='word_1_327' title='bbox 974 2040 1082 2064; x_wconf 88' lang='lat' dir='ltr'>actum</span> <span class='ocrx_word' id='word_1_328' title='bbox 1098 2033 1286 2064; x_wconf 84' lang='lat' dir='ltr'>exteriorem</span> <span class='ocrx_word' id='word_1_329' title='bbox 1309 2033 1367 2063; x_wconf 91' lang='lat' dir='ltr'>im—</span> 
     </span>
     <span class='ocr_line' id='line_1_40' title="bbox 296 2077 1370 2122; baseline -0.004 -11"><span class='ocrx_word' id='word_1_330' title='bbox 296 2088 452 2122; x_wconf 85' lang='lat' dir='ltr'>peratum.</span> <span class='ocrx_word' id='word_1_331' title='bbox 477 2081 550 2111; x_wconf 86' lang='lat' dir='ltr'>Hoc</span> <span class='ocrx_word' id='word_1_332' title='bbox 574 2080 660 2111; x_wconf 90' lang='lat' dir='ltr'>enim</span> <span class='ocrx_word' id='word_1_333' title='bbox 684 2079 855 2110; x_wconf 90' lang='lat' dir='ltr'>ridiculum</span> <span class='ocrx_word' id='word_1_334' title='bbox 879 2085 941 2115; x_wconf 89' lang='lat' dir='ltr'>est,</span> <span class='ocrx_word' id='word_1_335' title='bbox 966 2088 1023 2118; x_wconf 91' lang='lat' dir='ltr'>per</span> <span class='ocrx_word' id='word_1_336' title='bbox 1046 2088 1078 2108; x_wconf 90' lang='lat' dir='ltr'>se</span> <span class='ocrx_word' id='word_1_337' title='bbox 1103 2078 1278 2119; x_wconf 90' lang='lat' dir='ltr'>loquendo.</span> <span class='ocrx_word' id='word_1_338' title='bbox 1308 2077 1370 2108; x_wconf 90' lang='lat' dir='ltr'>Sed</span> 
     </span>
     <span class='ocr_line' id='line_1_41' title="bbox 296 2121 1370 2166; baseline -0.004 -11"><span class='ocrx_word' id='word_1_339' title='bbox 296 2125 372 2166; x_wconf 85' lang='lat' dir='ltr'>quia</span> <span class='ocrx_word' id='word_1_340' title='bbox 395 2125 551 2165; x_wconf 83' lang='lat' dir='ltr'>contingit</span> <span class='ocrx_word' id='word_1_341' title='bbox 573 2123 853 2155; x_wconf 89' lang='lat' dir='ltr'>mansuetudinem</span> <span class='ocrx_word' id='word_1_342' title='bbox 877 2129 907 2154; x_wconf 93' lang='lat' dir='ltr'>et</span> <span class='ocrx_word' id='word_1_343' title='bbox 930 2122 1132 2153; x_wconf 90' lang='lat' dir='ltr'>clementiam</span> <span class='ocrx_word' id='word_1_344' title='bbox 1163 2122 1315 2162; x_wconf 85' lang='lat' dir='ltr'>coniungi</span> <span class='ocrx_word' id='word_1_345' title='bbox 1337 2121 1370 2152; x_wconf 92' lang='lat' dir='ltr'>in</span> 
     </span>
     <span class='ocr_line' id='line_1_42' title="bbox 297 2166 1369 2208; baseline -0.004 -8"><span class='ocrx_word' id='word_1_346' title='bbox 297 2179 364 2200; x_wconf 91' lang='lat' dir='ltr'>uno</span> <span class='ocrx_word' id='word_1_347' title='bbox 388 2179 524 2200; x_wconf 87' lang='lat' dir='ltr'>numero</span> <span class='ocrx_word' id='word_1_348' title='bbox 548 2169 678 2204; x_wconf 89' lang='lat' dir='ltr'>effectu,</span> <span class='ocrx_word' id='word_1_349' title='bbox 703 2175 781 2208; x_wconf 81' lang='lat' dir='ltr'>puta</span> <span class='ocrx_word' id='word_1_350' title='bbox 805 2167 1016 2198; x_wconf 83' lang='lat' dir='ltr'>diminutione</span> <span class='ocrx_word' id='word_1_351' title='bbox 1047 2166 1208 2197; x_wconf 83' lang='lat' dir='ltr'>exterion&#39;s</span> <span class='ocrx_word' id='word_1_352' title='bbox 1236 2176 1369 2207; x_wconf 85' lang='lat' dir='ltr'>poenae,</span> 
     </span>
     <span class='ocr_line' id='line_1_43' title="bbox 297 2210 1370 2255; baseline -0.005 -10"><span class='ocrx_word' id='word_1_353' title='bbox 297 2224 373 2245; x_wconf 89' lang='lat' dir='ltr'>cum</span> <span class='ocrx_word' id='word_1_354' title='bbox 396 2213 468 2255; x_wconf 89' lang='lat' dir='ltr'>quis</span> <span class='ocrx_word' id='word_1_355' title='bbox 492 2223 529 2245; x_wconf 87' lang='lat' dir='ltr'>ex</span> <span class='ocrx_word' id='word_1_356' title='bbox 552 2213 651 2244; x_wconf 85' lang='lat' dir='ltr'>animi</span> <span class='ocrx_word' id='word_1_357' title='bbox 674 2212 802 2243; x_wconf 89' lang='lat' dir='ltr'>lenitate</span> <span class='ocrx_word' id='word_1_358' title='bbox 825 2219 856 2242; x_wconf 89' lang='lat' dir='ltr'>et</span> <span class='ocrx_word' id='word_1_359' title='bbox 879 2222 916 2242; x_wconf 84' lang='lat' dir='ltr'>ex</span> <span class='ocrx_word' id='word_1_360' title='bbox 939 2211 1002 2241; x_wconf 86' lang='lat' dir='ltr'>irae</span> <span class='ocrx_word' id='word_1_361' title='bbox 1017 2210 1238 2242; x_wconf 83' lang='lat' dir='ltr'>moderatione</span> <span class='ocrx_word' id='word_1_362' title='bbox 1262 2211 1301 2240; x_wconf 90' lang='lat' dir='ltr'>ad</span> <span class='ocrx_word' id='word_1_363' title='bbox 1326 2210 1370 2240; x_wconf 93' lang='lat' dir='ltr'>di-</span> 
     </span>
     <span class='ocr_line' id='line_1_44' title="bbox 295 2254 1369 2299; baseline -0.004 -10"><span class='ocrx_word' id='word_1_364' title='bbox 295 2258 511 2289; x_wconf 87' lang='lat' dir='ltr'>minutionem</span> <span class='ocrx_word' id='word_1_365' title='bbox 534 2267 657 2299; x_wconf 88' lang='lat' dir='ltr'>poenae</span> <span class='ocrx_word' id='word_1_366' title='bbox 681 2257 796 2293; x_wconf 91' lang='lat' dir='ltr'>tendit;</span> <span class='ocrx_word' id='word_1_367' title='bbox 822 2255 904 2286; x_wconf 88' lang='lat' dir='ltr'>sicut</span> <span class='ocrx_word' id='word_1_368' title='bbox 923 2255 1079 2295; x_wconf 90' lang='lat' dir='ltr'>contingit</span> <span class='ocrx_word' id='word_1_369' title='bbox 1101 2254 1254 2286; x_wconf 87' lang='lat' dir='ltr'>iustitiam</span> <span class='ocrx_word' id='word_1_370' title='bbox 1278 2261 1309 2285; x_wconf 92' lang='lat' dir='ltr'>et</span> <span class='ocrx_word' id='word_1_371' title='bbox 1333 2255 1369 2285; x_wconf 94' lang='lat' dir='ltr'>li-</span> 
     </span>
     <span class='ocr_line' id='line_1_45' title="bbox 297 2299 1370 2342; baseline -0.005 -8"><span class='ocrx_word' id='word_1_372' title='bbox 297 2302 494 2334; x_wconf 82' lang='lat' dir='ltr'>beralitatem</span> <span class='ocrx_word' id='word_1_373' title='bbox 518 2301 669 2342; x_wconf 89' lang='lat' dir='ltr'>coniungi</span> <span class='ocrx_word' id='word_1_374' title='bbox 685 2301 718 2331; x_wconf 90' lang='lat' dir='ltr'>in</span> <span class='ocrx_word' id='word_1_375' title='bbox 733 2301 795 2332; x_wconf 90' lang='lat' dir='ltr'>hoc</span> <span class='ocrx_word' id='word_1_376' title='bbox 819 2310 886 2331; x_wconf 90' lang='lat' dir='ltr'>uno</span> <span class='ocrx_word' id='word_1_377' title='bbox 910 2299 1021 2331; x_wconf 88' lang='lat' dir='ltr'>effectu</span> <span class='ocrx_word' id='word_1_378' title='bbox 1039 2299 1094 2341; x_wconf 89' lang='lat' dir='ltr'>qui</span> <span class='ocrx_word' id='word_1_379' title='bbox 1111 2306 1158 2330; x_wconf 90' lang='lat' dir='ltr'>est</span> <span class='ocrx_word' id='word_1_380' title='bbox 1173 2309 1240 2330; x_wconf 92' lang='lat' dir='ltr'>non</span> <span class='ocrx_word' id='word_1_381' title='bbox 1263 2299 1370 2336; x_wconf 86' lang='lat' dir='ltr'>furari,</span> 
     </span>
     <span class='ocr_line' id='line_1_46' title="bbox 298 2343 1370 2387; baseline -0.004 -9"><span class='ocrx_word' id='word_1_382' title='bbox 298 2347 376 2378; x_wconf 91' lang='lat' dir='ltr'>dum</span> <span class='ocrx_word' id='word_1_383' title='bbox 391 2347 463 2387; x_wconf 92' lang='lat' dir='ltr'>quis</span> <span class='ocrx_word' id='word_1_384' title='bbox 487 2353 518 2377; x_wconf 91' lang='lat' dir='ltr'>et</span> <span class='ocrx_word' id='word_1_385' title='bbox 541 2357 578 2377; x_wconf 87' lang='lat' dir='ltr'>ex</span> <span class='ocrx_word' id='word_1_386' title='bbox 601 2355 711 2376; x_wconf 90' lang='lat' dir='ltr'>amore</span> <span class='ocrx_word' id='word_1_387' title='bbox 734 2344 828 2376; x_wconf 87' lang='lat' dir='ltr'>alieni</span> <span class='ocrx_word' id='word_1_388' title='bbox 852 2344 930 2375; x_wconf 92' lang='lat' dir='ltr'>boni</span> <span class='ocrx_word' id='word_1_389' title='bbox 954 2351 985 2375; x_wconf 92' lang='lat' dir='ltr'>et</span> <span class='ocrx_word' id='word_1_390' title='bbox 1008 2354 1045 2375; x_wconf 86' lang='lat' dir='ltr'>ex</span> <span class='ocrx_word' id='word_1_391' title='bbox 1068 2344 1232 2375; x_wconf 88' lang='lat' dir='ltr'>moderata</span> <span class='ocrx_word' id='word_1_392' title='bbox 1249 2343 1370 2384; x_wconf 90' lang='lat' dir='ltr'>cupidi—</span> 
     </span>
     <span class='ocr_line' id='line_1_47' title="bbox 297 2388 1373 2431; baseline -0.004 -9"><span class='ocrx_word' id='word_1_393' title='bbox 297 2397 359 2422; x_wconf 77' lang='lat' dir='ltr'>tate</span> <span class='ocrx_word' id='word_1_394' title='bbox 383 2390 548 2431; x_wconf 86' lang='lat' dir='ltr'>pecuniae,</span> <span class='ocrx_word' id='word_1_395' title='bbox 569 2390 691 2422; x_wconf 90' lang='lat' dir='ltr'>furtum</span> <span class='ocrx_word' id='word_1_396' title='bbox 708 2389 860 2420; x_wconf 86' lang='lat' dir='ltr'>declinat:</span> <span class='ocrx_word' id='word_1_397' title='bbox 885 2389 958 2420; x_wconf 92' lang='lat' dir='ltr'>ideo</span> <span class='ocrx_word' id='word_1_398' title='bbox 975 2391 1107 2425; x_wconf 90' lang='lat' dir='ltr'>Auctor,</span> <span class='ocrx_word' id='word_1_399' title='bbox 1125 2388 1221 2419; x_wconf 90' lang='lat' dir='ltr'>simul</span> <span class='ocrx_word' id='word_1_400' title='bbox 1237 2394 1373 2420; x_wconf 87' lang='lat' dir='ltr'>tractans</span> 
     </span>
     <span class='ocr_line' id='line_1_48' title="bbox 297 2433 1370 2472; baseline -0.003 -6"><span class='ocrx_word' id='word_1_401' title='bbox 297 2436 337 2466; x_wconf 89' lang='lat' dir='ltr'>de</span> <span class='ocrx_word' id='word_1_402' title='bbox 360 2435 408 2465; x_wconf 89' lang='lat' dir='ltr'>his</span> <span class='ocrx_word' id='word_1_403' title='bbox 428 2435 608 2472; x_wconf 87' lang='lat' dir='ltr'>virtutibus,</span> <span class='ocrx_word' id='word_1_404' title='bbox 632 2434 793 2466; x_wconf 84' lang='lat' dir='ltr'>brevitatis</span> <span class='ocrx_word' id='word_1_405' title='bbox 817 2444 921 2470; x_wconf 86' lang='lat' dir='ltr'>causa,</span> <span class='ocrx_word' id='word_1_406' title='bbox 947 2433 1116 2464; x_wconf 80' lang='lat' dir='ltr'>declaravit</span> <span class='ocrx_word' id='word_1_407' title='bbox 1142 2433 1240 2463; x_wconf 86' lang='lat' dir='ltr'>simul</span> <span class='ocrx_word' id='word_1_408' title='bbox 1262 2443 1370 2463; x_wconf 87' lang='lat' dir='ltr'>earum</span> 
     </span>
     <span class='ocr_line' id='line_1_49' title="bbox 297 2477 1371 2514; baseline -0.003 -4"><span class='ocrx_word' id='word_1_409' title='bbox 297 2489 491 2511; x_wconf 87' lang='lat' dir='ltr'>concursum</span> <span class='ocrx_word' id='word_1_410' title='bbox 514 2480 547 2510; x_wconf 91' lang='lat' dir='ltr'>in</span> <span class='ocrx_word' id='word_1_411' title='bbox 571 2489 675 2510; x_wconf 89' lang='lat' dir='ltr'>unum</span> <span class='ocrx_word' id='word_1_412' title='bbox 699 2478 847 2510; x_wconf 83' lang='lat' dir='ltr'>effectum</span> <span class='ocrx_word' id='word_1_413' title='bbox 871 2485 902 2509; x_wconf 93' lang='lat' dir='ltr'>et</span> <span class='ocrx_word' id='word_1_414' title='bbox 925 2478 1137 2509; x_wconf 86' lang='lat' dir='ltr'>diversitatem</span> <span class='ocrx_word' id='word_1_415' title='bbox 1156 2477 1371 2514; x_wconf 88' lang='lat' dir='ltr'>materiarum,</span> 
     </span>
     <span class='ocr_line' id='line_1_50' title="bbox 296 2521 1370 2565; baseline -0.002 -11"><span class='ocrx_word' id='word_1_416' title='bbox 296 2524 330 2554; x_wconf 91' lang='lat' dir='ltr'>in</span> <span class='ocrx_word' id='word_1_417' title='bbox 355 2524 417 2554; x_wconf 91' lang='lat' dir='ltr'>hoc</span> <span class='ocrx_word' id='word_1_418' title='bbox 432 2524 564 2565; x_wconf 89' lang='lat' dir='ltr'>quidem</span> <span class='ocrx_word' id='word_1_419' title='bbox 580 2524 714 2555; x_wconf 86' lang='lat' dir='ltr'>articulo</span> <span class='ocrx_word' id='word_1_420' title='bbox 733 2523 924 2559; x_wconf 72' lang='lat' dir='ltr'>inchoafive,</span> <span class='ocrx_word' id='word_1_421' title='bbox 940 2522 973 2553; x_wconf 92' lang='lat' dir='ltr'>in</span> <span class='ocrx_word' id='word_1_422' title='bbox 993 2522 1199 2564; x_wconf 88' lang='lat' dir='ltr'>sequentibus</span> <span class='ocrx_word' id='word_1_423' title='bbox 1222 2521 1370 2562; x_wconf 90' lang='lat' dir='ltr'>perfecte,</span> 
     </span>
     <span class='ocr_line' id='line_1_51' title="bbox 299 2567 1371 2608; baseline -0.003 -9"><span class='ocrx_word' id='word_1_424' title='bbox 299 2575 335 2599; x_wconf 90' lang='lat' dir='ltr'>ut</span> <span class='ocrx_word' id='word_1_425' title='bbox 348 2568 382 2598; x_wconf 89' lang='lat' dir='ltr'>in</span> <span class='ocrx_word' id='word_1_426' title='bbox 395 2575 450 2599; x_wconf 86' lang='lat' dir='ltr'>art.</span> <span class='ocrx_word' id='word_1_427' title='bbox 469 2569 496 2605; x_wconf 84' lang='lat'>3,</span> <span class='ocrx_word' id='word_1_428' title='bbox 510 2569 551 2599; x_wconf 90' lang='lat' dir='ltr'>ad</span> <span class='ocrx_word' id='word_1_429' title='bbox 569 2579 578 2598; x_wconf 93' lang='lat'>1</span> <span class='ocrx_word' id='word_1_430' title='bbox 600 2575 630 2599; x_wconf 90' lang='lat' dir='ltr'>et</span> <span class='ocrx_word' id='word_1_431' title='bbox 645 2569 673 2604; x_wconf 82' lang='lat'>3,</span> <span class='ocrx_word' id='word_1_432' title='bbox 687 2575 782 2608; x_wconf 86' lang='lat' dir='ltr'>patet.</span> <span class='ocrx_word' id='word_1_433' title='bbox 799 2567 881 2598; x_wconf 88' lang='lat' dir='ltr'>Sunt</span> <span class='ocrx_word' id='word_1_434' title='bbox 897 2577 982 2608; x_wconf 91' lang='lat' dir='ltr'>ergo,</span> <span class='ocrx_word' id='word_1_435' title='bbox 996 2577 1052 2607; x_wconf 91' lang='lat' dir='ltr'>per</span> <span class='ocrx_word' id='word_1_436' title='bbox 1067 2577 1099 2597; x_wconf 91' lang='lat' dir='ltr'>se</span> <span class='ocrx_word' id='word_1_437' title='bbox 1115 2567 1291 2607; x_wconf 89' lang='lat' dir='ltr'>loquendo,</span> <span class='ocrx_word' id='word_1_438' title='bbox 1305 2577 1371 2597; x_wconf 89' lang='lat' dir='ltr'>ma-</span> 
     </span>
    </p>
   </div>
   <div class='ocr_carea' id='block_1_11' title="bbox 1383 746 1402 2600">
    <p class='ocr_par' dir='ltr' id='par_1_13' title="bbox 1383 746 1402 2600">
     <span class='ocr_line' id='line_1_52' title="bbox 1383 746 1402 2600; baseline 0 0"><span class='ocrx_word' id='word_1_439' title='bbox 1383 746 1402 2600; x_wconf 95' lang='lat' dir='ltr'> </span> 
     </span>
    </p>
   </div>
   <div class='ocr_carea' id='block_1_12' title="bbox 1411 835 2492 1896">
    <p class='ocr_par' dir='ltr' id='par_1_14' title="bbox 1411 835 2483 1096">
     <span class='ocr_line' id='line_1_53' title="bbox 1412 835 2481 876; baseline 0.001 -11"><span class='ocrx_word' id='word_1_440' title='bbox 1412 835 1517 866; x_wconf 91' lang='lat' dir='ltr'>cidens</span> <span class='ocrx_word' id='word_1_441' title='bbox 1542 842 1746 866; x_wconf 88' lang='lat' dir='ltr'>concurrunt.</span> <span class='ocrx_word' id='word_1_442' title='bbox 1770 835 1920 866; x_wconf 89' lang='lat' dir='ltr'>Clemens</span> <span class='ocrx_word' id='word_1_443' title='bbox 1936 835 2022 866; x_wconf 89' lang='lat' dir='ltr'>enim</span> <span class='ocrx_word' id='word_1_444' title='bbox 2046 842 2093 866; x_wconf 88' lang='lat' dir='ltr'>est</span> <span class='ocrx_word' id='word_1_445' title='bbox 2108 835 2164 876; x_wconf 93' lang='lat' dir='ltr'>qui</span> <span class='ocrx_word' id='word_1_446' title='bbox 2180 846 2217 866; x_wconf 94' lang='lat' dir='ltr'>ex</span> <span class='ocrx_word' id='word_1_447' title='bbox 2232 836 2360 867; x_wconf 87' lang='lat' dir='ltr'>lenitate</span> <span class='ocrx_word' id='word_1_448' title='bbox 2383 836 2481 866; x_wconf 88' lang='lat' dir='ltr'>animi</span> 
     </span>
     <span class='ocr_line' id='line_1_54' title="bbox 1411 879 2482 921; baseline 0.001 -11"><span class='ocrx_word' id='word_1_449' title='bbox 1411 890 1532 920; x_wconf 88' lang='lat' dir='ltr'>poenas</span> <span class='ocrx_word' id='word_1_450' title='bbox 1554 880 1670 919; x_wconf 83' lang='lat' dir='ltr'>legales</span> <span class='ocrx_word' id='word_1_451' title='bbox 1687 879 1820 919; x_wconf 86' lang='lat' dir='ltr'>mitigat,</span> <span class='ocrx_word' id='word_1_452' title='bbox 1837 880 1918 910; x_wconf 88' lang='lat' dir='ltr'>infra</span> <span class='ocrx_word' id='word_1_453' title='bbox 1934 880 2070 911; x_wconf 85' lang='lat' dir='ltr'>iustitiae</span> <span class='ocrx_word' id='word_1_454' title='bbox 2094 880 2304 917; x_wconf 81' lang='lat' dir='ltr'>latitudinem,</span> <span class='ocrx_word' id='word_1_455' title='bbox 2324 881 2379 911; x_wconf 91' lang='lat' dir='ltr'>ubi</span> <span class='ocrx_word' id='word_1_456' title='bbox 2395 887 2482 921; x_wconf 92' lang='lat' dir='ltr'>patet</span> 
     </span>
     <span class='ocr_line' id='line_1_55' title="bbox 1412 924 2481 965; baseline 0.001 -11"><span class='ocrx_word' id='word_1_457' title='bbox 1412 924 1501 965; x_wconf 91' lang='lat' dir='ltr'>quod</span> <span class='ocrx_word' id='word_1_458' title='bbox 1525 924 1633 954; x_wconf 92' lang='lat' dir='ltr'>nullus</span> <span class='ocrx_word' id='word_1_459' title='bbox 1657 924 1696 954; x_wconf 92' lang='lat' dir='ltr'>de</span> <span class='ocrx_word' id='word_1_460' title='bbox 1719 924 1763 954; x_wconf 88' lang='lat' dir='ltr'>ira</span> <span class='ocrx_word' id='word_1_461' title='bbox 1787 930 1834 954; x_wconf 90' lang='lat' dir='ltr'>est</span> <span class='ocrx_word' id='word_1_462' title='bbox 1857 932 1979 955; x_wconf 90' lang='lat' dir='ltr'>sermo:</span> <span class='ocrx_word' id='word_1_463' title='bbox 2005 932 2190 956; x_wconf 88' lang='lat' dir='ltr'>mansuetus</span> <span class='ocrx_word' id='word_1_464' title='bbox 2214 932 2322 956; x_wconf 90' lang='lat' dir='ltr'>autem</span> <span class='ocrx_word' id='word_1_465' title='bbox 2345 932 2392 956; x_wconf 92' lang='lat' dir='ltr'>est</span> <span class='ocrx_word' id='word_1_466' title='bbox 2415 935 2481 956; x_wconf 90' lang='lat' dir='ltr'>me-</span> 
     </span>
     <span class='ocr_line' id='line_1_56' title="bbox 1413 967 2483 1010; baseline 0.002 -12"><span class='ocrx_word' id='word_1_467' title='bbox 1413 968 1503 999; x_wconf 91' lang='lat' dir='ltr'>dium</span> <span class='ocrx_word' id='word_1_468' title='bbox 1517 967 1550 998; x_wconf 91' lang='lat' dir='ltr'>in</span> <span class='ocrx_word' id='word_1_469' title='bbox 1566 968 1611 998; x_wconf 91' lang='lat' dir='ltr'>ira</span> <span class='ocrx_word' id='word_1_470' title='bbox 1631 974 1751 1004; x_wconf 90' lang='lat' dir='ltr'>tenens,</span> <span class='ocrx_word' id='word_1_471' title='bbox 1767 975 1797 998; x_wconf 92' lang='lat' dir='ltr'>et</span> <span class='ocrx_word' id='word_1_472' title='bbox 1813 975 2043 1009; x_wconf 90' lang='lat' dir='ltr'>consequenter</span> <span class='ocrx_word' id='word_1_473' title='bbox 2062 969 2105 999; x_wconf 90' lang='lat' dir='ltr'>sic</span> <span class='ocrx_word' id='word_1_474' title='bbox 2123 969 2292 1000; x_wconf 89' lang='lat' dir='ltr'>vindicans.</span> <span class='ocrx_word' id='word_1_475' title='bbox 2319 970 2380 1000; x_wconf 95' lang='lat' dir='ltr'>Ubi</span> <span class='ocrx_word' id='word_1_476' title='bbox 2397 976 2483 1010; x_wconf 88' lang='lat' dir='ltr'>patet</span> 
     </span>
     <span class='ocr_line' id='line_1_57' title="bbox 1413 1011 2483 1054; baseline 0.001 -11"><span class='ocrx_word' id='word_1_477' title='bbox 1413 1013 1502 1053; x_wconf 92' lang='lat' dir='ltr'>quod</span> <span class='ocrx_word' id='word_1_478' title='bbox 1527 1011 1613 1042; x_wconf 89' lang='lat' dir='ltr'>nulla</span> <span class='ocrx_word' id='word_1_479' title='bbox 1638 1018 1684 1042; x_wconf 92' lang='lat' dir='ltr'>est</span> <span class='ocrx_word' id='word_1_480' title='bbox 1707 1012 1936 1049; x_wconf 90' lang='lat' dir='ltr'>subordinatio,</span> <span class='ocrx_word' id='word_1_481' title='bbox 1961 1020 2016 1043; x_wconf 88' lang='lat' dir='ltr'>aut</span> <span class='ocrx_word' id='word_1_482' title='bbox 2038 1013 2163 1054; x_wconf 89' lang='lat' dir='ltr'>imperii</span> <span class='ocrx_word' id='word_1_483' title='bbox 2187 1021 2216 1045; x_wconf 91' lang='lat' dir='ltr'>et</span> <span class='ocrx_word' id='word_1_484' title='bbox 2240 1014 2385 1054; x_wconf 90' lang='lat' dir='ltr'>imperati</span> <span class='ocrx_word' id='word_1_485' title='bbox 2410 1024 2483 1045; x_wconf 93' lang='lat' dir='ltr'>con-</span> 
     </span>
     <span class='ocr_line' id='line_1_58' title="bbox 1414 1056 2481 1096; baseline 0.002 -9"><span class='ocrx_word' id='word_1_486' title='bbox 1414 1057 1517 1092; x_wconf 87' lang='lat' dir='ltr'>nexio,</span> <span class='ocrx_word' id='word_1_487' title='bbox 1535 1056 1589 1086; x_wconf 92' lang='lat' dir='ltr'>sed</span> <span class='ocrx_word' id='word_1_488' title='bbox 1606 1056 1694 1086; x_wconf 92' lang='lat' dir='ltr'>solus</span> <span class='ocrx_word' id='word_1_489' title='bbox 1714 1056 1908 1096; x_wconf 86' lang='lat' dir='ltr'>quandoque</span> <span class='ocrx_word' id='word_1_490' title='bbox 1929 1066 2101 1088; x_wconf 88' lang='lat' dir='ltr'>concursus</span> <span class='ocrx_word' id='word_1_491' title='bbox 2118 1058 2149 1087; x_wconf 90' lang='lat' dir='ltr'>in</span> <span class='ocrx_word' id='word_1_492' title='bbox 2167 1058 2305 1089; x_wconf 87' lang='lat' dir='ltr'>eundern</span> <span class='ocrx_word' id='word_1_493' title='bbox 2325 1058 2481 1089; x_wconf 88' lang='lat' dir='ltr'>effectum.</span> 
     </span>
    </p>

    <p class='ocr_par' dir='ltr' id='par_1_15' title="bbox 1414 1100 2490 1665">
     <span class='ocr_line' id='line_1_59' title="bbox 1470 1100 2482 1143; baseline 0.004 -13"><span class='ocrx_word' id='word_1_494' title='bbox 1470 1101 1522 1130; x_wconf 93' lang='lat'>111.</span> <span class='ocrx_word' id='word_1_495' title='bbox 1546 1100 1598 1130; x_wconf 87' lang='lat' dir='ltr'>Ad</span> <span class='ocrx_word' id='word_1_496' title='bbox 1615 1101 1758 1140; x_wconf 80' lang='lat' dir='ltr'>primam</span> <span class='ocrx_word' id='word_1_497' title='bbox 1776 1110 1850 1140; x_wconf 86' lang='lat' dir='ltr'>ergo</span> <span class='ocrx_word' id='word_1_498' title='bbox 1875 1101 2087 1131; x_wconf 89' lang='lat' dir='ltr'>obiectionem</span> <span class='ocrx_word' id='word_1_499' title='bbox 2103 1102 2120 1121; x_wconf 87' lang='grc'>*</span> <span class='ocrx_word' id='word_1_500' title='bbox 2135 1102 2249 1133; x_wconf 91' lang='lat' dir='ltr'>dicitur</span> <span class='ocrx_word' id='word_1_501' title='bbox 2271 1104 2370 1143; x_wconf 88' lang='lat' dir='ltr'>quod,</span> <span class='ocrx_word' id='word_1_502' title='bbox 2388 1103 2413 1133; x_wconf 92' lang='lat' dir='ltr'>si</span> <span class='ocrx_word' id='word_1_503' title='bbox 2435 1103 2482 1134; x_wconf 91' lang='lat' dir='ltr'>lo-</span> 
     </span>
     <span class='ocr_line' id='line_1_60' title="bbox 1414 1144 2482 1186; baseline 0.004 -12"><span class='ocrx_word' id='word_1_504' title='bbox 1414 1154 1553 1186; x_wconf 89' lang='lat' dir='ltr'>quamur</span> <span class='ocrx_word' id='word_1_505' title='bbox 1577 1145 1615 1174; x_wconf 90' lang='lat' dir='ltr'>de</span> <span class='ocrx_word' id='word_1_506' title='bbox 1639 1144 1760 1175; x_wconf 89' lang='lat' dir='ltr'>actibus</span> <span class='ocrx_word' id='word_1_507' title='bbox 1783 1144 1958 1184; x_wconf 90' lang='lat' dir='ltr'>imperante</span> <span class='ocrx_word' id='word_1_508' title='bbox 1976 1152 2006 1176; x_wconf 92' lang='lat' dir='ltr'>et</span> <span class='ocrx_word' id='word_1_509' title='bbox 2020 1146 2176 1186; x_wconf 86' lang='lat' dir='ltr'>imperato</span> <span class='ocrx_word' id='word_1_510' title='bbox 2201 1156 2256 1186; x_wconf 92' lang='lat' dir='ltr'>per</span> <span class='ocrx_word' id='word_1_511' title='bbox 2272 1157 2304 1177; x_wconf 90' lang='lat' dir='ltr'>se</span> <span class='ocrx_word' id='word_1_512' title='bbox 2324 1154 2354 1178; x_wconf 92' lang='lat' dir='ltr'>et</span> <span class='ocrx_word' id='word_1_513' title='bbox 2377 1154 2413 1178; x_wconf 94' lang='lat' dir='ltr'>ut</span> <span class='ocrx_word' id='word_1_514' title='bbox 2429 1148 2482 1183; x_wconf 93' lang='lat' dir='ltr'>sic,</span> 
     </span>
     <span class='ocr_line' id='line_1_61' title="bbox 1415 1189 2486 1228; baseline 0.002 -8"><span class='ocrx_word' id='word_1_515' title='bbox 1415 1199 1479 1220; x_wconf 91' lang='lat' dir='ltr'>una</span> <span class='ocrx_word' id='word_1_516' title='bbox 1503 1189 1571 1219; x_wconf 91' lang='lat' dir='ltr'>sola</span> <span class='ocrx_word' id='word_1_517' title='bbox 1595 1199 1678 1228; x_wconf 91' lang='lat' dir='ltr'>opus</span> <span class='ocrx_word' id='word_1_518' title='bbox 1702 1195 1748 1219; x_wconf 88' lang='lat' dir='ltr'>est</span> <span class='ocrx_word' id='word_1_519' title='bbox 1771 1189 1903 1220; x_wconf 84' lang='lat' dir='ltr'>virtute:</span> <span class='ocrx_word' id='word_1_520' title='bbox 1928 1196 1959 1220; x_wconf 91' lang='lat' dir='ltr'>et</span> <span class='ocrx_word' id='word_1_521' title='bbox 1982 1200 2054 1220; x_wconf 87' lang='lat' dir='ltr'>vera</span> <span class='ocrx_word' id='word_1_522' title='bbox 2078 1197 2124 1220; x_wconf 92' lang='lat' dir='ltr'>est</span> <span class='ocrx_word' id='word_1_523' title='bbox 2146 1191 2258 1221; x_wconf 89' lang='lat' dir='ltr'>maior.</span> <span class='ocrx_word' id='word_1_524' title='bbox 2295 1191 2357 1222; x_wconf 89' lang='lat' dir='ltr'>Sed</span> <span class='ocrx_word' id='word_1_525' title='bbox 2380 1192 2486 1222; x_wconf 91' lang='lat' dir='ltr'>minor</span> 
     </span>
     <span class='ocr_line' id='line_1_62' title="bbox 1416 1233 2485 1275; baseline 0.003 -11"><span class='ocrx_word' id='word_1_526' title='bbox 1416 1240 1462 1264; x_wconf 88' lang='lat' dir='ltr'>est</span> <span class='ocrx_word' id='word_1_527' title='bbox 1485 1233 1580 1263; x_wconf 85' lang='lat' dir='ltr'>falsa:</span> <span class='ocrx_word' id='word_1_528' title='bbox 1605 1233 1680 1274; x_wconf 87' lang='lat' dir='ltr'>quia</span> <span class='ocrx_word' id='word_1_529' title='bbox 1700 1242 1766 1263; x_wconf 89' lang='lat' dir='ltr'>non</span> <span class='ocrx_word' id='word_1_530' title='bbox 1782 1233 1842 1263; x_wconf 92' lang='lat' dir='ltr'>nisi</span> <span class='ocrx_word' id='word_1_531' title='bbox 1858 1243 1914 1273; x_wconf 91' lang='lat' dir='ltr'>per</span> <span class='ocrx_word' id='word_1_532' title='bbox 1929 1234 2072 1264; x_wconf 89' lang='lat' dir='ltr'>accidens</span> <span class='ocrx_word' id='word_1_533' title='bbox 2096 1234 2195 1265; x_wconf 90' lang='lat' dir='ltr'>illatio</span> <span class='ocrx_word' id='word_1_534' title='bbox 2219 1245 2352 1275; x_wconf 89' lang='lat' dir='ltr'>poenae,</span> <span class='ocrx_word' id='word_1_535' title='bbox 2373 1244 2409 1266; x_wconf 86' lang='lat' dir='ltr'>ut</span> <span class='ocrx_word' id='word_1_536' title='bbox 2423 1246 2485 1267; x_wconf 89' lang='lat' dir='ltr'>res-</span> 
     </span>
     <span class='ocr_line' id='line_1_63' title="bbox 1416 1277 2483 1318; baseline 0.002 -10"><span class='ocrx_word' id='word_1_537' title='bbox 1416 1277 1531 1318; x_wconf 88' lang='lat' dir='ltr'>picitur</span> <span class='ocrx_word' id='word_1_538' title='bbox 1554 1287 1571 1306; x_wconf 90' lang='lat' dir='ltr'>a</span> <span class='ocrx_word' id='word_1_539' title='bbox 1596 1277 1772 1313; x_wconf 87' lang='lat' dir='ltr'>clementia,</span> <span class='ocrx_word' id='word_1_540' title='bbox 1789 1277 1954 1318; x_wconf 89' lang='lat' dir='ltr'>respicitur</span> <span class='ocrx_word' id='word_1_541' title='bbox 1970 1289 1987 1308; x_wconf 91' lang='lat' dir='ltr'>a</span> <span class='ocrx_word' id='word_1_542' title='bbox 2007 1279 2262 1316; x_wconf 85' lang='lat' dir='ltr'>mansuetudine,</span> <span class='ocrx_word' id='word_1_543' title='bbox 2280 1287 2310 1310; x_wconf 90' lang='lat' dir='ltr'>et</span> <span class='ocrx_word' id='word_1_544' title='bbox 2326 1290 2342 1310; x_wconf 90' lang='lat' dir='ltr'>e</span> <span class='ocrx_word' id='word_1_545' title='bbox 2360 1288 2483 1316; x_wconf 87' lang='lat' dir='ltr'>contra;</span> 
     </span>
     <span class='ocr_line' id='line_1_64' title="bbox 1417 1321 2486 1364; baseline 0.004 -13"><span class='ocrx_word' id='word_1_546' title='bbox 1417 1322 1492 1363; x_wconf 88' lang='lat' dir='ltr'>quia</span> <span class='ocrx_word' id='word_1_547' title='bbox 1520 1321 1637 1352; x_wconf 84' lang='lat' dir='ltr'>scilicet</span> <span class='ocrx_word' id='word_1_548' title='bbox 1661 1329 1706 1352; x_wconf 91' lang='lat' dir='ltr'>est</span> <span class='ocrx_word' id='word_1_549' title='bbox 1736 1322 1931 1362; x_wconf 91' lang='lat' dir='ltr'>quandoque</span> <span class='ocrx_word' id='word_1_550' title='bbox 1964 1323 2075 1353; x_wconf 87' lang='lat' dir='ltr'>ead&#39;em</span> <span class='ocrx_word' id='word_1_551' title='bbox 2107 1324 2308 1354; x_wconf 87' lang='lat' dir='ltr'>materialiter</span> <span class='ocrx_word' id='word_1_552' title='bbox 2337 1334 2418 1364; x_wconf 90' lang='lat' dir='ltr'>quae</span> <span class='ocrx_word' id='word_1_553' title='bbox 2449 1325 2486 1355; x_wconf 89' lang='lat' dir='ltr'>ab</span> 
     </span>
     <span class='ocr_line' id='line_1_65' title="bbox 1417 1366 2487 1407; baseline 0.002 -10"><span class='ocrx_word' id='word_1_554' title='bbox 1417 1374 1552 1407; x_wconf 88' lang='lat' dir='ltr'>utraque</span> <span class='ocrx_word' id='word_1_555' title='bbox 1568 1367 1774 1396; x_wconf 90' lang='lat' dir='ltr'>moderamen</span> <span class='ocrx_word' id='word_1_556' title='bbox 1791 1366 1933 1406; x_wconf 89' lang='lat' dir='ltr'>suscipit.</span> <span class='ocrx_word' id='word_1_557' title='bbox 1958 1384 1979 1390; x_wconf 90' lang='lat'>-</span> <span class='ocrx_word' id='word_1_558' title='bbox 2004 1367 2035 1398; x_wconf 92' lang='lat' dir='ltr'>Si</span> <span class='ocrx_word' id='word_1_559' title='bbox 2052 1374 2160 1398; x_wconf 87' lang='lat' dir='ltr'>autem</span> <span class='ocrx_word' id='word_1_560' title='bbox 2175 1368 2215 1398; x_wconf 87' lang='lat' dir='ltr'>sit</span> <span class='ocrx_word' id='word_1_561' title='bbox 2238 1378 2342 1398; x_wconf 90' lang='lat' dir='ltr'>sermo</span> <span class='ocrx_word' id='word_1_562' title='bbox 2359 1369 2398 1398; x_wconf 92' lang='lat' dir='ltr'>de</span> <span class='ocrx_word' id='word_1_563' title='bbox 2414 1369 2487 1399; x_wconf 88' lang='lat' dir='ltr'>acti-</span> 
     </span>
     <span class='ocr_line' id='line_1_66' title="bbox 1417 1410 2487 1451; baseline 0.002 -9"><span class='ocrx_word' id='word_1_564' title='bbox 1417 1412 1477 1442; x_wconf 91' lang='lat' dir='ltr'>bus</span> <span class='ocrx_word' id='word_1_565' title='bbox 1492 1421 1547 1451; x_wconf 90' lang='lat' dir='ltr'>per</span> <span class='ocrx_word' id='word_1_566' title='bbox 1563 1410 1707 1441; x_wconf 89' lang='lat' dir='ltr'>accidens</span> <span class='ocrx_word' id='word_1_567' title='bbox 1724 1417 1779 1441; x_wconf 86' lang='lat' dir='ltr'>aut</span> <span class='ocrx_word' id='word_1_568' title='bbox 1793 1411 2067 1451; x_wconf 86' lang='lat' dir='ltr'>qualitercumque</span> <span class='ocrx_word' id='word_1_569' title='bbox 2084 1412 2354 1448; x_wconf 85' lang='lat' dir='ltr'>convenientibus,</span> <span class='ocrx_word' id='word_1_570' title='bbox 2368 1420 2398 1443; x_wconf 91' lang='lat' dir='ltr'>et</span> <span class='ocrx_word' id='word_1_571' title='bbox 2414 1414 2487 1444; x_wconf 92' lang='lat' dir='ltr'>sub-</span> 
     </span>
     <span class='ocr_line' id='line_1_67' title="bbox 1418 1455 2489 1496; baseline 0.002 -11"><span class='ocrx_word' id='word_1_572' title='bbox 1418 1455 1582 1486; x_wconf 91' lang='lat' dir='ltr'>ordinetur</span> <span class='ocrx_word' id='word_1_573' title='bbox 1606 1465 1690 1486; x_wconf 89' lang='lat' dir='ltr'>unus</span> <span class='ocrx_word' id='word_1_574' title='bbox 1714 1455 1812 1491; x_wconf 87' lang='lat' dir='ltr'>alteri,</span> <span class='ocrx_word' id='word_1_575' title='bbox 1838 1462 1868 1486; x_wconf 90' lang='lat' dir='ltr'>et</span> <span class='ocrx_word' id='word_1_576' title='bbox 1890 1455 2064 1496; x_wconf 89' lang='lat' dir='ltr'>imperetur</span> <span class='ocrx_word' id='word_1_577' title='bbox 2083 1466 2167 1487; x_wconf 91' lang='lat' dir='ltr'>unus</span> <span class='ocrx_word' id='word_1_578' title='bbox 2191 1457 2229 1486; x_wconf 86' lang='lat' dir='ltr'>ab</span> <span class='ocrx_word' id='word_1_579' title='bbox 2254 1457 2362 1492; x_wconf 90' lang='lat' dir='ltr'>altero,</span> <span class='ocrx_word' id='word_1_580' title='bbox 2389 1457 2489 1488; x_wconf 89' lang='lat' dir='ltr'>maior</span> 
     </span>
     <span class='ocr_line' id='line_1_68' title="bbox 1419 1499 2489 1542; baseline 0.001 -11"><span class='ocrx_word' id='word_1_581' title='bbox 1419 1507 1465 1531; x_wconf 88' lang='lat' dir='ltr'>est</span> <span class='ocrx_word' id='word_1_582' title='bbox 1488 1499 1665 1530; x_wconf 88' lang='lat' dir='ltr'>falsissima.</span> <span class='ocrx_word' id='word_1_583' title='bbox 1691 1499 1856 1537; x_wconf 90' lang='lat' dir='ltr'>Quoniam</span> <span class='ocrx_word' id='word_1_584' title='bbox 1873 1506 1961 1530; x_wconf 87' lang='lat' dir='ltr'>actus</span> <span class='ocrx_word' id='word_1_585' title='bbox 1976 1510 2032 1540; x_wconf 94' lang='lat' dir='ltr'>per</span> <span class='ocrx_word' id='word_1_586' title='bbox 2048 1500 2191 1532; x_wconf 89' lang='lat' dir='ltr'>accidens</span> <span class='ocrx_word' id='word_1_587' title='bbox 2208 1501 2252 1531; x_wconf 87' lang='lat' dir='ltr'>sic</span> <span class='ocrx_word' id='word_1_588' title='bbox 2267 1502 2400 1532; x_wconf 86' lang='lat' dir='ltr'>connexi</span> <span class='ocrx_word' id='word_1_589' title='bbox 2417 1512 2489 1542; x_wconf 90' lang='lat' dir='ltr'>pos—</span> 
     </span>
     <span class='ocr_line' id='line_1_69' title="bbox 1419 1544 2490 1586; baseline 0.001 -11"><span class='ocrx_word' id='word_1_590' title='bbox 1419 1551 1494 1575; x_wconf 89' lang='lat' dir='ltr'>sunt</span> <span class='ocrx_word' id='word_1_591' title='bbox 1518 1544 1695 1575; x_wconf 87' lang='lat' dir='ltr'>secundum</span> <span class='ocrx_word' id='word_1_592' title='bbox 1720 1544 1857 1574; x_wconf 87' lang='lat' dir='ltr'>diversas</span> <span class='ocrx_word' id='word_1_593' title='bbox 1881 1544 2018 1575; x_wconf 85' lang='lat' dir='ltr'>rationes</span> <span class='ocrx_word' id='word_1_594' title='bbox 2042 1545 2081 1575; x_wconf 89' lang='lat' dir='ltr'>ad</span> <span class='ocrx_word' id='word_1_595' title='bbox 2106 1545 2243 1575; x_wconf 88' lang='lat' dir='ltr'>diversas</span> <span class='ocrx_word' id='word_1_596' title='bbox 2266 1545 2396 1576; x_wconf 88' lang='lat' dir='ltr'>virtutes</span> <span class='ocrx_word' id='word_1_597' title='bbox 2422 1556 2490 1586; x_wconf 93' lang='lat' dir='ltr'>spe-</span> 
     </span>
     <span class='ocr_line' id='line_1_70' title="bbox 1419 1588 2490 1629; baseline 0 -9"><span class='ocrx_word' id='word_1_598' title='bbox 1419 1596 1517 1620; x_wconf 89' lang='lat' dir='ltr'>ctare:</span> <span class='ocrx_word' id='word_1_599' title='bbox 1544 1596 1579 1619; x_wconf 88' lang='lat' dir='ltr'>ut</span> <span class='ocrx_word' id='word_1_600' title='bbox 1603 1595 1689 1629; x_wconf 90' lang='lat' dir='ltr'>patet</span> <span class='ocrx_word' id='word_1_601' title='bbox 1712 1589 1750 1619; x_wconf 91' lang='lat' dir='ltr'>de</span> <span class='ocrx_word' id='word_1_602' title='bbox 1781 1598 1847 1619; x_wconf 91' lang='lat' dir='ltr'>non</span> <span class='ocrx_word' id='word_1_603' title='bbox 1871 1588 1967 1619; x_wconf 88' lang='lat' dir='ltr'>furari</span> <span class='ocrx_word' id='word_1_604' title='bbox 2000 1596 2142 1629; x_wconf 90' lang='lat' dir='ltr'>respectu</span> <span class='ocrx_word' id='word_1_605' title='bbox 2166 1589 2303 1620; x_wconf 88' lang='lat' dir='ltr'>iustitiae</span> <span class='ocrx_word' id='word_1_606' title='bbox 2328 1597 2358 1621; x_wconf 92' lang='lat' dir='ltr'>et</span> <span class='ocrx_word' id='word_1_607' title='bbox 2380 1590 2490 1620; x_wconf 86' lang='lat' dir='ltr'>libera-</span> 
     </span>
     <span class='ocr_line' id='line_1_71' title="bbox 1418 1633 1525 1665; baseline -0.019 0"><span class='ocrx_word' id='word_1_608' title='bbox 1418 1633 1525 1665; x_wconf 84' lang='lat' dir='ltr'>litatis.</span> 
     </span>
    </p>

    <p class='ocr_par' dir='ltr' id='par_1_16' title="bbox 1419 1677 2492 1896">
     <span class='ocr_line' id='line_1_72' title="bbox 1476 1677 2491 1718; baseline 0.001 -9"><span class='ocrx_word' id='word_1_609' title='bbox 1476 1679 1618 1718; x_wconf 87' lang='lat' dir='ltr'>Utraque</span> <span class='ocrx_word' id='word_1_610' title='bbox 1642 1687 1718 1717; x_wconf 86' lang='lat' dir='ltr'>ergo</span> <span class='ocrx_word' id='word_1_611' title='bbox 1742 1677 1860 1714; x_wconf 86' lang='lat' dir='ltr'>virtus,</span> <span class='ocrx_word' id='word_1_612' title='bbox 1884 1678 2002 1709; x_wconf 91' lang='lat' dir='ltr'>scilicet</span> <span class='ocrx_word' id='word_1_613' title='bbox 2025 1678 2191 1709; x_wconf 90' lang='lat' dir='ltr'>clementia</span> <span class='ocrx_word' id='word_1_614' title='bbox 2215 1685 2245 1709; x_wconf 93' lang='lat' dir='ltr'>et</span> <span class='ocrx_word' id='word_1_615' title='bbox 2268 1680 2491 1714; x_wconf 87' lang='lat' dir='ltr'>mansuetudo,</span> 
     </span>
     <span class='ocr_line' id='line_1_73' title="bbox 1419 1721 2491 1759; baseline 0 -5"><span class='ocrx_word' id='word_1_616' title='bbox 1419 1730 1466 1754; x_wconf 88' lang='lat' dir='ltr'>est</span> <span class='ocrx_word' id='word_1_617' title='bbox 1498 1722 1579 1753; x_wconf 88' lang='lat' dir='ltr'>circa</span> <span class='ocrx_word' id='word_1_618' title='bbox 1602 1728 1709 1752; x_wconf 88' lang='lat' dir='ltr'>actum</span> <span class='ocrx_word' id='word_1_619' title='bbox 1732 1721 1916 1752; x_wconf 88' lang='lat' dir='ltr'>interiorem</span> <span class='ocrx_word' id='word_1_620' title='bbox 1949 1730 1981 1753; x_wconf 94' lang='lat' dir='ltr'>et</span> <span class='ocrx_word' id='word_1_621' title='bbox 2011 1723 2214 1759; x_wconf 84' lang='lat' dir='ltr'>exteriorem,</span> <span class='ocrx_word' id='word_1_622' title='bbox 2240 1723 2362 1754; x_wconf 88' lang='lat' dir='ltr'>diversa</span> <span class='ocrx_word' id='word_1_623' title='bbox 2386 1731 2491 1754; x_wconf 87' lang='lat' dir='ltr'>tamen</span> 
     </span>
     <span class='ocr_line' id='line_1_74' title="bbox 1420 1766 2492 1808; baseline 0 -10"><span class='ocrx_word' id='word_1_624' title='bbox 1420 1767 1551 1798; x_wconf 88' lang='lat' dir='ltr'>ratione.</span> <span class='ocrx_word' id='word_1_625' title='bbox 1569 1767 1651 1797; x_wconf 87' lang='lat' dir='ltr'>Nam</span> <span class='ocrx_word' id='word_1_626' title='bbox 1665 1766 1878 1796; x_wconf 88' lang='lat' dir='ltr'>mansuetudo</span> <span class='ocrx_word' id='word_1_627' title='bbox 1896 1766 2010 1798; x_wconf 90' lang='lat' dir='ltr'>directe</span> <span class='ocrx_word' id='word_1_628' title='bbox 2023 1774 2070 1798; x_wconf 89' lang='lat' dir='ltr'>est</span> <span class='ocrx_word' id='word_1_629' title='bbox 2083 1767 2163 1798; x_wconf 88' lang='lat' dir='ltr'>circa</span> <span class='ocrx_word' id='word_1_630' title='bbox 2178 1767 2360 1798; x_wconf 91' lang='lat' dir='ltr'>interiorem</span> <span class='ocrx_word' id='word_1_631' title='bbox 2373 1768 2492 1808; x_wconf 88' lang='lat' dir='ltr'>passio—</span> 
     </span>
     <span class='ocr_line' id='line_1_75' title="bbox 1420 1811 2491 1851; baseline 0 -9"><span class='ocrx_word' id='word_1_632' title='bbox 1420 1821 1495 1842; x_wconf 88' lang='lat' dir='ltr'>nem</span> <span class='ocrx_word' id='word_1_633' title='bbox 1518 1811 1598 1847; x_wconf 90' lang='lat' dir='ltr'>irae,</span> <span class='ocrx_word' id='word_1_634' title='bbox 1626 1818 1656 1841; x_wconf 92' lang='lat' dir='ltr'>et</span> <span class='ocrx_word' id='word_1_635' title='bbox 1680 1820 1717 1841; x_wconf 86' lang='lat' dir='ltr'>ex</span> <span class='ocrx_word' id='word_1_636' title='bbox 1747 1811 1954 1851; x_wconf 91' lang='lat' dir='ltr'>consequenti</span> <span class='ocrx_word' id='word_1_637' title='bbox 1986 1812 2066 1842; x_wconf 91' lang='lat' dir='ltr'>circa</span> <span class='ocrx_word' id='word_1_638' title='bbox 2090 1812 2276 1842; x_wconf 89' lang='lat' dir='ltr'>exteriorem</span> <span class='ocrx_word' id='word_1_639' title='bbox 2306 1812 2491 1848; x_wconf 88' lang='lat' dir='ltr'>vindictam,</span> 
     </span>
     <span class='ocr_line' id='line_1_76' title="bbox 1421 1855 2492 1896; baseline 0.002 -11"><span class='ocrx_word' id='word_1_640' title='bbox 1421 1866 1487 1886; x_wconf 91' lang='lat' dir='ltr'>non</span> <span class='ocrx_word' id='word_1_641' title='bbox 1503 1855 1696 1895; x_wconf 89' lang='lat' dir='ltr'>simpliciter,</span> <span class='ocrx_word' id='word_1_642' title='bbox 1718 1855 1772 1885; x_wconf 90' lang='lat' dir='ltr'>sed</span> <span class='ocrx_word' id='word_1_643' title='bbox 1788 1862 1823 1886; x_wconf 90' lang='lat' dir='ltr'>ut</span> <span class='ocrx_word' id='word_1_644' title='bbox 1847 1855 1908 1886; x_wconf 87' lang='lat' dir='ltr'>exit</span> <span class='ocrx_word' id='word_1_645' title='bbox 1924 1866 1941 1885; x_wconf 87' lang='lat' dir='ltr'>a</span> <span class='ocrx_word' id='word_1_646' title='bbox 1958 1856 2105 1896; x_wconf 88' lang='lat' dir='ltr'>passione</span> <span class='ocrx_word' id='word_1_647' title='bbox 2122 1857 2195 1887; x_wconf 85' lang='lat' dir='ltr'>irae.</span> <span class='ocrx_word' id='word_1_648' title='bbox 2217 1856 2395 1887; x_wconf 87' lang='lat' dir='ltr'>Clementia</span> <span class='ocrx_word' id='word_1_649' title='bbox 2417 1867 2492 1887; x_wconf 89' lang='lat' dir='ltr'>vero</span> 
     </span>
    </p>
   </div>
   <div class='ocr_carea' id='block_1_13' title="bbox 1393 1900 2492 1941">
    <p class='ocr_par' dir='ltr' id='par_1_17' title="bbox 1393 1900 2492 1941">
     <span class='ocr_line' id='line_1_77' title="bbox 1393 1900 2492 1941; baseline 0 -10"><span class='ocrx_word' id='word_1_650' title='bbox 1393 1922 1395 1934; x_wconf 67' lang='lat'>‚</span> <span class='ocrx_word' id='word_1_651' title='bbox 1421 1907 1468 1931; x_wconf 90' lang='lat' dir='ltr'>est</span> <span class='ocrx_word' id='word_1_652' title='bbox 1484 1900 1599 1931; x_wconf 91' lang='lat' dir='ltr'>directe</span> <span class='ocrx_word' id='word_1_653' title='bbox 1623 1900 1703 1930; x_wconf 90' lang='lat' dir='ltr'>circa</span> <span class='ocrx_word' id='word_1_654' title='bbox 1726 1900 1888 1930; x_wconf 86' lang='lat' dir='ltr'>lenitatem</span> <span class='ocrx_word' id='word_1_655' title='bbox 1908 1900 2092 1931; x_wconf 88' lang='lat' dir='ltr'>interiorem</span> <span class='ocrx_word' id='word_1_656' title='bbox 2115 1901 2213 1930; x_wconf 87' lang='lat' dir='ltr'>animi</span> <span class='ocrx_word' id='word_1_657' title='bbox 2237 1901 2276 1930; x_wconf 87' lang='lat' dir='ltr'>ad</span> <span class='ocrx_word' id='word_1_658' title='bbox 2299 1901 2492 1941; x_wconf 89' lang='lat' dir='ltr'>proximum,</span> 
     </span>
    </p>
   </div>
   <div class='ocr_carea' id='block_1_14' title="bbox 1422 1944 2499 2602">
    <p class='ocr_par' dir='ltr' id='par_1_18' title="bbox 1422 1944 2344 1985">
     <span class='ocr_line' id='line_1_78' title="bbox 1422 1944 2344 1985; baseline 0 -9"><span class='ocrx_word' id='word_1_659' title='bbox 1422 1952 1453 1976; x_wconf 90' lang='lat' dir='ltr'>et</span> <span class='ocrx_word' id='word_1_660' title='bbox 1476 1955 1532 1985; x_wconf 90' lang='lat' dir='ltr'>per</span> <span class='ocrx_word' id='word_1_661' title='bbox 1554 1944 1642 1974; x_wconf 91' lang='lat' dir='ltr'>illam</span> <span class='ocrx_word' id='word_1_662' title='bbox 1667 1944 1747 1974; x_wconf 87' lang='lat' dir='ltr'>circa</span> <span class='ocrx_word' id='word_1_663' title='bbox 1769 1944 2022 1975; x_wconf 87' lang='lat' dir='ltr'>moderationem</span> <span class='ocrx_word' id='word_1_664' title='bbox 2051 1955 2174 1985; x_wconf 86' lang='lat' dir='ltr'>poenae</span> <span class='ocrx_word' id='word_1_665' title='bbox 2198 1945 2344 1985; x_wconf 84' lang='lat' dir='ltr'>proximi.</span> 
     </span>
    </p>

    <p class='ocr_par' dir='ltr' id='par_1_19' title="bbox 1423 1989 2497 2296">
     <span class='ocr_line' id='line_1_79' title="bbox 1477 1989 2493 2030; baseline 0 -10"><span class='ocrx_word' id='word_1_666' title='bbox 1477 1989 1530 2020; x_wconf 90' lang='lat' dir='ltr'>Ad</span> <span class='ocrx_word' id='word_1_667' title='bbox 1551 1989 1741 2026; x_wconf 88' lang='lat' dir='ltr'>secundum,</span> <span class='ocrx_word' id='word_1_668' title='bbox 1765 1996 1897 2028; x_wconf 87' lang='lat' dir='ltr'>negatur</span> <span class='ocrx_word' id='word_1_669' title='bbox 1921 1990 2058 2030; x_wconf 87' lang='lat' dir='ltr'>sequela.</span> <span class='ocrx_word' id='word_1_670' title='bbox 2087 1990 2128 2020; x_wconf 93' lang='lat' dir='ltr'>Et</span> <span class='ocrx_word' id='word_1_671' title='bbox 2152 1999 2226 2020; x_wconf 88' lang='lat' dir='ltr'>cum</span> <span class='ocrx_word' id='word_1_672' title='bbox 2250 1990 2411 2030; x_wconf 89' lang='lat' dir='ltr'>quaeritur</span> <span class='ocrx_word' id='word_1_673' title='bbox 2434 2001 2493 2026; x_wconf 84' lang='lat' dir='ltr'>an,</span> 
     </span>
     <span class='ocr_line' id='line_1_80' title="bbox 1423 2032 2495 2075; baseline 0 -11"><span class='ocrx_word' id='word_1_674' title='bbox 1423 2034 1586 2064; x_wconf 90' lang='lat' dir='ltr'>moderata</span> <span class='ocrx_word' id='word_1_675' title='bbox 1602 2033 1657 2069; x_wconf 90' lang='lat' dir='ltr'>ira,</span> <span class='ocrx_word' id='word_1_676' title='bbox 1674 2032 1714 2063; x_wconf 90' lang='lat' dir='ltr'>sit</span> <span class='ocrx_word' id='word_1_677' title='bbox 1737 2043 1820 2073; x_wconf 92' lang='lat' dir='ltr'>opus</span> <span class='ocrx_word' id='word_1_678' title='bbox 1844 2033 2041 2064; x_wconf 86' lang='lat' dir='ltr'>clementiae:</span> <span class='ocrx_word' id='word_1_679' title='bbox 2069 2052 2088 2056; x_wconf 90' lang='lat'>-</span> <span class='ocrx_word' id='word_1_680' title='bbox 2113 2033 2226 2064; x_wconf 88' lang='lat' dir='ltr'>dicitur</span> <span class='ocrx_word' id='word_1_681' title='bbox 2252 2035 2340 2075; x_wconf 91' lang='lat' dir='ltr'>quod</span> <span class='ocrx_word' id='word_1_682' title='bbox 2369 2035 2422 2064; x_wconf 89' lang='lat' dir='ltr'>sic.</span> <span class='ocrx_word' id='word_1_683' title='bbox 2454 2035 2495 2065; x_wconf 91' lang='lat' dir='ltr'>Et</span> 
     </span>
     <span class='ocr_line' id='line_1_81' title="bbox 1423 2077 2494 2118; baseline -0.001 -9"><span class='ocrx_word' id='word_1_684' title='bbox 1423 2089 1498 2109; x_wconf 89' lang='lat' dir='ltr'>cum</span> <span class='ocrx_word' id='word_1_685' title='bbox 1522 2077 1636 2109; x_wconf 89' lang='lat' dir='ltr'>dicitur</span> <span class='ocrx_word' id='word_1_686' title='bbox 1659 2077 1748 2118; x_wconf 92' lang='lat' dir='ltr'>quod</span> <span class='ocrx_word' id='word_1_687' title='bbox 1772 2077 1903 2108; x_wconf 88' lang='lat' dir='ltr'>inflictio</span> <span class='ocrx_word' id='word_1_688' title='bbox 1928 2088 2052 2118; x_wconf 86' lang='lat' dir='ltr'>poenae</span> <span class='ocrx_word' id='word_1_689' title='bbox 2076 2089 2142 2108; x_wconf 93' lang='lat' dir='ltr'>non</span> <span class='ocrx_word' id='word_1_690' title='bbox 2159 2078 2194 2109; x_wconf 90' lang='lat' dir='ltr'>fit</span> <span class='ocrx_word' id='word_1_691' title='bbox 2209 2078 2268 2108; x_wconf 85' lang='lat' dir='ltr'>nisi</span> <span class='ocrx_word' id='word_1_692' title='bbox 2293 2088 2329 2108; x_wconf 87' lang='lat' dir='ltr'>ex</span> <span class='ocrx_word' id='word_1_693' title='bbox 2352 2078 2494 2118; x_wconf 89' lang='lat' dir='ltr'>impulsu</span> 
     </span>
     <span class='ocr_line' id='line_1_82' title="bbox 1423 2121 2496 2163; baseline 0 -10"><span class='ocrx_word' id='word_1_694' title='bbox 1423 2123 1503 2153; x_wconf 87' lang='lat' dir='ltr'>irae:</span> <span class='ocrx_word' id='word_1_695' title='bbox 1527 2140 1544 2145; x_wconf 98' lang='lat'><em>-</em></span> <span class='ocrx_word' id='word_1_696' title='bbox 1562 2129 1705 2162; x_wconf 85' lang='lat' dir='ltr'>negatur.</span> <span class='ocrx_word' id='word_1_697' title='bbox 1723 2121 1811 2152; x_wconf 89' lang='lat' dir='ltr'>Sicut</span> <span class='ocrx_word' id='word_1_698' title='bbox 1827 2121 1912 2152; x_wconf 88' lang='lat' dir='ltr'>enim</span> <span class='ocrx_word' id='word_1_699' title='bbox 1927 2129 2032 2163; x_wconf 89' lang='lat' dir='ltr'>potest</span> <span class='ocrx_word' id='word_1_700' title='bbox 2049 2122 2163 2163; x_wconf 90' lang='lat' dir='ltr'>aliquis</span> <span class='ocrx_word' id='word_1_701' title='bbox 2179 2122 2275 2153; x_wconf 90' lang='lat' dir='ltr'>furari</span> <span class='ocrx_word' id='word_1_702' title='bbox 2292 2133 2328 2153; x_wconf 89' lang='lat' dir='ltr'>ex</span> <span class='ocrx_word' id='word_1_703' title='bbox 2344 2123 2496 2153; x_wconf 86' lang='lat' dir='ltr'>iniustitia</span> 
     </span>
     <span class='ocr_line' id='line_1_83' title="bbox 1424 2166 2496 2207; baseline -0.001 -9"><span class='ocrx_word' id='word_1_704' title='bbox 1424 2174 1455 2198; x_wconf 90' lang='lat' dir='ltr'>et</span> <span class='ocrx_word' id='word_1_705' title='bbox 1479 2176 1544 2196; x_wconf 92' lang='lat' dir='ltr'>non</span> <span class='ocrx_word' id='word_1_706' title='bbox 1569 2176 1606 2196; x_wconf 84' lang='lat' dir='ltr'>ex</span> <span class='ocrx_word' id='word_1_707' title='bbox 1629 2166 1777 2206; x_wconf 90' lang='lat' dir='ltr'>passione</span> <span class='ocrx_word' id='word_1_708' title='bbox 1808 2166 1987 2206; x_wconf 90' lang='lat' dir='ltr'>cupiditatis</span> <span class='ocrx_word' id='word_1_709' title='bbox 2015 2173 2120 2203; x_wconf 88' lang='lat' dir='ltr'>actus,</span> <span class='ocrx_word' id='word_1_710' title='bbox 2147 2173 2182 2198; x_wconf 88' lang='lat' dir='ltr'>ut</span> <span class='ocrx_word' id='word_1_711' title='bbox 2204 2173 2290 2207; x_wconf 88' lang='lat' dir='ltr'>patet</span> <span class='ocrx_word' id='word_1_712' title='bbox 2322 2177 2396 2197; x_wconf 90' lang='lat' dir='ltr'>cum</span> <span class='ocrx_word' id='word_1_713' title='bbox 2424 2167 2496 2207; x_wconf 89' lang='lat' dir='ltr'>quis</span> 
     </span>
     <span class='ocr_line' id='line_1_84' title="bbox 1424 2210 2497 2252; baseline -0.001 -10"><span class='ocrx_word' id='word_1_714' title='bbox 1424 2211 1547 2242; x_wconf 84' lang='lat' dir='ltr'>furatur</span> <span class='ocrx_word' id='word_1_715' title='bbox 1570 2217 1602 2241; x_wconf 94' lang='lat' dir='ltr'>et</span> <span class='ocrx_word' id='word_1_716' title='bbox 1624 2210 1750 2251; x_wconf 90' lang='lat' dir='ltr'>proiicit</span> <span class='ocrx_word' id='word_1_717' title='bbox 1773 2210 1867 2247; x_wconf 91' lang='lat' dir='ltr'>illud;</span> <span class='ocrx_word' id='word_1_718' title='bbox 1893 2211 1935 2241; x_wconf 90' lang='lat' dir='ltr'>ita</span> <span class='ocrx_word' id='word_1_719' title='bbox 1955 2217 2059 2251; x_wconf 88' lang='lat' dir='ltr'>potest</span> <span class='ocrx_word' id='word_1_720' title='bbox 2074 2211 2146 2252; x_wconf 91' lang='lat' dir='ltr'>quis</span> <span class='ocrx_word' id='word_1_721' title='bbox 2162 2221 2228 2241; x_wconf 90' lang='lat' dir='ltr'>non</span> <span class='ocrx_word' id='word_1_722' title='bbox 2253 2221 2290 2242; x_wconf 86' lang='lat' dir='ltr'>ex</span> <span class='ocrx_word' id='word_1_723' title='bbox 2312 2211 2367 2248; x_wconf 89' lang='lat' dir='ltr'>ira,</span> <span class='ocrx_word' id='word_1_724' title='bbox 2388 2212 2443 2242; x_wconf 91' lang='lat' dir='ltr'>sed</span> <span class='ocrx_word' id='word_1_725' title='bbox 2461 2222 2497 2242; x_wconf 86' lang='lat' dir='ltr'>ex</span> 
     </span>
     <span class='ocr_line' id='line_1_85' title="bbox 1425 2254 2496 2296; baseline 0 -10"><span class='ocrx_word' id='word_1_726' title='bbox 1425 2255 1609 2286; x_wconf 85' lang='lat' dir='ltr'>crudelitate</span> <span class='ocrx_word' id='word_1_727' title='bbox 1621 2255 1672 2285; x_wconf 91' lang='lat' dir='ltr'>vel</span> <span class='ocrx_word' id='word_1_728' title='bbox 1685 2265 1721 2285; x_wconf 88' lang='lat' dir='ltr'>ex</span> <span class='ocrx_word' id='word_1_729' title='bbox 1735 2254 1858 2285; x_wconf 88' lang='lat' dir='ltr'>defectu</span> <span class='ocrx_word' id='word_1_730' title='bbox 1876 2255 2042 2296; x_wconf 87' lang='lat' dir='ltr'>aequitatis</span> <span class='ocrx_word' id='word_1_731' title='bbox 2059 2262 2168 2286; x_wconf 88' lang='lat' dir='ltr'>contra</span> <span class='ocrx_word' id='word_1_732' title='bbox 2181 2256 2382 2286; x_wconf 89' lang='lat' dir='ltr'>clementiam</span> <span class='ocrx_word' id='word_1_733' title='bbox 2395 2266 2496 2296; x_wconf 86' lang='lat' dir='ltr'>agere.</span> 
     </span>
    </p>

    <p class='ocr_par' dir='ltr' id='par_1_20' title="bbox 1425 2295 2499 2474">
     <span class='ocr_line' id='line_1_86' title="bbox 1481 2295 2498 2336; baseline 0.001 -7"><span class='ocrx_word' id='word_1_734' title='bbox 1481 2295 1536 2330; x_wconf 77' lang='lat' dir='ltr'>Act</span> <span class='ocrx_word' id='word_1_735' title='bbox 1562 2301 1691 2330; x_wconf 83' lang='lat' dir='ltr'>tertium</span> <span class='ocrx_word' id='word_1_736' title='bbox 1726 2299 1822 2329; x_wconf 92' lang='lat' dir='ltr'>unico</span> <span class='ocrx_word' id='word_1_737' title='bbox 1852 2300 1949 2330; x_wconf 87' lang='lat' dir='ltr'>verbo</span> <span class='ocrx_word' id='word_1_738' title='bbox 1980 2299 2110 2336; x_wconf 81' lang='lat' dir='ltr'>dicitur,</span> <span class='ocrx_word' id='word_1_739' title='bbox 2135 2310 2210 2331; x_wconf 91' lang='lat' dir='ltr'>cum</span> <span class='ocrx_word' id='word_1_740' title='bbox 2240 2299 2409 2331; x_wconf 89' lang='lat' dir='ltr'>Aristotele</span> <span class='ocrx_word' id='word_1_741' title='bbox 2427 2300 2445 2319; x_wconf 85' lang='grc'><strong><em>*</em></strong></span> <span class='ocrx_word' id='word_1_742' title='bbox 2468 2307 2498 2331; x_wconf 92' lang='lat' dir='ltr'>et</span> 
     </span>
     <span class='ocr_line' id='line_1_87' title="bbox 1425 2343 2498 2385; baseline 0.001 -11"><span class='ocrx_word' id='word_1_743' title='bbox 1425 2344 1536 2375; x_wconf 91' lang='lat' dir='ltr'>Tullio</span> <span class='ocrx_word' id='word_1_744' title='bbox 1552 2343 1579 2380; x_wconf 90' lang='lat'>*‚</span> <span class='ocrx_word' id='word_1_745' title='bbox 1604 2344 1693 2384; x_wconf 93' lang='lat' dir='ltr'>quod</span> <span class='ocrx_word' id='word_1_746' title='bbox 1716 2345 1772 2384; x_wconf 82' lang='lat' dir='ltr'>qui</span> <span class='ocrx_word' id='word_1_747' title='bbox 1796 2354 1893 2374; x_wconf 89' lang='lat' dir='ltr'>unam</span> <span class='ocrx_word' id='word_1_748' title='bbox 1918 2354 1952 2374; x_wconf 82' lang='lat' dir='ltr'>se</span> <span class='ocrx_word' id='word_1_749' title='bbox 1976 2350 2076 2385; x_wconf 82' lang='lat' dir='ltr'>negat</span> <span class='ocrx_word' id='word_1_750' title='bbox 2099 2344 2216 2375; x_wconf 85' lang='lat' dir='ltr'>habere</span> <span class='ocrx_word' id='word_1_751' title='bbox 2240 2345 2400 2382; x_wconf 85' lang='lat' dir='ltr'>virtutem,</span> <span class='ocrx_word' id='word_1_752' title='bbox 2427 2345 2498 2375; x_wconf 92' lang='lat' dir='ltr'>nul-</span> 
     </span>
     <span class='ocr_line' id='line_1_88' title="bbox 1426 2388 2499 2429; baseline 0.001 -10"><span class='ocrx_word' id='word_1_753' title='bbox 1426 2389 1490 2420; x_wconf 91' lang='lat' dir='ltr'>lam</span> <span class='ocrx_word' id='word_1_754' title='bbox 1515 2388 1617 2419; x_wconf 84' lang='lat' dir='ltr'>habet.</span> <span class='ocrx_word' id='word_1_755' title='bbox 1643 2389 1683 2418; x_wconf 88' lang='lat' dir='ltr'>Et</span> <span class='ocrx_word' id='word_1_756' title='bbox 1706 2388 1779 2418; x_wconf 92' lang='lat' dir='ltr'>ideo</span> <span class='ocrx_word' id='word_1_757' title='bbox 1804 2398 1894 2418; x_wconf 84' lang='lat' dir='ltr'>casus</span> <span class='ocrx_word' id='word_1_758' title='bbox 1919 2396 1993 2419; x_wconf 89' lang='lat' dir='ltr'>sunt</span> <span class='ocrx_word' id='word_1_759' title='bbox 2015 2389 2243 2429; x_wconf 88' lang='lat' dir='ltr'>impossibiles,</span> <span class='ocrx_word' id='word_1_760' title='bbox 2269 2389 2308 2419; x_wconf 93' lang='lat' dir='ltr'>de</span> <span class='ocrx_word' id='word_1_761' title='bbox 2331 2389 2499 2420; x_wconf 87' lang='lat' dir='ltr'>virtutibus</span> 
     </span>
     <span class='ocr_line' id='line_1_89' title="bbox 1426 2432 1923 2474; baseline -0.002 -10"><span class='ocrx_word' id='word_1_762' title='bbox 1426 2440 1457 2464; x_wconf 90' lang='lat' dir='ltr'>et</span> <span class='ocrx_word' id='word_1_763' title='bbox 1479 2433 1563 2463; x_wconf 91' lang='lat' dir='ltr'>vitiis</span> <span class='ocrx_word' id='word_1_764' title='bbox 1586 2433 1751 2474; x_wconf 92' lang='lat' dir='ltr'>loquendo</span> <span class='ocrx_word' id='word_1_765' title='bbox 1777 2432 1923 2464; x_wconf 91' lang='lat' dir='ltr'>univoce.</span> 
     </span>
    </p>

    <p class='ocr_par' dir='ltr' id='par_1_21' title="bbox 1425 2477 2499 2602">
     <span class='ocr_line' id='line_1_90' title="bbox 1483 2477 2499 2514; baseline 0.001 -7"><span class='ocrx_word' id='word_1_766' title='bbox 1483 2477 1536 2508; x_wconf 93' lang='lat' dir='ltr'>IV.</span> <span class='ocrx_word' id='word_1_767' title='bbox 1553 2477 1588 2508; x_wconf 89' lang='lat' dir='ltr'>ln</span> <span class='ocrx_word' id='word_1_768' title='bbox 1613 2477 1697 2508; x_wconf 89' lang='lat' dir='ltr'>calce</span> <span class='ocrx_word' id='word_1_769' title='bbox 1721 2477 1864 2508; x_wconf 89' lang='lat' dir='ltr'>eiusdem</span> <span class='ocrx_word' id='word_1_770' title='bbox 1888 2477 2011 2508; x_wconf 87' lang='lat' dir='ltr'>articuli</span> <span class='ocrx_word' id='word_1_771' title='bbox 2026 2478 2052 2514; x_wconf 88' lang='lat'>*,</span> <span class='ocrx_word' id='word_1_772' title='bbox 2074 2478 2144 2508; x_wconf 89' lang='lat' dir='ltr'>vide</span> <span class='ocrx_word' id='word_1_773' title='bbox 2168 2477 2363 2508; x_wconf 87' lang='lat' dir='ltr'>bestialitatis</span> <span class='ocrx_word' id='word_1_774' title='bbox 2386 2478 2499 2509; x_wconf 88' lang='lat' dir='ltr'>vitium</span> 
     </span>
     <span class='ocr_line' id='line_1_91' title="bbox 1425 2521 2499 2563; baseline -0.001 -10"><span class='ocrx_word' id='word_1_775' title='bbox 1425 2523 1458 2553; x_wconf 90' lang='lat' dir='ltr'>in</span> <span class='ocrx_word' id='word_1_776' title='bbox 1481 2521 1612 2553; x_wconf 88' lang='lat' dir='ltr'>materia</span> <span class='ocrx_word' id='word_1_777' title='bbox 1636 2521 1694 2552; x_wconf 91' lang='lat' dir='ltr'>ista</span> <span class='ocrx_word' id='word_1_778' title='bbox 1718 2531 1785 2552; x_wconf 91' lang='lat' dir='ltr'>esse</span> <span class='ocrx_word' id='word_1_779' title='bbox 1807 2522 1969 2552; x_wconf 88' lang='lat' dir='ltr'>saevitiam</span> <span class='ocrx_word' id='word_1_780' title='bbox 1993 2522 2042 2552; x_wconf 86' lang='lat' dir='ltr'>vel</span> <span class='ocrx_word' id='word_1_781' title='bbox 2062 2522 2234 2553; x_wconf 86' lang='lat' dir='ltr'>feritatem:</span> <span class='ocrx_word' id='word_1_782' title='bbox 2260 2522 2414 2563; x_wconf 86' lang='lat' dir='ltr'>quoniam</span> <span class='ocrx_word' id='word_1_783' title='bbox 2438 2523 2499 2553; x_wconf 89' lang='lat' dir='ltr'>hoc</span> 
     </span>
     <span class='ocr_line' id='line_1_92' title="bbox 1426 2566 2498 2602; baseline 0.001 -6"><span class='ocrx_word' id='word_1_784' title='bbox 1426 2566 1560 2597; x_wconf 88' lang='lat' dir='ltr'>humani</span> <span class='ocrx_word' id='word_1_785' title='bbox 1583 2566 1681 2596; x_wconf 88' lang='lat' dir='ltr'>animi</span> <span class='ocrx_word' id='word_1_786' title='bbox 1705 2566 1821 2597; x_wconf 89' lang='lat' dir='ltr'>limites</span> <span class='ocrx_word' id='word_1_787' title='bbox 1845 2566 1920 2602; x_wconf 89' lang='lat' dir='ltr'>exit,</span> <span class='ocrx_word' id='word_1_788' title='bbox 1938 2574 1968 2597; x_wconf 93' lang='lat' dir='ltr'>et</span> <span class='ocrx_word' id='word_1_789' title='bbox 1983 2567 2022 2596; x_wconf 87' lang='lat' dir='ltr'>ad</span> <span class='ocrx_word' id='word_1_790' title='bbox 2044 2567 2207 2597; x_wconf 89' lang='lat' dir='ltr'>bestialem</span> <span class='ocrx_word' id='word_1_791' title='bbox 2224 2567 2368 2597; x_wconf 88' lang='lat' dir='ltr'>animum</span> <span class='ocrx_word' id='word_1_792' title='bbox 2385 2567 2498 2598; x_wconf 92' lang='lat' dir='ltr'>deiicit.</span> 
     </span>
    </p>
   </div>
   <div class='ocr_carea' id='block_1_15' title="bbox 2526 2462 2593 2487">
    <p class='ocr_par' dir='ltr' id='par_1_22' title="bbox 2526 2462 2593 2487">
     <span class='ocr_line' id='line_1_93' title="bbox 2526 2462 2593 2487; baseline -0.015 -4"><span class='ocrx_word' id='word_1_793' title='bbox 2526 2462 2593 2487; x_wconf 77' lang='lat'>1886).</span> 
     </span>
    </p>
   </div>
   <div class='ocr_carea' id='block_1_16' title="bbox 791 2743 2101 2875">
    <p class='ocr_par' dir='ltr' id='par_1_23' title="bbox 791 2743 2101 2875">
     <span class='ocr_line' id='line_1_94' title="bbox 1070 2743 1731 2786; baseline 0 -2"><span class='ocrx_word' id='word_1_794' title='bbox 1070 2743 1391 2786; x_wconf 91' lang='lat' dir='ltr'>ARTICULUS</span> <span class='ocrx_word' id='word_1_795' title='bbox 1426 2743 1731 2786; x_wconf 88' lang='lat' dir='ltr'>SECUNDUS</span> 
     </span>
     <span class='ocr_line' id='line_1_95' title="bbox 791 2837 2101 2875; baseline 0 -7"><span class='ocrx_word' id='word_1_796' title='bbox 791 2837 948 2869; x_wconf 86' lang='lat' dir='ltr'>UTRUM</span> <span class='ocrx_word' id='word_1_797' title='bbox 971 2838 1067 2868; x_wconf 83' lang='lat' dir='ltr'>TAM</span> <span class='ocrx_word' id='word_1_798' title='bbox 1091 2837 1345 2869; x_wconf 80' lang='lat' dir='ltr'>CLEMENTIA</span> <span class='ocrx_word' id='word_1_799' title='bbox 1370 2838 1497 2875; x_wconf 86' lang='lat' dir='ltr'><strong>QUAM</strong></span> <span class='ocrx_word' id='word_1_800' title='bbox 1520 2837 1825 2868; x_wconf 86' lang='lat' dir='ltr'>MANSUETUDO</span> <span class='ocrx_word' id='word_1_801' title='bbox 1851 2837 1918 2868; x_wconf 86' lang='lat' dir='ltr'>SIT</span> <span class='ocrx_word' id='word_1_802' title='bbox 1942 2837 2101 2868; x_wconf 86' lang='lat' dir='ltr'>VIRTUS</span> 
     </span>
    </p>
   </div>
   <div class='ocr_carea' id='block_1_17' title="bbox 1099 2916 1708 2949">
    <p class='ocr_par' dir='ltr' id='par_1_24' title="bbox 1099 2916 1708 2949">
     <span class='ocr_line' id='line_1_96' title="bbox 1099 2916 1708 2949; baseline 0.002 -9"><span class='ocrx_word' id='word_1_803' title='bbox 1099 2917 1128 2941; x_wconf 88' lang='lat' dir='ltr'>In</span> <span class='ocrx_word' id='word_1_804' title='bbox 1148 2916 1256 2946; x_wconf 70' lang='lat' dir='ltr'>Matth„</span> <span class='ocrx_word' id='word_1_805' title='bbox 1277 2925 1332 2949; x_wconf 86' lang='lat' dir='ltr'>cap.</span> <span class='ocrx_word' id='word_1_806' title='bbox 1351 2925 1382 2947; x_wconf 83' lang='lat' dir='ltr'>v;</span> <span class='ocrx_word' id='word_1_807' title='bbox 1403 2917 1437 2942; x_wconf 93' lang='lat' dir='ltr'>IV</span> <span class='ocrx_word' id='word_1_808' title='bbox 1458 2917 1554 2946; x_wconf 76' lang='lat' dir='ltr'>Ethic.,</span> <span class='ocrx_word' id='word_1_809' title='bbox 1575 2917 1633 2941; x_wconf 89' lang='lat' dir='ltr'>lect.</span> <span class='ocrx_word' id='word_1_810' title='bbox 1653 2924 1708 2942; x_wconf 84' lang='lat' dir='ltr'>xm.</span> 
     </span>
    </p>
   </div>
   <div class='ocr_carea' id='block_1_18' title="bbox 330 2995 1374 3060">
    <p class='ocr_par' dir='ltr' id='par_1_25' title="bbox 330 2995 1374 3060">
     <span class='ocr_line' id='line_1_97' title="bbox 330 2995 1374 3060; baseline -0.002 -26"><span class='ocrx_word' id='word_1_811' title='bbox 330 3013 398 3057; x_wconf 39' lang='grc' dir='ltr'>ἐξῇ»</span> <span class='ocrx_word' id='word_1_812' title='bbox 419 3016 491 3060; x_wconf 30' lang='grc' dir='ltr'>καί</span> <span class='ocrx_word' id='word_1_813' title='bbox 514 3011 537 3036; x_wconf 88' lang='lat' dir='ltr'>D</span> <span class='ocrx_word' id='word_1_814' title='bbox 553 3009 744 3035; x_wconf 80' lang='lat' dir='ltr'><strong>SECUNDUM</strong></span> <span class='ocrx_word' id='word_1_815' title='bbox 763 3009 817 3034; x_wconf 79' lang='lat' dir='ltr'>src</span> <span class='ocrx_word' id='word_1_816' title='bbox 833 3007 1076 3033; x_wconf 83' lang='lat' dir='ltr'>PROCEDITUR.</span> <span class='ocrx_word' id='word_1_817' title='bbox 1091 2995 1252 3032; x_wconf 89' lang='lat' dir='ltr'>Videtur</span> <span class='ocrx_word' id='word_1_818' title='bbox 1269 2997 1374 3045; x_wconf 91' lang='lat' dir='ltr'>quod</span> 
     </span>
    </p>
   </div>
   <div class='ocr_carea' id='block_1_19' title="bbox 315 3092 404 3199">
    <p class='ocr_par' dir='ltr' id='par_1_26' title="bbox 315 3092 404 3199">
     <span class='ocr_line' id='line_1_98' title="bbox 315 3092 404 3199; baseline 0 -27"><span class='ocrx_word' id='word_1_819' title='bbox 315 3092 404 3199; x_wconf 95' lang='lat' dir='ltr'>   </span> 
     </span>
    </p>
   </div>
   <div class='ocr_carea' id='block_1_20' title="bbox 422 3037 464 3080">
    <p class='ocr_par' dir='ltr' id='par_1_27' title="bbox 422 3037 464 3080">
     <span class='ocr_line' id='line_1_99' title="bbox 422 3037 464 3080; baseline 0 -35"><span class='ocrx_word' id='word_1_820' title='bbox 422 3037 464 3080; x_wconf 40' lang='grc' dir='ltr'>»ῙΕῙ</span> 
     </span>
     <span class='ocr_line' id='line_1_100' title="bbox 448 3063 457 3070; baseline 0 -3"><span class='ocrx_word' id='word_1_821' title='bbox 448 3063 457 3070; x_wconf 76' lang='grc'>,</span> 
     </span>
    </p>
   </div>
   <div class='ocr_carea' id='block_1_21' title="bbox 304 3049 1376 3366">
    <p class='ocr_par' dir='ltr' id='par_1_28' title="bbox 304 3049 1376 3315">
     <span class='ocr_line' id='line_1_101' title="bbox 331 3049 1376 3111; baseline -0.005 -21"><span class='ocrx_word' id='word_1_822' title='bbox 331 3054 385 3111; x_wconf 51' lang='lat'>§.²3¹</span> <span class='ocrx_word' id='word_1_823' title='bbox 443 3059 493 3101; x_wconf 48' lang='lat' dir='ltr'>Naas&gt;</span> <span class='ocrx_word' id='word_1_824' title='bbox 516 3064 642 3101; x_wconf 89' lang='lat' dir='ltr'>neque</span> <span class='ocrx_word' id='word_1_825' title='bbox 671 3050 872 3088; x_wconf 88' lang='lat' dir='ltr'>clementia</span> <span class='ocrx_word' id='word_1_826' title='bbox 892 3061 1018 3098; x_wconf 90' lang='lat' dir='ltr'>neque</span> <span class='ocrx_word' id='word_1_827' title='bbox 1048 3050 1304 3086; x_wconf 85' lang='lat' dir='ltr'>mansuetudo</span> <span class='ocrx_word' id='word_1_828' title='bbox 1330 3049 1376 3086; x_wconf 91' lang='lat' dir='ltr'>sit</span> 
     </span>
     <span class='ocr_line' id='line_1_102' title="bbox 321 3089 1375 3157; baseline -0.005 -13"><span class='ocrx_word' id='word_1_829' title='bbox 321 3102 442 3157; x_wconf 53' lang='lat'>¹5¹⁷&lt;</span> <span class='ocrx_word' id='word_1_830' title='bbox 453 3089 646 3146; x_wconf 58' lang='lat' dir='ltr'>&#39;t&#39;virtus</span> <span class='ocrx_word' id='word_1_831' title='bbox 685 3104 800 3142; x_wconf 90' lang='lat' dir='ltr'>Nulla</span> <span class='ocrx_word' id='word_1_832' title='bbox 830 3103 932 3140; x_wconf 89' lang='lat' dir='ltr'>enim</span> <span class='ocrx_word' id='word_1_833' title='bbox 958 3103 1079 3140; x_wconf 82' lang='lat' dir='ltr'>virtus</span> <span class='ocrx_word' id='word_1_834' title='bbox 1114 3103 1218 3139; x_wconf 88' lang='lat' dir='ltr'>alteri</span> <span class='ocrx_word' id='word_1_835' title='bbox 1245 3102 1375 3140; x_wconf 89' lang='lat' dir='ltr'>virtuti</span> 
     </span>
     <span class='ocr_line' id='line_1_103' title="bbox 323 3150 1376 3209; baseline -0.007 -11"><span class='ocrx_word' id='word_1_836' title='bbox 323 3152 332 3161; x_wconf 43' lang='grc' dir='ltr'><em>Ι</em></span> <span class='ocrx_word' id='word_1_837' title='bbox 361 3150 735 3209; x_wconf 52' lang='lat' dir='ltr'>NJopponitun</span> <span class='ocrx_word' id='word_1_838' title='bbox 767 3157 846 3195; x_wconf 90' lang='lat' dir='ltr'>Sed</span> <span class='ocrx_word' id='word_1_839' title='bbox 869 3164 1030 3204; x_wconf 84' lang='lat' dir='ltr'>utraque</span> <span class='ocrx_word' id='word_1_840' title='bbox 1049 3155 1202 3193; x_wconf 89' lang='lat' dir='ltr'>videtur</span> <span class='ocrx_word' id='word_1_841' title='bbox 1231 3156 1376 3205; x_wconf 90' lang='lat' dir='ltr'>opponi</span> 
     </span>
     <span class='ocr_line' id='line_1_104' title="bbox 304 3210 1375 3262; baseline -0.004 -13"><span class='ocrx_word' id='word_1_842' title='bbox 304 3211 503 3256; x_wconf 82' lang='lat' dir='ltr'>severitati,</span> <span class='ocrx_word' id='word_1_843' title='bbox 525 3225 623 3262; x_wconf 90' lang='lat' dir='ltr'>quae</span> <span class='ocrx_word' id='word_1_844' title='bbox 654 3219 710 3249; x_wconf 92' lang='lat' dir='ltr'>est</span> <span class='ocrx_word' id='word_1_845' title='bbox 738 3211 930 3260; x_wconf 89' lang='lat' dir='ltr'>quaedam</span> <span class='ocrx_word' id='word_1_846' title='bbox 954 3210 1086 3247; x_wconf 89' lang='lat' dir='ltr'>virtus.</span> <span class='ocrx_word' id='word_1_847' title='bbox 1116 3210 1219 3257; x_wconf 88' lang='lat' dir='ltr'>Ergo</span> <span class='ocrx_word' id='word_1_848' title='bbox 1248 3222 1375 3258; x_wconf 91' lang='lat' dir='ltr'>neque</span> 
     </span>
     <span class='ocr_line' id='line_1_105' title="bbox 307 3262 1188 3315; baseline -0.003 -13"><span class='ocrx_word' id='word_1_849' title='bbox 307 3264 506 3302; x_wconf 86' lang='lat' dir='ltr'>clementia</span> <span class='ocrx_word' id='word_1_850' title='bbox 533 3278 659 3315; x_wconf 91' lang='lat' dir='ltr'>neque</span> <span class='ocrx_word' id='word_1_851' title='bbox 687 3264 944 3302; x_wconf 89' lang='lat' dir='ltr'>mansuetudo</span> <span class='ocrx_word' id='word_1_852' title='bbox 974 3271 1030 3300; x_wconf 90' lang='lat' dir='ltr'>est</span> <span class='ocrx_word' id='word_1_853' title='bbox 1056 3262 1188 3300; x_wconf 90' lang='lat' dir='ltr'>virtus.</span> 
     </span>
    </p>

    <p class='ocr_par' dir='ltr' id='par_1_29' title="bbox 362 3317 1376 3366">
     <span class='ocr_line' id='line_1_106' title="bbox 362 3317 1376 3366; baseline -0.002 -12"><span class='ocrx_word' id='word_1_854' title='bbox 362 3330 397 3355; x_wconf 91' lang='lat'>2.</span> <span class='ocrx_word' id='word_1_855' title='bbox 427 3318 671 3366; x_wconf 73' lang='lat' dir='ltr'>PRAETEREA,</span> <span class='ocrx_word' id='word_1_856' title='bbox 699 3319 818 3355; x_wconf 79' lang='lat' dir='ltr'>virtus</span> <span class='ocrx_word' id='word_1_857' title='bbox 855 3317 1112 3365; x_wconf 86' lang='lat' dir='ltr'>corrumpitur</span> <span class='ocrx_word' id='word_1_858' title='bbox 1139 3327 1214 3365; x_wconf 83' lang='lat' dir='ltr'>per</span> <span class='ocrx_word' id='word_1_859' title='bbox 1247 3327 1376 3364; x_wconf 79' lang='lat' dir='ltr'>super-</span> 
     </span>
    </p>
   </div>
   <div class='ocr_carea' id='block_1_22' title="bbox 68 3369 1374 3421">
    <p class='ocr_par' dir='ltr' id='par_1_30' title="bbox 68 3369 1374 3421">
     <span class='ocr_line' id='line_1_107' title="bbox 68 3369 1374 3421; baseline -0.002 -12"><span class='ocrx_word' id='word_1_860' title='bbox 68 3379 278 3403; x_wconf 70' lang='lat' dir='ltr'>·Aristot-Ethic-</span> <span class='ocrx_word' id='word_1_861' title='bbox 297 3372 426 3421; x_wconf 89' lang='lat' dir='ltr'>fluum</span> <span class='ocrx_word' id='word_1_862' title='bbox 454 3375 490 3406; x_wconf 85' lang='lat' dir='ltr'>et</span> <span class='ocrx_word' id='word_1_863' title='bbox 516 3371 739 3408; x_wconf 84' lang='lat' dir='ltr'>diminutum</span> <span class='ocrx_word' id='word_1_864' title='bbox 757 3371 789 3409; x_wconf 73' lang='lat'>³¹⁸.</span> <span class='ocrx_word' id='word_1_865' title='bbox 821 3372 897 3408; x_wconf 89' lang='lat' dir='ltr'>Sed</span> <span class='ocrx_word' id='word_1_866' title='bbox 920 3378 998 3407; x_wconf 89' lang='lat' dir='ltr'>tam</span> <span class='ocrx_word' id='word_1_867' title='bbox 1029 3369 1228 3407; x_wconf 88' lang='lat' dir='ltr'>clementia</span> <span class='ocrx_word' id='word_1_868' title='bbox 1257 3381 1374 3418; x_wconf 91' lang='lat' dir='ltr'>quam</span> 
     </span>
    </p>
   </div>
   <div class='ocr_carea' id='block_1_23' title="bbox 67 3407 1374 3484">
    <p class='ocr_par' dir='ltr' id='par_1_31' title="bbox 67 3407 1374 3484">
     <span class='ocr_line' id='line_1_108' title="bbox 67 3407 1374 3484; baseline -0.006 -17"><span class='ocrx_word' id='word_1_869' title='bbox 67 3407 187 3484; x_wconf 40' lang='lat' dir='ltr'>{tiz-⁶²</span> <span class='ocrx_word' id='word_1_870' title='bbox 204 3412 280 3455; x_wconf 64' lang='lat' dir='ltr'>3¹¹³rsst</span> <span class='ocrx_word' id='word_1_871' title='bbox 308 3424 564 3462; x_wconf 90' lang='lat' dir='ltr'>mansuetudo</span> <span class='ocrx_word' id='word_1_872' title='bbox 595 3425 634 3462; x_wconf 89' lang='lat' dir='ltr'>in</span> <span class='ocrx_word' id='word_1_873' title='bbox 663 3424 915 3462; x_wconf 89' lang='lat' dir='ltr'>diminutione</span> <span class='ocrx_word' id='word_1_874' title='bbox 945 3423 1112 3473; x_wconf 88' lang='lat' dir='ltr'>quadam</span> <span class='ocrx_word' id='word_1_875' title='bbox 1149 3422 1374 3460; x_wconf 85' lang='lat' dir='ltr'>consistunt:</span> 
     </span>
    </p>
   </div>
   <div class='ocr_carea' id='block_1_24' title="bbox 309 3477 1376 3632">
    <p class='ocr_par' dir='ltr' id='par_1_32' title="bbox 309 3477 1376 3632">
     <span class='ocr_line' id='line_1_109' title="bbox 309 3477 1376 3526; baseline -0.001 -12"><span class='ocrx_word' id='word_1_876' title='bbox 309 3490 398 3514; x_wconf 89' lang='lat' dir='ltr'>narn</span> <span class='ocrx_word' id='word_1_877' title='bbox 430 3477 631 3514; x_wconf 89' lang='lat' dir='ltr'>clementia</span> <span class='ocrx_word' id='word_1_878' title='bbox 659 3485 715 3514; x_wconf 91' lang='lat' dir='ltr'>est</span> <span class='ocrx_word' id='word_1_879' title='bbox 742 3477 968 3515; x_wconf 84' lang='lat' dir='ltr'>diminutiva</span> <span class='ocrx_word' id='word_1_880' title='bbox 1003 3488 1239 3526; x_wconf 88' lang='lat' dir='ltr'>poenarum,</span> <span class='ocrx_word' id='word_1_881' title='bbox 1269 3489 1376 3513; x_wconf 89' lang='lat' dir='ltr'>man-</span> 
     </span>
     <span class='ocr_line' id='line_1_110' title="bbox 309 3530 1375 3578; baseline -0.002 -10"><span class='ocrx_word' id='word_1_882' title='bbox 309 3530 472 3568; x_wconf 90' lang='lat' dir='ltr'>suetudo</span> <span class='ocrx_word' id='word_1_883' title='bbox 501 3538 631 3567; x_wconf 88' lang='lat' dir='ltr'>autem</span> <span class='ocrx_word' id='word_1_884' title='bbox 660 3538 716 3566; x_wconf 92' lang='lat' dir='ltr'>est</span> <span class='ocrx_word' id='word_1_885' title='bbox 745 3530 971 3568; x_wconf 89' lang='lat' dir='ltr'>diminutiva</span> <span class='ocrx_word' id='word_1_886' title='bbox 998 3530 1089 3567; x_wconf 90' lang='lat' dir='ltr'>irae.</span> <span class='ocrx_word' id='word_1_887' title='bbox 1120 3531 1223 3578; x_wconf 87' lang='lat' dir='ltr'>Ergo</span> <span class='ocrx_word' id='word_1_888' title='bbox 1249 3542 1375 3578; x_wconf 89' lang='lat' dir='ltr'>neque</span> 
     </span>
     <span class='ocr_line' id='line_1_111' title="bbox 310 3583 1191 3632; baseline -0.001 -11"><span class='ocrx_word' id='word_1_889' title='bbox 310 3583 511 3621; x_wconf 87' lang='lat' dir='ltr'>clementia</span> <span class='ocrx_word' id='word_1_890' title='bbox 539 3595 665 3632; x_wconf 91' lang='lat' dir='ltr'>neque</span> <span class='ocrx_word' id='word_1_891' title='bbox 693 3583 949 3620; x_wconf 83' lang='lat' dir='ltr'>mansuetudo</span> <span class='ocrx_word' id='word_1_892' title='bbox 978 3591 1034 3620; x_wconf 89' lang='lat' dir='ltr'>est</span> <span class='ocrx_word' id='word_1_893' title='bbox 1060 3583 1191 3620; x_wconf 89' lang='lat' dir='ltr'>virtus.</span> 
     </span>
    </p>
   </div>
   <div class='ocr_carea' id='block_1_25' title="bbox 1399 2994 1407 3615">
    <p class='ocr_par' dir='ltr' id='par_1_33' title="bbox 1399 2994 1407 3615">
     <span class='ocr_line' id='line_1_112' title="bbox 1399 2994 1407 3615; baseline 0 0"><span class='ocrx_word' id='word_1_894' title='bbox 1399 2994 1407 3615; x_wconf 95' lang='lat' dir='ltr'> </span> 
     </span>
    </p>
   </div>
   <div class='ocr_carea' id='block_1_26' title="bbox 1427 2995 2602 3620">
    <p class='ocr_par' dir='ltr' id='par_1_34' title="bbox 1427 2995 2501 3255">
     <span class='ocr_line' id='line_1_113' title="bbox 1485 2995 2500 3046; baseline -0.001 -13"><span class='ocrx_word' id='word_1_895' title='bbox 1485 2997 1518 3033; x_wconf 89' lang='lat'>3.</span> <span class='ocrx_word' id='word_1_896' title='bbox 1550 2997 1791 3042; x_wconf 79' lang='lat' dir='ltr'>PRAETEREA,</span> <span class='ocrx_word' id='word_1_897' title='bbox 1822 2996 2098 3043; x_wconf 80' lang='lat' dir='ltr'>mansuetudo,</span> <span class='ocrx_word' id='word_1_898' title='bbox 2129 2997 2209 3033; x_wconf 89' lang='lat' dir='ltr'>sive</span> <span class='ocrx_word' id='word_1_899' title='bbox 2244 2995 2402 3042; x_wconf 87' lang='lat' dir='ltr'>mititas,</span> <span class='ocrx_word' id='word_1_900' title='bbox 2430 3009 2500 3046; x_wconf 92' lang='lat' dir='ltr'>po-</span> 
     </span>
     <span class='ocr_line' id='line_1_114' title="bbox 1429 3049 2499 3097; baseline 0 -11"><span class='ocrx_word' id='word_1_901' title='bbox 1429 3049 1540 3097; x_wconf 83' lang='lat' dir='ltr'>nitur,</span> <span class='ocrx_word' id='word_1_902' title='bbox 1571 3050 1704 3086; x_wconf 88' lang='lat' dir='ltr'>Matth.</span> <span class='ocrx_word' id='word_1_903' title='bbox 1726 3062 1750 3086; x_wconf 92' lang='lat' dir='ltr'><strong>v</strong></span> <span class='ocrx_word' id='word_1_904' title='bbox 1768 3049 1799 3097; x_wconf 68' lang='lat'>²¹⁸,</span> <span class='ocrx_word' id='word_1_905' title='bbox 1830 3049 1927 3086; x_wconf 91' lang='lat' dir='ltr'>inter</span> <span class='ocrx_word' id='word_1_906' title='bbox 1954 3049 2226 3095; x_wconf 89' lang='lat' dir='ltr'>beatitudines;</span> <span class='ocrx_word' id='word_1_907' title='bbox 2258 3057 2294 3085; x_wconf 90' lang='lat' dir='ltr'>et</span> <span class='ocrx_word' id='word_1_908' title='bbox 2313 3049 2407 3086; x_wconf 86' lang='lat' dir='ltr'>inter</span> <span class='ocrx_word' id='word_1_909' title='bbox 2425 3051 2499 3086; x_wconf 89' lang='lat' dir='ltr'>fru-</span> 
     </span>
     <span class='ocr_line' id='line_1_115' title="bbox 1430 3102 2499 3150; baseline 0.001 -11"><span class='ocrx_word' id='word_1_910' title='bbox 1430 3110 1523 3150; x_wconf 83' lang='lat' dir='ltr'>ctus,</span> <span class='ocrx_word' id='word_1_911' title='bbox 1557 3103 1681 3140; x_wconf 88' lang='lat' dir='ltr'>Galat.</span> <span class='ocrx_word' id='word_1_912' title='bbox 1701 3115 1726 3139; x_wconf 91' lang='lat' dir='ltr'>v</span> <span class='ocrx_word' id='word_1_913' title='bbox 1743 3102 1774 3139; x_wconf 74' lang='lat'>²¹⁸.</span> <span class='ocrx_word' id='word_1_914' title='bbox 1806 3103 1883 3140; x_wconf 90' lang='lat' dir='ltr'>Sed</span> <span class='ocrx_word' id='word_1_915' title='bbox 1902 3103 2060 3140; x_wconf 90' lang='lat' dir='ltr'>virtutes</span> <span class='ocrx_word' id='word_1_916' title='bbox 2090 3102 2268 3140; x_wconf 87' lang='lat' dir='ltr'>differunt</span> <span class='ocrx_word' id='word_1_917' title='bbox 2297 3111 2332 3139; x_wconf 90' lang='lat' dir='ltr'>et</span> <span class='ocrx_word' id='word_1_918' title='bbox 2359 3115 2382 3139; x_wconf 91' lang='lat' dir='ltr'>a</span> <span class='ocrx_word' id='word_1_919' title='bbox 2411 3103 2499 3140; x_wconf 90' lang='lat' dir='ltr'>bea-</span> 
     </span>
     <span class='ocr_line' id='line_1_116' title="bbox 1427 3155 2501 3204; baseline 0.002 -12"><span class='ocrx_word' id='word_1_920' title='bbox 1427 3155 1651 3193; x_wconf 87' lang='lat' dir='ltr'>titudinibus</span> <span class='ocrx_word' id='word_1_921' title='bbox 1686 3163 1721 3192; x_wconf 91' lang='lat' dir='ltr'>et</span> <span class='ocrx_word' id='word_1_922' title='bbox 1749 3169 1772 3193; x_wconf 90' lang='lat' dir='ltr'>a</span> <span class='ocrx_word' id='word_1_923' title='bbox 1800 3156 1993 3193; x_wconf 88' lang='lat' dir='ltr'>fructibus.</span> <span class='ocrx_word' id='word_1_924' title='bbox 2034 3157 2136 3204; x_wconf 86' lang='lat' dir='ltr'>Ergo</span> <span class='ocrx_word' id='word_1_925' title='bbox 2173 3168 2252 3193; x_wconf 91' lang='lat' dir='ltr'>non</span> <span class='ocrx_word' id='word_1_926' title='bbox 2288 3156 2501 3194; x_wconf 89' lang='lat' dir='ltr'>continetur</span> 
     </span>
     <span class='ocr_line' id='line_1_117' title="bbox 1430 3209 2259 3255; baseline 0 -9"><span class='ocrx_word' id='word_1_927' title='bbox 1430 3210 1500 3246; x_wconf 91' lang='lat' dir='ltr'>sub</span> <span class='ocrx_word' id='word_1_928' title='bbox 1528 3209 1679 3246; x_wconf 88' lang='lat' dir='ltr'>virtute.</span> <span class='ocrx_word' id='word_1_929' title='bbox 2254 3251 2259 3255; x_wconf 41' lang='lat'>,</span> 
     </span>
    </p>

    <p class='ocr_par' dir='ltr' id='par_1_35' title="bbox 1430 3261 2602 3620">
     <span class='ocr_line' id='line_1_118' title="bbox 1484 3261 2502 3311; baseline 0.001 -13"><span class='ocrx_word' id='word_1_930' title='bbox 1484 3263 1559 3299; x_wconf 77' lang='lat' dir='ltr'>SED</span> <span class='ocrx_word' id='word_1_931' title='bbox 1589 3273 1736 3299; x_wconf 79' lang='lat' dir='ltr'>CONTRA</span> <span class='ocrx_word' id='word_1_932' title='bbox 1763 3273 1830 3299; x_wconf 84' lang='lat' dir='ltr'>EST</span> <span class='ocrx_word' id='word_1_933' title='bbox 1858 3263 1965 3311; x_wconf 92' lang='lat' dir='ltr'>quod</span> <span class='ocrx_word' id='word_1_934' title='bbox 1998 3263 2146 3299; x_wconf 88' lang='lat' dir='ltr'>Seneca</span> <span class='ocrx_word' id='word_1_935' title='bbox 2184 3261 2290 3309; x_wconf 84' lang='lat' dir='ltr'>dicit,</span> <span class='ocrx_word' id='word_1_936' title='bbox 2327 3262 2366 3299; x_wconf 91' lang='lat' dir='ltr'>in</span> <span class='ocrx_word' id='word_1_937' title='bbox 2395 3264 2426 3299; x_wconf 95' lang='lat' dir='ltr'>II</span> <span class='ocrx_word' id='word_1_938' title='bbox 2456 3264 2502 3299; x_wconf 89' lang='lat' dir='ltr'>de</span> 
     </span>
     <span class='ocr_line' id='line_1_119' title="bbox 1435 3315 2503 3352; baseline 0.001 -1"><span class='ocrx_word' id='word_1_939' title='bbox 1435 3315 1551 3352; x_wconf 89' lang='lat' dir='ltr'>Clem.</span> <span class='ocrx_word' id='word_1_940' title='bbox 1578 3315 1616 3351; x_wconf 72' lang='grc' dir='ltr'>*ε</span> <span class='ocrx_word' id='word_1_941' title='bbox 1656 3315 1901 3352; x_wconf 87' lang='lat' dir='ltr'>Clementiam</span> <span class='ocrx_word' id='word_1_942' title='bbox 1939 3321 1975 3351; x_wconf 88' lang='lat' dir='ltr'>et</span> <span class='ocrx_word' id='word_1_943' title='bbox 2010 3315 2334 3352; x_wconf 82' lang='lat' dir='ltr'>mansuetudinem</span> <span class='ocrx_word' id='word_1_944' title='bbox 2373 3328 2503 3352; x_wconf 85' lang='lat' dir='ltr'>omnes</span> 
     </span>
     <span class='ocr_line' id='line_1_120' title="bbox 1430 3368 2500 3418; baseline 0.001 -13"><span class='ocrx_word' id='word_1_945' title='bbox 1430 3369 1521 3405; x_wconf 81' lang='lat' dir='ltr'>boni</span> <span class='ocrx_word' id='word_1_946' title='bbox 1536 3368 1612 3406; x_wconf 76' lang='lat' dir='ltr'>viri</span> <span class='ocrx_word' id='word_1_947' title='bbox 1624 3369 1881 3416; x_wconf 83' lang='lat' dir='ltr'>praestabunt.</span> <span class='ocrx_word' id='word_1_948' title='bbox 1913 3368 1990 3405; x_wconf 88' lang='lat' dir='ltr'>Sed</span> <span class='ocrx_word' id='word_1_949' title='bbox 2009 3368 2129 3405; x_wconf 88' lang='lat' dir='ltr'>virtus</span> <span class='ocrx_word' id='word_1_950' title='bbox 2149 3376 2205 3406; x_wconf 88' lang='lat' dir='ltr'>est</span> <span class='ocrx_word' id='word_1_951' title='bbox 2222 3369 2376 3418; x_wconf 91' lang='lat' dir='ltr'>proprie</span> <span class='ocrx_word' id='word_1_952' title='bbox 2402 3382 2500 3418; x_wconf 89' lang='lat' dir='ltr'>quae</span> 
     </span>
     <span class='ocr_line' id='line_1_121' title="bbox 1430 3421 2499 3471; baseline 0.002 -13"><span class='ocrx_word' id='word_1_953' title='bbox 1430 3422 1591 3471; x_wconf 90' lang='lat' dir='ltr'>pertinet</span> <span class='ocrx_word' id='word_1_954' title='bbox 1611 3421 1660 3458; x_wconf 87' lang='lat' dir='ltr'>ad</span> <span class='ocrx_word' id='word_1_955' title='bbox 1688 3421 1813 3458; x_wconf 91' lang='lat' dir='ltr'>bonos</span> <span class='ocrx_word' id='word_1_956' title='bbox 1832 3421 1951 3459; x_wconf 89' lang='lat' dir='ltr'>viros:</span> <span class='ocrx_word' id='word_1_957' title='bbox 1981 3434 2073 3459; x_wconf 87' lang='lat' dir='ltr'>nam</span> <span class='ocrx_word' id='word_1_958' title='bbox 2091 3422 2210 3459; x_wconf 77' lang='lat' dir='ltr'>virtus</span> <span class='ocrx_word' id='word_1_959' title='bbox 2237 3428 2292 3459; x_wconf 82' lang='lat' dir='ltr'>est</span> <span class='ocrx_word' id='word_1_960' title='bbox 2317 3434 2414 3471; x_wconf 87' lang='lat' dir='ltr'>quae</span> <span class='ocrx_word' id='word_1_961' title='bbox 2437 3424 2499 3460; x_wconf 83' lang='lat' dir='ltr'>bo-</span> 
     </span>
     <span class='ocr_line' id='line_1_122' title="bbox 1431 3475 2499 3524; baseline 0.001 -13"><span class='ocrx_word' id='word_1_962' title='bbox 1431 3487 1522 3512; x_wconf 87' lang='lat' dir='ltr'>num</span> <span class='ocrx_word' id='word_1_963' title='bbox 1539 3475 1643 3523; x_wconf 86' lang='lat' dir='ltr'>facit</span> <span class='ocrx_word' id='word_1_964' title='bbox 1668 3476 1878 3521; x_wconf 88' lang='lat' dir='ltr'>habentem,</span> <span class='ocrx_word' id='word_1_965' title='bbox 1907 3481 1943 3512; x_wconf 86' lang='lat' dir='ltr'>et</span> <span class='ocrx_word' id='word_1_966' title='bbox 1968 3487 2062 3524; x_wconf 78' lang='lat' dir='ltr'>opus</span> <span class='ocrx_word' id='word_1_967' title='bbox 2090 3476 2169 3512; x_wconf 84' lang='lat' dir='ltr'>eius</span> <span class='ocrx_word' id='word_1_968' title='bbox 2196 3477 2336 3512; x_wconf 88' lang='lat' dir='ltr'>bonum</span> <span class='ocrx_word' id='word_1_969' title='bbox 2370 3476 2499 3521; x_wconf 86' lang='lat' dir='ltr'>reddit,</span> 
     </span>
     <span class='ocr_line' id='line_1_123' title="bbox 1431 3528 2602 3581; baseline 0 -16"><span class='ocrx_word' id='word_1_970' title='bbox 1431 3536 1472 3566; x_wconf 92' lang='lat' dir='ltr'>ut</span> <span class='ocrx_word' id='word_1_971' title='bbox 1501 3528 1634 3565; x_wconf 89' lang='lat' dir='ltr'>dicitur</span> <span class='ocrx_word' id='word_1_972' title='bbox 1662 3528 1701 3565; x_wconf 91' lang='lat' dir='ltr'>in</span> <span class='ocrx_word' id='word_1_973' title='bbox 1730 3529 1761 3564; x_wconf 95' lang='grc' dir='ltr'>ΙΙ</span> <span class='ocrx_word' id='word_1_974' title='bbox 1789 3529 1910 3565; x_wconf 88' lang='lat' dir='ltr'>Ethic.</span> <span class='ocrx_word' id='word_1_975' title='bbox 1931 3528 1951 3550; x_wconf 73' lang='lat'>&#39;¹‘</span> <span class='ocrx_word' id='word_1_976' title='bbox 1979 3530 2082 3577; x_wconf 91' lang='lat' dir='ltr'>Ergo</span> <span class='ocrx_word' id='word_1_977' title='bbox 2103 3529 2304 3566; x_wconf 88' lang='lat' dir='ltr'>clementia</span> <span class='ocrx_word' id='word_1_978' title='bbox 2329 3537 2365 3565; x_wconf 92' lang='lat' dir='ltr'>et</span> <span class='ocrx_word' id='word_1_979' title='bbox 2393 3541 2500 3565; x_wconf 89' lang='lat' dir='ltr'>man·</span> <span class='ocrx_word' id='word_1_980' title='bbox 2527 3531 2602 3581; x_wconf 56' lang='lat' dir='ltr'>⁸3ng</span> 
     </span>
     <span class='ocr_line' id='line_1_124' title="bbox 1431 3581 1906 3620; baseline -0.004 0"><span class='ocrx_word' id='word_1_981' title='bbox 1431 3582 1594 3620; x_wconf 91' lang='lat' dir='ltr'>suetudo</span> <span class='ocrx_word' id='word_1_982' title='bbox 1624 3590 1710 3619; x_wconf 92' lang='lat' dir='ltr'>sunt</span> <span class='ocrx_word' id='word_1_983' title='bbox 1737 3581 1906 3619; x_wconf 82' lang='lat' dir='ltr'>virtutes.</span> 
     </span>
    </p>
   </div>
   <div class='ocr_carea' id='block_1_27' title="bbox 2528 3319 2600 3346">
    <p class='ocr_par' dir='ltr' id='par_1_36' title="bbox 2528 3319 2600 3346">
     <span class='ocr_line' id='line_1_125' title="bbox 2528 3319 2600 3346; baseline 0 -6"><span class='ocrx_word' id='word_1_984' title='bbox 2528 3321 2538 3329; x_wconf 69' lang='lat'>⁴</span> <span class='ocrx_word' id='word_1_985' title='bbox 2552 3319 2600 3346; x_wconf 86' lang='lat' dir='ltr'>Cap</span> 
     </span>
    </p>
   </div>
   <div class='ocr_carea' id='block_1_28' title="bbox 2511 1104 2636 1126">
    <p class='ocr_par' dir='ltr' id='par_1_37' title="bbox 2511 1104 2636 1126">
     <span class='ocr_line' id='line_1_126' title="bbox 2511 1104 2636 1126; baseline 0 0"><span class='ocrx_word' id='word_1_986' title='bbox 2511 1106 2520 1116; x_wconf 78' lang='lat'>⁸</span> <span class='ocrx_word' id='word_1_987' title='bbox 2534 1104 2604 1126; x_wconf 89' lang='lat' dir='ltr'>Num.</span> <span class='ocrx_word' id='word_1_988' title='bbox 2622 1111 2636 1126; x_wconf 85' lang='lat'>1.</span> 
     </span>
    </p>
   </div>
   <div class='ocr_carea' id='block_1_29' title="bbox 2525 2301 2739 2462">
    <p class='ocr_par' dir='ltr' id='par_1_38' title="bbox 2525 2301 2739 2462">
     <span class='ocr_line' id='line_1_127' title="bbox 2526 2301 2737 2327; baseline 0 -4"><span class='ocrx_word' id='word_1_989' title='bbox 2526 2303 2535 2313; x_wconf 68' lang='lat'>⁶</span> <span class='ocrx_word' id='word_1_990' title='bbox 2549 2301 2624 2323; x_wconf 75' lang='lat' dir='ltr'>Ethic.</span> <span class='ocrx_word' id='word_1_991' title='bbox 2642 2301 2681 2323; x_wconf 86' lang='lat' dir='ltr'>lib.</span> <span class='ocrx_word' id='word_1_992' title='bbox 2699 2301 2737 2327; x_wconf 82' lang='lat' dir='ltr'>VI,</span> 
     </span>
     <span class='ocr_line' id='line_1_128' title="bbox 2526 2334 2737 2377; baseline -0.005 -1"><span class='ocrx_word' id='word_1_993' title='bbox 2526 2334 2693 2377; x_wconf 43' lang='lat' dir='ltr'>{ip†hf¹1¹ei:t&#39;.‘ix¹</span> <span class='ocrx_word' id='word_1_994' title='bbox 2696 2335 2702 2349; x_wconf 87' lang='lat'><em>¹</em></span> <span class='ocrx_word' id='word_1_995' title='bbox 2706 2340 2737 2376; x_wconf 71' lang='lat'>311&#39;.</span> 
     </span>
     <span class='ocr_line' id='line_1_129' title="bbox 2526 2371 2737 2409; baseline -0.005 -6"><span class='ocrx_word' id='word_1_996' title='bbox 2526 2384 2535 2393; x_wconf 70' lang='lat'>⁸</span> <span class='ocrx_word' id='word_1_997' title='bbox 2545 2381 2637 2403; x_wconf 76' lang='lat' dir='ltr'>Tuscul.</span> <span class='ocrx_word' id='word_1_998' title='bbox 2646 2371 2737 2409; x_wconf 56' lang='lat' dir='ltr'>Disput.</span> 
     </span>
     <span class='ocr_line' id='line_1_130' title="bbox 2525 2408 2739 2438; baseline 0 -9"><span class='ocrx_word' id='word_1_999' title='bbox 2525 2409 2564 2430; x_wconf 88' lang='lat' dir='ltr'>lib.</span> <span class='ocrx_word' id='word_1_1000' title='bbox 2580 2408 2613 2435; x_wconf 85' lang='lat'>11,</span> <span class='ocrx_word' id='word_1_1001' title='bbox 2631 2414 2680 2435; x_wconf 83' lang='lat' dir='ltr'>cap.</span> <span class='ocrx_word' id='word_1_1002' title='bbox 2695 2414 2739 2438; x_wconf 42' lang='lat' dir='ltr'>&#39;nv</span> 
     </span>
     <span class='ocr_line' id='line_1_131' title="bbox 2527 2435 2738 2462; baseline 0 -6"><span class='ocrx_word' id='word_1_1003' title='bbox 2527 2435 2666 2461; x_wconf 63' lang='lat' dir='ltr'>(Edffeubn.</span> <span class='ocrx_word' id='word_1_1004' title='bbox 2675 2435 2738 2462; x_wconf 68' lang='lat' dir='ltr'>L1ps,</span> 
     </span>
    </p>
   </div>
   <div class='ocr_carea' id='block_1_30' title="bbox 2527 2487 2694 2516">
    <p class='ocr_par' dir='ltr' id='par_1_39' title="bbox 2527 2487 2694 2516">
     <span class='ocr_line' id='line_1_132' title="bbox 2527 2487 2694 2516; baseline -0.012 -6"><span class='ocrx_word' id='word_1_1005' title='bbox 2527 2491 2537 2500; x_wconf 73' lang='lat'>⁸</span> <span class='ocrx_word' id='word_1_1006' title='bbox 2550 2488 2617 2516; x_wconf 79' lang='lat' dir='ltr'>Resp.</span> <span class='ocrx_word' id='word_1_1007' title='bbox 2633 2487 2661 2509; x_wconf 82' lang='lat' dir='ltr'>ad</span> <span class='ocrx_word' id='word_1_1008' title='bbox 2677 2494 2694 2516; x_wconf 79' lang='lat'>3.</span> 
     </span>
    </p>
   </div>
   <div class='ocr_carea' id='block_1_31' title="bbox 2527 3061 2657 3089">
    <p class='ocr_par' dir='ltr' id='par_1_40' title="bbox 2527 3061 2657 3089">
     <span class='ocr_line' id='line_1_133' title="bbox 2527 3061 2657 3089; baseline -0.008 -6"><span class='ocrx_word' id='word_1_1009' title='bbox 2527 3064 2536 3072; x_wconf 86' lang='grc'><strong>”</strong></span> <span class='ocrx_word' id='word_1_1010' title='bbox 2552 3061 2617 3083; x_wconf 87' lang='lat' dir='ltr'>Vers.</span> <span class='ocrx_word' id='word_1_1011' title='bbox 2634 3069 2657 3089; x_wconf 76' lang='lat'>4.</span> 
     </span>
    </p>
   </div>
   <div class='ocr_carea' id='block_1_32' title="bbox 2529 3110 2666 3139">
    <p class='ocr_par' dir='ltr' id='par_1_41' title="bbox 2529 3110 2666 3139">
     <span class='ocr_line' id='line_1_134' title="bbox 2529 3110 2666 3139; baseline -0.007 -7"><span class='ocrx_word' id='word_1_1012' title='bbox 2529 3115 2537 3124; x_wconf 86' lang='lat'><strong>·</strong></span> <span class='ocrx_word' id='word_1_1013' title='bbox 2552 3110 2617 3132; x_wconf 73' lang='lat' dir='ltr'>VerS.</span> <span class='ocrx_word' id='word_1_1014' title='bbox 2633 3117 2666 3139; x_wconf 85' lang='lat'>23.</span> 
     </span>
    </p>
   </div>
   <div class='ocr_carea' id='block_1_33' title="bbox 2604 3325 2645 3339">
    <p class='ocr_par' dir='ltr' id='par_1_42' title="bbox 2604 3325 2645 3339">
     <span class='ocr_line' id='line_1_135' title="bbox 2604 3325 2645 3339; baseline 0 0"><span class='ocrx_word' id='word_1_1015' title='bbox 2604 3325 2645 3339; x_wconf 80' lang='lat' dir='ltr'>.V.</span> 
     </span>
    </p>
   </div>
   <div class='ocr_carea' id='block_1_34' title="bbox 2610 3537 2737 3580">
    <p class='ocr_par' dir='ltr' id='par_1_43' title="bbox 2610 3537 2737 3580">
     <span class='ocr_line' id='line_1_136' title="bbox 2610 3537 2737 3558; baseline -0.008 -6"><span class='ocrx_word' id='word_1_1016' title='bbox 2610 3537 2639 3557; x_wconf 77' lang='lat' dir='ltr'>vi,</span> <span class='ocrx_word' id='word_1_1017' title='bbox 2648 3537 2669 3552; x_wconf 89' lang='lat' dir='ltr'>n.</span> <span class='ocrx_word' id='word_1_1018' title='bbox 2679 3537 2737 3558; x_wconf 83' lang='lat'>2,3.-</span> 
     </span>
     <span class='ocr_line' id='line_1_137' title="bbox 2613 3559 2708 3580; baseline 0 -2"><span class='ocrx_word' id='word_1_1019' title='bbox 2613 3559 2663 3578; x_wconf 85' lang='lat' dir='ltr'>lect.</span> <span class='ocrx_word' id='word_1_1020' title='bbox 2679 3565 2708 3580; x_wconf 66' lang='lat' dir='ltr'>vt.</span> 
     </span>
    </p>
   </div>
  </div>
 </body>
</html>
