2768 4198
25 1142 35 1152 ⁸
41 1140 100 1162 Vide
104 1140 234 1163 Commeat.

24 1167 95 1190 Caiet.
107 1171 159 1195 post
169 1171 209 1189 art.
219 1173 235 1190 ι,

24 1292 35 1302 ·
47 1290 103 1318 Cap.
118 1296 181 1312 xxix.

23 1406 33 1415 ⁸
53 1405 103 1426 Lib.
125 1405 165 1431 111,
184 1411 233 1433 cap.

24 1438 49 1453 ιι.
65 1443 75 1447 -
90 1432 151 1454 Inter
172 1431 234 1459 Opp.

23 1458 138 1486 Prosper-i.

24 1612 33 1621 '¹
47 1611 113 1632 Vers.
129 1617 158 1639 17.

22 1674 32 1683 ¹
47 1673 104 1695 Ord.

22 1778 32 1788 ⁴
53 1776 89 1798 De
106 1777 233 1804 Paradiaeo,

22 1809 72 1831 oep.
87 1809 137 1824 vni.

20 2146 30 2155 ⁸
44 2145 100 2173 cap.
120 2151 186 2172 xxiii,
202 2146 230 2167 al.

20 2178 86 2194 xviii.

20 2361 30 2370 ⁸
40 2360 76 2381 De
84 2359 147 2381 Sum.
155 2360 230 2386 Bono,

19 2386 47 2408 al.
62 2386 174 2413 Sentent„
191 2386 230 2408 lib.

18 2413 47 2440 11,
62 2419 112 2441 cap.
134 2419 230 2435 xxxviii.

20 2626 30 2635 ⁸
44 2625 102 2655 Cap..
122 2631 187 2652 xxiii,
201 2626 230 2647 al.

20 2657 86 2678 xviii,
97 2658 119 2673 1n
129 2655 173 2673 vet.
181 2658 229 2673 xix.

21 2892 31 2902 ⁸
45 2891 99 2913 Loc.
115 2892 153 2912 cit.

23 3479 33 3490 ⁴
51 3479 100 3500 Art.
121 3479 236 3506 praeced„

22 3505 51 3526 ad
66 3511 85 3526 2.

276 296 352 342 314

941 290 1208 338 QUAESTIO
1238 290 1393 335 CLXlI,
1422 290 1722 327 ARTICULUS
1753 291 1783 327 ll

271 375 384 405 doctus
408 385 481 405 cum
505 374 553 410 sit,
578 373 792 414 ignorantium
816 371 972 403 erroribus
991 380 1023 400 se
1039 369 1171 399 subiicit.
1199 369 1239 398 Et
1262 378 1335 407 pro·
1362 366 1365 397 l
1391 368 1507 398 mitatis
1531 375 1561 399 et
1584 368 1669 399 illius
1691 369 1900 405 innominati,
1926 380 2021 401 causa
2049 380 2181 411 quoque
2209 371 2353 401 fuerunt:
2386 381 2460 401 cum

270 419 356 450 venit
375 419 560 449 huiusmodi
584 418 737 448 subiectio
754 426 897 458 perversa
922 425 958 445 ex
974 414 1057 444 mala
1082 412 1252 443 collatione
1268 412 1336 442 eius

270 464 359 504 quod
382 463 439 493 Dei
465 470 511 493 est
534 463 565 492 in
591 462 730 497 homine,
756 462 795 491 ad
819 460 850 490 id
874 459 963 499 quod
987 467 1083 488 suum
1107 464 1153 487 est
1175 457 1208 486 in
1225 457 1334 486 altero.
1362 445 1365 472 ¹

325 508 391 538 Nec
406 507 561 547 intelligas
585 516 640 546 per
663 506 738 535 haec
762 504 850 545 quod
875 503 1020 533 dicantur
1043 501 1075 531 in
1099 501 1201 531 littera
1225 501 1335 530 eadem

269 552 344 583 vitia
363 551 485 592 opponi
502 550 705 590 magnanimo
721 556 760 579 =et
784 547 912 578 humili:
938 547 992 576 sed
1016 552 1146 586 propter
1169 545 1335 584 penuriam
1362 536 1364 549 '

1362 587 1363 630 ᾖ
1388 588 1448 624 hic,
1467 589 1521 618 ubi
1544 588 1708 629 distinguit
1723 591 1892 630 quomodo
1909 592 2066 631 superbia,
2083 592 2204 622 diversa
2220 591 2459 632 significatione,

1390 633 1565 673 opponitur
1589 634 1840 672 magnanimitati
1865 642 1896 665 et
1917 635 2108 666 humilitati:
2133 646 2207 667 cum
2225 636 2258 666 in
2277 646 2332 677 qu.
2349 647 2404 666 vm
2422 636 2462 666 de

269 596 509 631 vocabulorum,
534 602 569 625 ut
593 594 704 624 clarior
725 593 812 622 fieret
835 590 987 626 doctrina,
1005 589 1254 620 communicavit
1269 591 1334 619 Au-

269 647 337 670 ctor
359 640 527 674 vocabula,
553 638 705 668 declarata
729 637 849 666 diversa
874 633 1103 674 significatione
1127 643 1188 674 qua
1213 633 1280 669 uni,
1305 640 1335 663 et

1362 399 1364 440 l
1390 412 1486 442 etiam
1514 412 1677 443 humilitas
1705 420 1735 444 et
1765 414 2008 454 magnanimitas
2037 415 2227 445 conveniant
2257 415 2290 445 in
2314 415 2461 451 materia,

1390 466 1456 486 non
1480 456 1674 496 simpliciter,
1694 459 1748 488 sed
1771 459 2016 498 quodammodo,
2034 466 2070 490 ut
2092 459 2125 489 in
2144 459 2203 490 hac
2218 459 2320 490 littera
2336 459 2460 496 dicitur,

1389 500 1421 530 in
1446 500 1603 540 principio
1627 501 1723 532 huius
1747 503 1972 542 responsionis.

1446 545 1485 575 Et
1515 545 1589 575 hinc
1619 545 1716 576 habes
1746 553 1868 586 quanto
1897 547 2001 588 seipso
2030 547 2155 578 doctior
2182 548 2315 578 evaserit
2339 550 2462 578 Auctor

268 694 331 725 qua
347 683 434 714 alteri
451 682 635 723 opponitur.
646 699 667 704 —
683 679 907 720 Propinquitas
921 688 1052 719 quoque
1068 678 1221 708 vitiorum
1237 684 1334 708 extre·
1361 698 1363 717 1
1389 677 1491 714 Male,
1517 684 1572 708 art.
1591 687 1620 713 2,
1639 677 1821 717 superbiam
1837 679 1956 720 absque
1974 680 2175 711 distinctione
2191 681 2316 721 opponi
2332 690 2461 721 magna-

268 738 406 763 morum,
430 727 546 757 scilicet
569 725 734 765 superbiae
758 731 789 754 et
811 722 1091 764 praesumptionis,
1113 732 1148 752 ac
1171 721 1334 762 pusillani-

1360 725 1362 749 j
1389 721 1524 752 nimitati
1549 728 1580 752 et
1601 721 1855 761 pusillanimitati
1879 723 1967 763 prius
1991 723 2111 755 dixerit.

1025 849 1346 891 ARTICULUS
1378 849 1680 891 SECUNDUS

874 944 1031 975 UTRUM
1056 943 1264 974 SUPERBIA
1288 942 1355 973 SIT
1379 942 1585 974 SPECIALE
1608 942 1849 974 PECCATUM

671 1024 694 1048 1⁵
713 1023 770 1054 11¹⁶,
790 1031 834 1056 qu.
854 1030 954 1053 Lme,
974 1028 1020 1048 art.
1042 1030 1071 1051 2:
1090 1022 1111 1047 11
1131 1023 1214 1052 sent„
1236 1022 1294 1047 dist.
1314 1029 1338 1052 v,
1358 1029 1403 1054 qu.
1427 1030 1448 1051 ι,
1467 1027 1514 1047 art.
1535 1021 1564 1052 35
1585 1021 1643 1047 dist.
1662 1029 1722 1050 nu,
1742 1029 1788 1054 qu.
1807 1029 1835 1053 11,
1855 1027 1902 1047 art.
1923 1022 1946 1052 3.
1966 1023 1997 1047 ad
2021 1031 2049 1054 1;

970 1059 1012 1083 De
1029 1058 1113 1087 Malo,
1133 1066 1178 1091 qu.
1202 1066 1222 1087 ι,
1242 1063 1288 1083 art.
1311 1065 1332 1088 1,
1352 1058 1384 1082 ad
1408 1065 1428 1087 ι.
1452 1056 1497 1087 16;
1517 1065 1562 1090 qu.
1581 1065 1637 1088 vm,
1657 1062 1702 1083 art.
1724 1064 1747 1082 2.

348 1150 356 1164 ι
410 1161 419 1169 f
475 1143 498 1168 n
528 1142 719 1167 SECUNDUM
756 1142 810 1167 Sic
847 1141 1080 1166 PROCEDITUR
1105 1128 1137 1165 ³¹⁴.
1175 1129 1334 1166 Videtur

379 1170 448 1218 ”²⁷²7
479 1184 582 1232 quod
611 1183 789 1233 superbia
819 1195 897 1219 non
927 1182 973 1219 sit
1002 1182 1166 1231 speciale
1198 1195 1334 1232 pecca·
1360 1205 1361 1215 ι

415 1229 570 1274 ”“ῖι]ῐῃ.
601 1237 701 1274 Dicit
722 1237 823 1274 enim
842 1236 1089 1284 Augustinus,
1110 1236 1148 1273 in
1173 1236 1269 1273 libro
1289 1236 1335 1273 de
1360 1264 1361 1273 ,

431 1283 568 1328 &Nat
598 1297 634 1327 et
664 1291 797 1328 Gratia
816 1289 857 1337 ²²⁸,
890 1290 996 1338 quod
1024 1290 1104 1326 sine
1136 1290 1335 1338 superbiae
1360 1322 1361 1329 ,

263 1344 527 1394 appellatione,
557 1344 701 1381 nullum
725 1349 924 1393 peccatum
953 1343 1129 1380 invenies.
1165 1344 1213 1380 Et
1241 1344 1333 1380 Pro·
1360 1391 1362 1394 y

280 1267 302 1296 ‘¹
319 1265 409 1320 &a

320 1307 329 1318 =
351 1301 416 1327 y

263 1410 350 1447 sper
379 1397 485 1443 dicit,
515 1397 554 1434 in
583 1397 676 1434 libro
706 1398 752 1434 de
781 1398 864 1435 Vita
898 1397 1143 1445 Contemplat.
1163 1396 1202 1443 ³⁸,
1228 1396 1333 1446 quod

263 1451 407 1489 nullum
431 1457 629 1499 peccatum
658 1452 800 1500 absque
826 1451 1002 1499 superbia
1025 1456 1158 1498 potest,
1183 1450 1243 1487 vel
1264 1462 1333 1498 po-

263 1505 331 1542 tuit
356 1516 454 1550 esse,
483 1510 550 1541 aut
567 1505 717 1552 poterit.
748 1505 850 1552 Ergo
878 1503 1055 1552 superbia
1085 1511 1140 1540 est
1157 1504 1333 1552 generale

291 1565 475 1595 eccatum.

262 1571 287 1607 p
317 1622 352 1648 2.
373 1612 608 1656 PRAETEREA‚
628 1611 698 1647 Iob
717 1622 826 1647 xxxm
845 1609 876 1656 ²¹⁸,
904 1611 953 1647 Ut
978 1615 1126 1646 avertat
1142 1610 1332 1647 hominem

262 1666 311 1702 ab
339 1664 542 1713 iniquitate,
573 1663 661 1700 dicit
689 1664 826 1701 Glossa
845 1663 865 1685 ’¹‘
893 1663 998 1711 quod
1033 1669 1164 1700 contra
1198 1663 1334 1700 Condi·
1359 1684 1361 1707 3

262 1724 381 1755 torem
399 1717 594 1766 superbire
621 1723 675 1753 est
691 1717 770 1753 eius
791 1722 996 1765 praecepta
1009 1717 1205 1764 peccando
1230 1722 1333 1753 tran·
1359 1741 1361 1748 Α

261 1771 449 1808 scendere.
472 1770 548 1807 Sed
569 1770 781 1806 secundum
798 1769 1047 1806 Ambrosium
1064 1768 1094 1816 ⁹¹⁸,
1113 1781 1229 1806 omne
1244 1782 1332 1818 pec·
1359 1797 1361 1804 ,

263 1832 389 1861 catum
410 1831 466 1860 est
485 1823 735 1873 transgressio
765 1823 859 1873 legis
877 1823 1029 1860 divinae
1056 1828 1091 1858 et
1118 1822 1332 1859 caelestium

261 1877 508 1914 inobedientia
537 1877 815 1913 mandatorum.
847 1877 949 1924 Ergo
979 1887 1095 1912 omne
1129 1883 1331 1924 peccatum
1358 1917 1360 1928 ⁴

1358 1930 1360 1949 ³
1387 1927 1590 1976 superbiae
1609 1928 1771 1976 pertinet
1800 1929 1905 1977 quod
1935 1929 2066 1966 omnia
2085 1930 2178 1967 vitia
2207 1942 2252 1967 ex
2281 1931 2462 1980 superbia

261 1938 316 1967 est
344 1930 534 1978 superbia.

315 1985 349 2020 3.
371 1983 610 2027 PRAETEREA,
642 1994 758 2019 omne
789 1989 990 2030 peccatum
1028 1981 1191 2029 speciale
1222 1981 1333 2018 alicui

259 2035 412 2085 speciali
431 2035 559 2072 virtuti
579 2035 795 2084 opponitur.
828 2035 904 2072 Sed
925 2034 1104 2083 superbia
1125 2034 1333 2084 opponitur

260 2089 439 2126 omnibus
457 2088 679 2126 virtutibus:
702 2089 789 2126 dicit
810 2088 910 2125 enim
932 2088 1152 2136 Gregorius,
1169 2088 1333 2125 XXXIV

258 2143 403 2180 Moral.
423 2142 463 2179 *ε
494 2142 678 2191 Superbia
707 2153 947 2191 nequaquam
967 2147 1022 2178 est
1049 2141 1159 2179 unius
1187 2142 1333 2179 virtutis

259 2197 485 2233 extinctione
503 2201 699 2233 contenta:
723 2208 796 2245 per
823 2201 958 2232 cuncta
978 2195 1131 2232 animae
1159 2196 1332 2233 membra

258 2262 297 2287 se
324 2251 447 2300 erigit,
468 2255 504 2286 et
530 2250 639 2298 quasi
673 2249 864 2300 generalis
891 2260 939 2285 ac
959 2249 1119 2297 pestifer
1155 2250 1331 2295 morbus,

259 2315 395 2352 corpus
415 2315 526 2340 omne
545 2304 763 2351 corrumpit.
795 2304 844 2340 Et
864 2302 1032 2339 Isidorus
1057 2302 1157 2349 dicit,
1178 2302 1216 2339 in
1236 2302 1330 2339 libro

258 2357 425 2405 Etymol.
442 2357 472 2404 ²⁸,
490 2357 595 2406 quod
615 2362 669 2393 est
688 2357 800 2393 ruina
822 2356 992 2393 omnium
1011 2357 1204 2393 virtutum.
1227 2356 1331 2404 Ergo

259 2410 437 2459 superbia
467 2422 544 2446 non
575 2417 629 2446 est
657 2410 820 2459 speciale
850 2417 1064 2458 peccatum.

311 2476 349 2511 4.
371 2465 614 2510 PRAETEREA,
644 2476 760 2500 omne
789 2470 989 2512 peccatum
1023 2461 1186 2512 speciale
1215 2462 1332 2499 habet

259 2517 463 2566 specialem
493 2517 704 2554 materiam.
736 2518 813 2554 Sed
834 2515 1011 2566 superbia
1030 2517 1146 2553 habet
1173 2528 1329 2564 genera-

258 2571 333 2607 lem
354 2570 572 2607 materiam:
596 2570 684 2607 dicit
704 2570 805 2607 enim
826 2569 1046 2618 Gregorius,
1063 2570 1227 2606 XXXIV
1240 2570 1330 2607 Mo-

258 2624 328 2661 ral.
349 2623 379 2670 *,
410 2624 515 2672 quod
543 2624 639 2661 alter
666 2624 877 2661 intumescit
903 2635 1016 2669 aure,
1046 2623 1142 2659 alter
1169 2623 1329 2671 eloquio,

257 2677 353 2714 alter
371 2677 509 2725 infimis
528 2683 564 2714 et
590 2677 748 2714 terrenis
767 2678 891 2723 rebus,
911 2677 1008 2714 alter
1035 2676 1193 2713 summis
1212 2676 1330 2713 caele-

256 2731 444 2779 stibusque
471 2731 680 2768 virtutibus.
711 2731 814 2779 Ergo
844 2730 1024 2779 superbia
1053 2741 1132 2767 non
1161 2737 1217 2766 est
1246 2742 1329 2779 spe-

258 2785 349 2821 ciale
377 2791 591 2832 peccatum,
614 2786 680 2822 sed
710 2784 899 2832 generale.

312 2838 386 2874 SED
412 2849 558 2874 CONTRA
578 2850 644 2874 EST
672 2837 777 2886 quod
797 2836 1032 2885 Augustinus
1053 2835 1154 2882 dicit,
1173 2835 1211 2872 in
1231 2835 1328 2874 libro

257 2891 303 2927 de
320 2891 412 2928 Nat.
435 2896 471 2927 et
487 2891 620 2928 Gratia
639 2891 677 2927 *z
704 2891 890 2933 Quaerat:
916 2895 952 2926 et
969 2890 1132 2927 inveniet
1150 2894 1178 2935 α,
1198 2901 1329 2927 secun-

257 2945 346 2981 dum
367 2944 488 2994 legem
508 2945 593 2990 Dei,
613 2944 829 2993 superbiam
849 2955 928 2980 esse
943 2948 1140 2991 peccatum
1169 2942 1327 2980 multum

258 2998 456 3034 discretum
476 2998 525 3034 ab
553 2998 638 3035 aliis
656 2997 764 3034 vitiis.
795 2997 927 3034 Genus
947 3004 1074 3033 autern
1101 3008 1179 3033 non
1201 2996 1327 3034 distin-

258 3051 380 3098 guitur
408 3063 430 3087 a
459 3051 536 3088 suis
566 3051 779 3100 speciebus.
816 3051 918 3098 Ergo
949 3049 1128 3099 superbia
1165 3062 1244 3087 non
1275 3058 1329 3087 est

258 3105 433 3151 generale
462 3112 676 3153 peccatum,
698 3104 765 3140 sed
794 3103 969 3152 speciale.

312 3158 538 3194 Respoumzo
562 3169 747 3195 mem-inum
777 3157 880 3206 quod
905 3163 1105 3205 peecatum
1126 3156 1328 3206 superbiae

260 3209 456 3258 dupliciter
483 3218 609 3260 potest
638 3210 882 3248 considerari.
912 3210 1000 3247 Uno
1028 3210 1164 3257 modo,
1195 3222 1328 3247 secun-

261 3262 351 3299 dum
381 3264 575 3312 propriam
604 3264 785 3314 speciem,
807 3275 926 3312 quarn
963 3263 1079 3300 habet
1109 3275 1153 3300 ex
1182 3263 1327 3301 ratione

260 3317 402 3364 proprii
432 3317 578 3354 obiecti.
619 3319 667 3355 Et
695 3318 770 3355 hoc
799 3317 918 3354 modo
949 3316 1126 3365 superbia
1161 3325 1215 3354 est
1244 3330 1327 3366 spe-

263 3367 353 3404 ciale
383 3378 603 3417 peccatum,
634 3371 722 3421 quia
760 3371 875 3407 habet
913 3370 1076 3419 speciale
1114 3370 1327 3408 obiectum:

263 3428 318 3457 est
346 3421 445 3458 enirn
466 3423 700 3461 inordinatus
729 3424 918 3473 appetitus
939 3424 1116 3473 propriae
1146 3425 1328 3461 excellen-

262 3473 345 3520 tiae,
366 3482 407 3510 ut
435 3475 577 3512 dictum
606 3485 661 3513 est
679 3477 710 3514 ²¹⁸.

316 3588 343 3620 α)
359 3588 482 3613 inveniet.
507 3601 521 3606 -

278 3626 289 3648 t
355 3622 375 3647 p
547 3589 664 3614 inveniat
696 3590 937 3621 ABCDEFHKLa5
967 3599 1016 3624 pro
1043 3592 1203 3622 discretum,
1232 3591 1328 3617 distin-

262 3630 276 3648 c
290 3630 334 3648 um
377 3630 401 3648 α.

1441 1128 1527 1165 Alio
1549 1129 1669 1165 modo
1688 1134 1815 1176 potest
1834 1128 2068 1166 considerari
2087 1129 2301 1166 seeundum
2323 1130 2462 1168 redun-

1388 1181 1776 1231 dantiamqquandam
1804 1181 1842 1218 in
1871 1181 1944 1219 alia
1966 1190 2137 1231 peccata.
2168 1183 2218 1219 Et
2246 1183 2461 1221 secundum

1387 1235 1474 1281 hoc,
1505 1235 1621 1272 habet
1658 1235 1853 1283 quandam
1888 1237 2194 1283 generalitatem:
2232 1236 2461 1286 inquantum

1388 1288 1527 1325 scilicet
1556 1301 1600 1325 ex
1630 1288 1809 1337 superbia
1838 1289 1927 1325 oriri
1946 1296 2108 1338 possunt
2136 1289 2267 1327 omnia
2290 1298 2460 1339 peccata,

1389 1342 1529 1391 duplici
1558 1341 1716 1379 ratione.
1756 1342 1844 1380 Uno
1873 1343 2015 1390 modo,
2043 1355 2114 1392 per
2141 1355 2201 1380 se:
2231 1343 2461 1392 inquantum

1388 1395 1530 1432 scilicet
1557 1395 1630 1432 alia
1657 1403 1815 1444 peccata
1844 1396 2069 1433 ordinantur
2097 1396 2146 1434 ad
2180 1397 2301 1434 finem
2330 1409 2462 1447 super-

1389 1449 1487 1496 biae,
1508 1449 1573 1498 qui
1592 1446 1607 1478 β
1627 1456 1683 1485 est
1700 1449 1856 1498 propria
1877 1450 2108 1498 excellentia,
2129 1450 2179 1487 ad
2198 1462 2316 1499 quam
2334 1458 2462 1500 potest

1389 1502 1555 1539 ordinari
1576 1514 1693 1539 omne
1722 1502 1759 1540 id
1789 1503 1895 1551 quod
1914 1503 2000 1551 quis
2028 1503 2241 1541 inordinate
2261 1504 2415 1553 appetit.
2434 1524 2460 1533 -

1387 1556 1474 1592 Alio
1494 1556 1626 1603 modo,
1644 1555 1825 1593 indirecte
1842 1564 1878 1593 et
1897 1557 2005 1605 quasi
2023 1569 2093 1606 per
2113 1557 2303 1605 accidens,
2321 1558 2463 1595 scilicet

1388 1609 1629 1646 removendo
1649 1609 1878 1658 prohibens:
1903 1610 2130 1659 inquantum
2151 1611 2292 1648 scilicet
2310 1623 2379 1660 per
2399 1623 2461 1649 su-

1387 1662 1561 1710 perbiam
1601 1663 1721 1699 homo
1758 1664 1971 1701 contemnit
2009 1663 2179 1701 divinam
2219 1665 2363 1713 legem,
2392 1677 2462 1714 per

1388 1727 1506 1763 quam
1545 1715 1769 1764 prohibetur
1804 1728 1827 1753 a
1861 1719 2079 1765 peccando;
2118 1718 2329 1755 secundum
2367 1718 2460 1756 illud

1389 1769 1524 1805 lerem.
1546 1781 1568 1805 11
1589 1768 1627 1805 *ε
1653 1770 1885 1819 Consregisti
1902 1770 2049 1821 iugum,
2071 1771 2206 1820 rupisti
2220 1771 2385 1817 vincula,
2407 1771 2461 1809 di·
2486 1782 2497 1793 ·

1385 1821 1495 1858 xisti:
1522 1822 1614 1859 Non
1642 1823 1820 1860 serviam.

1442 1874 1651 1911 Sciendum
1681 1883 1811 1912 tamen
1840 1877 1946 1925 quod
1975 1877 2023 1914 ad
2047 1877 2147 1914 hanc
2175 1877 2460 1926 generalitatem

1386 1980 1577 2018 interdum
1606 1980 1695 2018 oriri
1714 1990 1893 2030 possunt:
1922 1994 2001 2019 non
2031 1990 2160 2020 autem
2180 1983 2230 2020 ad
2259 1994 2346 2021 eam
2373 1996 2459 2033 per-

1387 2034 1480 2071 tinet
1499 2034 1607 2083 quod
1636 2034 1768 2072 omnia
1787 2035 1879 2073 vitia
1901 2048 2054 2085 semper
2073 2048 2118 2073 ex
2137 2036 2318 2086 superbia
2337 2037 2462 2075 orian-

1387 2095 1459 2125 tur.
1489 2087 1680 2134 Quamvis
1710 2088 1812 2126 enim
1842 2089 1973 2127 omnia
1992 2097 2198 2139 praecepta
2225 2089 2318 2138 legis
2342 2090 2463 2140 possit

1387 2141 1523 2190 aliquis
1559 2142 1769 2190 transgredi
1798 2142 2070 2192 qualicumque
2107 2151 2267 2192 peccato
2297 2155 2341 2180 ex
2371 2156 2462 2182 con-

1386 2202 1547 2243 temptu,
1575 2195 1640 2244 qui
1668 2195 1831 2244 pertinet
1859 2197 1908 2234 ad
1945 2197 2187 2246 superbiam;
2217 2209 2296 2235 non
2330 2205 2461 2236 tamen

1387 2260 1542 2297 semper
1579 2261 1624 2285 ex
1664 2256 1888 2298 contemptu
1917 2250 2052 2298 aliquis
2090 2258 2296 2300 praecepta
2329 2251 2462 2290 divina

1386 2302 1670 2349 transgreditur,
1691 2302 1759 2339 sed
1779 2303 2014 2352 quandoque
2034 2316 2080 2340 ex
2100 2304 2323 2352 ignorantia,
2340 2317 2460 2353 quan-

1387 2355 1516 2404 doque
1537 2367 1582 2392 ex
1612 2355 1842 2393 infirmitate.
1874 2357 1923 2393 Et
1941 2357 2030 2394 inde
2051 2365 2107 2394 est
2126 2357 2243 2406 quod,
2265 2357 2362 2395 sicut
2380 2361 2462 2396 Au-

1386 2410 1557 2457 gustinus
1586 2408 1685 2456 dicit,
1707 2409 1745 2446 in
1770 2409 1866 2446 libro
1895 2410 1942 2447 de
1959 2411 2052 2447 Nat.
2074 2416 2111 2447 et
2131 2410 2265 2448 Gratia
2283 2410 2315 2458 ³¹⁶,
2341 2412 2460 2450 multa

1380 2474 1587 2511 perperam
1604 2463 1722 2510 fiunt,
1743 2474 1842 2511 quae
1869 2475 1943 2500 non
1961 2465 2068 2512 fiunt
2094 2465 2254 2512 superbe
2271 2469 2298 2500 Υ.

1438 2518 1497 2552 AD
1518 2527 1656 2552 ptumum
1681 2527 1779 2553 ERGO
1800 2528 1985 2554 DICENDUM
2014 2517 2120 2565 quod
2144 2517 2378 2566 Augustinus
2398 2517 2460 2556 illa

1385 2570 1504 2606 verba
1533 2568 1689 2616 inducit,
1710 2569 1749 2606 in
1769 2569 1866 2606 libro
1895 2571 1941 2607 de
1958 2571 2050 2608 Nat.
2072 2576 2109 2607 et
2137 2571 2284 2617 Gratia,
2305 2583 2384 2608 non
2414 2583 2460 2609 ex

1384 2634 1550 2671 persona
1570 2634 1656 2659 sua:
1678 2623 1745 2659 sed
1761 2634 1807 2660 ex
1822 2636 1988 2672 persona
2007 2623 2171 2671 alterius,
2188 2631 2321 2661 contra
2340 2637 2458 2674 quem

1386 2676 1563 2725 disputat.
1584 2675 1696 2713 Unde
1718 2684 1754 2713 et
1773 2677 2024 2726 postmodum
2047 2678 2239 2727 improbat
2258 2689 2316 2725 ea,
2333 2685 2459 2716 osten-

1386 2729 1479 2766 dens
1509 2729 1614 2778 quod
1644 2741 1722 2766 non
1751 2742 1904 2780 semper
1933 2742 1978 2768 ex
2006 2731 2184 2780 superbia
2212 2738 2403 2781 peccatur.

1439 2784 1568 2820 Potest
1587 2791 1716 2820 tamen
1746 2783 1820 2821 dici
1839 2784 1946 2833 quod
1975 2784 2218 2822 auctoritates
2237 2783 2323 2822 illae
2351 2784 2457 2822 intel-

1383 2836 1549 2884 liguntur
1577 2845 1764 2884 quantum
1784 2837 1835 2874 ad
1864 2837 2091 2875 exteriorem
2116 2837 2296 2875 effectum
2325 2850 2456 2887 super-

1384 2889 1481 2937 biae,
1503 2890 1567 2938 qui
1588 2897 1643 2927 est
1662 2890 1870 2939 transgredi
1899 2899 2114 2940 praecepta,
2135 2890 2242 2940 quod
2265 2891 2458 2929 invenitur

1384 2943 1421 2980 in
1451 2943 1622 2992 quolibet
1640 2952 1822 2992 peccato:
1852 2956 1931 2982 non
1952 2952 2081 2982 autem
2110 2951 2297 2993 quantum
2327 2945 2376 2982 ad
2400 2944 2455 2982 in-

1384 2996 1563 3034 teriorem
1602 3004 1729 3034 actum
1769 2997 1990 3047 superbiae,
2020 2997 2085 3047 qui
2121 3004 2177 3034 est
2212 3005 2455 3048 contemptus

1383 3050 1586 3099 praecepti.
1610 3051 1702 3088 Non
1723 3051 1825 3089 enim
1845 3063 1999 3100 semper
2014 3058 2215 3100 peccatum
2235 3051 2279 3088 fit
2298 3063 2343 3088 ex
2363 3063 2454 3089 con·

1383 3111 1551 3152 temptu:
1573 3104 1642 3141 sed
1661 3104 1894 3153 quandoque
1915 3116 1961 3142 ex
1980 3103 2203 3152 ignorantia,
2218 3104 2454 3154 quandoque

1384 3169 1429 3193 ex
1457 3157 1688 3205 infirmitate,
1708 3165 1750 3194 ut
1779 3157 1923 3195 dictum
1953 3165 2008 3195 est
2026 3157 2057 3194 ¹⁸⁸.

1436 3212 1494 3247 An
1519 3222 1711 3248 SECUNDUM
1731 3222 1916 3249 mcennum
1935 3210 2041 3259 quod
2062 3210 2297 3260 quandoque
2318 3210 2453 3261 aliquis

1383 3264 1585 3301 committit
1613 3263 1770 3313 aliquod
1798 3271 1999 3314 peccatum
2023 3264 2235 3301 secundum
2257 3264 2451 3313 eflectum,

1383 3317 1450 3354 sed
1470 3330 1549 3355 non
1578 3317 1791 3355 secundum
1812 3316 2013 3354 affectum:
2044 3316 2139 3354 sicut
2167 3317 2227 3354 ille
2251 3317 2316 3368 qui
2346 3317 2452 3367 igno-

1354 3367 1356 3373 ’
1383 3378 1509 3408 ranter
1538 3370 1676 3408 occidit
1702 3378 1863 3419 patrem,
1891 3370 2093 3407 committit
2120 3370 2365 3419 parricidium
2394 3384 2452 3409 se-

1354 3432 1356 3478 J
1383 3424 1554 3461 cundum
1584 3423 1776 3470 effectum,
1805 3423 1873 3460 sed
1902 3435 1980 3460 non
2009 3424 2222 3462 secundum
2255 3424 2451 3474 affectum,

1383 3477 1472 3526 quia
1485 3478 1561 3514 hoc
1580 3488 1658 3514 non
1674 3476 1906 3514 intendebat.
1928 3477 1977 3513 Et
1997 3478 2209 3515 secundum
2230 3478 2316 3526 hoc,
2332 3486 2452 3516 trans-

1437 3595 1462 3624 p)
1481 3592 1536 3624 qui.
1549 3604 1566 3610 -
1585 3597 1653 3624 quae
1671 3591 1728 3616 Pla.

1434 3627 1461 3661 γ)
1480 3626 1599 3659 superbe.
1612 3639 1630 3644 —
1647 3625 1787 3658 superbiae
1805 3625 1922 3659 BFpAK,
1940 3631 2035 3659 supere
2052 3627 2106 3653 DE.

2510 1781 2580 1805 Vera.
2594 1787 2631 1805 ao.

2488 2422 2626 2446 *laeda

2585 2473 2603 2500 ἲ
