2768 4198
62 1123 70 1131 ⁸
86 1121 142 1143 Ord.

63 2505 71 2514 ⁸
87 2503 154 2525 Vei-s.
170 2509 189 2531 5.

162 2882 179 2908 Υ

66 2936 76 2945 ·
90 2935 139 2956 Art.
156 2933 260 2963 praeced.

65 3145 76 3155 ¹⁵
91 3144 157 3166 Vero.
172 3150 204 3166 ιο.

300 308 374 344 358

964 303 1231 351 QUAESTIO
1262 303 1436 348 CLXIX,
1466 302 1764 340 ARTICULUS
1796 304 1825 339 ll

1067 438 1384 479 ARTICULUS
1425 437 1727 479 SECUNDUS

745 533 898 564 UTRUM
924 531 1129 562 ORNATUS
1153 531 1384 561 MULIERUM
1409 530 1475 561 SIT
1500 530 1594 561 SINE
1618 531 1823 562 PECCATO
1847 532 2046 563 MORTALl

1249 610 1279 634 In
1299 610 1407 639 Isaiam,
1428 617 1485 642 cap.
1503 617 1541 635 ni.

429 723 433 727 ,
465 712 468 714 -
512 698 533 721 D
549 695 737 721 SECUNDUM
753 694 806 719 Sic
821 693 1062 718 PROCEDlTUR.
1078 681 1238 718 Videtur
1262 681 1366 729 quod

368 739 374 746 ¹
418 728 489 789 ''fffi
512 745 666 774 ornatus
695 736 899 772 mulierum
930 747 1007 771 non
1037 734 1081 770 sit
1100 734 1179 770 sine
1210 742 1366 782 peccato

361 790 672 837 wfmortali.
714 789 842 825 Omne
873 789 974 825 enim
1013 787 1118 836 quod
1149 795 1204 824 est
1237 795 1367 824 contra

354 822 445 876 §⁹25ss
466 837 758 892 &praeceptum
781 842 932 879 divinae
962 842 1065 890 legis,
1089 849 1142 878 est
1165 849 1366 890 peccatum

300 899 469 936 mortale.
502 897 578 933 Sed
607 904 762 932 ornatus
792 895 993 932 mulierum
1026 902 1081 932 est
1100 903 1231 931 contra
1260 907 1367 943 prae-

301 959 452 1000 ceptum
491 950 642 987 divinae
677 949 787 997 legis:
824 949 958 986 dicitur
988 949 1089 985 enim
1121 950 1133 985 1
1164 949 1244 984 Pet.
1275 960 1310 984 111
1329 947 1366 984 *z

305 1006 487 1050 Quarum,
518 1003 656 1040 scilicet
693 1003 920 1049 mulierum,
949 1003 997 1039 sit
1028 1014 1102 1039 non
1139 1002 1369 1038 extrinsecus

300 1058 541 1106 capillatura,
570 1062 638 1093 aut
663 1057 908 1093 circumdatio
943 1056 1041 1102 auri,
1071 1061 1137 1092 aut
1164 1055 1371 1092 indumenti

299 1112 603 1148 vestimentorum
623 1111 752 1147 cultus.
777 1110 851 1147 Ubi
869 1109 956 1147 dicit
975 1109 1112 1146 Glossa
1126 1108 1146 1130 ’¹‘
1167 1109 1368 1158 Cypriani:

301 1165 427 1201 Serico
457 1170 492 1201 et
511 1176 688 1212 purpura
724 1164 876 1200 indutae
913 1164 1101 1200 Christum
1136 1163 1281 1199 sincere
1316 1163 1370 1199 in-

300 1219 414 1255 duere
443 1230 516 1254 non
530 1223 710 1266 possunt:
739 1229 835 1254 auro
856 1222 891 1254 et
914 1217 1134 1267 margaritis
1162 1217 1371 1253 adornatae

299 1277 335 1308 et
362 1271 580 1318 monilibus,
611 1276 834 1307 ornamenta
870 1271 1002 1308 mentis
1030 1275 1065 1306 et
1091 1271 1260 1318 corporis
1283 1281 1369 1318 per-

300 1326 483 1362 diderunt.
515 1325 591 1361 Sed
612 1325 686 1361 hoc
706 1337 784 1361 non
804 1325 847 1362 fit
866 1324 934 1361 nisi
955 1336 1023 1373 per
1046 1331 1246 1372 peccatum
1269 1336 1370 1360 mor-

300 1380 384 1415 tale.
417 1379 518 1426 Ergo
540 1386 695 1415 ornatus
714 1378 917 1414 mulierum
938 1390 1015 1414 non
1036 1385 1161 1426 potest
1186 1390 1269 1414 esse
1290 1376 1370 1413 sine

300 1439 458 1481 peccato
489 1431 651 1468 mortali.

356 1497 390 1522 2.
413 1486 647 1532 plumeam,
678 1484 893 1533 Cyprianus
922 1484 1022 1530 dicit,
1043 1484 1080 1520 in
1109 1484 1204 1520 libro
1224 1484 1270 1520 de
1286 1484 1371 1520 Ha-

301 1539 377 1575 bitu
404 1539 572 1588 Wrgin.:
591 1538 683 1575 Non
704 1538 872 1587 virgines
891 1543 1034 1574 tantum
1055 1543 1122 1574 aut
1144 1537 1288 1583 viduas,
1308 1537 1374 1573 sed
1398 1551 1400 1561 ¹

301 1597 336 1629 et
363 1598 497 1640 nuptas
519 1597 613 1640 puto
634 1597 670 1627 et
687 1596 704 1612 α
732 1604 862 1628 omnes
881 1592 1035 1628 omnino
1044 1591 1217 1639 feminas
1241 1591 1370 1627 admo·
1399 1606 1400 1636 i

302 1646 454 1691 nendas,
476 1645 578 1693 quod
599 1657 692 1693 opus
711 1645 785 1681 Dei
802 1650 838 1681 et
852 1645 1054 1693 facturam
1075 1644 1153 1680 eius
1173 1650 1209 1680 et
1221 1645 1371 1692 plasma
1399 1638 1401 1675 ἶ

300 1700 516 1735 adulterare
544 1698 646 1735 nullo
676 1699 786 1734 modo
807 1698 975 1744 debeant,
997 1698 1161 1734 adhibito
1180 1698 1291 1746 flavo
1311 1709 1372 1734 co-
1399 1698 1400 1725 ἶ

302 1753 381 1788 [ονε
413 1752 472 1788 vel
509 1752 620 1801 nigro
644 1751 804 1798 pulvere
830 1751 889 1787 vel
925 1751 1084 1796 rubore,
1114 1756 1182 1787 aut
1211 1750 1374 1798 quolibet
1399 1779 1401 1784 ,

299 1806 526 1842 lineamenta
562 1805 690 1841 nativa
724 1810 988 1852 corrumpente
1025 1804 1284 1840 medicamine.
1325 1805 1373 1840 Et

300 1912 402 1960 quod
428 1911 488 1948 ille
503 1911 707 1959 formavit,
738 1911 952 1958 reformare
975 1910 1213 1947 contendunt.
1243 1911 1372 1958 Impu-

298 1965 430 2015 gnatio
460 1965 528 2001 ista
562 1969 616 2000 est
648 1963 766 2000 divini
799 1964 939 2012 operis,
963 1963 1247 2012 praevaricatio
1287 1969 1340 2000 est
1357 1962 1374 1993 β
1399 1983 1400 1986 =

299 2018 476 2055 veritatis.
507 2019 632 2054 Deum
660 2018 788 2053 videre
817 2029 890 2053 non
915 2017 1070 2065 poteris,
1092 2018 1244 2066 quando
1274 2017 1374 2054 oculi

299 2072 365 2109 tibi
392 2084 466 2108 non
495 2077 582 2107 sunt
609 2082 702 2118 quos
730 2072 835 2107 Deus
849 2071 960 2119 fecit,
989 2071 1056 2107 sed
1082 2082 1175 2119 quos
1203 2070 1374 2108 diabolus
1399 2089 1401 2095 ι

300 2126 443 2174 infecit:
476 2125 521 2161 a'e
549 2124 700 2161 inimico
731 2129 793 2161 tuo
827 2130 994 2173 compta,
1025 2136 1111 2161 cum
1141 2124 1203 2161 illo
1227 2125 1375 2173 pariter

299 2191 449 2216 arsura.
482 2178 558 2215 Sed
588 2178 662 2214 hoc
691 2190 769 2214 non
800 2178 959 2214 debetur
987 2178 1058 2214 nisi
1084 2186 1242 2227 peccato
1273 2190 1374 2215 mor-

300 2233 375 2269 tali.
405 2233 508 2280 Ergo
538 2239 693 2268 ornatus
723 2231 892 2268 mulieris
922 2243 1000 2268 non
1031 2239 1086 2268 est
1115 2231 1195 2268 sine
1215 2239 1374 2280 peccato

302 2285 462 2323 mortali.

358 2340 392 2376 3.
423 2340 657 2384 ΡΒΑΕΤΕΒΕΑ,
680 2337 775 2374 sicut
803 2349 881 2374 non
904 2337 1076 2385 congruit
1097 2337 1247 2374 mulieri
1268 2332 1373 2386 quo'd

303 2400 410 2429 veste
429 2391 527 2428 virili
547 2399 684 2439 utatur,
705 2391 754 2427 ita
775 2392 888 2427 etiam
909 2390 943 2426 ei
963 2403 1040 2427 non
1069 2390 1250 2440 competit
1270 2391 1374 2440 quod
1401 2419 1403 2422 .

304 2445 520 2482 inordinato
551 2453 686 2481 ornatu
715 2452 850 2480 utatur.
892 2444 967 2480 Sed
998 2443 1165 2492 primum
1203 2452 1258 2481 est
1286 2457 1373 2493 pec-

305 2507 448 2535 catum:
480 2498 613 2534 dicitur
642 2497 743 2534 enim
775 2498 883 2534 Deut.
909 2509 981 2533 xxn
1004 2497 1041 2534 *z
1075 2497 1167 2534 Non
1197 2498 1375 2534 induatur

304 2552 440 2589 mulier
467 2557 565 2588 veste
592 2551 703 2596 virili,
734 2562 802 2587 nec
828 2550 888 2587 vir
915 2556 1014 2587 veste
1046 2551 1230 2588 muliebri.
1272 2552 1373 2599 Ergo

305 2659 350 2695 sit
378 2666 578 2706 peccatum
609 2658 780 2694 mortale.

358 2713 432 2748 SED
462 2723 608 2748 CONTRA
637 2723 703 2748 t-:ST
732 2711 820 2758 quia
850 2711 1062 2747 secundum
1089 2711 1163 2747 hoc
1182 2711 1375 2748 videretur

305 2765 410 2812 quod
431 2765 593 2802 artifices
613 2764 835 2802 huiusmodi
856 2772 1084 2801 ornamenta
1105 2774 1374 2813 praeparantes
1401 2770 1402 2812 ζ

305 2818 512 2855 mortaliter
540 2826 753 2867 peccarent.

305 2926 438 2962 lierum
461 2934 547 2962 sunt
568 2926 703 2962 eadem
725 2924 955 2961 attendenda
976 2936 1073 2973 quae
1095 2937 1210 2974 supra
1224 2923 1244 2946 ²¹²
1269 2937 1373 2962 com-

305 2978 470 3016 muniter
499 2978 598 3016 dicta
626 2985 712 3014 sunt
747 2977 845 3014 circa
883 2978 1110 3014 exteriorem
1141 2978 1298 3015 cultum:
1339 2987 1375 3015 et

304 3034 460 3080 insuper
479 3031 662 3080 quiddam
683 3031 784 3068 aliud
807 3031 983 3080 speciale,
1005 3031 1110 3079 quod
1131 3031 1270 3068 scilicet
1290 3044 1373 3069 mu-

305 3085 430 3122 liebris
460 3086 582 3122 cultus
600 3085 704 3121 viros
725 3085 773 3122 ad
803 3084 994 3121 lasciviam
1021 3093 1218 3133 provocat,
1241 3097 1375 3122 secun-

306 3139 398 3175 dum
437 3138 527 3175 illud
555 3139 668 3175 Prov.
688 3150 737 3175 vn
756 3137 791 3173 *ε
820 3139 931 3183 Ecce,
966 3138 1103 3174 mulier
1130 3139 1296 3175 occurrit
1322 3139 1378 3175 illi

305 3197 440 3228 ornatu
470 3192 681 3229 meretricio
696 3197 930 3240 praeparata
959 3192 1010 3228 ad
1036 3192 1271 3240 decipiendas
1294 3192 1375 3229 ani-

306 3257 398 3282 mas.
429 3246 559 3282 Potest
587 3253 715 3282 tamen
743 3244 879 3282 mulier
898 3245 996 3282 licite
1017 3257 1176 3294 operam
1207 3245 1296 3282 dare
1326 3246 1373 3283 ad

306 3299 379 3335 hoc
409 3300 512 3346 quod
532 3298 616 3335 viro
637 3311 708 3335 suo
737 3299 900 3348 placeat:
930 3311 978 3335 ne
1003 3310 1072 3346 per
1096 3298 1176 3335 eius
1207 3307 1375 3336 contem-

306 3359 413 3399 ptum
442 3351 479 3388 in
508 3351 734 3389 adulterium
769 3353 925 3389 labatur.
963 3352 1076 3390 Unde
1114 3351 1249 3389 dicitur
1278 3354 1289 3388 l
1325 3353 1377 3389 ad

360 3466 387 3495 α)
404 3468 471 3496 puto
490 3469 553 3491 et.-
568 3469 637 3497 puta
656 3467 735 3491 etiam
757 3466 858 3491 codices
878 3472 903 3491 et
921 3474 946 3495 a,
963 3470 1031 3498 puto
1050 3467 1130 3492 etiam
1152 3467 1179 3493 Ρ.

361 3499 385 3532 β)
405 3503 483 3525 est.—
501 3501 580 3525 etiam
601 3501 618 3529 1,
632 3504 658 3525 ee
677 3502 753 3526 ceteri
773 3507 799 3526 et
819 3502 871 3530 Ρα;
890 3510 938 3535 pro
957 3502 1012 3532 tibi,
1033 3503 1074 3527 tui
1093 3502 1220 3528 PHKLa:
1237 3510 1285 3535 pro
1303 3510 1375 3528 com-

303 3539 361 3568 pta,
381 3538 482 3567 tempta
501 3536 718 3567 ABDEFHleC,
738 3540 867 3568 temptato
886 3538 916 3563 L.

359 3571 386 3630 g)
406 3575 571 3597 ornatum.—
589 3575 749 3596 ornamenta
770 3572 815 3598 Pa.

377 3606 384 3638 )
394 3613 617 3639 praeproperam.
628 3621 645 3626 -
654 3610 821 3639 praeparatu
832 3608 886 3637 ΒΚ,
896 3607 1038 3640 propriam
1052 3608 1132 3632 PLsC
1145 3613 1170 3633 et
1182 3615 1200 3632 a
1204 3614 1213 3637 ;
1218 3615 1374 3640 perperam,

302 3649 468 3674 praepar-am
488 3643 529 3667 vel
545 3649 691 3674 properam
711 3642 796 3668 ceteri.

1427 681 1514 717 Cor.
1549 692 1597 717 vii
1616 680 1652 723 ²¹³,
1683 681 1789 729 quod
1823 682 1959 720 mulier
1986 695 2084 731 quae
2112 690 2228 732 nupta
2257 690 2325 730 est,
2355 684 2499 734 cogitat

1423 746 1521 782 quae
1547 739 1635 770 sunt
1661 734 1804 780 mundi,
1825 737 2012 783 quomodo
2036 737 2186 785 placeat
2204 738 2300 775 viro.
2331 738 2379 774 Et
2408 737 2495 774 ideo

1424 787 1454 823 si
1483 787 1621 824 mulier
1650 788 1851 835 coniugata
1879 789 1927 825 ad
1957 789 2032 826 hoc
2061 802 2100 826 se
2122 799 2232 827 ornet
2250 799 2292 828 ut
2319 791 2404 827 viro
2425 803 2495 827 suo

1423 842 1583 889 placeat,
1613 848 1739 889 potest
1766 842 1842 878 hoc
1870 841 1995 879 facere
2024 843 2169 891 absque
2198 851 2368 893 peccato.
2409 845 2497 881 Illae

1424 901 1552 931 autem
1581 894 1759 931 mulieres
1788 907 1885 943 quae
1914 895 2019 932 viros
2047 908 2127 933 non
2154 897 2308 944 habent,
2329 910 2400 934 nec
2427 909 2498 935 vo-

1424 949 1505 984 lunt
1532 948 1686 994 habere,
1718 956 1754 984 et
1782 955 1870 985 sunt
1897 948 1935 985 in
1965 956 2062 986 statu
2092 961 2172 986 non
2200 950 2388 998 habendi,
2419 963 2498 988 non

1424 1008 1585 1050 possunt
1622 1002 1767 1050 absque
1804 1009 1963 1050 peccato
2001 1010 2182 1052 appetere
2211 1004 2361 1052 placere
2396 1004 2498 1041 viro-

1427 1067 1511 1092 rum
1550 1054 1768 1103 aspectibus
1805 1056 1851 1092 ad
1891 1056 2266 1105 concupiscendum:
2305 1057 2396 1105 quia
2422 1057 2499 1094 hoc

1426 1117 1482 1145 est
1511 1108 1601 1145 dare
1632 1109 1684 1145 eis
1713 1108 1948 1145 incentivum
1978 1109 2176 1158 peccandi.
2207 1110 2256 1146 Et
2284 1109 2315 1146 si
2340 1109 2498 1158 quidem

1427 1163 1498 1199 hac
1537 1162 1744 1198 intentione
1774 1174 1814 1198 se
1844 1170 1980 1199 ornent
2008 1170 2050 1200 ut
2077 1162 2171 1200 alios
2208 1170 2422 1213 provocent
2450 1163 2500 1200 ad

1428 1215 1787 1264 concupiscentiam,
1808 1216 2016 1253 mortaliter
2043 1223 2215 1266 peccant.
2246 1216 2285 1253 Si
2305 1224 2432 1254 autem
2455 1220 2499 1253 ex

1427 1270 1596 1318 quadarn
1627 1269 1798 1315 levitate,
1829 1270 1891 1306 vel
1921 1269 2033 1306 etiam
2065 1282 2110 1306 ex
2142 1269 2309 1307 vanitate
2345 1277 2501 1319 propter

1427 1323 1622 1372 quandam
1652 1322 1890 1370 iactantiam,
1923 1335 2001 1360 non
2031 1335 2185 1372 semper
2215 1332 2270 1360 est
2297 1331 2499 1372 peccatum

1427 1377 1599 1421 mortale,
1622 1377 1688 1412 sed
1710 1376 1942 1425 quandoque
1962 1377 2124 1414 veniale.
2155 1377 2204 1413 Et
2228 1377 2363 1414 eadem
2390 1376 2499 1424 ratio,

1427 1438 1613 1480 quantum
1645 1429 1693 1466 ad
1722 1430 1807 1474 hoc,
1839 1438 1895 1466 est
1924 1430 1970 1466 de
1999 1431 2101 1467 viris.
2132 1430 2243 1468 Unde
2264 1429 2500 1478 Augustinus

1429 1483 1528 1529 dicit,
1550 1483 1586 1519 in
1617 1483 1789 1531 Epistola
1817 1484 1867 1520 ad
1894 1483 2104 1521 Possidium
2123 1483 2161 1520 *ε
2192 1483 2296 1521 Nolo
2318 1489 2358 1521 ut
2376 1484 2422 1521 de
2440 1495 2501 1521 or-

1428 1537 1613 1574 namentis
1641 1537 1730 1573 auri
1763 1537 1824 1574 vel
1855 1537 1964 1574 vestis
1996 1549 2298 1586 praeproperam
2319 1535 2332 1559 ⁶
2361 1538 2502 1574 habeas

1428 1591 1465 1627 in
1488 1591 1724 1639 prohibendo
1753 1591 1992 1627 sententiam:
2021 1591 2094 1628 nisi
2120 1591 2157 1628 in
2187 1603 2250 1628 eos
2283 1591 2349 1640 qui
2382 1602 2502 1640 neque

1428 1644 1624 1693 coniugati
1640 1649 1737 1689 sunt,
1758 1655 1878 1692 neque
1896 1644 2101 1694 coniugari
2117 1645 2315 1693 cupientes,
2332 1644 2503 1694 cogitare

1428 1698 1561 1734 debent
1595 1698 1783 1745 quomodo
1814 1697 1994 1746 placeant
2019 1698 2115 1735 Deo.
2149 1697 2213 1734 Illi
2238 1703 2364 1735 autem
2398 1699 2502 1748 cogi-

1428 1756 1509 1788 tant
1534 1762 1632 1798 quae
1659 1756 1745 1787 sunt
1772 1751 1914 1797 mundi,
1935 1752 2123 1800 quomodo
2145 1752 2326 1800 placeant
2343 1752 2403 1788 vel
2429 1752 2502 1788 virt

1399 1809 1400 1858 }
1430 1804 1624 1850 uxoribus,
1644 1803 1705 1840 vel
1727 1804 1903 1840 mulieres
1922 1805 2088 1841 maritis:
2119 1805 2192 1842 nisi
2218 1805 2320 1853 quod
2346 1803 2502 1853 capillos

300 1867 433 1907 postea
454 1858 596 1894 subdit:
626 1858 772 1894 Manus
791 1858 873 1893 Deo
902 1858 1080 1903 inferunt,
1102 1857 1252 1904 quando
1282 1857 1375 1893 illud

1429 1857 1575 1893 nudare
1592 1858 1776 1905 feminas,
1797 1868 1892 1904 quas
1919 1858 2031 1894 etiam
2061 1863 2175 1906 caput
2197 1858 2326 1896 velare
2343 1859 2501 1907 Aposto-

1430 1909 1486 1946 lus
1515 1910 1634 1955 iubet,
1665 1921 1733 1946 nec
1761 1910 1958 1947 maritatas
1995 1911 2109 1948 decet.
2146 1911 2188 1948 In
2223 1923 2302 1959 quo
2341 1918 2471 1949 tamen
2489 1916 2502 1932 ⁸

1429 1971 1586 2012 possent
1614 1963 1763 2012 aliquae
1793 1975 1814 1999 a
1834 1971 1992 2012 peccato
2023 1964 2212 2010 excusari,
2243 1965 2399 2013 quando
2427 1964 2504 2003 hoc

1430 2030 1507 2054 non
1537 2016 1646 2054 fieret
1675 2028 1719 2053 ex
1749 2016 1874 2066 aliqua
1902 2017 2069 2054 vanitate
2088 2015 2113 2064 ζ,
2135 2018 2201 2055 sed
2231 2024 2387 2067 propter
2413 2029 2504 2055 con·

1429 2070 1582 2107 trariam
1605 2069 1943 2107 consuetudinem:
1965 2071 2143 2120 quamvis
2162 2071 2245 2108 talis
2265 2069 2503 2111 consuetudo

1430 2137 1507 2162 non
1538 2125 1583 2161 sit
1611 2123 1821 2160 laudabilis.

1483 2179 1542 2216 An
1571 2189 1709 2214 PRIMUM
1729 2188 1828 2214 ERGO
1847 2188 2033 2214 mesanum
2063 2177 2181 2226 quod,
2203 2177 2299 2214 sicut
2328 2177 2466 2215 Glossa
2485 2177 2506 2200 *¹
2533 2181 2543 2192 ⁸

1431 2230 1573 2268 ibidem
1604 2230 1707 2276 dicit,
1738 2230 1916 2267 mulieres
1943 2243 2076 2268 eorum
2105 2231 2173 2280 qui
2197 2231 2236 2268 in
2265 2231 2506 2269 tribulatione

1429 2290 1557 2330 erant,
1587 2284 1874 2321 contemnebant
1899 2284 2022 2330 viros,
2052 2289 2087 2321 et
2115 2290 2157 2322 ut
2189 2285 2273 2322 aliis
2295 2284 2504 2334 placerent,

1427 2350 1468 2375 se
1479 2337 1637 2386 pulchre
1655 2338 1864 2374 ornabant:
1884 2337 2089 2386 quodfieri
2100 2338 2303 2387 Apostolus
2316 2338 2503 2387 prohibet.

1431 2392 1471 2427 In
1493 2403 1570 2440 quo
1591 2390 1704 2434 etiam
1728 2402 1817 2426 casu
1838 2390 2004 2440 loquitur
2020 2390 2252 2440 Cyprianus:
2274 2404 2352 2428 non
2372 2399 2503 2429 autem

1430 2444 1607 2493 prohibet
1645 2443 1869 2480 mulieribus
1905 2443 2152 2492 coniugatis*
2181 2444 2307 2482 ornari
2346 2452 2388 2482 ut
2424 2445 2503 2494 pla-

1431 2506 1540 2534 ceant
1566 2497 1676 2541 viris,
1707 2509 1753 2533 ne
1785 2497 1895 2534 detur
1923 2497 1974 2534 eis
2008 2498 2160 2534 occasio
2197 2498 2385 2547 peccandi
2414 2510 2502 2535 curn

1429 2551 1521 2588 aliis.
1552 2551 1663 2588 Unde
1695 2552 1706 2586 I
1728 2551 1780 2587 ad
1802 2551 1896 2587 Tim.
1913 2550 1933 2572 '¹‘
1957 2550 2046 2588 dicit
2064 2553 2098 2588 A
2129 2552 2290 2588 ostolus:
2318 2551 2505 2589 Mulieres

303 2605 454 2643 videtur
482 2604 587 2653 quod
614 2604 725 2641 etiam
756 2604 972 2653 superfluus
993 2613 1148 2641 ornatus
1169 2605 1372 2641 mulierum
1401 2590 1403 2628 s
2101 2564 2125 2600 p

1429 2605 1466 2641 in
1495 2605 1623 2641 habitu
1662 2610 1816 2649 ornam,
1853 2616 1939 2640 cum
1972 2605 2200 2642 verecundia
2235 2610 2272 2641 et
2305 2605 2506 2643 sobrietate

1429 2663 1607 2694 ornantes
1625 2669 1685 2694 se:
1715 2669 1789 2694 non
1820 2657 1856 2694 in
1886 2657 1992 2694 tortis
2020 2658 2198 2705 crinibus,
2220 2663 2287 2695 aut
2313 2670 2410 2695 auro
2438 2665 2507 2696 aut

1429 2711 1651 2761 margaritis
1688 2716 1755 2747 aut
1789 2716 1888 2747 veste
1919 2711 2110 2759 pretiosa.-
2146 2724 2215 2761 per
2249 2712 2354 2760 quod
2393 2712 2505 2750 datur

1429 2764 1581 2812 intelligi
1611 2764 1717 2813 quod
1744 2764 1894 2801 sobrius
1923 2773 1960 2802 et
1989 2764 2211 2803 moderatus
2240 2773 2396 2802 ornatus
2424 2777 2503 2804 non

1401 2857 1402 2872 ,
1429 2818 1653 2867 prohibetur
1682 2817 1918 2863 mulieribus,
1947 2818 2015 2855 sed
2044 2819 2261 2868 superfluus
2291 2826 2326 2855 et
2354 2818 2502 2856 invere-

359 2873 585 2908 RESPONDEO
610 2883 794 2908 DICENDUM
815 2871 921 2919 quod
941 2871 1038 2907 circa
1060 2879 1235 2908 ornatum
1251 2876 1267 2899 Υ
1293 2884 1376 2908 rnu-

1429 2872 1578 2909 cundus
1608 2880 1644 2908 et
1672 2871 1902 2920 impudicus.

1483 2927 1542 2962 At>
1571 2936 1763 2962 SECUNDUM
1783 2936 1969 2962 DICENDUM
1989 2925 2094 2974 quod
2120 2924 2320 2962 mulierum
2347 2924 2500 2973 fucatio,

1430 2978 1476 3016 de
1506 2991 1582 3028 qua
1612 2978 1827 3027 Cyprianus
1847 2978 2026 3028 loquitur,
2048 2986 2104 3015 est
2132 2977 2324 3027 quaedam
2355 2978 2502 3027 species

1401 3066 1403 3082 2
1430 3031 1605 3078 fictionis,
1628 3044 1726 3079 quae
1748 3044 1827 3068 non
1846 3040 1972 3081 potest
1992 3044 2075 3068 esse
2095 3031 2176 3069 sine
2195 3038 2367 3080 peccato.
2389 3031 2502 3070 Unde

1429 3085 1663 3133 Augustinus
1684 3084 1784 3131 dicit,
1806 3085 1842 3122 in
1866 3085 2036 3134 Epistola
2057 3084 2109 3122 ad
2125 3084 2336 3121 Possidium
2355 3084 2396 3122 *z
2425 3086 2501 3122 Fu-

1429 3139 1514 3175 cari
1518 3139 1719 3188 figmentis
1733 3136 1758 3184 ⁰,
1783 3149 1858 3187 quo
1878 3137 2124 3176 rubicundior
2142 3137 2202 3174 vel
2219 3137 2418 3175 candidior
2435 3139 2502 3188 ap-

1423 3198 1581 3240 pareat,
1615 3191 1827 3229 adulterina
1850 3191 2016 3240 fallacia
2052 3195 2124 3237 est,
2154 3202 2229 3239 qua
2266 3203 2340 3228 non
2374 3192 2501 3229 dubito

1429 3246 1541 3282 etiam
1572 3245 1670 3294 ipsos
1698 3245 1855 3282 maritos
1880 3256 1921 3282 se
1948 3243 2047 3281 nolle
2082 3243 2221 3293 decipi,
2251 3245 2386 3293 quibus
2412 3245 2502 3284 solis

1423 3299 1698 3348 permittendae
1723 3303 1810 3335 sunt
1824 3297 2001 3346 feminae
2028 3298 2173 3343 ornari,
2201 3298 2407 3335 secundum
2439 3309 2502 3337 ve-

1428 3353 1545 3398 niam,
1567 3363 1642 3388 non
1669 3351 1876 3388 secundum
1895 3350 2106 3398 imperium.
2138 3351 2230 3388 Non
2251 3359 2382 3389 tamen
2400 3363 2500 3389 sem·

1483 3467 1505 3499 ε)
1525 3470 1655 3492 tamem·
1672 3472 1735 3490 casu
1755 3465 1854 3490 addunt
1873 3464 1919 3489 Pa.

1481 3501 1508 3533 ζ)
1528 3501 1655 3526 uanitate.
1667 3513 1687 3519 -
1705 3500 1861 3525 necessitate
1886 3500 2024 3533 ABFpCK.
2036 3515 2057 3520 -
2076 3501 2127 3525 Pro
2149 3502 2326 3531 contrariam,
2342 3502 2452 3534 patriae
2471 3503 2499 3527 Β.

1481 3537 1508 3568 η)
1528 3536 1683 3562 mulieribus
1700 3535 1860 3568 coniugatis.
1873 3548 1890 3554 -—
1909 3536 2033 3561 mulier-es
2051 3537 2211 3570 coniugatus
2230 3537 2259 3563 Ρ.

1481 3569 1506 3602 0)
1518 3571 1668 3605 figmentis.
1680 3584 1700 3591 -
1712 3571 1860 3604 pigmentis
1885 3571 1985 3604 aliquae
2005 3572 2146 3603 editiones,
2165 3581 2212 3605 pro
2231 3573 2308 3602 nolle,
2329 3573 2394 3599 velte
2413 3572 2500 3598 PABC

1429 3606 1576 3634 EFHKLa:
1595 3614 1642 3666 pig)
1660 3606 1731 3637 solis,
1744 3607 1829 3631 sotum
1843 3607 1884 3632 ed.
1897 3614 1922 3636 a,
1935 3607 1999 3633 solis
2018 3607 2119 3633 scilicet
2138 3608 2243 3634 maritis
2262 3608 2296 3638 P;
2316 3613 2376 3641 post
2394 3607 2498 3634 veniam

1428 3642 1527 3667 addunt
1545 3646 1571 3667 et
1589 3642 1612 3666 Α
1636 3642 1667 3667 K.

2525 690 2535 701 ⁸
2548 689 2615 711 Vei-n.
2630 695 2666 718 34.

2527 1490 2565 1540 2¹1¹:
2581 1491 2619 1513 int.
2626 1489 2741 1517 cchv,

2531 2561 2542 2572 ⁸
2552 2559 2609 2588 Cap.
2620 2565 2645 2586 ιι,
2653 2565 2714 2582 ven.
2721 2565 2745 2588 9.

2528 3088 2742 3140 sancei
