2768 4198
25 1060 33 1068 ·
49 1059 98 1079 Art.
115 1057 217 1084 praeced.

23 1756 31 1765 ⁸
47 1755 96 1783 Qu.
111 1761 178 1782 cxxx,
194 1760 236 1777 nrt.

21 1788 46 1807 2;
58 1789 95 1810 qu.
107 1788 185 1809 cxxxi,
194 1786 236 1804 art.

23 1856 31 1865 ·
46 1854 112 1876 Vers.
127 1861 147 1882 3.

22 1916 31 1925 '¹
42 1915 98 1936 Ord.
110 1915 153 1936 sub
169 1920 233 1936 nom.

21 1942 132 1963 Amin-os.

22 2455 31 2465 ⁴
47 2454 95 2481 Qu.
106 2459 154 2480 cin,
165 2457 205 2475 art-
217 2460 233 2480 ι,

21 2481 49 2502 ad
65 2486 83 2508 3.

21 2727 29 2736 ⁶
41 2726 88 2753 Qu.
99 2732 177 2753 cxxix,
191 2730 232 2748 art.

268 294 317 329 80
928 291 1196 339 QUAESTIO
1227 291 1423 339 CXXXII,
1452 293 1752 331 ARTICULUS
1782 294 1813 330 11

266 373 341 403 tutis
358 373 512 404 conscribi
531 381 585 404 aut
604 373 807 410 manifestari,
822 380 856 402 ut
878 372 997 402 debitas
1014 370 1072 400 sibi
1087 370 1198 401 laudes
1215 370 1339 407 habeat,
1365 372 1367 400 Ὲ
1392 372 1483 412 quod
1507 372 1671 403 ordinetur
1694 372 1830 404 mediate
1850 373 1889 403 ad
1906 373 2023 410 Deum,
2045 373 2100 415 qui
2125 380 2172 404 est
2195 373 2373 404 ordinarius
2398 372 2469 403 finis

268 427 332 447 non
358 418 430 458 plus
455 428 552 459 quam
578 425 713 458 oportet.

325 463 373 492 Ad
397 463 459 493 hoc
481 462 594 493 dicitur
617 463 704 503 quod
722 471 759 491 ex
774 461 835 490 hoc
851 460 922 499 ipso
947 459 1036 499 quod
1059 459 1160 498 gloria
1175 459 1340 490 ordinatur

1365 404 1367 461 i
1393 415 1517 447 virtutis
1533 423 1564 447 et
1579 417 1723 448 habentis
1743 417 1846 457 ipsam
1863 424 1898 448 ut
1922 417 1975 448 sic.
1993 420 2039 448 Ac
2056 428 2112 458 per
2128 418 2200 455 hoc,
2218 418 2288 448 talis
2309 417 2469 458 appetitus

1394 460 1513 500 gloriae
1530 468 1576 492 est
1599 462 1758 502 appetitus
1774 462 1894 502 gloriae
1911 469 1946 493 ut
1970 462 2056 493 utilis
2071 463 2110 493 ad
2134 463 2196 494 hoc
2213 463 2302 504 quod
2325 463 2413 493 Deus
2429 462 2468 492 ab

268 506 450 537 immediate
474 507 514 537 ad
536 506 686 537 virtutem
709 513 738 536 et
762 505 931 534 habentem
946 502 1048 543 ipsam
1073 510 1109 534 ut
1125 503 1179 540 sic,
1197 503 1341 545 sequitur
1395 504 1581 536 hominibus
1596 505 1806 546 glorificetur,
1827 506 1900 538 licet
1916 517 1982 538 non
1994 507 2188 544 immediate,
2199 514 2305 538 tamen
2319 507 2467 538 mediate.

1037 641 1359 684 ARTICULUS
1391 642 1693 684 SECUNDUS

772 734 927 765 UTRUM
952 734 1093 765 1NAN1s
1117 734 1280 766 GLORIA
1304 735 1662 766 MAGNANIMITATI
1687 736 1955 769 OPPONATUR

1112 814 1131 839 11
1152 814 1235 844 Sem„
1257 814 1316 840 dist.
1336 822 1396 844 xm,
1416 822 1461 847 qu.
1481 822 1508 844 n,
1528 821 1575 840 art.
1595 823 1621 847 4.

299 904 309 925 ,Ἰ

303 916 343 935 W
478 898 501 923 D
516 897 706 922 SECUNDUM
721 896 775 922 Slc
791 896 1034 922 puocamrua.
1052 885 1211 922 Videtur
1230 885 1337 934 quod

291 925 353 986 ῖζῗ
404 942 448 990 κῆ
477 939 599 976 inanis
627 938 745 988 gloria
773 938 1073 987 magnanimitati
1104 951 1182 976 non
1216 951 1338 988 oppo-

282 977 337 1043 ’,ᾖ
415 980 446 1036 ἦ
477 1000 600 1030 natur.
621 992 788 1030 Pertinet
803 992 906 1029 enim
922 992 971 1030 ad
991 992 1147 1030 inanem
1163 992 1335 1041 gloriam,

284 1042 296 1052 ”
321 1062 331 1074 »
436 1040 517 1084 ut
546 1046 691 1084 dictum
721 1054 777 1083 est
794 1045 825 1094 ²¹⁸,
856 1046 963 1095 quod
991 1046 1126 1095 aliquis
1157 1046 1339 1095 glorietur

263 1101 298 1138 in
328 1100 385 1138 his
414 1113 513 1149 quae
542 1112 620 1137 non
651 1108 757 1147 sunt,
787 1100 895 1148 quod
931 1100 1094 1149 pertinet
1122 1100 1172 1138 ad
1200 1100 1337 1137 falsita-

263 1162 361 1199 tem;
391 1155 453 1191 vel
482 1154 521 1192 in
540 1155 655 1191 rebus
683 1153 841 1191 terrenis
859 1154 921 1191 vel
942 1154 1108 1202 caducis,
1129 1155 1234 1203 quod
1254 1166 1339 1204 per-

262 1209 354 1246 tinet
374 1208 423 1244 ad
443 1207 709 1257 cupiditatem3
738 1209 800 1244 vel
821 1207 859 1245 in
878 1207 1097 1245 testimonio
1119 1208 1336 1256 hominum,

263 1274 429 1312 quorum
458 1261 641 1300 iudicium
670 1274 750 1299 non
779 1270 834 1298 est
863 1269 1022 1309 certum,
1045 1262 1152 1312 quod
1175 1262 1339 1311 pertinet
1363 1290 1366 1301 .

262 1317 311 1354 ad
350 1315 659 1364 imprudentiam.
697 1315 928 1353 Huiusmodi
966 1324 1095 1353 autem
1133 1315 1225 1353 vitia
1258 1329 1337 1354 non

263 1378 512 1420 opponuntur
527 1369 841 1418 magnanimitati.
863 1371 966 1419 Ergo
982 1370 1105 1407 inanis
1124 1370 1243 1418 gloria
1259 1383 1337 1408 non

263 1423 472 1474 opponitur
500 1423 814 1472 magnanimitati.

318 1489 353 1515 2.
376 1478 614 1525 PRAETEREA,
635 1477 758 1514 inanis
778 1477 897 1526 gloria
916 1489 995 1514 non
1020 1476 1228 1526 opponitur
1257 1490 1338 1515 ma-

263 1531 498 1580 gnanimitati
534 1543 603 1580 per
641 1531 851 1578 defectum,
890 1530 986 1568 sicut
1027 1531 1338 1580 pusillanimitas,

263 1597 363 1634 quae
392 1585 494 1622 inani
532 1585 674 1633 gloriae
713 1597 929 1634 repugnans
961 1583 1124 1622 videtur.
1161 1574 1367 1623 Similiter}

265 1639 378 1676 etiam
408 1652 479 1676 nec
507 1651 577 1688 per
610 1651 827 1675 excessum:
862 1639 914 1676 sic
952 1638 1055 1675 enim
1094 1639 1302 1688 opponitur
1322 1645 1339 1662 ‘²
1365 1649 1367 1675 ι

265 1692 565 1741 magnanimitati
608 1692 870 1741 praesumptio
913 1699 949 1729 et
985 1692 1168 1740 ambitio,
1207 1701 1248 1730 ut
1285 1693 1339 1731 di-

265 1755 367 1783 ctum
390 1754 445 1783 est
464 1746 504 1793 ³³,
535 1759 556 1783 a
586 1746 726 1794 quibus
754 1746 875 1782 inanis
909 1746 1027 1794 gloria
1063 1745 1200 1783 differt.
1236 1748 1337 1796 Ergo
1366 1742 1367 1768 ³

1366 1798 1367 1803 ’
1394 1800 1579 1837 laudetur.
1601 1821 1625 1828 -
1655 1801 1703 1838 Et
1731 1801 1786 1838 sic
1815 1813 1859 1838 ea
1888 1813 1987 1851 quae
2017 1802 2098 1840 aliis
2125 1802 2329 1840 virtutibus
2350 1815 2471 1852 oppo-

257 1871 261 1873 Δ
319 1856 352 1891 3.
375 1854 610 1900 PRAETEREA,
627 1853 785 1901 Philipp.
803 1865 837 1899 11,
860 1865 975 1901 super
995 1852 1086 1889 illud
1096 1852 1127 1899 ³¹²,
1148 1853 1258 1890 Nihil
1266 1865 1339 1901 per
1366 1861 1367 1868 ¹

264 1800 385 1837 inanis
410 1799 532 1847 gloria
561 1811 638 1836 non
659 1799 867 1848 opponitur
895 1799 1210 1847 magnanimitati.

262 1907 535 1945 contentionem
563 1911 630 1943 aut
648 1907 799 1943 inanem
825 1906 1005 1956 gloriam,
1027 1905 1117 1944 dicit
1138 1906 1277 1943 Glossa
1296 1906 1336 1943 *ε

262 2016 319 2052 nis
345 2014 496 2065 gloriae
523 2025 639 2051 causa
665 2014 937 2051 contendentes.
975 2013 1182 2051 Contentio
1207 2021 1336 2052 autem

263 2081 341 2106 non
371 2067 579 2118 opponitur
602 2068 914 2116 magnanimitati.
941 2068 1044 2116 Ergo
1070 2080 1196 2116 neque
1216 2067 1338 2105 inanis

262 2122 392 2171 gloria.

288 2397 508 2428 nammitati.

262 2403 285 2440 g
316 2445 544 2481 Responosso
577 2454 762 2480 mcENDUM
801 2443 926 2492 quod,
966 2442 1061 2480 sicut
1098 2442 1252 2492 supra*
1285 2443 1339 2480 di-

263 2505 366 2535 ctum
397 2505 472 2545 est,
502 2496 620 2545 gloria
649 2504 705 2534 est
733 2496 890 2545 quidam
930 2496 1088 2534 effectus
1116 2496 1274 2534 honoris
1304 2505 1340 2534 et

262 2551 400 2588 laudis:
438 2563 482 2588 ex
511 2551 587 2588 hoc
616 2550 718 2588 enim
746 2550 851 2599 quod
880 2549 1014 2598 aliquis
1049 2551 1245 2598 laudatur,
1275 2552 1338 2588 vel

261 2617 530 2654 quaecumque
575 2603 788 2641 reverentia
832 2603 866 2641 ei
904 2604 1124 2652 exhibetur,
1169 2604 1340 2642 redditur

262 2660 385 2696 clarus
415 2659 451 2695 in
481 2657 615 2695 notitia
643 2658 816 2696 aliorum.
848 2658 897 2694 Et
925 2658 1015 2707 quia
1042 2657 1337 2707 magnanimitas

262 2720 318 2750 est
347 2713 445 2750 circa
474 2712 686 2757 honorem,
715 2719 757 2749 ut
785 2724 900 2761 supra
919 2711 940 2734 *
969 2712 1112 2750 dictum
1142 2719 1218 2759 est,
1249 2725 1339 2750 con-

261 2778 427 2814 sequens
449 2773 504 2803 est
523 2765 638 2803 etiam
665 2773 705 2803 ut
729 2765 776 2803 sit
800 2765 898 2803 circa
917 2765 1100 2814 gloriam:
1130 2774 1172 2803 ut
1198 2765 1339 2804 scilicet

1395 892 1453 922 tur
1481 886 1611 933 gloria.
1652 887 1700 923 Et
1727 886 1815 923 ideo
1844 886 2083 925 inordinatus
2111 889 2300 938 appetitus
2327 890 2471 939 gloriae

1395 938 1534 976 directe
1562 939 1862 988 magnanimitati
1890 940 2110 989 opponitur.

1448 995 1506 1030 An
1527 1005 1666 1031 ramum
1685 1005 1784 1031 ERGO
1805 1004 1992 1032 mcENDUM
2013 994 2119 1044 quod
2137 995 2214 1032 hoc
2237 994 2364 1045 ipsum
2390 1009 2471 1035 ma-

1394 1046 1577 1094 gnitudini
1607 1047 1726 1085 animi
1750 1056 1948 1096 repugnat,
1969 1049 2075 1098 quod
2095 1048 2230 1097 aliquis
2257 1061 2318 1087 res
2346 1051 2471 1088 modi-

1395 1113 1457 1137 cas
1494 1108 1642 1138 tantum
1677 1101 1909 1150 appretietur
1945 1102 2052 1151 quod
2091 1103 2138 1139 de
2177 1101 2232 1139 eis
2268 1103 2469 1151 glorietur:

1396 1154 1497 1192 unde
1526 1154 1564 1192 in
1595 1155 1647 1192 tv
1665 1156 1785 1192 Ethic.
1806 1155 1826 1177 '⁸
1856 1155 1991 1193 dicitur
2009 1157 2057 1194 de
2086 1155 2336 1204 magnanimo
2366 1158 2471 1207 quod
2498 1167 2713 1218 ὲῆςίιιιὲοῗηε.-

1394 1207 1463 1245 sibi
1492 1207 1539 1245 sit
1566 1209 1693 1246 honor
1713 1221 1883 1258 parvum
1903 1214 1931 1246 Υ.
1967 1209 2147 1248 Similiter
2182 1210 2297 1248 etiam
2332 1218 2368 1248 et
2395 1211 2469 1249 alia
2517 1211 2523 1218 '
2577 1211 2610 1258 ’γ
2646 1201 2698 1217 '¹¹‘

1394 1274 1492 1310 quae
1521 1270 1680 1312 propter
1707 1263 1898 1300 honorem
1929 1272 2185 1312 quaeruntur,
2214 1271 2307 1314 puta
2334 1272 2472 1314 poten·

1364 1363 1366 1373 ,
1394 1323 1491 1353 tatus
1521 1325 1558 1353 et
1586 1316 1759 1364 divitiae,
1790 1329 1909 1366 parva
1939 1325 2162 1367 reputantur
2190 1318 2240 1355 ab
2271 1330 2330 1355 eo.
2361 1341 2383 1348 -
2415 1317 2472 1356 Si-

1364 1407 1366 1421 ,
1395 1369 1533 1407 militer
1561 1370 1676 1408 etiarn
1710 1371 1963 1419 magnitudini
1992 1372 2108 1410 animi
2144 1380 2332 1421 repugnat
2364 1373 2471 1422 quod

1395 1423 1529 1472 aliquis
1559 1424 1606 1461 de
1635 1424 1693 1462 his
1723 1437 1823 1473 quae
1844 1437 1923 1462 non
1952 1433 2039 1463 sunt
2058 1425 2249 1474 glorietur.
2279 1426 2393 1464 Unde
2422 1427 2471 1464 de

1365 1511 1366 1518 ,
1395 1477 1643 1526 magnanimo
1664 1478 1798 1516 dicitur
1818 1479 1856 1516 in
1877 1479 1930 1516 IV
1946 1480 2068 1517 Ethic.
2082 1479 2115 1528 ³¹⁸,
2137 1480 2243 1529 quod
2262 1480 2389 1531 magis
2406 1492 2595 1526 cu·-·1bid..
2614 1504 2638 1521 n.
2651 1499 2688 1521 ιε.
2702 1509 2713 1515 -

1395 1537 1456 1568 rat
1473 1532 1669 1569 veritatem
1698 1544 1814 1582 quam
1834 1533 2063 1582 opinionem.
2094 1555 2118 1562 -
2149 1533 2331 1571 Similiter
2355 1533 2471 1572 etiam
2497 1525 2524 1548 ⁵·
2537 1525 2584 1548 ῃ·
2599 1525 2651 1548 ¹⁸⁶⁸·
2665 1530 2690 1547 ¹·

1396 1592 1431 1622 et
1460 1585 1711 1634 magnitudini
1740 1586 1858 1624 animi
1888 1595 2075 1636 repugnat
2097 1587 2204 1637 quod
2233 1587 2368 1636 aliquis
2391 1588 2471 1637 glo-

1397 1639 1511 1675 rietur
1539 1639 1575 1676 in
1605 1639 1824 1677 testimonio
1857 1640 1977 1678 laudis
2006 1641 2220 1688 humanae,
2251 1641 2360 1691 quasi
2394 1643 2472 1680 hoc

1395 1704 1579 1741 magnum
1601 1693 1742 1742 aliquid
1762 1693 1993 1731 aestimetur.
2021 1695 2133 1732 Unde
2154 1695 2201 1732 de
2222 1695 2472 1743 magnanimo

1396 1746 1530 1783 dicitur
1558 1746 1596 1783 in
1626 1747 1677 1783 IV
1705 1748 1824 1787 Ethic.
1845 1747 1886 1795 *,
1917 1748 2024 1796 quod
2054 1761 2128 1786 non
2164 1754 2220 1786 est
2244 1749 2280 1786 ei
2310 1760 2404 1786 cura
2435 1755 2475 1787 ut
2499 1764 2675 1793 ·1b1‹1..n.3·.

1396 1860 1538 1889 nuntur
1565 1853 1655 1890 nihil
1685 1854 1862 1902 prohibet
1891 1855 2036 1904 opponi
2071 1855 2386 1905 magnanimitati,
2416 1869 2472 1894 se-

1366 1900 1367 1945 }
1395 1906 1565 1943 cundum
1603 1907 1709 1956 quod
1746 1907 1890 1945 habent
1926 1921 1996 1958 pro
2034 1909 2183 1958 magnis
2221 1921 2320 1959 quae
2349 1922 2471 1959 parva

261 1962 385 1998 Erant
412 1960 532 2009 aliqui
557 1960 653 1997 inter
680 1972 743 1997 eos
770 1960 1033 2006 dissentientes,
1063 1959 1228 2008 inquieti,
1257 1960 1338 1997 ina·
1365 1991 1367 1997 .

1395 1967 1492 1997 sunt.

1447 2015 1506 2050 An
1536 2025 1728 2051 SECUNDUM
1758 2025 1944 2052 DICENDUM
1964 2015 2070 2064 quod
2090 2015 2215 2053 inanis
2234 2015 2376 2065 gloriae
2406 2028 2471 2054 cu-

1394 2067 1518 2116 pidus,
1550 2067 1764 2104 secundum
1794 2068 1847 2105 rei
1875 2067 2088 2118 veritatem,
2120 2069 2250 2107 deficit
2273 2082 2296 2107 a
2315 2082 2472 2119 magna·

1364 2129 1366 2148 1
1395 2121 1516 2158 nimo:
1552 2121 1641 2170 quia
1670 2121 1848 2159 videlicet
1881 2122 2064 2170 gloriatur
2097 2122 2135 2160 in
2165 2123 2223 2161 his
2258 2135 2359 2173 quae
2388 2135 2470 2162 ma·

317 2177 391 2213 SED
430 2186 578 2212 CONTRA
610 2186 677 2211 EST
710 2174 816 2224 quod
849 2174 998 2212 Tullius
1032 2175 1137 2222 dicit,
1172 2175 1210 2212 in
1245 2176 1258 2211 I
1293 2175 1366 2224 def

267 2230 375 2279 OffiC.
405 2228 445 2266 *ε
493 2229 671 2266 Cavenda
710 2234 765 2266 est
801 2228 952 2279 gloriae
990 2229 1194 2278 cupiditas:
1231 2225 1366 2280 eripit{

262 2284 361 2321 enim
391 2283 513 2320 animi
531 2282 750 2329 libertatem,
765 2294 841 2330 pro
870 2294 946 2331 qua
970 2283 1229 2333 magnanimis
1247 2282 1339 2319 viris
1364 2285 1367 2304 ³

263 2337 385 2374 omnis
412 2336 518 2373 debet
545 2348 623 2373 esse
650 2336 847 2373 contentio.
887 2337 990 2384 Ergo
1020 2336 1230 2385 opponitur
1257 2348 1339 2373 ma·
1365 2342 1366 2347 ’

1394 2174 1598 2223 gnanimus
1626 2187 1744 2224 parva
1780 2175 1972 2224 aestimat,
2002 2185 2044 2214 ut
2072 2176 2215 2214 dictum
2256 2185 2313 2215 est
2330 2177 2362 2215 *.
2393 2178 2470 2217 Sed
2500 2186 2668 2215 ‘Reus-1¹¹¹·

1395 2228 1676 2266 considerando
1705 2229 2012 2268 aestimationem
2035 2230 2129 2278 eius,
2152 2231 2362 2281 opponitur
2390 2244 2472 2270 ma-

1394 2282 1576 2331 gnanimo
1615 2294 1683 2331 per
1722 2295 1943 2321 excessum:
1979 2284 2068 2333 quia
2095 2284 2275 2323 videlicet
2311 2285 2472 2334 gloriam

1394 2348 1512 2385 quam
1550 2335 1709 2385 appetit,
1741 2344 1890 2386 reputat
1926 2333 2068 2387 aliquid
2106 2350 2312 2387 magnum,
2348 2347 2385 2377 et
2421 2339 2471 2378 ad

1364 2389 1366 2445 j
1395 2402 1482 2427 eam
1511 2389 1630 2427 tendit
1658 2402 1773 2439 supra
1802 2403 1911 2428 suam
1940 2391 2172 2440 dignitatem.

1447 2446 1507 2481 An
1526 2455 1688 2481 rani-xum
1704 2455 1890 2482 mcaNDUM
1915 2445 2034 2495 quod,
2051 2445 2148 2483 sicut
2167 2445 2312 2495 supra*
2327 2445 2470 2484 dictum
2498 2454 2566 2504 22¹3·
2574 2457 2713 2503 guman-

1394 2505 1460 2543 est,
1489 2497 1682 2547 oppositio
1702 2497 1993 2537 vitiorum-non
2021 2499 2227 2537 attenditur
2254 2499 2470 2539 secundum
2513 2497 2519 2508 '
2591 2496 2598 2504 ’

1395 2550 1587 2588 effectum.
1618 2552 1667 2588 Et
1687 2559 1816 2590 tamen
1836 2553 1912 2590 hoc
1931 2552 2059 2602 ipsum
2082 2551 2334 2602 magnitudini
2353 2553 2471 2592 animi

1394 2605 1616 2654 opponitur,
1647 2605 1753 2654 quod
1786 2605 1922 2656 aliquis
1960 2606 2250 2645 contentionem
2283 2606 2470 2646 intendat:

1395 2660 1519 2696 nullus
1547 2659 1650 2697 enim
1681 2660 1878 2698 contendit
1896 2660 1967 2698 nisi
1995 2673 2066 2711 pro
2087 2673 2127 2698 re
2148 2672 2268 2711 quam
2298 2661 2474 2699 aestimat

1394 2725 1587 2762 magnam.
1617 2712 1730 2751 Unde
1751 2713 2009 2764 Philosophus
2033 2714 2135 2762 dicit,
2162 2714 2200 2751 in
2222 2714 2275 2752 IV
2291 2715 2414 2753 Ethic.
2434 2714 2467 2762 ¹⁸,
2501 2716 2717 2767 3¹⁴3,sp03:³2³

1393 2767 1498 2816 quod
1520 2767 1788 2816 magnanimus
1808 2780 1883 2806 non
1902 2774 1959 2806 est
1975 2768 2240 2815 contentiosus,
2257 2769 2324 2818 qui
2341 2766 2354 2791 ⁶
2379 2768 2473 2807 nihil
2603 2777 2619 2804 ι

261 2820 356 2857 sicut
375 2817 391 2849 β
424 2819 622 2857 moderate
642 2819 758 2857 utitur
785 2820 947 2865 honore,
968 2819 1018 2857 ita
1038 2820 1238 2858 moderate
1258 2827 1340 2857 uta·
1365 2829 1369 2862 ι
1393 2821 1566 2858 aestimat
1592 2832 1792 2870 magnum.

315 2936 343 2967 a)
363 2934 518 2967 opponitur.
532 2949 551 2954 -
569 2937 744 2967 opponuntur
762 2939 822 2966 post
841 2935 953 2960 ambitio
972 2935 1020 2961 Pa.

1449 2936 1478 2970 γ)
1493 2942 1621 2968 paruum.
1634 2950 1654 2955 -
1669 2943 1775 2968 parvus
1793 2935 1821 2965 Ρ.
1840 2943 1896 2962 om.
1915 2937 1949 2962 Η.

24 3224 74 3246 ·Ct.
84 3228 125 3245 art.
136 3230 150 3248 ι,
161 3224 233 3246 Com-

23 3255 93 3272 ment.
110 3257 174 3272 num.
191 3257 206 3272 ι.

24 3280 32 3289 ·
48 3278 114 3299 Com.
130 3283 190 3305 resp.
205 3277 233 3298 D.

21 3304 65 3326 Th.
82 3305 108 3326 nd
125 3308 212 3332 quaest.

316 2970 341 3004 β)
360 2971 438 2996 sieut.
451 2984 470 2990 -
487 2971 586 3003 aliquis
606 2971 703 2995 addunt
722 2971 799 2996 Pa.-
818 2971 880 2996 Post
899 2971 939 2996 ita
958 2971 1058 2996 addunt
1077 2971 1158 2996 etiam
1179 2971 1226 2996 Pa.
1368 2952 1372 3001 l
1449 2970 1475 3004 8)
1495 2972 1551 3004 qui.
1563 2985 1583 2991 -
1600 2972 1665 3005 qula
1685 2971 1757 3003 PGa,
1776 2979 1846 3005 quae
1864 2973 1899 2998 Η.

945 3049 1281 3084 Commentario,
1305 3050 1559 3084 Garamans
1583 3051 1785 3085 Caietam

292 3143 311 3163 s
335 3131 468 3162 articulo
486 3130 628 3162 secundo
645 3130 789 3161 eiusdem
809 3129 1339 3171 centesimaetrigesimaesecundae
1365 3138 1367 3166 ι
1392 3130 1513 3162 ratione
1533 3130 1751 3162 similitudinis
1768 3131 1851 3163 ultra
1867 3131 2102 3163 connexionem
2118 3131 2289 3164 causalem.
2314 3133 2359 3164 Ita
2382 3133 2474 3175 quod

265 3145 489 3218 lquaestionis
509 3175 645 3206 dubium
667 3174 804 3206 occurrit
828 3185 864 3205 ex
880 3174 1028 3211 Martino,
1049 3175 1103 3206 ubi
1122 3185 1217 3215 supra
1232 3174 1259 3211 *‚
1281 3185 1337 3217 qu.
1366 3189 1367 3206 ;
1393 3185 1430 3206 ex
1453 3176 1514 3207 hoc
1538 3175 1629 3217 quod
1651 3175 1754 3216 gloria
1769 3183 1816 3208 est
1839 3175 1967 3208 effectus
1991 3175 2082 3218 quasi
2101 3175 2324 3218 homogeneus
2339 3177 2474 3210 honoris

262 3232 295 3251 111
310 3221 336 3256 *,
352 3221 562 3261 impugnante
578 3220 697 3251 litterae
714 3219 810 3251 huius
834 3219 1002 3256 rationem,
1018 3219 1109 3260 quod
1126 3229 1192 3250 non
1209 3220 1339 3251 conclu·
1365 3208 1367 3252 Ι
1394 3217 1500 3262 (quod
1515 3219 1622 3261 potuit
1638 3220 1787 3252 declarari
1803 3221 1837 3252 in
1853 3220 1963 3253 multis
1977 3220 2017 3252 ad
2035 3219 2266 3264 propositum),
2279 3229 2365 3254 tenet
2381 3222 2473 3255 ratio.

263 3266 325 3296 dat.
343 3265 427 3303 Quia
443 3265 501 3296 ista
517 3264 744 3307 consequentia
759 3264 838 3295 nihil
853 3265 951 3295 valet:
969 3264 1064 3296 Haec
1077 3274 1112 3295 se
1126 3264 1243 3296 habent
1257 3266 1339 3296 sicut
1365 3254 1367 3295 i
1394 3265 1502 3296 Ambo
1531 3264 1691 3306 siquidem
1719 3272 1795 3297 sunt
1817 3266 1903 3297 bona
1926 3271 2053 3297 externa
2065 3289 2073 3302 ,
2097 3264 2187 3297 utilia
2198 3290 2206 3303 ,
2231 3266 2415 3299 testimonia
2437 3277 2474 3299 ac

263 3319 362 3340 causa
386 3315 416 3340 et
440 3309 584 3350 effectus,
614 3309 725 3351 Igitur
754 3309 798 3340 ad
826 3309 960 3340 eandem
986 3310 1134 3341 virtutem
1153 3310 1341 3350 pertinent:
1366 3298 1368 3340 i
1393 3309 1485 3352 quasi
1508 3309 1650 3350 praemia
1672 3309 1806 3347 virtutis,
1824 3319 1974 3351 suprema
1997 3309 2079 3341 inter
2103 3309 2260 3347 humana,
2286 3311 2398 3343 eadem
2426 3321 2474 3343 ra-

263 3354 352 3395 quod
376 3361 482 3384 tamen
506 3354 737 3395 praesupponit
753 3353 833 3385 ratio
850 3354 914 3386 illa.
939 3353 1109 3386 Fortitudo
1126 3353 1213 3385 enim
1229 3353 1341 3386 bellica
1367 3380 1368 3386 ,
1393 3354 1481 3385 tione
1504 3353 1698 3396 appetibilia.
1723 3353 1772 3385 Ex
1794 3354 1857 3386 hoc
1880 3353 2041 3396 siquidem
2064 3355 2155 3396 quod
2178 3355 2285 3387 honor
2309 3363 2356 3388 est
2379 3366 2474 3388 causa

263 3405 310 3429 est
334 3408 427 3428 causa
452 3398 600 3429 honoris:
632 3406 662 3430 et
686 3406 792 3430 tamen
816 3399 855 3429 ad
880 3398 1019 3430 diversas
1043 3398 1174 3430 virtutes
1197 3406 1341 3440 spectant
1366 3395 1368 3432 ]
1393 3398 1464 3431 talis
1488 3397 1627 3435 effectus,
1652 3397 1796 3439 sequitur
1818 3399 1908 3440 quod
1934 3405 2066 3430 unamet
2089 3399 2188 3431 virtus
2212 3400 2307 3432 habet
2331 3411 2391 3442 pro
2406 3410 2473 3432 ma-

264 3442 459 3473 fortitudinis
482 3450 570 3473 actus
594 3450 624 3474 et
647 3443 761 3474 honor.
1367 3452 1368 3476 i
1395 3442 1472 3474 teria
1495 3449 1680 3484 utrumque.

320 3486 371 3517 Ad
395 3486 456 3518 hoc
475 3486 588 3518 dicitur
612 3487 701 3528 quod
718 3487 944 3529 consequentia
960 3487 1081 3519 litterae
1103 3497 1170 3518 non
1190 3497 1340 3528 praesup-
1366 3487 1368 3531 ᾖ
1451 3486 1488 3518 11.
1518 3487 1553 3518 ln
1585 3487 1701 3518 eodem
1731 3487 1872 3518 secundo
1903 3487 2038 3519 articulo
2070 3488 2208 3520 dubium
2236 3488 2387 3525 occurrit,
2417 3499 2474 3526 an,

264 3531 356 3572 ponit
379 3530 467 3562 illam
492 3531 703 3562 universalem
727 3531 993 3572 propositionem,
1018 3531 1149 3568 scilicet,
1177 3531 1286 3563 Causa
1311 3537 1341 3563 et
1366 3542 1368 3580 4
1393 3531 1475 3562 sicut
1499 3530 1704 3572 distinguitur
1727 3531 1833 3563 honor
1855 3531 1888 3563 in
1912 3542 2068 3573 magnum
2092 3540 2123 3565 et
2146 3533 2354 3571 mediocrem,
2374 3533 2420 3565 sic
2440 3540 2475 3565 ut

264 3575 398 3617 effectus
426 3581 571 3617 spectant
600 3575 644 3606 ad
671 3576 804 3606 eandem
837 3578 984 3607 virtutem
997 3585 1008 3607 .·
1038 3577 1093 3607 sed
1122 3582 1207 3607 tenet
1231 3585 1340 3607 conse·
1367 3583 1368 3598 ³
1395 3582 1536 3616 spectent
1551 3575 1590 3606 ad
1607 3575 1744 3607 diversas
1760 3576 1891 3607 virtutes
1907 3576 1940 3614 *;
1965 3577 2007 3608 ita
2027 3577 2251 3619 distinguenda
2267 3578 2307 3610 sit
2321 3577 2423 3620 gloria
2442 3577 2474 3608 in
2502 3589 2513 3599 ·
2527 3588 2565 3611 cf.
2579 3595 2617 3618 qu.
2638 3593 2718 3615 cxxix,

264 3620 393 3662 quentia
417 3620 449 3651 in
470 3620 518 3651 his
534 3619 722 3661 specialibus
742 3620 893 3656 terminis,
911 3620 1012 3660 gloria
1027 3620 1144 3652 scilicet
1160 3627 1190 3651 et
1206 3620 1340 3657 honore,
1395 3630 1545 3660 magnam
1570 3626 1600 3651 et
1623 3620 1827 3657 mediocrem,
1853 3621 1894 3652 ita
1914 3622 2005 3663 quod
2021 3632 2138 3663 magna
2154 3630 2274 3665 spectet
2289 3622 2329 3654 ad
2344 3631 2474 3663 magna-
2501 3619 2543 3638 m·
2560 3621 2582 3638 '·
