2768 4198
0 1878 3 1896 2-
0 1349 10 1871 vn=w·.-a-,ww›e-v-w-quz---
0 1169 6 1342 -v—-m-a-oe—
0 1120 4 1160 ..<-
0 1104 2 1110 <
0 1007 3 1021 „
0 985 3 987 ν
0 964 7 971 „-

987 263 1254 310 QUAESTIO
1286 263 1421 309 CLIV,
1451 262 1750 300 ARTICULUS
1782 262 1834 298 IX

2430 261 2503 308 237

314 342 524 374 committitur
547 352 584 372 ex
608 341 791 372 conditione
814 341 883 377 viri,
909 341 964 371 sed
986 348 1111 372 tantum
1140 351 1176 372 ex
1201 341 1384 372 conditione
1410 342 1412 366 Ι
1439 342 1505 372 Nec
1534 341 1732 382 simpliciter,
1757 350 1815 371 nec
1845 341 1931 381 apud
1962 342 2138 370 Auctorem
2160 339 2258 369 valet:
2289 339 2376 369 Talis
2406 340 2507 370 coitus

314 387 465 418 mulieris.
482 404 503 410 —
519 387 561 417 Et
576 386 701 416 videtur
723 386 834 416 beatus
857 386 1002 415 Thomas
1027 385 1128 416 dicere
1148 386 1246 426 quod,
1264 386 1383 426 simpli-

314 431 389 462 citer
413 431 588 472 loquendo,
613 440 687 461 cum
713 430 902 470 coniugatus
927 430 990 460 coit
1014 440 1087 461 cum
1113 431 1227 467 soluta,
1249 441 1314 461 non
1339 437 1385 461 est

313 475 514 511 adulterium,
539 485 597 505 nec
621 484 658 504 ex
680 482 768 514 parte
792 474 849 504 viri
874 484 930 504 nec
955 484 991 505 ex
1015 481 1101 515 parte
1125 475 1274 506 mulieris.
1301 475 1384 512 Quia

314 530 351 550 ex
374 526 461 560 parte
485 519 542 550 viri
570 519 658 549 nulla
682 519 818 549 sumitur
849 519 967 558 species
995 519 1149 549 luxuriae:
1176 526 1206 550 et
1237 529 1273 549 ex
1297 525 1384 559 parte

314 564 454 595 mulieris
478 569 601 594 constat
630 573 695 593 non
726 573 792 593 esse
824 563 1029 593 adulterium:
1064 574 1139 604 ergo
1164 564 1253 594 nullo
1284 564 1384 594 modo

314 608 486 639 committit
508 607 709 638 adulterium.

370 653 541 688 Praeterea,
557 652 604 682 vir
628 652 752 682 solutus
776 661 972 691 cognoscens
988 652 1156 683 mulierem
1180 652 1384 692 coniugatam

315 697 421 727 minus
433 703 542 737 peccat
553 706 651 737 quam
668 696 856 736 coniugatus
873 706 1068 736 cognoscens
1085 697 1234 727 solutam.
1249 697 1309 727 Sed
1323 696 1384 736 pri-

314 751 386 772 mus
411 740 582 772 committit
604 741 809 771 adulterium:
827 748 858 772 et
874 741 1031 772 secundus
1049 752 1113 772 non
1131 741 1301 772 committit
1319 751 1386 781 gra-

313 785 435 816 viorem
451 785 611 816 luxuriam
626 795 723 826 quam
748 785 950 817 adulterium.
973 786 1058 826 Ergo
1076 786 1247 816 committit
1266 786 1386 816 adulte-

314 830 407 860 rium.
433 848 451 852 —
475 830 674 860 Antecedens
695 831 857 869 probatur.
883 830 967 868 Quia
984 830 1171 870 coniugatus
1191 830 1254 869 agit
1277 837 1385 860 contra

314 873 410 904 fidem
423 875 462 904 ad
479 884 576 915 quam
591 874 624 904 in
641 874 719 905 facie
732 875 890 905 Ecclesiae
906 885 938 905 se
956 875 1120 915 obligavit:
1137 875 1261 905 solutus
1278 882 1385 905 autem

315 929 392 950 non.
417 919 458 949 Et
481 925 583 949 cetera
606 926 679 949 sunt
703 919 789 959 paria
812 919 844 949 in
869 919 922 950 eis.
949 919 1054 960 Igitur,
1080 926 1137 950 etc.

371 963 408 994 11.
433 963 483 994 Ad
507 963 569 993 hoc
593 963 707 994 dicitur
730 964 819 1004 quod
849 964 1014 1004 responsio
1045 964 1103 994 ista
1128 971 1174 994 est
1204 963 1384 999 clarissima,

315 1014 346 1038 et
369 1007 427 1038 sibi
450 1007 511 1048 ipsi
535 1017 685 1044 consona,
710 1018 746 1038 ac
769 1007 847 1038 aliis.
873 1008 913 1039 Et
936 1009 975 1038 ad
999 1008 1221 1049 probationem
1245 1007 1386 1038 obscuri-

315 1051 386 1082 tatis
410 1052 524 1083 dicitur
547 1053 635 1093 quod
658 1051 737 1082 ratio
769 1052 828 1083 ista
852 1052 932 1083 clare
963 1053 1056 1083 docet
1081 1053 1171 1093 quod
1198 1052 1386 1082 concubitus

315 1096 478 1136 coniugati
501 1103 567 1127 tam
584 1106 659 1127 cum
678 1097 782 1127 soluta
798 1107 897 1137 quam
912 1107 987 1127 cum
1003 1106 1217 1137 quacumque,
1238 1103 1284 1126 est
1305 1106 1385 1126 sern-

316 1151 373 1181 per
396 1141 589 1172 adulterium
613 1147 768 1181 quantum
795 1148 841 1171 est
865 1151 900 1172 ex
917 1147 1005 1180 parte
1028 1141 1096 1171 viri.
1121 1141 1162 1171 Et
1177 1150 1214 1170 ex
1234 1140 1296 1170 hoc
1321 1150 1385 1170 ma-

316 1185 428 1216 nifeste
451 1186 584 1216 habetur
600 1186 688 1226 quod
704 1185 819 1215 mulier
835 1195 910 1215 cum
929 1185 985 1215 illo
1002 1194 1135 1225 peccans
1159 1184 1304 1215 adulterii
1329 1184 1387 1214 cri-

316 1240 391 1260 men
413 1230 553 1260 incurrit.
586 1229 833 1270 Clarissimeque
864 1229 939 1260 dicit
969 1229 1057 1270 quod
1079 1229 1111 1259 in
1136 1228 1190 1260 tali
1215 1228 1385 1259 concubitu

315 1274 363 1304 vir
382 1284 419 1304 ex
441 1281 530 1317 parte
545 1274 686 1304 mulieris
710 1275 906 1314 quandoque
927 1273 1082 1309 adulterii,
1104 1273 1299 1314 quandoque
1322 1279 1386 1302 stu-

268 1336 271 1337 r
310 1316 587 1359 pri3q1‘1aiidoque
611 1317 773 1357 sacrilegii,
791 1324 861 1354 etc.,
879 1318 964 1348 iuxta
983 1318 1084 1348 varias
1100 1317 1300 1348 conditiones
1315 1326 1386 1347 mu-

78 3307 96 3340 ',
106 3308 214 3340 Append.
235 3307 292 3330 Gra-

79 3338 136 3383 {ilani
146 3336 175 3357 ad
185 3340 235 3356 ean.
246 3334 294 3356 Lex

368 2956 390 2990 «LI
456 2960 500 2996 &js
514 2980 520 2986 ,

314 1362 440 1398 lierum,
466 1362 584 1392 crimen
598 1362 747 1396 ,incurrit.
777 1362 818 1392 Et
842 1362 903 1392 hoc
927 1369 992 1392 tam
1016 1369 1123 1402 aperte
1146 1361 1260 1392 dicitur
1285 1360 1387 1403 (sum-

315 1406 414 1437 marie
435 1413 553 1442 tamen,
577 1412 613 1436 ut
637 1406 766 1437 decebat
788 1405 920 1448 librum)
951 1406 1039 1447 quod
1070 1416 1128 1437 nec
1151 1405 1306 1436 Martinus
1331 1415 1388 1436 nec

314 1451 396 1482 alius
419 1450 534 1481 clarius
557 1450 643 1480 dixit.

371 1495 423 1527 III.
448 1495 499 1526 Ad
516 1494 738 1535 probationem
756 1501 863 1526 autem
879 1494 1205 1535 incompossibilitatis
1229 1494 1388 1524 dictorum

315 1539 431 1571 dicitur
454 1540 543 1580 quod
567 1539 708 1579 primum
733 1539 853 1570 dictum
879 1539 1010 1579 exponit
1025 1539 1204 1570 secundum
1220 1539 1253 1569 in
1277 1539 1387 1574 littera,

315 1594 382 1615 non
406 1584 531 1615 noviter
554 1583 685 1620 dictum,
705 1583 760 1614 sed
783 1583 954 1624 repetitum
977 1594 1013 1614 ac
1036 1583 1208 1624 allegatum
1233 1593 1269 1614 ex
1293 1593 1388 1623 supra

315 1629 417 1660 dictis.
433 1629 517 1659 Nam
533 1638 570 1659 ex
586 1628 648 1659 hoc
664 1628 760 1664 dicto,
779 1628 906 1664 scilicet,
923 1628 1119 1659 Concubitus
1134 1629 1301 1668 coniugati
1316 1637 1387 1659 cum

314 1683 515 1715 quacumque
537 1683 663 1713 semper
686 1678 734 1704 est
755 1673 964 1710 adulterium,
982 1674 1058 1713 quia
1082 1673 1125 1704 ibi
1147 1683 1188 1704 ex
1205 1678 1304 1713 parte
1327 1674 1389 1704 viri

316 1719 458 1750 violatur
469 1718 559 1758 fides
582 1718 776 1758 coniugalis,
792 1717 959 1748 manifeste
984 1718 1138 1748 docemur
1156 1717 1245 1758 quod
1269 1717 1389 1757 species

315 1762 457 1794 luxuriae
481 1762 525 1793 sic
548 1761 632 1792 sumi
664 1762 786 1793 dictum
809 1769 856 1793 est
885 1772 922 1792 ex
953 1769 1040 1802 parte
1069 1762 1210 1792 mulieris
1234 1768 1269 1792 ut
1293 1761 1387 1791 etiam

316 1814 462 1838 sumatur
484 1817 522 1838 ex
544 1814 632 1847 parte
656 1806 731 1843 viri,
757 1807 811 1837 ubi
836 1806 948 1836 similis
971 1807 1094 1837 adesset
1116 1805 1258 1837 conditio
1287 1806 1389 1836 diver-

316 1850 468 1882 sificativa
491 1851 670 1892 specierum
693 1851 851 1881 luxuriae:
886 1858 916 1882 et
939 1851 1029 1891 quod
1053 1861 1117 1881 non
1143 1858 1188 1881 est
1211 1850 1387 1889 intelligen-

317 1896 396 1927 dum
412 1896 492 1927 illud
508 1895 680 1936 superius*
700 1895 832 1932 dictum,
850 1895 951 1926 modo
971 1895 1151 1935 repetitum,
1168 1894 1286 1925 scilicet
1300 1895 1390 1935 quod
1416 1911 1418 1916 ν

316 1941 437 1981 species
455 1940 610 1971 luxuriae
627 1944 803 1970 sumuntur
824 1939 1001 1970 secundum
1025 1939 1171 1970 diversas
1194 1939 1390 1970 conditiones
1416 1935 1418 1959 ἶ

317 1985 508 2021 mulierum,
534 1994 608 2015 cum
632 1984 665 2024 ly
688 1989 825 2021 tantum,
851 1991 886 2014 ut
910 1984 1065 2014 Martinus
1091 1983 1239 2024 imponit.
1268 1984 1389 2014 Verum

317 2029 476 2070 siquidem
501 2035 547 2060 est
570 2029 659 2069 quod
683 2028 803 2069 species
827 2028 969 2059 luxuriae
994 2035 1166 2059 sumuntur
1194 2038 1291 2068 penes
1319 2038 1390 2058 mu-

316 2074 418 2110 lieres,
439 2074 494 2104 sed
518 2083 584 2103 non
604 2079 748 2104 tantum:
774 2073 850 2114 quia
873 2080 1045 2103 sumuntur
1061 2073 1156 2103 etiam
1181 2082 1277 2112 penes
1294 2071 1389 2108 viros,

317 2117 472 2158 quoniam
496 2117 607 2148 similis
630 2117 662 2148 in
686 2117 755 2148 viro
789 2117 930 2148 conditio
960 2124 1006 2148 est
1033 2117 1065 2147 in
1096 2117 1267 2152 adulterio,
1291 2116 1390 2147 forni-

317 2162 452 2199 catione,
473 2162 605 2198 incestu‚
631 2169 709 2198 etc.;
734 2162 776 2192 ita
800 2162 886 2192 enim
910 2168 1014 2202 potest
1038 2171 1105 2192 esse
1118 2161 1166 2191 vir
1190 2161 1388 2201 coniugatus,

317 2207 452 2243 solutus,
477 2206 733 2247 consanguineus
756 2207 807 2237 vel
837 2205 949 2242 affinis,
974 2214 1043 2242 etc.‚
1068 2206 1149 2236 sicut
1173 2205 1297 2236 mulier.
1326 2206 1389 2236 Re-

317 2251 408 2292 petiit
431 2258 538 2283 autem
561 2254 685 2282 Auctor
707 2250 758 2281 hic
780 2250 862 2281 hanc
885 2250 1063 2281 doctrinam
1087 2250 1126 2280 de
1155 2248 1390 2290 specificatione

317 2305 355 2327 ex
377 2302 465 2336 parte
489 2295 676 2331 mulierum,
701 2295 741 2325 ad
765 2295 970 2335 probandum
992 2294 1082 2335 quod
1106 2294 1247 2330 dicebat,
1273 2293 1390 2325 scilicet

317 2340 407 2382 quod
430 2339 499 2371 talis
522 2339 625 2371 coitus
649 2345 790 2379 poterat,
815 2349 890 2369 cum
913 2339 975 2370 hoc
999 2339 1088 2380 quod
1112 2345 1159 2369 est
1186 2338 1388 2375 adulterium,

317 2394 384 2415 esse
407 2383 542 2415 aliarum
565 2384 743 2425 specierum
759 2390 790 2414 et
804 2383 947 2414 eiusdem
964 2393 1001 2414 ex
1017 2390 1105 2424 parte
1124 2382 1272 2414 feminae.
1297 2383 1390 2414 Unde

316 2435 541 2469 argumentum
565 2428 691 2459 Martini
715 2438 880 2469 apponens
913 2428 1055 2458 secundo
1086 2428 1171 2459 dicto
1195 2428 1228 2469 ly
1251 2433 1388 2465 tantum,

317 2483 382 2504 non
408 2473 510 2514 arguit
533 2483 570 2503 ex
594 2473 734 2503 secundo
759 2473 844 2503 dicto
868 2473 1026 2509 Auctoris,
1045 2473 1099 2502 sed
1116 2482 1153 2503 ex
1177 2483 1233 2503 sua
1250 2471 1388 2503 fictione.

1410 370 1412 398 1

1401 400 1412 410 ,,

1441 396 1503 416 ηοη
1527 392 1574 417 est
1596 386 1792 416 adulterium
1817 395 1859 415 ex
1881 385 2062 415 conditione
2076 384 2236 425 feminae,
2257 383 2349 424 Ergo
2374 393 2436 413 non
2461 388 2507 413 est

1440 431 1647 461 adulterium.
1672 447 1693 452 -
1717 429 1835 460 Mirum
1861 436 1906 460 est
1930 436 2037 459 autem
2061 428 2229 469 quomodo
2254 427 2408 458 Martinus
2432 427 2507 457 haec

1440 474 1609 505 somniavit
1632 484 1713 515 quae
1738 474 1776 504 de
1801 476 1939 504 Auctore
1964 473 2046 504 dicit.

1494 519 1545 549 Ad
1569 519 1746 549 secundum
1770 525 1878 549 autem
1902 523 2138 558 argumentum,
2164 523 2296 556 negatur
2319 516 2506 546 antecedens

1440 573 1498 603 pro
1522 563 1624 603 prima
1646 570 1743 603 parte,
1768 562 1885 594 scilicet
1915 563 2003 603 quod
2033 561 2139 591 minus
2163 567 2271 601 peccet
2299 560 2423 590 solutus
2455 570 2506 590 co·

1439 617 1593 647 gnoscens
1625 608 1838 647 coniugatam.
1869 607 1910 637 Et
1933 607 1972 636 ad
1992 606 2231 646 probationem,
2256 611 2388 644 negatur
2418 604 2507 644 quod

1440 658 1540 682 cetera
1564 652 1626 683 sint
1648 652 1744 692 paria.
1776 652 1825 682 Ad
1849 652 1939 682 cuius
1970 650 2177 687 evidentiam,
2202 649 2280 680 scito
2305 649 2393 690 quod
2418 648 2506 678 adul-

1439 697 1555 727 terium
1579 706 1615 726 ex
1639 695 1822 727 conditione
1842 695 1992 731 mulieris,
2010 701 2041 725 et
2064 694 2256 725 adulterium
2272 703 2308 723 ex
2325 692 2507 724 conditione

1438 740 1506 777 viri,
1531 748 1667 781 possunt
1682 740 1851 781 dupliciter
1872 739 2066 780 comparari:
2092 738 2210 769 scilicet
2236 737 2434 777 simpliciter,
2458 737 2508 767 vel

1440 786 1615 815 secundum
1633 785 1721 826 quid.
1747 785 1779 816 Si
1795 791 2019 824 comparentur
2035 784 2211 814 secundum
2235 782 2322 823 quid,
2341 781 2418 812 nihil
2436 791 2507 822 pro-

1440 829 1526 860 hibet
1549 830 1673 869 gravius
1704 839 1771 859 esse
1797 829 1829 859 in
1853 829 1921 859 viro
1954 828 2145 858 adulterium
2169 837 2206 857 ex
2233 826 2416 857 conditione
2439 825 2508 862 viri,

1440 884 1499 915 pro
1523 881 1644 914 quanto
1676 881 1785 904 contra
1817 883 1995 913 expressam
2018 883 2035 902 a
2059 872 2164 912 seipso
2188 871 2284 901 fidem
2315 870 2393 910 agit,
2419 870 2508 911 quod

1441 929 1506 949 non
1530 918 1604 949 facit
1626 918 1762 948 solutus.
1788 918 1849 947 Sed
1872 917 1897 947 si
1922 923 2146 957 comparentur
2169 916 2324 951 absolute,
2349 915 2393 945 sic
2415 915 2510 954 longe

1440 963 1565 1003 gravius
1582 970 1628 993 est
1643 962 1675 992 in
1691 962 1759 992 viro
1776 961 1967 992 adulterium
1983 971 2020 991 ex
2037 960 2218 990 conditione
2235 959 2386 990 mulieris.
2411 959 2509 996 Quod

1441 1014 1526 1047 patet
1550 1017 1586 1037 ex
1609 1016 1648 1036 eo
1671 1006 1761 1046 quod
1786 1005 1887 1036 coitus
1907 1005 2007 1044 magis
2024 1005 2170 1035 recedens
2194 1015 2211 1034 a
2234 1004 2320 1035 licito
2338 1010 2383 1033 est
2406 1003 2509 1043 peior:

1441 1051 1596 1092 quoniam
1621 1051 1743 1080 malum
1773 1050 1945 1089 graduatur
1971 1059 2066 1089 penes
2099 1058 2257 1078 recessum
2282 1060 2298 1078 a
2323 1048 2427 1083 bono;
2456 1047 2510 1077 ille

1441 1096 1527 1126 enim
1551 1102 1597 1125 est
1620 1094 1720 1134 magis
1745 1104 1855 1124 caecus
1879 1103 1934 1123 seu
1959 1094 2066 1123 luscus
2093 1092 2149 1133 qui
2173 1093 2272 1132 magis
2297 1099 2342 1122 est
2369 1099 2510 1122 remotus

1441 1151 1459 1170 a
1481 1140 1562 1170 visu.
1595 1138 1730 1170 Constat
1754 1145 1860 1168 autem
1885 1137 2005 1168 coitum
2030 1147 2104 1167 curn
2129 1137 2296 1176 coniugata
2320 1146 2387 1166 esse
2411 1135 2510 1175 magis

1441 1190 1602 1214 remotum
1626 1193 1644 1213 a
1667 1183 1753 1213 licito
1770 1183 1855 1213 coitu
1873 1192 1970 1222 quam
1986 1181 2106 1212 coitum
2123 1191 2197 1211 cum
2218 1180 2398 1220 coniugato.
2422 1181 2509 1210 Tum

1442 1228 1516 1269 quia
1540 1228 1613 1263 iste,
1638 1227 1767 1268 quando
1792 1236 1860 1256 mos
1884 1232 1970 1263 erat,
1991 1231 2159 1266 peccatum
2185 1235 2247 1255 non
2272 1230 2358 1262 erat,
2385 1231 2419 1254 ut
2442 1227 2510 1255 Au-

1442 1273 1587 1312 gustinus
1611 1271 1686 1302 dicit
1699 1271 1733 1301 *:
1759 1271 1810 1301 ille
1828 1277 1935 1301 autem
1955 1280 2079 1309 semper
2103 1271 2270 1300 damnatus
2294 1269 2363 1300 fuit.
2384 1287 2403 1292 —
2423 1269 2511 1299 Tum

1442 1317 1517 1358 quia
1540 1316 1592 1347 ille
1616 1323 1724 1346 contra
1748 1315 1969 1346 certitudinem
1993 1314 2091 1354 prolis
2115 1321 2161 1344 est
2184 1324 2221 1344 ex
2243 1313 2305 1343 hoc
2328 1314 2399 1353 ipso
2423 1314 2511 1353 quod

1442 1361 1557 1391 mulier
1587 1360 1756 1400 coniugata
1781 1366 1842 1390 est:
1872 1366 1980 1389 venter
2004 1358 2088 1388 enim
2118 1358 2228 1394 unius,
2254 1357 2371 1388 scilicet
2398 1357 2511 1392 mariti,

1443 1407 1583 1436 duorum
1607 1411 1662 1435 est.
1691 1404 1753 1435 Sed
1776 1403 1834 1434 iste
1862 1413 1927 1433 non
1959 1410 2004 1433 est
2035 1409 2144 1433 contra
2169 1402 2388 1433 certitudinem
2415 1401 2513 1441 prolis

1444 1460 1480 1481 ex
1509 1450 1571 1480 hoc
1599 1449 1688 1490 quod
1717 1448 1774 1478 iste
1806 1455 1851 1478 est
1880 1447 1928 1477 vir
1956 1447 2095 1478 alterius:
2130 1447 2285 1487 quoniam
2314 1456 2378 1476 non
2409 1452 2514 1485 portat

1443 1495 1511 1535 ipse
1539 1493 1663 1534 prolem
1686 1493 1719 1523 in
1744 1502 1877 1533 corpore
1907 1502 1978 1522 suo.
2002 1509 2020 1515 -
2044 1492 2130 1522 Tum
2161 1491 2235 1531 quia
2265 1491 2318 1520 ille
2343 1497 2388 1520 est
2419 1490 2513 1530 longe

1443 1539 1543 1579 magis
1561 1545 1669 1569 contra
1694 1537 1869 1568 naturalem
1884 1537 2000 1567 zelum.
2026 1535 2188 1572 Quoniam
2214 1541 2336 1566 constat
2358 1535 2447 1575 quod
2469 1541 2515 1565 est

1443 1584 1546 1614 maior
1568 1583 1655 1613 zelus
1680 1592 1718 1612 ne
1751 1582 1920 1622 coniugata
1943 1581 2114 1616 adulteret,
2139 1590 2236 1620 quam
2261 1590 2300 1610 ne
2325 1579 2513 1618 coniugatus

1444 1635 1536 1659 coeat
1565 1637 1640 1658 curn
1670 1627 1782 1662 altera,
1809 1634 1844 1657 ut
1868 1633 1963 1666 patet.
1987 1643 2008 1648 -
2032 1626 2121 1655 Tum
2144 1625 2220 1665 quia
2249 1624 2301 1654 ille
2333 1623 2422 1654 omni
2446 1624 2513 1663 lege

1444 1673 1595 1714 punitur:
1619 1672 1676 1702 iste
1700 1678 1806 1702 autem
1832 1671 1899 1701 sola
1924 1670 2029 1700 divina
2045 1670 2124 1710 lege.
2142 1687 2163 1692 -
2180 1669 2272 1699 Unde
2296 1675 2381 1708 patet
2397 1675 2513 1709 quanta

1444 1724 1490 1748 est
1513 1717 1587 1747 hinc
1611 1723 1642 1747 et
1664 1716 1738 1746 inde
1762 1715 1934 1756 disparitas.

1501 1762 1553 1792 IV.
1572 1761 1606 1791 ln
1623 1760 1830 1800 responsione
1847 1760 1886 1789 ad
1906 1759 2082 1790 secundum
2100 1758 2242 1788 eiusdem
2262 1757 2365 1787 octavi
2381 1757 2512 1793 articuli,

1444 1806 1569 1836 adverte
1593 1806 1680 1846 quod
1706 1804 1902 1845 comparatio
1926 1803 1959 1833 in
1974 1803 2076 1833 littera
2100 1802 2180 1832 facta
2200 1802 2280 1832 inter
2303 1802 2513 1832 ardentiorem

1444 1857 1619 1881 amatorem
1643 1849 1760 1885 uxoris,
1785 1857 1816 1879 et
1839 1848 2050 1878 ardentiorem
2078 1854 2253 1877 amatorem
2281 1846 2422 1876 mulieris
2448 1856 2512 1876 non

1444 1894 1568 1931 uxoris,
1593 1904 1690 1934 penes
1714 1893 1859 1924 adulterii
1883 1892 2018 1928 crimen,
2044 1898 2148 1932 potest
2172 1890 2304 1930 intelligi
2329 1890 2511 1930 dupliciter:

1444 1949 1510 1970 uno
1535 1939 1645 1975 modo,
1663 1938 1827 1968 referendo
1852 1937 2021 1977 utrobique
2045 1936 2084 1966 ad
2108 1936 2332 1975 coniugatum;
2358 1934 2420 1965 alio
2443 1945 2512 1964 mo-

1444 1984 1501 2020 do,
1527 1983 1681 2014 absolute.
1707 1983 1742 2012 In
1767 1982 1871 2023 primo
1897 1991 1990 2011 sensu
2016 1990 2081 2010 non
2106 1980 2249 2020 loquitur
2272 1982 2403 2010 Auctor.
2429 1979 2513 2016 Quia

1445 2034 1568 2059 constat
1596 2027 1685 2068 quod
1709 2027 1809 2067 magis
1833 2033 1879 2057 est
1903 2025 2026 2056 adulter
2057 2025 2173 2055 coniux
2204 2030 2327 2054 amator
2355 2023 2514 2054 ardentior

1444 2072 1570 2103 alterius
1594 2071 1735 2102 mulieris
1751 2081 1849 2112 quam
1865 2080 1950 2101 suae.
1966 2088 1987 2093 -
2004 2069 2038 2099 In
2056 2069 2196 2100 secundo
2221 2075 2328 2098 autem
2352 2078 2445 2098 sensu
2461 2078 2513 2098 ve-

1444 2127 1516 2147 rum
1529 2122 1575 2147 est
1587 2116 1675 2156 quod
1689 2116 1722 2146 in
1734 2115 1836 2146 littera
1850 2115 1972 2145 dicitur.
1991 2114 2165 2151 Quoniam,
2179 2113 2324 2143 absolute
2336 2113 2512 2152 loquendo,

1444 2160 1603 2191 ardentior
1616 2167 1738 2190 amator
1751 2159 1893 2190 mulieris
1906 2169 1972 2189 non
1985 2168 2060 2189 suae
2073 2168 2139 2188 non
2153 2164 2200 2188 est
2212 2157 2343 2192 adulter,
2358 2167 2415 2187 nec
2428 2157 2515 2187 adul-

1444 2205 1512 2236 terii
1537 2204 1832 2235 denominationem
1856 2204 1964 2234 habet:
1990 2203 2144 2244 quoniam
2169 2201 2247 2231 nihil
2266 2202 2304 2231 de
2320 2201 2515 2231 matrimonii

1443 2249 1615 2280 violatione
1640 2255 1694 2280 aut
1717 2248 1832 2279 iniuria
1856 2248 1984 2286 claudit,
2001 2247 2061 2277 nisi
2077 2257 2115 2277 eo
2138 2247 2237 2276 modo
2262 2255 2328 2286 quo
2353 2245 2458 2275 omnis
2482 2245 2516 2275 il-

1443 2293 1547 2324 licitus
1571 2303 1662 2324 amor
1685 2293 1782 2329 licito,
1807 2292 1862 2334 qui
1887 2293 1975 2322 solus
1999 2299 2045 2322 est
2068 2290 2319 2326 matrimonialis,
2339 2289 2514 2320 iniuriatur.

1445 2339 1506 2370 Sed
1538 2338 1613 2378 quia
1641 2338 1703 2368 hoc
1732 2345 1778 2368 est
1801 2337 1901 2377 magis
1932 2337 2116 2376 elongatum
2141 2346 2158 2365 a
2182 2334 2386 2366 matrimonio
2417 2344 2515 2375 quam

1445 2383 1605 2413 ardentior
1628 2392 1719 2413 amor
1743 2381 1897 2421 coniugis,
1923 2381 1998 2422 quia
2022 2380 2140 2411 claudit
2159 2379 2394 2410 inhonestatem
2416 2378 2516 2419 ipsius

1445 2427 1585 2467 coniugii
1602 2426 1763 2467 explicite;
1781 2426 1854 2456 ideo
1870 2426 1929 2456 iste
1945 2426 2044 2466 magis
2062 2423 2205 2455 adulterii
2222 2423 2514 2454 denominationem

1445 2472 1576 2512 suscipit
1593 2482 1691 2513 quam
1708 2471 1867 2501 ardentior
1883 2477 2007 2501 amator
2030 2469 2171 2500 mulieris
2188 2478 2252 2499 non
2271 2478 2345 2499 suae
2361 2468 2516 2498 absolute.

1136 2615 1459 2659 ARTICULUS
1496 2615 1699 2657 NONUS

788 2710 943 2740 UTRUM
969 2709 1178 2740 1NCESTUS
1202 2709 1268 2740 SIT
1293 2709 1464 2740 SPECIES
1487 2709 1806 2740 DETERMlNATA
1830 2707 2051 2738 LuxuquE

823 2789 914 2820 Supra,
934 2793 979 2813 art.
1004 2796 1030 2819 1;
1050 2788 1084 2812 IV
1104 2788 1187 2817 Seni„
1209 2788 1268 2812 dist.
1286 2796 1335 2818 xm,
1356 2793 1402 2813 art.
1421 2796 1446 2820 4,
1467 2788 1516 2821 qu⁸
1540 2796 1560 2818 1,
1582 2795 1609 2818 23
1631 2788 1672 2812 De
1692 2787 1774 2816 Malo,
1795 2794 1839 2819 qu.
1858 2794 1898 2816 xv,
1919 2791 1965 2810 art.
1987 2785 2010 2816 3,

350 2891 378 2929 >sit

401 2895 415 2920 ψ
432 2894 505 2942 ⁵12«
529 2889 552 2914 D
581 2889 709 2914 nouum
738 2889 791 2914 Slc
820 2889 1061 2914 PROCEDITUR.
1091 2877 1252 2913 Videtur
1285 2877 1387 2926 quod

530 2938 696 2967 incestus
717 2943 797 2967 non
817 2931 862 2967 sit
891 2931 1037 2979 species
1058 2930 1307 2968 determinata
1335 2931 1389 2966 Iu-

334 2984 384 3031 'th
420 3000 456 3040 ⁷33
478 2988 500 3026 (ς,
530 2984 671 3022 xuriae.
708 2985 876 3021 Incestus
909 2984 1012 3021 enim
1050 2984 1184 3020 dicitur
1219 2996 1288 3032 per
1315 2983 1389 3032 pri-

336 3031 349 3042 ”
375 3012 473 3069 ἐμέ)
489 3029 726 3076 Χνεῑίοῃεῐῐι
764 3037 953 3074 castitatis.
997 3037 1074 3074 Sed
1112 3037 1269 3074 castitati
1305 3037 1388 3074 uni-

318 3091 514 3129 versaliter
541 3091 747 3140 opponitur
775 3091 934 3128 luxuria.
972 3091 1075 3138 Ergo
1103 3090 1256 3127 videtur
1284 3090 1389 3139 quod

320 3145 484 3181 incestus
513 3157 590 3182 non
621 3145 666 3181 sit
694 3145 840 3194 species
869 3144 1050 3190 luxuriae,
1073 3144 1140 3180 sed
1166 3143 1210 3180 sit
1237 3143 1390 3180 univer-

321 3197 447 3234 saliter
466 3202 483 3218 ‘²
511 3197 593 3247 ipsa
621 3198 779 3235 luxuria.

376 3262 411 3287 2.
442 3250 676 3299 Pam-mm,
697 3252 735 3288 in
754 3251 927 3289 Decretis
957 3251 1103 3296 dicitur,
1124 3249 1300 3297 XXXVI,
1325 3261 1388 3298 qu.

322 3303 382 3350 1³⁸,
409 3304 516 3351 quod
543 3304 702 3342 incestus
729 3311 784 3342 est
813 3305 1187 3354 consanguinearum
1213 3303 1273 3340 vel
1304 3304 1390 3351 affi-

322 3357 426 3393 nium
454 3357 605 3394 abusus.
626 3358 704 3395 Sed
732 3359 894 3396 affinitas
923 3357 1048 3395 differt
1075 3369 1097 3394 a
1127 3356 1390 3404 consanguini-

321 3417 406 3447 tate.
438 3410 541 3457 Ergo
561 3409 725 3448 incestus
754 3423 833 3449 non
852 3419 909 3449 est
935 3424 1012 3448 una
1033 3411 1179 3460 species
1203 3410 1389 3457 luxuriae,

322 3463 389 3500 sed
418 3463 556 3518 plures.

375 3597 402 3629 α)
423 3596 618 3622 universaliter.
632 3609 650 3615 —
669 3595 730 3620 Om.
751 3595 797 3620 Pa.

1499 2878 1533 2914 3.
1559 2875 1796 2922 ΡΚΑΕΤΕΚΕΑ,
1827 2875 1918 2911 illud
1947 2875 2051 2923 quod
2083 2875 2130 2911 cle
2160 2886 2200 2910 se
2230 2885 2308 2910 non
2337 2873 2515 2922 importat

1443 2930 1609 2980 aliquam
1653 2928 1957 2975 deformitatem,
1994 2940 2073 2965 non
2115 2927 2306 2964 constituit
2347 2927 2512 2975 aliquam

1444 2983 1736 3021 determinatam
1775 2983 1943 3031 speciem
1985 2981 2077 3019 vitii.
2123 2981 2200 3018 Sed
2245 2980 2427 3017 accedere
2466 2979 2513 3016 ad

1444 3036 1747 3085 consanguineas
1775 3036 1838 3072 vel
1876 3035 2010 3072 affines
2039 3047 2118 3071 non
2147 3042 2202 3071 est
2230 3033 2442 3070 secundum
2473 3045 2513 3069 se

1444 3090 1635 3127 deforme:
1666 3089 1769 3136 alias,
1791 3089 1895 3125 nullo
1924 3096 2099 3137 tempore
2123 3088 2296 3124 licuisset.
2327 3087 2429 3134 Ergo
2460 3085 2514 3122 in-

1444 3151 1568 3180 cestus
1596 3155 1676 3180 non
1705 3150 1760 3179 est
1789 3142 2039 3179 determinata
2067 3141 2212 3189 species
2240 3140 2421 3176 luxuriae.

1498 3197 1573 3233 SED
1603 3207 1750 3233 CONTRA
1779 3207 1846 3232 EST
1872 3195 1977 3244 quod
2006 3194 2151 3243 species
2187 3193 2357 3230 luxuriae
2386 3193 2514 3231 distin-

1444 3257 1610 3297 guuntur
1638 3249 1851 3286 secundum
1881 3248 2119 3285 conditiones
2148 3247 2351 3284 mulierum
2377 3246 2514 3295 quibus

1445 3302 1560 3350 aliqui
1579 3303 1797 3339 abutuntur.
1829 3302 1905 3339 Sed
1924 3302 2070 3338 incestu
2089 3301 2314 3350 importatur
2342 3300 2514 3348 specialis

1446 3355 1611 3392 conditio
1645 3355 1871 3391 mulierum:
1907 3354 1996 3403 quia
2030 3362 2086 3391 est
2114 3355 2253 3391 abusus
2287 3354 2515 3403 consangui-

1445 3421 1604 3446 nearum
1632 3408 1692 3445 vel
1719 3409 1909 3456 affinium,
1939 3415 1981 3444 ut
2009 3408 2152 3445 dictum
2182 3415 2238 3444 est
2256 3406 2287 3444 ²¹⁸.
2323 3407 2425 3455 Ergo
2459 3419 2514 3443 1n-
2543 3418 2551 3427 ⁸

1447 3470 1570 3499 cestus
1599 3469 1655 3498 est
1683 3461 1932 3499 determinata
1961 3461 2107 3510 species
2135 3460 2315 3498 luxuriae.

2539 1275 2549 1285 ⁸
2571 1274 2637 1296 Cont.
2659 1274 2750 1301 Faust„

2539 1301 2577 1323 lib.
2602 1301 2678 1329 xxn,
2700 1307 2750 1329 cap.

2538 1334 2609 1349 xzvrr.
