2768 4198
75 395 209 424 *Cap.xx.

75 484 242 512 ’Canum

82 517 237 563 0⁵01?7V111,11.

75 610 134 633 ’Css
152 616 217 632 num.
236 616 287 632 vui.

75 638 97 649 ⁸·
110 637 218 659 conclus.
237 636 259 658 6.

72 1842 278 1897 ἀ’ἒὶιἮ

225 1889 232 1902 ,
279 1891 285 1896 .

71 1930 246 1976 ’ἕωᾟεέιῗ
250 1933 286 1976 η’,

72 1979 287 2030 ww&

259 2918 266 2925 ’
313 2922 384 2946 tum
406 2914 520 2944 vitium
545 2923 600 2954 per
624 2914 783 2945 defectum
807 2921 926 2954 spectat
953 2914 1111 2954 applicare
1134 2924 1167 2944 se
1190 2914 1230 2944 ad
1254 2914 1327 2945 vilia
1350 2915 1383 2946 in

996 267 1264 314 QUAESTIO
1294 267 1449 313 CLXII,

315 355 362 379 est
383 348 565 378 honesturn.
590 348 675 387 Ergo
690 346 820 377 inclinat
842 347 882 376 ad
901 346 1139 386 despiciendum
1156 355 1191 376 ea
1216 356 1298 386 quae
1322 355 1380 385 pro
1408 346 1412 363 '

315 401 373 423 sua
384 391 502 422 vilitate
517 392 678 421 dedecent.
696 390 893 421 Antecedens
910 397 956 420 est
972 390 1082 427 Tullii,
1100 390 1132 420 in
1149 390 1160 419 1
1176 390 1215 420 de
1232 389 1349 430 offic-'⁸‘
1361 407 1381 413 -

315 436 423 466 Sexto.
449 435 564 466 Omnis
586 435 782 476 dignficans
803 444 839 465 se
860 434 1037 464 minoribus
1059 444 1155 474 quam
1179 435 1221 464 sit
1243 434 1382 474 dignus,

315 486 361 509 est
377 479 608 519 pusillanimus,
626 478 794 519 oppositus
810 478 1030 518 magnanimo:
1048 485 1083 508 ut
1098 485 1183 518 patet
1201 478 1242 508 lV
1253 477 1383 508 Ethic.*

280 523 377 554 'Sed
406 523 569 563 applicans
599 533 632 553 se
655 523 694 552 ad
717 522 830 552 viliora
859 533 958 563 quam
987 524 1134 558 deceant,
1158 522 1327 563 dignificat
1348 531 1383 552 se
1408 549 1410 558 ,

315 567 492 598 minoribus
513 577 610 608 quam
633 568 674 597 sit
697 566 827 608 dignus.
852 567 948 606 Ergo.
1408 565 1410 608 Ι

371 611 423 642 lv.
441 611 588 642 Secundo
603 611 621 630 '⁸‘
644 611 866 651 principaliter,
882 611 916 641 in
937 622 946 640 1
968 621 1024 651 qu.
1041 611 1079 641 de
1103 611 1256 651 Superbia
1271 610 1316 645 **,
1337 620 1382 640 ar-

313 655 382 696 guit
396 655 644 696 quadrupliciter
660 656 748 696 quod
769 656 926 696 applicare
950 655 1094 685 animum
1110 655 1149 685 ad
1172 665 1220 685 res
1236 654 1314 685 viles
1330 655 1382 684 de·
1408 673 1409 676 =

314 700 459 731 decentes
482 699 657 736 hominem,
675 709 741 730 non
764 701 899 739 pertinet
913 699 1095 730 immediate
1111 699 1150 729 ad
1174 698 1382 739 pusillanimi-
1408 709 1410 712 ’

313 750 410 775 tatem
434 743 617 784 oppositam
641 744 817 784 superbiae,
842 752 877 775 ut
901 745 969 774 vult
993 744 1148 774 Thomas.
1177 744 1295 774 Primo.
1322 744 1382 773 Pu-

314 788 509 818 sillanimitas
526 788 675 828 opposita
690 789 854 828 superbiae
878 795 924 819 est
948 788 1080 819 deiectio
1102 787 1308 828 appretiativa
1325 787 1382 817 mi·
1408 816 1410 818 ,

314 842 374 863 nus
398 842 542 868 suorum,
568 839 598 863 et
622 833 761 862 multum
785 833 973 863 alienorum.
999 833 1060 863 Sed
1079 832 1265 862 huiusmodi
1280 831 1381 873 appli-
1408 841 1410 874 ς

314 876 395 907 catio
415 877 454 906 ad
469 877 540 906 vilia
558 887 623 907 non
641 883 687 907 est
706 877 838 908 deiectio
856 877 1070 918 appretiativa,
1086 883 1159 907 etc.:
1184 876 1259 917 quia
1279 883 1383 916 potest
1409 876 1411 913 ;'

314 930 381 951 esse
404 920 474 951 talis
498 921 631 951 abiectio
655 921 721 952 sine
745 921 931 952 huiusmodi
955 921 1192 962 appretiatione.
1218 921 1314 961 Ergo.
1409 916 1411 957 Ι

369 965 525 996 Secundo.
556 965 678 995 Vitium
702 966 890 1016 oppositum
914 966 1078 1006 superbiae
1102 972 1208 1005 potest
1231 975 1380 995 consum·
1409 963 1411 997 ὲ

314 1009 393 1039 mari
417 1009 484 1040 sine
507 1010 664 1050 corporali
689 1010 874 1041 ministerio.
907 1008 983 1053 [Sed
1005 1010 1188 1040 huiusmodi
1211 1010 1382 1050 applicatio
1408 1003 1411 1043 Ι

313 1054 358 1084 ad
387 1054 462 1084 vilia
495 1064 556 1084 non
581 1059 688 1094 potest
717 1056 936 1085 consummari
964 1056 1034 1085 sine
1057 1054 1219 1094 corporali
1242 1055 1382 1084 ministe-

314 1095 392 1148 rio.]
415 1098 511 1138 Ergo.
536 1115 557 1121 -
579 1099 687 1128 Minor
710 1106 755 1130 est
778 1106 878 1129 certa:
909 1098 985 1139 quia
1014 1108 1079 1128 non
1104 1105 1208 1138 potest
1233 1108 1382 1128 consum-

314 1141 394 1173 mari
417 1142 484 1173 sine
508 1143 601 1173 rebus
624 1142 749 1174 vilibus.
773 1161 794 1166 —
818 1143 920 1173 Maior
940 1143 1091 1182 probatur
1107 1142 1291 1172 auctoritate
1307 1142 1383 1173 Cas·
1409 1153 1411 1180 Ι

314 1186 404 1222 siani,
431 1186 547 1218 collat.
565 1186 634 1217 V*.
659 1186 700 1217 Et
721 1194 807 1228 patet
823 1187 861 1217 de
885 1186 1032 1227 superbia
1051 1186 1185 1216 diaboli:
1218 1193 1248 1216 et
1272 1187 1383 1216 eadem
1409 1205 1410 1218 ι

314 1229 393 1261 ratio
417 1237 464 1261 est
486 1231 526 1261 de
550 1231 714 1270 opposito.
1409 1225 1411 1234 ¹

374 1275 491 1306 Tertio
516 1274 714 1306 Huiusmodi
738 1274 908 1315 applicatio
928 1274 1088 1305 interdum
1103 1274 1189 1304 venit
1203 1284 1240 1304 ex
1255 1274 1384 1304 avaritia
1409 1270 1411 1302 ἓ

283 1343 297 1347 7,
312 1325 428 1349 aet-ex
451 1319 615 1358 voluptate
640 1319 767 1350 carnali.
789 1319 876 1359 Ergo
892 1329 957 1350 non
975 1325 1021 1349 est
1037 1318 1254 1349 universaliter
1267 1318 1382 1348 vitium
1409 1323 1411 1346 ἱ

313 1362 478 1403 superbiae
493 1362 693 1403 oppositum.
712 1381 734 1386 -
758 1364 956 1394 Antecedens
976 1370 1061 1403 patet
1076 1372 1132 1404 per
1148 1362 1382 1402 experientiam.
1409 1357 1411 1395 Ι

372 1405 507 1444 Quarto.
530 1406 735 1450 'Huiusmodi
760 1407 1018 1447 pusillanimitas,
1043 1407 1174 1447 quando
1198 1416 1236 1437 ex
1258 1406 1383 1438 defectu
1409 1389 1411 1449 Ι

312 1450 580 1492 magnanimitatis
602 1450 703 1486 venit,
729 1459 775 1482 est
798 1451 912 1482 vitium
944 1451 1059 1482 directe
1083 1450 1271 1491 oppositum
1294 1461 1384 1491 prae·
1409 1452 1411 1494 ξ

313 1495 500 1536 sumptioni.
534 1495 620 1535 Ergo
651 1505 716 1526 non
746 1503 792 1526 est
821 1495 934 1527 vitium
965 1496 1080 1526 directe
1113 1495 1301 1536 oppositum
1332 1505 1383 1526 su·
1409 1504 1411 1528 i

312 1539 448 1580 perbiae.
472 1557 493 1562 -
515 1539 754 1580 Consequentia
776 1547 876 1571 tenet:
908 1540 984 1581 quia
1007 1540 1184 1570 secundum
1208 1539 1382 1576 Thomam,
1409 1537 1411 1584 Ι

313 1584 531 1624 praesumptio
555 1591 586 1615 et
609 1583 757 1624 superbia
786 1592 860 1615 sunt
882 1584 958 1616 vitia
985 1584 1088 1625 specie
1119 1584 1274 1615 distincta.
1298 1601 1319 1607 -
1343 1585 1385 1615 Et
1409 1587 1411 1617 3

313 1628 500 1660 antecedens
523 1629 684 1669 probatur.
716 1629 801 1667 Quia
824 1629 899 1660 huic
922 1629 1012 1670 quod
1036 1636 1083 1660 est
1105 1628 1323 1659 administrare
1347 1639 1383 1659 ea
1409 1628 1411 1650 ἶ

313 1683 395 1714 quae
419 1680 493 1703 sunt
520 1683 616 1713 supra
638 1673 738 1710 vires,
763 1673 878 1704 directe
905 1673 1082 1714 opponitur
1111 1673 1192 1704 illud
1220 1674 1309 1714 quod
1338 1680 1384 1704 est
1409 1685 1411 1710 Ι

312 1716 529 1748 administrare
554 1727 589 1748 ea
612 1727 695 1759 quae
719 1724 793 1748 sunt
816 1717 898 1748 infra
913 1718 994 1748 vires
1017 1724 1047 1748 et
1071 1717 1255 1757 dignitatern
1279 1717 1384 1748 homi·
1409 1716 1411 1744 ἐ

311 1761 371 1798 nis,
396 1768 431 1792 ut
454 1771 514 1802 pro
537 1772 594 1792 sua
618 1761 736 1793 vilitate
761 1762 926 1792 hominem
950 1762 1109 1792 deiiciant.

357 1806 395 1837 V.
413 1807 463 1837 Ad
480 1806 556 1837 haec
573 1806 715 1837 ordinate
731 1807 964 1846 respondendo,
982 1806 1095 1837 dicitur
1110 1806 1199 1847 quod
1221 1806 1382 1837 distinctio
1409 1819 1411 1846 3

312 1849 499 1882 humilitatis
516 1861 534 1881 a
554 1850 812 1891 magnanimitate
824 1851 841 1870 *
857 1858 904 1881 sat
923 1852 1054 1891 probata
1078 1857 1108 1881 et
1131 1857 1251 1880 servata
1279 1857 1325 1881 est
1339 1850 1383 1881 **.
1409 1870 1411 1893 Ι

369 1895 420 1926 Ad
451 1895 588 1935 primam
617 1895 830 1926 obiectionem
861 1895 900 1925 de
928 1895 1076 1936 superbia
1093 1894 1126 1931 *,
1152 1894 1266 1925 dicitur
1293 1895 1383 1935 quod
1409 1914 1411 1941 Ι

313 1937 391 1970 falsa
415 1946 461 1970 est
483 1939 536 1969 illa
559 1939 754 1979 propositio.
779 1939 963 1980 Superbus,
987 1939 1192 1980 aspernando
1215 1939 1411 1972 subiectio-

314 1993 402 2021 nem,
427 1983 596 2024 dignficat
617 1993 652 2014 se
674 1985 804 2024 magnis
826 1983 925 2014 bonis.
950 1984 991 2014 Et
1015 1993 1088 2014 cum
1113 1984 1282 2023 probatur,
1306 1985 1383 2024 quia
1409 1984 1411 2033 Ι

313 2027 482 2069 ᾰίςηῇῐσαῑ
503 2037 539 2059 se
559 2037 680 2069 magna
705 2028 867 2060 libertate:
899 2028 1109 2068 respondetur
1136 2028 1224 2068 quod
1253 2027 1322 2059 talis
1346 2028 1384 2058 li-

262 2092 265 2093 7
313 2072 416 2103 bertas
439 2082 505 2103 non
526 2079 572 2103 est
594 2072 627 2102 in
650 2082 763 2112 genere
787 2074 958 2108 bonorum,
983 2079 1018 2103 ut
1042 2078 1127 2112 patet
1149 2081 1186 2102 ex
1209 2072 1272 2103 hoc
1295 2073 1384 2113 quod

314 2123 361 2148 est
383 2116 539 2147 contraria
561 2116 684 2153 virtuti;
709 2124 739 2148 et
762 2123 928 2158 propterea
952 2115 1138 2156 dignificans
1157 2126 1190 2146 se
1214 2116 1266 2146 tali
1291 2117 1384 2147 liber·
1409 2112 1411 2163 Ι

313 2167 386 2197 tate,
410 2171 477 2191 non
501 2161 599 2197 bono,
624 2161 678 2191 sed
703 2171 820 2201 magno
845 2161 930 2192 malo
955 2171 988 2191 se
1012 2159 1181 2200 dignificat.
1409 2168 1411 2205 Ι

369 2205 420 2236 Ad
435 2205 608 2236 secundam
624 2205 848 2242 obiectionern,
865 2212 996 2245 negatur
1018 2205 1072 2235 illa
1092 2204 1287 2245 propositio:
1313 2204 1411 2236 Stat
1409 2227 1411 2243 ,

314 2250 491 2280 tendentem
516 2250 548 2280 in
573 2259 695 2291 magna
718 2250 927 2280 immoderate
949 2259 1012 2280 non
1029 2250 1202 2289 aspernari
1216 2249 1382 2280 subiectio·
1409 2246 1411 2297 Ι

314 2303 386 2324 nem
410 2303 521 2325 eorum
544 2294 659 2334 quibus
680 2299 808 2324 tenetur
829 2294 932 2325 subdi.
964 2293 1129 2331 Quoniam
1153 2293 1213 2323 nisi
1237 2303 1382 2333 asperna-

313 2345 407 2374 retur,
432 2338 516 2368 facto
539 2338 661 2374 saltem,
686 2338 917 2369 subiectionem
939 2348 1004 2379 qua
1027 2337 1159 2368 humilis
1179 2338 1287 2378 pollet,
1305 2347 1383 2368 nun·
1409 2326 1411 2377 Ι

313 2392 410 2423 quam
429 2382 638 2412 immoderate
661 2383 826 2414 tenderet
819 2393 851 2413 in
869 2393 993 2423 magna.
1019 2382 1154 2414 Constat
1169 2389 1277 2413 autem
1293 2383 1411 2433 ςυοάΙ
1409 2379 1411 2396 '

312 2426 466 2457 subiectio
499 2426 630 2457 humilis
660 2437 726 2457 non
757 2434 804 2458 est
835 2427 1144 2468 supererogationis,
1176 2427 1231 2457 sed
1260 2427 1384 2458 virtutis
1409 2431 1411 2473 Ι

312 2471 503 2502 necessariae
527 2471 566 2501 ad
590 2471 687 2502 vitam
710 2471 875 2512 politicam
903 2482 985 2513 quae
1009 2471 1059 2502 via
1087 2478 1134 2502 est
1164 2471 1304 2502 caelestis
1327 2482 1383 2512 pa-

311 2515 399 2546 triae.
1409 2532 1411 2550 ι

368 2559 422 2590 VI.
446 2560 497 2589 Ad
517 2569 552 2589 ea
576 2566 684 2590 autem
707 2570 789 2600 quae
813 2561 852 2590 de
875 2560 1136 2600 pusillanimitate
1160 2559 1384 2590 obiiciuntur*
1409 2555 1411 2560 ¹

313 2603 547 2644 respondendo,
571 2604 781 2643 praemittitur
804 2605 894 2645 quod
917 2604 1074 2645 applicare
1097 2614 1130 2634 se
1153 2604 1192 2634 ad
1212 2604 1286 2634 vilia
1309 2614 1384 2634 con-

313 2647 405 2688 tingit
428 2647 610 2688 dupliciter:
635 2647 750 2679 scilicet
769 2648 965 2689 simpliciter;
989 2649 1039 2679 vel
1059 2655 1143 2679 certo
1158 2658 1282 2688 genere.
1306 2655 1384 2689 puta
1409 2683 1411 2693 Ι

314 2692 500 2723 arduorum.
525 2692 566 2722 Et
589 2692 677 2733 quod
694 2692 769 2732 quia
786 2693 935 2733 opposita
950 2699 1024 2724 sunt
1040 2692 1120 2723 circa
1136 2692 1239 2729 idem;
1265 2699 1296 2723 et
1318 2703 1383 2723 ma-

313 2735 502 2777 gnanimitas
525 2746 561 2766 ac
580 2737 798 2778 praesumptio
817 2744 891 2767 sunt
906 2737 986 2767 circa
1001 2737 1113 2767 ardua:
1139 2737 1382 2777 pusillanimitas

313 2790 444 2821 quoque
469 2781 549 2811 circa
572 2781 671 2811 ardua
694 2788 740 2811 est
764 2791 819 2821 per
843 2781 1012 2812 defectum.
1038 2782 1078 2811 Et
1101 2787 1267 2821 propterea
1291 2781 1322 2812 in
1340 2782 1382 2813 IV

279 2838 285 2844 ·
313 2825 416 2856 Ethic.
435 2825 453 2844 *
482 2825 612 2865 ponitur
635 2835 698 2855 una
723 2825 782 2855 alia
806 2825 904 2856 virtus
935 2835 1010 2856 cum
1037 2825 1102 2856 suis
1132 2825 1278 2856 extremis
1301 2825 1383 2857 vitiis

279 2865 286 2902 Ξ
314 2869 394 2900 circa
418 2869 590 2900 mediocria
613 2869 644 2899 in
669 2869 862 2900 honoribus:
888 2876 918 2900 et
941 2871 982 2900 ad
1004 2870 1089 2900 illius
1105 2870 1228 2900 virtutis
1252 2871 1383 2910 opposi-

313 2968 427 2999 genere
450 2958 672 2989 mediocrium.
697 2959 742 2989 Ita
766 2959 854 2999 quod
878 2958 1000 2999 primus
1020 2969 1106 2989 error
1120 2966 1383 2999 argumentorum

312 3002 439 3033 Martini
464 3010 509 3034 est
533 3003 625 3044 quia,
650 3003 790 3033 duorum
815 3003 965 3034 vitiorum
995 3013 1069 3033 cum
1100 3002 1139 3033 sit
1169 3002 1327 3043 applicare
1350 3014 1383 3035 se

313 3047 354 3077 ad
374 3046 449 3078 vilia
471 3047 504 3078 in
528 3047 618 3078 certis
641 3047 817 3087 generibus,
843 3047 960 3078 scilicet
983 3046 1252 3088 pusillanimitatis
1274 3047 1307 3077 in
1331 3057 1384 3088 ge-

314 3101 388 3122 nere
410 3092 586 3123 arduorum
609 3098 640 3122 et
661 3091 745 3122 illius
769 3092 959 3122 innominati
977 3091 1044 3122 vitii
1068 3091 1100 3122 in
1123 3101 1237 3132 genere
1261 3092 1384 3123 medio·
1409 3102 1411 3108 ’

315 3135 425 3172 crium,
445 3135 478 3166 in
494 3136 687 3176 argumentis
707 3136 766 3167 soli
782 3136 1033 3176 pusillanimitati
1049 3136 1238 3166 attribuitur.

371 3179 535 3211 Secundus
550 3191 626 3211 vero
649 3191 735 3211 error
759 3188 805 3212 est
828 3181 927 3222 quod,
943 3180 1018 3221 quia
1040 3180 1142 3211 divisa
1167 3181 1199 3210 in
1219 3179 1383 3221 inferiori-

314 3223 373 3254 bus
394 3229 471 3255 sunt
485 3225 577 3256 unita
593 3226 626 3256 in
641 3226 804 3266 superiori
810 3233 825 3263 ,·
847 3232 878 3256 et
893 3225 1056 3256 humilitas
1080 3231 1126 3255 est
1149 3224 1294 3264 superior
1316 3232 1382 3256 tam

315 3267 574 3307 magnanimitate
589 3279 687 3310 quam
703 3269 756 3300 illa
780 3270 839 3300 alia
862 3269 986 3306 virtute,
1004 3276 1116 3310 utpote
1139 3268 1255 3299 faciens
1278 3268 1382 3299 homi·
1409 3274 1411 3289 ¹

315 3321 390 3342 nem
404 3312 484 3342 bene
504 3313 669 3344 subditum
684 3314 800 3345 rationi
822 3314 1056 3345 universaliter:
1081 3313 1154 3344 ideo
1179 3313 1312 3343 discerni
1329 3313 1383 3343 de-

315 3355 385 3387 buit
399 3356 480 3387 inter
491 3356 648 3397 applicare
664 3368 696 3389 se
712 3359 751 3388 ad
762 3358 836 3388 vilia
849 3358 881 3389 in
899 3365 983 3389 certo
1000 3368 1124 3398 genere,
1138 3364 1168 3388 et
1183 3357 1381 3398 simpliciter;

316 3407 347 3431 et
369 3399 502 3441 perspici
527 3402 616 3442 quod
638 3411 695 3442 per
715 3403 873 3443 applicare
897 3413 935 3433 se¹
954 3403 993 3433 ad
1015 3403 1090 3433 vilia
1116 3402 1300 3442 simpliciter
1323 3402 1383 3432 dis-

315 3444 470 3485 tinguitur
498 3444 613 3476 vitium
641 3445 811 3480 humilitati
841 3447 1030 3488 oppositum
1061 3447 1100 3477 ab
1130 3454 1267 3487 utroque
1298 3446 1383 3477 dicto

315 3489 403 3526 vitio,
420 3488 576 3529 quoniam
598 3489 763 3531 utriusque
787 3497 832 3522 est
855 3491 1012 3532 applicare
1036 3501 1069 3522 se
1090 3491 1130 3521 ad
1153 3490 1226 3521 vitia
1249 3491 1281 3520 in
1298 3497 1382 3521 certo

315 3543 438 3573 genere.

371 3577 610 3608 Advertendum
642 3587 773 3619 quoque
804 3585 851 3608 est
871 3579 961 3620 quod
993 3579 1107 3610 vitium
1130 3579 1300 3610 humilitati
1326 3589 1383 3619 op·
1409 3573 1411 3596 ³

315 3621 457 3662 positum
482 3631 538 3662 per
558 3621 717 3652 defectum
741 3632 778 3652 ex
806 3622 934 3653 duobus
957 3623 1090 3654 describi
1114 3630 1238 3664 potest:
1271 3623 1390 3654 scilicet

458 3683 569 3708 Smfflan
587 3683 689 3708 Tutor..
708 3683 740 3708 D.
758 3683 873 3708 Tauiana
887 3683 919 3708 T.
933 3683 986 3709 vn.

1479 266 1778 304 ARTICULUS
1810 267 1822 302 1
2430 269 2502 305 313

1437 346 1486 376 vel
1511 356 1547 376 ex
1578 346 1727 382 materia,
1752 345 1802 376 vel
1826 355 1863 375 ex
1886 345 2018 385 proprio
2050 345 2187 375 obiecto.
2215 345 2255 375 Et
2286 348 2407 375 Auctor
2437 347 2506 387 qui-

1438 391 1510 420 dem
1532 400 1569 420 ex
1585 390 1715 422 materia
1738 390 1845 430 ipsum
1870 389 2052 429 designavit,
2070 398 2144 419 cum
2165 389 2242 420 dixit
2265 390 2353 429 quod
2371 390 2437 420 eius
2462 398 2508 421 est

1438 434 1607 474 applicatio
1632 435 1670 464 ad
1695 434 1806 464 viliora
1830 444 1927 475 quam
1952 434 2098 464 deceant:
2125 433 2205 465 sicut
2229 433 2323 463 etiam
2348 434 2507 465 humilita-

1408 496 1410 498 ν
1438 486 1502 509 tem
1526 485 1556 508 et
1579 479 1760 518 superbiam
1785 488 1822 508 ex
1846 478 1976 508 materia
2007 487 2100 517 saepe
2124 477 2348 514 describimus,
2373 478 2506 509 dicendo

1437 523 1527 563 quod
1550 529 1625 553 sunt
1648 523 1728 553 circa
1748 533 1872 562 magna,
1898 530 1928 553 et
1944 522 2025 553 circa
2040 522 2093 552 illa
2118 522 2198 553 circa
2214 532 2296 562 quae
2313 529 2359 552 est
2378 532 2506 562 magna-

1438 566 1575 602 nimitas,
1601 574 1631 597 et
1652 567 1730 597 circa
1747 567 1866 602 omnia.
1884 574 1941 598 etc.
1966 584 1987 590 -
2011 567 2119 597 Potest
2134 573 2165 597 et
2181 576 2218 597 ex
2234 566 2359 597 obiecto
2375 567 2506 607 proprio

1438 611 1587 647 describi,
1613 611 1748 641 dicendo
1778 612 1865 652 quod
1890 619 1936 642 est
1960 611 2056 641 animi
2080 611 2250 652 applicatio
2275 611 2313 641 ad
2337 611 2507 642 subiectio-

1438 665 1512 685 nem
1536 655 1608 695 plus
1623 665 1722 696 quam
1746 656 1870 686 deceat:
1896 666 1970 686 nam
1987 655 2067 686 sicut
2082 655 2214 686 humilis
2239 655 2359 695 appetit
2378 665 2410 685 se
2435 656 2508 686 sub—

1437 699 1498 735 iici,
1524 706 1554 730 et
1577 700 1732 740 superbus
1757 707 1941 740 aspernatur
1965 700 2206 736 subiectionem,
2221 699 2264 730 ita
2280 699 2420 740 reliquus
2440 710 2508 730 am-

1438 743 1584 783 plectitur
1607 743 1837 774 subiectionem
1858 744 2071 775 dedecentem.
2098 745 2137 775 Et
2160 744 2237 774 haec
2254 744 2424 784 descriptio
2441 754 2507 774 non

1438 787 1613 818 excluditur
1637 799 1654 818 a
1679 788 1790 828 prima,
1816 789 1870 818 sed
1887 798 1994 818 comes
2011 795 2057 818 est
2074 788 2167 824 illius,
2186 795 2216 818 et
2234 788 2322 828 prior
2337 788 2400 819 illa.
2425 789 2508 819 Nam

1437 842 1474 862 ex
1498 831 1595 862 animi
1618 831 1755 868 vilitate,
1780 842 1844 873 qua
1868 832 1988 873 appetit
2011 832 2082 873 quis
2107 843 2139 863 se
2164 833 2274 863 subiici
2306 840 2428 873 praeter
2451 843 2507 863 seu

1438 883 1547 907 contra
1563 876 1720 907 rationem
1736 884 1862 912 rectam,
1877 877 2023 917 provenit
2039 877 2127 917 quod
2140 877 2304 907 vilioribus
2322 887 2355 907 se
2371 878 2509 918 applicat

1437 931 1536 961 quam
1560 921 1699 952 deceant.

1493 965 1560 996 V11.
1586 966 1644 995 His
1662 975 1737 1004 ergo
1761 965 1951 1005 praemissis,
1976 965 2015 995 ad
2033 966 2178 1005 primum
2204 965 2318 996 dicitur
2341 967 2430 1006 quod
2454 976 2509 996 an-

1438 1010 1583 1040 tecedens
1608 1017 1653 1040 est
1677 1019 1787 1039 verum
1812 1009 1920 1050 quoad
1944 1009 2053 1049 fugam
2070 1009 2182 1039 vilium
2205 1010 2237 1039 in
2261 1020 2375 1050 genere
2392 1011 2508 1041 arduo-

1408 1061 1410 1070 ·
1437 1063 1519 1089 rum,
1544 1061 1575 1084 et
1598 1063 1662 1084 non
1679 1053 1875 1093 simpliciter:
1902 1054 1960 1083 nisi
1985 1054 2134 1084 indirecte
2159 1053 2250 1090 forte,
2269 1061 2299 1085 et
2323 1065 2379 1094 per
2394 1055 2508 1085 redun-

1438 1098 1588 1129 dantiam.
1620 1098 1790 1139 Alioquin,
1816 1108 1882 1128 non
1911 1105 1991 1128 esset
2020 1108 2103 1137 opus
2135 1098 2187 1128 illa
2211 1098 2271 1128 alia
2295 1098 2409 1130 virtute
2434 1109 2508 1130 cum

1438 1142 1502 1172 suis
1532 1141 1615 1172 vitiis
1644 1142 1723 1172 circa
1755 1141 1934 1173 mediocria.
1964 1159 1984 1164 —
2013 1142 2053 1172 Et
2085 1149 2251 1182 propterea
2282 1143 2509 1184 consequentia

1438 1185 1515 1216 nihil
1538 1187 1630 1216 valet.
1655 1186 1740 1223 Quia
1762 1186 1794 1216 in
1819 1187 2023 1216 antecedente
2047 1193 2093 1216 est
2113 1196 2217 1217 sermo
2243 1187 2281 1217 de
2305 1187 2379 1227 fuga
2394 1188 2508 1219 vilium

1409 1237 1411 1265 ξ
1437 1230 1469 1260 in
1493 1239 1606 1269 genere
1630 1231 1820 1260 arduorum:
1846 1230 1878 1260 in
1903 1238 2117 1270 consequente
2134 1241 2218 1267 vero,
2244 1231 2283 1261 de
2306 1231 2382 1272 fuga
2397 1231 2509 1263 vilium

1437 1274 1632 1313 simpliciter.
1656 1274 1696 1304 Et
1719 1274 1778 1304 ista
1801 1274 2032 1315 aequivocatio,
2049 1285 2088 1305 ne
2108 1275 2234 1315 saepius
2250 1282 2418 1316 repetatur,
2435 1277 2509 1308 sub-

1437 1318 1621 1357 intelligitur
1645 1318 1677 1348 in
1702 1318 1919 1359 sequentibus.
1943 1337 1962 1340 —
1986 1321 2028 1349 At
2044 1319 2067 1348 si
2093 1320 2133 1349 ad
2152 1320 2340 1350 antecedens
2363 1328 2508 1361 respectu

1437 1362 1550 1392 vilium
1581 1362 1765 1402 simpliciter
1789 1363 2011 1402 probandum,
2037 1363 2204 1394 inducatur
2234 1365 2323 1404 quod
2352 1375 2417 1395 non
2449 1372 2509 1397 stat

1438 1406 1584 1436 animum
1607 1416 1674 1436 esse
1698 1417 1871 1446 magnum,
1893 1408 1968 1437 etc.:
2001 1407 2211 1447 respondetur
2234 1408 2322 1449 quod
2350 1409 2411 1440 hoc
2443 1420 2508 1440 non

1438 1457 1485 1481 est
1516 1460 1572 1491 per
1594 1451 1680 1480 viam
1703 1451 1838 1481 directae
1862 1451 2094 1492 oppositionis,
2119 1452 2174 1482 sed
2206 1462 2261 1492 per
2283 1453 2368 1482 viam
2392 1454 2508 1484 redun-

1438 1494 1572 1531 dantiae,
1597 1494 1672 1535 quia
1696 1495 1751 1536 qui
1776 1494 1857 1534 fugit
1881 1495 1987 1525 minus
2011 1495 2095 1531 vilia,
2121 1495 2201 1536 fugit
2223 1496 2350 1533 viliora;
2377 1508 2435 1527 nos
2455 1508 2509 1528 au-

1437 1546 1503 1570 tem
1526 1539 1692 1580 loquimur
1716 1540 1754 1569 de
1779 1540 1894 1570 directe
1918 1539 2075 1579 oppositis
2100 1540 2193 1570 vitiis.

1494 1584 1545 1614 Ad
1567 1584 1744 1614 secundum
1769 1583 1884 1614 dicitur
1903 1585 2018 1614 eodem
2042 1585 2141 1614 modo
2162 1585 2250 1625 quod
2266 1586 2510 1625 magnanimitas

1437 1628 1567 1659 inclinat
1595 1628 1711 1659 directe
1741 1628 1781 1658 ad
1813 1635 2036 1668 contemptum
2066 1629 2153 1669 parvi
2186 1629 2317 1659 honoris
2341 1629 2373 1660 in
2397 1640 2510 1670 genere

1438 1672 1632 1703 arduorum:
1659 1683 1714 1713 per
1730 1673 1974 1703 redundantiam
1992 1679 2100 1703 autem
2123 1674 2296 1714 quandam,
2313 1674 2351 1703 ad
2368 1681 2510 1705 contem-

1438 1723 1531 1757 ptum
1554 1716 1702 1747 omniurn
1733 1727 1916 1757 parvorum.
1951 1717 2012 1749 Sed
2044 1718 2082 1748 de
2113 1718 2229 1748 directa
2253 1717 2456 1749 inclinatione
2480 1726 2511 1750 et

1409 1754 1410 1784 j
1438 1761 1645 1802 oppositione
1668 1768 1715 1791 est
1740 1771 1855 1792 sermo.

1494 1806 1544 1836 Ad
1567 1807 1698 1837 tertium
1722 1806 1838 1836 eodem
1862 1806 1961 1836 modo
1991 1806 2107 1836 dicitur
2133 1807 2223 1847 quod
2246 1806 2376 1837 inclinat
2400 1807 2439 1837 ad
2462 1807 2510 1837 iu·

1438 1850 1609 1880 dicandum
1633 1860 1721 1886 vere,
1739 1857 1815 1886 etc.,
1840 1849 1873 1880 in
1898 1860 2011 1890 genere
2035 1851 2211 1881 arduorum
2234 1858 2360 1881 tantum
2384 1851 2510 1882 directe.

1409 1896 1411 1904 '
1438 1894 1479 1924 Et
1502 1894 1585 1924 ideo.

1493 1938 1534 1968 Et
1556 1948 1613 1978 per
1628 1939 1690 1969 hoc
1714 1938 1828 1969 dicitur
1849 1939 1890 1969 ad
1908 1944 2073 1979 quartum,
2091 1946 2121 1969 et
2137 1938 2204 1968 eius
2222 1938 2509 1976 confirmationem,

1438 1983 1527 2024 quod
1556 1982 1779 2022 magnanimus
1808 1980 1922 2013 directe
1956 1982 2036 2022 fugit
2066 1993 2162 2013 omne
2193 1993 2259 2024 quo
2290 1983 2325 2014 fit
2348 1983 2454 2014 minor
2477 1984 2510 2014 in

1437 2036 1551 2068 genere
1575 2027 1749 2058 arduorum
1772 2034 1914 2058 tantum:
1947 2037 2002 2067 per
2026 2027 2269 2058 redundantiam
2293 2034 2400 2058 autem
2429 2028 2511 2069 fugit

1438 2081 1546 2101 omma
1571 2081 1707 2102 mmora.

1493 2116 1544 2146 Ad
1566 2117 1712 2156 quintum
1737 2115 1849 2146 dicitur
1874 2116 1963 2156 quod
1988 2115 2230 2155 magnanimitas
2249 2116 2380 2147 inclinat
2402 2118 2440 2147 ad
2461 2117 2508 2148 iu-

1438 2160 1611 2190 dicandum
1640 2160 1747 2191 solum
1778 2160 1951 2191 honestum
1980 2161 2013 2190 in
2041 2170 2155 2200 genere
2182 2161 2272 2191 ardui
2296 2171 2363 2191 esse
2387 2162 2510 2192 bonum

1438 2204 1587 2234 arduum.

1493 2249 1543 2279 Ad
1567 2254 1694 2279 sextum
1719 2248 1833 2278 dicitur
1856 2249 1945 2289 quod
1970 2248 2071 2278 maior
2095 2256 2126 2279 et
2149 2248 2255 2279 minor
2278 2249 2508 2280 modificandae

1410 2303 1411 2322 1
1438 2300 1522 2329 sunt,
1547 2293 1678 2328 scilicet,
1703 2294 1735 2322 in
1759 2290 1882 2333 genere
1904 2293 2095 2324 arduorum.
2127 2293 2301 2324 Humilitas
2325 2301 2450 2332 autem,
2474 2301 2511 2325 ut

1438 2338 1559 2368 dictum
1583 2344 1639 2373 est,
1664 2337 1737 2367 vilia
1762 2337 1946 2376 simpliciter
1970 2337 2061 2377 fugit.

1494 2381 1576 2412 VllI.
1602 2382 1651 2412 Ad
1676 2381 1799 2412 obiecta
1819 2383 1960 2412 secundo
1983 2382 2057 2412 loco
2073 2382 2100 2418 *,
2118 2381 2237 2412 scilicet
2261 2392 2297 2412 ex
2321 2393 2375 2423 qu.
2394 2383 2432 2413 de
2449 2383 2509 2414 Su-

1437 2425 1562 2466 perbia,
1589 2433 1698 2456 contra
1721 2426 1823 2462 idern,
1848 2426 2068 2466 respondetur.
2102 2426 2142 2457 Et
2165 2427 2205 2456 ad
2230 2427 2370 2466 primum
2397 2427 2511 2458 dicitur

1409 2476 1411 2501 ὲ
1437 2471 1525 2511 quod
1558 2471 1597 2500 ad
1621 2469 1735 2500 vitium
1759 2470 1947 2511 oppositum
1971 2470 2143 2501 humilitati
2172 2481 2228 2511 per
2251 2470 2411 2501 defectum
2443 2482 2509 2502 non

1438 2515 1571 2555 exigitur
1593 2515 1781 2556 appretiatio
1805 2515 1993 2551 alienorum,
2019 2515 2072 2545 sed
2097 2515 2212 2546 suflicit
2235 2515 2411 2546 aestimatio
2435 2526 2510 2546 suo-

1438 2568 1528 2590 rum:
1561 2559 1723 2590 humilitas
1751 2559 1837 2589 enim
1869 2569 1933 2589 non
1959 2566 2005 2590 est
2027 2559 2126 2590 virtus
2150 2560 2189 2589 ad
2213 2559 2366 2596 alterum,
2391 2561 2446 2590 sed
2470 2561 2509 2590 ad

1438 2614 1480 2635 se.
1505 2621 1526 2627 —
1550 2604 1591 2634 Et
1615 2603 1730 2634 dicitur
1753 2604 1841 2644 quod
1864 2604 1972 2634 minor
1987 2604 2163 2634 aestimatio
2187 2603 2235 2634 sui
2259 2613 2324 2634 non
2349 2611 2454 2644 potest
2476 2605 2508 2635 in

1437 2648 1549 2679 affectu
1579 2658 1646 2678 esse
1676 2648 1743 2678 sine
1767 2648 1979 2688 applicatione
2002 2648 2100 2678 animi
2124 2648 2162 2678 ad
2186 2648 2306 2688 aliquid
2330 2648 2424 2678 vilius
2454 2649 2509 2679 de-

1437 2694 1561 2728 decens,
1587 2693 1697 2723 saltem
1722 2692 1825 2732 ipsam
1849 2692 2079 2723 subiectionem
2104 2699 2223 2732 praeter
2247 2692 2412 2723 rationem.

1492 2737 1543 2767 Ad
1566 2737 1760 2773 secundum,
1787 2744 1918 2776 negatur
1942 2737 2056 2767 minor.
2089 2737 2129 2766 Et
2152 2737 2191 2766 ad
2215 2736 2437 2776 probationem
2463 2737 2507 2766 di-

1438 2781 1518 2812 citur
1534 2782 1623 2821 quod
1640 2781 1722 2811 male
1739 2781 1924 2820 intelligitur
1940 2781 2041 2811 littera
2058 2781 2216 2811 Auctoris.
2238 2781 2321 2810 Nam
2338 2791 2403 2811 non
2423 2781 2507 2816 dicit,

1437 2826 1681 2866 applicationem
1706 2826 1851 2865 corporis
1872 2825 1916 2856 ad
1932 2826 2095 2856 exteriora
2113 2825 2206 2855 vilia:
2229 2825 2283 2855 sed
2306 2825 2390 2861 dicit,
2407 2826 2506 2866 appli-

1437 2871 1595 2901 cationem
1619 2871 1721 2900 animi
1744 2870 1787 2900 ad
1810 2870 1919 2910 aliqua
1936 2870 2062 2901 viliora.
2088 2869 2222 2900 Constat
2237 2869 2323 2899 enim
2338 2870 2426 2909 quod
2443 2870 2508 2900 ani-

1437 2924 1510 2946 mus
1534 2921 1640 2954 potest
1662 2914 1748 2944 intus
1772 2914 1922 2955 applicari
1947 2914 1986 2944 ad
2001 2914 2163 2951 vilissima,
2188 2921 2265 2954 puta
2289 2920 2416 2954 peccata
2439 2924 2508 2954 gra-

1436 2958 1564 2989 vissima
1588 2958 1820 2998 cogitationum
1844 2965 1875 2989 et
1898 2958 2154 2989 delectationum.

1493 3003 1543 3033 Ad
1567 3004 1696 3033 tertium
1727 3002 1840 3033 dicitur
1871 3003 1975 3043 quod,
2001 3003 2025 3032 si
2054 3002 2240 3033 huiusmodi
2267 3002 2437 3042 applicatio
2460 3002 2506 3033 in-

1437 3048 1568 3078 terdum‘
1587 3058 1624 3078 ex
1648 3047 1776 3077 avaritia
1799 3054 1854 3077 aut
1877 3056 1914 3077 ex
1938 3047 2000 3077 alio
2025 3047 2125 3077 oritur
2147 3046 2236 3082 vitio,
2262 3046 2339 3076 nihil
2355 3047 2441 3077 aliud
2460 3047 2507 3077 in-

1437 3091 1497 3122 fert
1527 3091 1586 3121 nisi
1616 3092 1706 3132 quod
1736 3091 1799 3121 hoc
1826 3091 1939 3121 vitium
1970 3091 2130 3122 interdum
2158 3091 2259 3121 oritur
2285 3101 2322 3121 ex
2349 3090 2410 3121 illis
2441 3091 2509 3122 aliis

1436 3135 1536 3166 vitiis:
1568 3143 1599 3166 et
1627 3145 1693 3166 non
1722 3135 1816 3166 infert
1847 3136 1936 3176 quod
1962 3145 2028 3166 non
2052 3135 2092 3166 sit
2114 3135 2147 3165 in
2171 3145 2204 3166 se
2229 3135 2359 3165 unicum
2383 3135 2506 3167 vitium.

1409 3175 1411 3183 ’
1436 3180 1521 3210 Nam
1545 3179 1626 3210 sicut
1649 3179 1724 3210 furti
1746 3180 1860 3210 vitium
1884 3186 1989 3220 potest
2012 3190 2049 3210 ex
2068 3179 2178 3210 multis
2192 3179 2274 3210 vitiis
2299 3179 2384 3216 oriri,
2409 3187 2439 3211 et
2462 3186 2507 3211 ta-

1437 3234 1512 3255 men
1535 3223 1611 3255 furti
1635 3223 1774 3264 speciem
1797 3223 1902 3260 habet,
1927 3223 1970 3254 ita
1992 3223 2147 3263 contingit
2169 3223 2202 3253 in
2226 3223 2305 3254 aliis.

1482 3268 1533 3298 Ad
1556 3273 1706 3308 quartum
1731 3268 1846 3298 dicitur
1862 3268 1960 3309 quod,
1979 3268 2204 3308 undecumque
2220 3267 2326 3298 veniat
2342 3268 2505 3308 pusillani-

1437 3312 1530 3343 mitas
1553 3312 1634 3348 talis,
1659 3311 1684 3342 si
1708 3318 1755 3342 est
1778 3312 1858 3348 talis,
1883 3312 1999 3342 scilicet
2023 3319 2166 3352 respectu
2182 3311 2296 3342 vilium
2312 3311 2507 3352 simpliciter,

1437 3366 1503 3387 non
1532 3356 1646 3387 directe
1673 3356 1943 3396 praesumptioni,
1972 3356 2025 3386 sed
2054 3356 2219 3396 superbiae
2247 3356 2433 3397 opponitur.
2467 3357 2508 3388 Et

1439 3407 1605 3441 propterea
1621 3401 1808 3431 antecedens
1832 3407 1879 3431 est
1901 3400 2028 3431 falsum.
2054 3418 2073 3423 -
2097 3401 2138 3432 Et
2161 3401 2201 3431 ad
2224 3401 2448 3441 probationem
2464 3401 2509 3432 di-

1439 3446 1519 3476 citur
1541 3445 1631 3486 quod
1655 3455 1720 3475 non
1745 3451 1791 3475 est
1814 3445 1853 3475 ad
1877 3445 2096 3485 propositum:
2131 3445 2207 3486 quia
2229 3445 2373 3486 loquitur
2399 3445 2431 3476 in
2455 3456 2506 3486 ge-

1438 3499 1511 3520 nere
1540 3489 1731 3525 arduorum;
1765 3495 1796 3519 et
1826 3489 1919 3519 debet
1949 3490 2083 3529 probare
2115 3489 2154 3520 de
2182 3489 2258 3529 fuga
2288 3489 2400 3520 vilium
2431 3490 2506 3520 sim—

1409 3558 1411 3568 „
1438 3533 1568 3575 pliciter.

1493 3578 1547 3609 IX.
1571 3578 1627 3608 Est
1650 3577 1744 3617 igitur
1766 3577 1834 3608 vitii
1857 3577 2023 3618 superbiae
2042 3578 2183 3618 oppositi
2206 3577 2346 3608 hominis
2362 3577 2505 3607 animum

1438 3623 1476 3653 ad
1499 3622 1611 3652 viliora
1635 3632 1667 3652 se
1691 3621 1867 3662 applicare:
1893 3622 1974 3653 sicut
1997 3622 2022 3652 si
2046 3622 2132 3663 quis,
2157 3632 2194 3652 ex
2217 3621 2367 3662 parvitate
2391 3621 2504 3666 animi,

2328 3689 2363 3713 4⁰

2538 2388 2547 2398 ⁶
2561 2387 2631 2410 Num.
2647 2394 2677 2410 tv.
