2768 4198
39 869 49 878 ⁸
64 867 98 888 Cf⁴
115 873 153 894 qu.
173 871 248 892 cxi-rx,

38 893 123 915 Introd.

43 1637 52 1646 ⁸
61 1636 95 1657 Cf.
104 1636 163 1666 Aug.
173 1634 202 1656 de
214 1634 253 1655 Ve-

43 1668 71 1683 ra
95 1662 182 1689 Rehg„
203 1667 228 1682 ca

42 1695 87 1710 xiv.

45 2167 54 2176 ⁸
68 2165 125 2186 Vide
146 2170 195 2186 ean.
206 2164 253 2185 De-

43 2192 118 2219 nique.
134 2191 188 2213 dist.
202 2190 243 2211 IV.

54 3116 63 3126 ⁸
78 3115 103 3135 D.
120 3121 166 3143 534·

277 298 346 334 182

984 290 1249 339 QUAESTIO
1280 290 1362 335 CL,
1392 287 1689 325 ARTICULUS
1720 287 1732 322 l

561 518 967 598 QUAESTIO
1012 502 2170 589 CENTESIMAQUINQUAGESIMA

1028 637 1132 676 DE
1186 632 1700 675 EBRIETATE

1055 750 1087 775 IN
1119 748 1292 780 QUATUOR
1320 746 1525 772 ARTICULOS
1554 746 1675 771 DIVISA

358 862 463 887 ElNDE
492 847 808 886 considerandum
840 853 894 882 est
922 844 969 881 de
999 844 1175 881 ebrietate
1195 843 1225 879 ²¹⁶.

358 905 405 940 Et
434 903 529 939 circa
557 902 631 938 hoc
659 906 890 948 quaeruntur
918 905 1091 946 quatuor.

327 956 476 993 Primo:
506 962 632 992 utrum
662 954 821 990 ebrietas
851 952 895 989 sit
922 958 1135 1000 peccatum.

1446 840 1645 877 Secundo:
1674 847 1802 876 utrum
1833 839 1877 876 sit
1903 847 2104 887 peccatum
2133 840 2302 876 mortale.

1445 893 1597 931 Tertio:
1627 900 1755 929 utrum
1783 891 1829 928 sit
1856 891 2126 940 gravissimum
2150 900 2407 941 peccatorum.

1447 947 1616 994 Quarto:
1645 953 1775 983 utrum
1806 953 1959 982 excuset
1987 957 2008 982 a
2037 953 2206 993 peccato,

1085 1056 1403 1100 ARTICULUS
1435 1055 1642 1099 PRIMUS

995 1153 1151 1184 UTRUM
1174 1151 1385 1182 EBRIETAS
1409 1151 1476 1182 S1T
1500 1149 1740 1181 PECCATUM

320 1274 365 1289 τ
392 1275 460 1317 fl«
487 1264 509 1289 ι)
533 1264 671 1289 PmMUM
696 1263 749 1288 sm
774 1262 1014 1288 PROCEDITUR.
1047 1250 1207 1287 Videtur
1233 1249 1339 1297 quod

334 1306 348 1327 *¹
460 1322 464 1330 =
488 1305 648 1342 ebrietas
677 1317 755 1341 non
775 1304 820 1341 sit
843 1311 1056 1353 peccatum.
1087 1303 1216 1340 Omne
1237 1302 1339 1339 enim

433 1365 454 1404 (ᾖ
468 1357 474 1362 ’
487 1366 686 1407 peccatum
706 1358 820 1394 habet
839 1357 941 1394 aliud
961 1364 1162 1406 peccatum
1182 1355 1253 1392 sibi
1274 1367 1341 1404 op-

444 1404 671 1460 Xpositum:
701 1411 796 1447 sicut
815 1410 1002 1447 timiditati
1026 1409 1197 1456 audacia,
1218 1416 1254 1445 et
1273 1421 1342 1457 pu-

292 1360 327 1411 .“»
351 1376 414 1407 Ἲς

278 1465 516 1503 sillanimitati
543 1464 802 1513 praesumptio
822 1463 1039 1512 opponitur.
1071 1462 1149 1499 Sed
1173 1461 1342 1499 ebrietati

279 1520 424 1557 nullum
452 1525 652 1566 peccatum
682 1517 898 1566 opponitur.
937 1517 1039 1564 Ergo
1069 1516 1230 1553 ebrietas
1265 1528 1342 1552 non

281 1580 335 1609 est
362 1579 574 1620 peccatum.

335 1637 368 1662 2.
381 1626 614 1670 PRAETEREA,
628 1635 743 1660 omne
758 1630 956 1671 peccatum
974 1629 1030 1659 est
1043 1621 1301 1659 voluntarium
1311 1621 1342 1658 ²².

282 1678 359 1715 Sed
379 1679 500 1715 nullus
519 1678 601 1714 vult
630 1689 711 1714 esse
732 1676 878 1713 ebrius:
908 1675 995 1723 quia
1019 1675 1142 1711 nullus
1171 1675 1252 1711 vult
1271 1674 1343 1723 pri-

279 1731 361 1769 vari
379 1744 451 1768 usu
471 1730 634 1767 rationis.
657 1731 758 1777 Ergo
775 1729 935 1766 ebrietas
955 1740 1035 1765 non
1055 1735 1110 1764 est
1128 1735 1341 1776 peccatum.

336 1785 370 1820 3.
392 1785 623 1830 PRAETEREA,
641 1783 874 1832 quicumque
896 1789 951 1818 est
966 1780 1071 1818 alteri
1091 1793 1205 1817 causa
1221 1785 1238 1801 '²
1257 1792 1344 1829 pec-

281 1837 401 1884 candi,
431 1843 574 1885 peccat.
605 1836 645 1872 Si
674 1847 763 1883 ergo
802 1834 962 1871 ebrietas
996 1841 1094 1870 esset
1129 1841 1343 1882 peccatum,

279 1897 498 1937 sequeretur
526 1888 630 1936 quod
659 1888 708 1924 illi
737 1887 801 1936 qui
829 1888 922 1924 alios
947 1886 1106 1923 invitant
1133 1886 1181 1923 ad
1210 1894 1343 1934 potum

280 1954 356 1990 quo
395 1941 644 1988 inebriantur,
674 1948 886 1989 peccarent.
922 1939 1039 1986 Quod
1073 1939 1225 1976 videtur
1262 1951 1344 1976 esse

279 1995 391 2032 valde
421 1995 572 2031 durum.

331 2060 367 2094 4.
390 2049 627 2094 PRAETEREA,
658 2046 838 2083 omnibus
866 2045 1031 2094 peccatis
1067 2045 1251 2082 correctio
1281 2045 1344 2082 de-

279 2102 400 2138 betur.
431 2101 508 2137 Sed
537 2100 648 2136 ebriis
681 2112 759 2136 non
788 2099 988 2136 adhibetur
1027 2099 1228 2136 correctio:
1259 2098 1346 2136 dicit

281 2154 381 2191 enim
419 2153 663 2201 Gregorius*
690 2152 796 2202 quod
833 2164 919 2189 cum
954 2152 1064 2189 venia
1091 2164 1159 2189 suo
1193 2152 1345 2202 ingenio

280 2213 367 2244 sunt
392 2206 634 2255 relinquendi,
656 2218 702 2242 ne
720 2206 920 2242 deteriores
937 2206 1040 2253 fiant
1058 2205 1092 2242 si
1117 2217 1140 2242 a
1166 2206 1233 2242 tali
1259 2217 1345 2242 con-

281 2260 473 2297 suetudine
500 2259 716 2296 evellantur.
747 2259 849 2306 Ergo
880 2258 1040 2295 ebrietas
1070 2271 1147 2295 non
1177 2266 1232 2295 est
1260 2270 1347 2307 pec-

285 2320 423 2350 catum.

339 2366 413 2402 SED
442 2376 588 2402 CONTRA
621 2376 687 2401 EST
721 2365 824 2414 quod
861 2364 1068 2413 Apostolus
1099 2363 1204 2411 dicit,
1233 2365 1345 2402 Rom.

285 2431 344 2455 xm
364 2418 402 2454 *ε
431 2418 523 2455 Non
553 2418 589 2455 in
619 2417 946 2454 comessationibus
974 2422 1007 2453 et
1035 2417 1283 2454 ebrietatibus.

340 2473 563 2508 RESPONDEO
597 2482 780 2508 DICENDUM
815 2470 921 2518 quod
958 2470 1117 2507 ebrietas
1153 2470 1349 2519 dupliciter

286 2524 406 2574 accipi
433 2531 568 2573 potest.
597 2524 685 2561 Uno
714 2523 844 2571 modo,
870 2530 983 2572 prout
1011 2523 1194 2571 significat
1222 2524 1347 2572 ipsum

287 2577 476 2614 defectum
504 2577 668 2614 hominis
692 2577 756 2626 qui
785 2576 918 2614 accidit
947 2589 992 2613 ex
1012 2577 1132 2614 multo
1161 2577 1252 2614 vino
1280 2590 1349 2626 po-

284 2638 373 2677 tato,
402 2643 446 2667 ex
474 2642 551 2678 quo
579 2630 622 2667 fit
649 2637 690 2667 ut
718 2643 797 2667 non
825 2629 871 2667 sit
899 2642 1061 2678 compos
1096 2629 1261 2667 rationis.
1301 2632 1350 2668 Et

286 2684 495 2721 secundum
515 2684 600 2730 hoc,
622 2683 782 2720 ebrietas
801 2695 879 2720 non
899 2683 1072 2720 nominat
1097 2684 1260 2732 culpam,
1282 2684 1348 2721 sed

286 2737 474 2773 defectum
502 2737 705 2785 poenalem
734 2744 1033 2785 consequentem
1063 2748 1108 2773 ex
1138 2737 1259 2786 culpa.

339 2790 424 2826 Alio
444 2790 562 2826 modo
584 2790 743 2826 ebrietas
762 2796 887 2839 potest
906 2789 1104 2827 nominare
1125 2797 1251 2827 actum
1273 2802 1349 2839 quo

287 2843 370 2891 quis
398 2842 436 2879 in
465 2843 566 2879 hunc
596 2843 786 2880 defectum
816 2843 955 2880 incidit.
996 2843 1073 2890 Qui
1101 2850 1227 2892 potest
1263 2855 1350 2880 cau-

287 2907 370 2932 sare
399 2895 618 2933 ebrietatem
647 2896 852 2944 dupliciter.
889 2896 975 2933 Uno
1006 2896 1138 2944 modo,
1159 2909 1203 2933 ex
1233 2896 1351 2934 nimia

286 2948 365 2986 vini
394 2949 627 2996 fortitudine,
658 2957 807 2998 praeter
835 2949 1058 2998 opinionem
1094 2949 1267 2987 bibentis.
1303 2950 1352 2986 Et

288 3002 340 3038 sic
368 3002 481 3038 etiam
512 3002 672 3039 ebrietas
700 3010 824 3051 potest
858 3003 1028 3040 accidere
1058 3002 1138 3039 sine
1172 3010 1349 3052 peccato,

288 3055 491 3104 praecipue
519 3055 548 3091 si
578 3067 657 3092 non
686 3067 729 3092 ex
758 3055 981 3104 negligentia
1012 3055 1178 3093 hominis
1207 3056 1351 3093 contin-

289 3115 367 3154 gat:
399 3115 434 3145 et
462 3107 514 3144 sic
534 3108 696 3145 creditur
716 3109 803 3146 Noe
832 3108 1037 3146 inebriatus
1056 3109 1171 3146 fuisse
1190 3109 1220 3157 ⁵¹²,
1241 3117 1282 3146 ut
1301 3110 1352 3146 le-

343 3239 369 3269 α)
388 3246 476 3264 causa.
490 3253 508 3259 -
526 3240 596 3265 ratio
616 3240 686 3265 PGa.

344 3272 368 3305 β)
389 3274 616 3306 intemperantiae.
627 3289 646 3295 -
664 3276 856 3308 temperantiae
875 3276 1072 3302 PDEFGHILa.

1376 3243 1381 3305 l

1392 1247 1488 1295 gitur
1520 1246 1613 1284 Gen.
1636 1258 1671 1283 lx
1688 1245 1719 1283 ⁷³⁶.
1740 1266 1764 1274 -
1794 1245 1880 1282 Alio
1910 1244 2043 1292 modo,
2066 1257 2111 1281 ex
2139 1244 2354 1282 inordinata
2375 1256 2467 1282 con-

1395 1299 1627 1349 cupiscentia
1666 1307 1702 1336 et
1729 1312 1801 1336 usu
1828 1298 1920 1336 vini.
1960 1299 2009 1335 Et
2037 1297 2090 1335 sic
2120 1297 2281 1335 ebrietas
2313 1297 2469 1347 ponitur

1396 1366 1478 1390 esse
1506 1360 1721 1402 peccatum.
1752 1354 1801 1389 Et
1821 1352 2033 1389 continetur
2058 1352 2129 1388 sub
2148 1352 2236 1399 gula
2264 1350 2360 1388 sicut
2384 1363 2469 1400 spe-

1396 1407 1472 1444 cies
1501 1407 1571 1443 sub
1600 1418 1760 1454 genere:
1798 1405 1977 1444 dividitur
2006 1405 2107 1442 enirn
2136 1405 2225 1453 gula
2253 1404 2292 1442 in
2321 1417 2471 1443 comes-

1396 1460 1584 1497 sationem
1623 1467 1658 1496 et
1687 1459 1930 1506 ebrietatem,
1961 1471 2059 1507 quae
2097 1458 2275 1507 prohibet
2302 1459 2469 1507 Aposto-

1396 1514 1454 1550 lus
1482 1513 1521 1550 in
1549 1512 1769 1550 auctoritate
1797 1513 1951 1550 inducta
1969 1511 2000 1549 ³¹⁸.

1450 1568 1509 1604 An
1538 1578 1675 1603 PRIMUM
1695 1578 1794 1603 ERGO
1823 1577 2008 1603 mcx-:noum
2034 1565 2152 1614 quod,
2174 1565 2268 1602 sicut
2296 1565 2470 1602 Philoso-

1397 1620 1496 1668 phus
1526 1619 1624 1666 dicit,
1646 1619 1685 1656 in
1714 1621 1763 1656 111
1783 1620 1904 1656 Ethic.
1925 1619 1957 1666 ²¹²,
1977 1618 2256 1666 insensibilitas,
2278 1630 2376 1667 quae
2401 1631 2470 1668 op-

1397 1673 1552 1722 ponitur
1580 1673 1867 1722 temperantiae,
1897 1684 1972 1710 non
2001 1672 2162 1709 multum
2190 1672 2383 1722 contingit.
2423 1673 2472 1711 Et

1370 1749 1372 1755 ›
1397 1726 1485 1763 ideo
1522 1734 1599 1763 tarn
1628 1726 1710 1775 ipsa
1745 1738 1862 1775 quarn
1891 1738 2027 1763 omnes
2064 1725 2145 1762 eius
2173 1724 2342 1774 species,
2372 1737 2471 1774 quae

1399 1786 1647 1828 opponuntur
1680 1779 1839 1816 diversis
1874 1779 2076 1828 speciebus
2109 1778 2425 1828 intemperantiae
2444 1776 2471 1827 β,

1370 1874 1372 1884 ¹
1398 1832 1557 1869 nomine
1586 1839 1726 1869 carent.
1755 1832 1868 1869 Unde
1898 1840 1935 1869 et
1960 1831 2098 1870 vitium
2125 1832 2232 1880 quod
2265 1832 2473 1891 opponitur

1399 1885 1569 1922 ebrietati
1588 1884 1869 1922 innominatum
1891 1892 1957 1922 est.
1979 1885 2029 1922 Et
2047 1892 2177 1922 tamen
2197 1884 2228 1922 si
2247 1897 2332 1934 qms
2352 1885 2473 1923 scien·

1371 1982 1372 1986 Ἰ
1399 1946 1455 1975 ter
1483 1937 1521 1974 in
1545 1946 1692 1975 tantum
1711 1950 1734 1975 a
1765 1938 1854 1974 vino
1876 1937 2082 1975 abstineret
2105 1945 2146 1974 ut
2173 1945 2349 1975 naturam
2377 1938 2475 1979 mul·

1398 1999 1479 2028 turn
1507 1998 1692 2038 gravaret,
1714 2002 1737 2027 a
1766 1992 1877 2040 culpa
1905 1990 2088 2028 immunis
2115 2003 2196 2028 non
2223 1998 2334 2028 esset.

1452 2046 1512 2081 AD
1541 2056 1732 2081 SECUNDUM
1754 2056 1938 2081 mel-:noum
1968 2043 2074 2093 quod
2101 2043 2265 2081 obiectio
2295 2043 2357 2080 illa
2384 2056 2473 2093 pro·

1400 2097 1499 2134 cedit
1528 2097 1575 2134 de
1605 2098 1756 2135 defectu
1785 2105 2059 2146 consequente,
2080 2097 2144 2146 qui
2175 2105 2231 2134 est
2256 2096 2474 2135 involunta-

1401 2152 1490 2188 rius.
1522 2151 1599 2188 Sed
1627 2151 1903 2188 immoderatus
1921 2163 2014 2188 usus
2041 2150 2121 2188 vini
2142 2157 2198 2188 est
2212 2148 2475 2199 uoluntarius,

1400 2204 1437 2241 in
1467 2216 1544 2252 quo
1575 2204 1744 2241 consistit
1772 2204 1867 2241 ratio
1896 2203 2054 2253 peccati.

1455 2259 1513 2294 AD
1541 2269 1702 2295 TERTuJM
1731 2269 1916 2295 DICENDUM
1945 2257 2062 2307 quod,
2088 2257 2185 2294 sicut
2213 2257 2273 2294 ille
2303 2257 2367 2306 qui
2396 2257 2475 2295 ine-

1373 2347 1374 2350 ,
1402 2310 1545 2348 briatur
1574 2318 1772 2348 excusatur
1801 2323 1822 2348 a
1850 2318 2009 2360 peccato
2039 2310 2070 2348 si
2106 2310 2255 2359 ignorat
2291 2309 2475 2348 fortitudi-

1402 2376 1491 2401 nem
1520 2364 1617 2412 vini,
1647 2365 1696 2401 ita
1725 2364 1839 2401 etiam
1877 2364 1937 2402 ille
1966 2363 2032 2413 qui
2065 2363 2199 2401 invitat
2227 2363 2396 2412 aliquem
2425 2363 2475 2401 ad

1402 2417 1613 2455 bibendum
1644 2425 1843 2455 excusatur
1871 2430 1893 2455 a
1921 2424 2079 2467 peccato
2109 2417 2139 2454 si
2174 2417 2323 2466 ignoret
2359 2417 2475 2454 talem

1403 2483 1485 2508 esse
1507 2471 1766 2509 conditionem
1787 2471 1951 2508 bibentis
1971 2478 2012 2508 ut
2032 2483 2076 2507 ex
2096 2471 2172 2508 hoc
2191 2477 2286 2520 potu
2315 2469 2478 2508 inebrie-

1402 2531 1473 2561 tur.
1505 2525 1581 2561 Sed
1602 2525 1631 2561 si
1661 2524 1871 2573 ignorantia
1892 2524 1999 2572 desit,
2021 2531 2155 2562 neuter
2183 2536 2206 2561 a
2234 2531 2393 2573 peccato
2414 2535 2476 2560 ex-

1403 2585 1566 2615 cusatur.

1455 2632 1515 2667 An
1535 2642 1708 2674 QUA'RTUM
1729 2643 1914 2669 DICENDUM
1935 2630 2040 2680 quod
2059 2629 2266 2680 aliquando
2292 2628 2477 2667 correctio

1402 2684 1612 2733 peccatoris
1633 2692 1689 2722 est
1716 2684 2012 2731 intermittenda,
2032 2696 2080 2721 ne
2104 2684 2172 2721 fiat
2190 2683 2278 2721 inde
2300 2682 2476 2731 deterior,

1403 2744 1444 2774 ut
1472 2750 1586 2786 supra
1604 2737 1624 2759 ’¹‘
1653 2738 1795 2775 dictum
1824 2745 1890 2776 est.
1921 2738 2034 2776 Unde
2053 2737 2287 2786 Augustinus
2316 2736 2417 2784 dicit,
2438 2736 2477 2774 in

1405 2791 1563 2839 epistola
1600 2792 1652 2828 ad
1681 2791 1879 2828 Aurelium
1916 2791 2146 2840 Episcopum
2169 2789 2210 2838 ¹⁸²,
2242 2790 2290 2827 de
2327 2800 2476 2826 comes—

1404 2844 1610 2881 sationibus
1640 2851 1676 2881 et
1712 2844 1955 2882 ebrietatibus
1991 2845 2173 2893 loquens:
2202 2843 2294 2881 Non
2324 2853 2475 2892 aspere,

1404 2903 1585 2946 quantum
1613 2898 1780 2944 aestimo,
1802 2910 1876 2935 non
1905 2898 2011 2943 dure,
2041 2909 2117 2934 non
2146 2895 2345 2945 imperiose
2363 2900 2379 2924 Υ
2406 2895 2476 2933 ista

1404 2951 1601 2988 tolluntur:
1629 2952 1695 2988 sed
1720 2952 1846 3001 magis
1865 2951 2032 2988 docendo
2061 2961 2175 2999 quam
2200 2949 2373 2995 iubendo,
2393 2960 2474 2986 ma-

1403 3004 1463 3054 gis
1491 3005 1677 3041 monendo
1706 3016 1820 3053 quam
1848 3004 2040 3041 minando.
2072 3003 2134 3040 Sic
2161 3003 2261 3040 enim
2282 3002 2475 3052 agendum

1405 3063 1458 3094 est
1483 3070 1570 3094 cum
1598 3055 1612 3079 ⁶
1640 3057 1874 3095 multitudine
1904 3057 2165 3106 peccantium.-
2202 3055 2381 3093 severitas
2408 3067 2476 3093 au-

1405 3116 1477 3147 tem
1506 3111 1717 3148 exercenda
1745 3117 1799 3148 est
1826 3111 1863 3148 in
1888 3115 2043 3159 peccato
2066 3120 2295 3159 paucorum.

1459 3242 1486 3276 γ)
1507 3242 1655 3274 imperiose.
1668 3255 1688 3261 -
1706 3242 1850 3274 impetuose
1869 3241 1941 3267 PGa.

1459 3277 1484 3310 δ)
1503 3285 1571 3303 cum.
1584 3291 1604 3297 -
1622 3278 1648 3302 in
1669 3277 1741 3302 PGa.

2495 1259 2506 1270 ⁸
2518 1257 2586 1280 Vera.
2600 1263 2631 1279 21.

2497 1516 2713 1567 {rlxnrgsedcon-

2595 1635 2712 1678 ῗὲεῧὶζῗ

2498 1629 2584 1679 §.⁰312

2599 1772 2616 1813 β

2503 2742 2518 2790 ἒ
2525 2742 2573 2770 Qu.
2583 2747 2665 2769 tntu,
2675 2745 2717 2764 nrt.

2503 2793 2716 2850 {avt-{3¹1⁶-
