2768 4198
7 589 17 599 ⁸
31 588 78 615 Qu.
96 593 162 614 cxcv,
177 590 218 608 art.

7 907 18 917 “
30 906 96 927 Vers.
110 911 130 927 2.

6 1413 16 1423 '⁹
30 1412 81 1434 Art.
90 1417 103 1432 ι,

6 1997 16 2007 ’·
26 1996 62 2018 De
76 1995 144 2017 Grat.
156 1994 217 2017 Con·

6 2022 217 2076 ἴξινζιξὲί]ὶϋ.1,ωρ.

5 2266 15 2276 ‘⁴
30 2264 96 2286 Vers.
111 2265 143 2286 18.

12 2637 22 2647 ’
43 2635 94 2657 Lib.
118 2634 148 2661 V,
171 2639 221 2661 cap.

11 2669 58 2684 xiv.

12 2743 21 2751 ⁸
31 2742 67 2763 De
76 2740 134 2762 Fide
145 2739 222 2765 Orth„

11 2768 50 2790 lib.
73 2767 100 2794 11,
119 2773 169 2795 cap.
184 2772 222 2787 xv.

15 2956 25 2966 ⁴
35 2954 95 2981 Hug.
106 2960 119 2975 ι
129 2953 152 2976 S.
163 2953 225 2974 Vict.

14 2980 66 3003 Aue
86 2986 120 3002 or.
132 2980 156 3001 tn
167 2978 224 3001 Νον.

18 3008 63 3029 Tes
73 3013 128 3034 am„
139 3006 179 3028 lib.
186 3006 225 3033 111,

17 3040 66 3062 cap.
82 3039 110 3055 iv.

18 3114 27 3124 ⁴
42 3112 107 3134 Vers.
122 3117 156 3140 39.

248 288 325 333 426

888 283 1157 330 QUAESTIO
1189 283 1382 330 CLXXX,
1412 283 1711 321 ARTICULUS
1741 284 1790 320 111

248 366 480 403 occasiones.
511 367 559 402 Et
587 365 640 402 sic
658 365 815 401 virtutes
845 364 1008 399 morales
1030 361 1238 410 disponunt
1266 361 1315 398 ad
1341 361 1343 401 l
1371 363 1692 410 contemplatione
1723 363 1930 411 sapientiae
1961 363 2109 400 dicitur:
2138 363 2301 399 Amator
2306 363 2441 410 sactus

246 420 365 456 vitam
388 419 735 468 contemplativam,
756 417 982 464 inquantum
1003 422 1160 452 causant
1177 426 1314 463 pacem
1342 419 1343 422 ’

248 483 283 510 et
314 474 553 510 munditiam.

300 530 358 564 AD
391 538 555 564 TERTIUM
583 536 767 562 DICENDUM
797 523 902 571 quod
931 521 1192 570 pulchritudo,
1223 520 1316 557 sicut
1341 531 1342 535 ¹

248 593 362 629 supra
380 580 400 602 '¹‘
429 580 570 617 dictum
601 586 666 624 est,
689 576 855 613 consistit
883 575 919 612 in
949 575 1117 623 quadam
1149 574 1314 611 claritate

247 642 283 671 et
312 633 437 670 debita
465 631 724 682 proportione.
763 630 978 678 Utrumque
1007 636 1136 665 autem
1175 628 1314 664 horum

248 687 459 724 radicaliter
476 686 513 722 in
537 685 682 721 ratione
712 683 914 729 invenitur,
935 683 982 719 ad
1007 694 1125 730 quam
1153 681 1316 729 pertinet

248 749 282 777 et
311 742 439 777 lumen
469 738 732 783 manifestans,
763 745 799 774 et
826 735 1115 785 proportionem
1146 734 1313 771 debitam

247 795 282 830 in
313 794 392 830 aliis
421 793 610 829 ordinare.
640 792 689 827 Et
717 790 804 827 ideo
834 790 871 826 in
899 789 978 826 vita
1006 788 1314 837 contemplativa,

246 860 343 896 quae
373 845 539 883 consistit
567 845 605 881 in
635 851 721 881 actu
750 843 922 889 rationis,
952 855 1022 892 per
1050 855 1089 879 se
1119 849 1156 878 et
1189 854 1315 878 essen-

245 901 377 937 tialiter
404 899 594 936 invenitur
613 897 866 947 pulchritudo.
897 896 1008 934 Unde
1028 897 1116 945 Sap.
1136 907 1198 932 vui
1217 894 1237 916 '³‘
1266 895 1314 932 de
1340 911 1341 930 1

1368 427 1453 451 sum
1470 416 1632 463 formae
1659 416 1769 454 illius.

1425 469 1466 504 ln
1495 468 1696 506 virtutibus
1734 477 1862 506 autem
1893 469 2101 506 moralibus
2134 467 2325 506 invenitur
2358 468 2441 516 pul-

1370 521 1544 558 chritudo
1579 522 1863 571 participative,
1892 523 2122 571 inquantum
2161 521 2300 559 scilicet
2327 520 2439 570 parti—

1370 574 1495 623 cipant
1523 574 1698 625 ordinem
1728 577 1902 613 rationis:
1934 583 1970 613 et
1996 575 2200 626 praecipue
2229 576 2268 612 in
2295 583 2441 623 tempe-

1369 628 1500 674 rantia,
1521 640 1620 676 quae
1650 629 1821 677 reprimit
1840 630 2169 678 concupiscentias
2189 628 2357 666 maxime
2386 629 2441 665 lu-

1368 694 1459 718 men
1480 681 1634 718 rationis
1655 683 1914 720 obscurantes.
1946 684 1994 719 Et
2013 683 2100 720 inde
2122 690 2178 720 est
2196 683 2302 731 quod
2320 681 2447 719 virtus

1369 735 1547 772 castitatis
1576 735 1743 772 maxime
1763 736 1887 773 reddit
1904 737 2103 773 hominem
2125 744 2257 786 aptum
2282 737 2328 773 ad
2351 747 2441 772 con-

1368 788 1677 837 templationem:
1706 789 1935 837 inquantum
1956 790 2225 827 delectationes
2250 801 2441 827 venereae

1369 841 1535 878 maxime
1567 842 1786 891 deprimunt
1805 850 1976 880 mentem
2006 843 2055 881 ad
2074 843 2278 890 sensibilia,
2298 852 2341 880 ut
2363 845 2441 880 Au-

1368 894 1540 942 gustinus
1568 895 1668 942 dicit,
1697 895 1736 932 in
1765 896 1861 934 libro
1891 896 2184 945 Soliloquiorum
2203 897 2234 934 *.
2469 893 2683 922 “Π”·Ῑν“Ρ·*·

929 1003 1264 1036 Commentariis
1287 1000 1540 1034 Cardinalis
1563 1001 1763 1034 Oaietani

275 1105 294 1125 N
319 1094 452 1125 articulo
477 1093 618 1124 secundo
643 1092 786 1123 eiusdem
809 1091 1005 1132 quaestionis
1033 1090 1315 1121 centesimaeocto-

248 1107 423 1179 Igesimae,
448 1145 524 1169 nota
552 1139 629 1168 duo.
662 1137 807 1167 Primum
832 1143 878 1166 est
902 1136 991 1177 quod
1015 1135 1146 1166 virtutes
1176 1135 1314 1164 morales

245 1184 412 1224 dupliciter
428 1183 604 1223 disponunt
619 1182 659 1212 ad
676 1181 774 1212 vitam
791 1180 1083 1221 contemplativam.
1109 1180 1182 1210 Uno
1203 1180 1314 1215 modo,

244 1228 441 1268 respiciendo
471 1228 511 1258 ad
534 1228 638 1268 ipsam
662 1226 977 1266 contemplationem.
1008 1226 1048 1256 Et
1071 1224 1115 1255 sic
1139 1224 1316 1264 disponunt

245 1273 403 1309 indirecte,
422 1273 483 1302 hoc
508 1280 563 1308 est,
582 1271 780 1305 removendo
801 1270 983 1310 prohibens,
1010 1269 1128 1300 scilicet
1152 1269 1315 1309 passiones

246 1325 275 1348 et
306 1317 532 1358 occupationes
557 1316 743 1352 exteriores,
775 1325 858 1356 quae
889 1315 1060 1356 prohibent
1094 1313 1314 1354 contemplari.

246 1363 285 1392 Et
309 1362 352 1392 sic
377 1362 517 1401 intellige
541 1371 658 1401 corpus
681 1359 815 1391 articuli.
840 1377 858 1382 -
882 1360 957 1390 Alio
981 1359 1092 1395 modo,
1117 1358 1315 1398 respiciendo

246 1417 374 1437 causam
399 1405 688 1446 contemplationiS‚
706 1414 788 1446 quae
813 1412 858 1435 est
883 1404 1002 1441 caritas,
1021 1411 1056 1434 ut
1081 1403 1201 1434 dictum
1227 1411 1273 1434 est
1288 1403 1315 1434 *.

1369 1090 1410 1121 Et
1433 1090 1478 1121 sic
1501 1089 1617 1120 directe
1637 1091 1823 1130 disponunt,
1848 1098 1879 1121 et
1902 1090 2060 1131 pertinent
2082 1091 2214 1125 virtutes
2241 1092 2379 1123 morales
2403 1093 2444 1123 ad

1368 1135 1466 1165 vitam
1483 1135 1779 1175 contemplativam:
1807 1135 1883 1175 quia
1899 1136 2014 1166 directe
2038 1135 2215 1176 disponunt
2239 1142 2270 1166 et
2286 1137 2443 1176 pertinent

1340 1204 1342 1213 ‚
1369 1180 1408 1210 ad
1433 1179 1604 1211 caritatem.
1629 1180 1670 1210 Et
1693 1179 1737 1210 sic
1760 1179 1900 1220 intellige
1923 1180 2167 1220 responsionem
2190 1181 2230 1210 ad
2251 1181 2401 1220 primum.
2422 1197 2442 1205 -·

1368 1225 1409 1256 Et
1432 1224 1506 1255 hinc
1530 1231 1622 1265 potes
1647 1224 1768 1255 diversa
1793 1225 1875 1255 dicta
1899 1224 2110 1255 diversimode
2134 1225 2340 1266 interpretari.

1426 1269 1610 1300 Secundum
1635 1276 1681 1300 est
1704 1269 1736 1299 in
1760 1269 1969 1310 responsione
1993 1270 2032 1300 ad
2056 1269 2200 1300 tertium:
2231 1270 2286 1301 ubi
2309 1272 2442 1307 Auctor,

1370 1315 1457 1345 duas.
1472 1321 1575 1355 partes
1599 1313 1844 1354 pulchritudinis
1867 1321 2014 1351 tractans,
2039 1314 2187 1355 primam,
2213 1314 2330 1345 scilicet
2353 1314 2442 1345 clari-

1370 1366 1478 1395 tatem,
1494 1359 1587 1399 ponit
1610 1358 1785 1389 formaliter
1804 1358 1836 1389 in
1853 1358 2028 1395 intellectu;
2054 1359 2227 1390 secundam
2247 1366 2366 1395 autem,
2384 1359 2443 1390 sci-

1370 1404 1444 1435 licet
1467 1403 1723 1444 proportionem,
1748 1403 1840 1444 ponit
1865 1404 2030 1434 causaliter
2052 1403 2085 1434 in
2109 1404 2235 1435 eodem.

1050 1567 1371 1609 ARTICULUS
1401 1567 1632 1609 TERTIUS

588 1663 744 1694 UTRUM
769 1662 826 1692 AD
851 1662 992 1692 VITAM
1016 1661 1428 1692 CONTEMPLATIVAM
1452 1661 1734 1692 PERTINEANT
1758 1661 1928 1712 n1VERsl
1953 1661 2100 1693 AcTus

536 1742 566 1766 111
586 1742 670 1770 Sent„
691 1742 749 1766 dist.
768 1748 840 1771 xxxv,
861 1748 905 1773 qu.
929 1748 950 1769 ι,
970 1745 1016 1766 art.
1038 1747 1061 1769 2,
1082 1739 1132 1772 qu·
1153 1747 1182 1771 2;
1202 1739 1244 1768 1v.
1264 1739 1323 1764 dist.
1342 1747 1382 1771 xv,
1403 1747 1447 1772 qu.
1466 1747 1500 1769 IV,
1520 1745 1568 1766 art.
1591 1748 1611 1771 1,
1631 1739 1683 1773 qu¹
1706 1748 1728 1771 2,
1749 1741 1781 1765 ad
1805 1748 1832 1772 1;
1853 1747 1899 1768 art,
1921 1748 1944 1771 2,
1963 1741 2013 1774 qu*
2036 1750 2057 1771 1,
2076 1742 2108 1767 ad
2129 1749 2152 1768 2.

273 1869 280 1881 Ι

261 1909 317 1972 ,γυ
382 1905 445 1942 xes,

262 1958 284 1987 ιι
306 1968 309 1973 ,

245 2049 352 2082 nem,
382 2037 659 2074 meditationem
690 2043 725 2072 et
753 2036 1031 2086 cogitationem.
1071 2035 1149 2072 Sed
1186 2036 1315 2072 omnia

245 2091 315 2128 ista
337 2089 518 2127 videntur
546 2090 595 2127 ad
614 2089 733 2127 vitam
754 2089 1091 2138 contemplativam
1112 2090 1314 2138 pertinere.

245 2146 347 2193 Ergo
375 2143 528 2180 videtur
556 2143 661 2192 quod
686 2143 787 2180 vitae
818 2142 1137 2192 contemplativae
1166 2143 1238 2180 sint
1263 2142 1316 2180 di-

245 2198 345 2236 versi
374 2206 492 2234 actus.

301 2264 335 2288 2.
357 2252 592 2297 PRAETEREA,
613 2250 832 2299 Apostolus,
864 2251 895 2287 11
916 2250 968 2287 ad
990 2250 1077 2288 Cor.
1099 2261 1134 2287 111
1153 2249 1185 2296 ⁸⁸,
1207 2249 1315 2287 dicit:

246 2306 331 2343 Nos
358 2310 501 2350 autem,
531 2304 696 2341 revelata
711 2304 824 2352 facie
850 2304 1016 2354 gloriam
1045 2303 1206 2341 Domini
1236 2315 1318 2352 spe-

248 2359 434 2404 culantes,
463 2359 787 2406 transformamur
823 2357 860 2394 in
899 2358 1056 2394 eandem
1094 2357 1316 2394 claritatem.

250 2412 327 2450 Sed
345 2412 421 2449 hoc
439 2411 602 2460 pertinet
623 2411 670 2448 ad
686 2411 805 2448 vitam
827 2411 1179 2460 contemplativam.
1201 2411 1317 2460 Ergo,

250 2518 591 2567 contemplativam
620 2518 794 2567 pertinet.

305 2574 339 2610 3.
362 2574 596 2618 PRAETEREA,
617 2572 836 2609 Bernardus
856 2571 954 2618 dicit,
975 2571 1013 2609 in
1033 2572 1129 2609 libro
1154 2572 1200 2609 de
1223 2572 1320 2609 Con-

249 2680 450 2717 admiratio
488 2679 700 2716 maiestatis.
740 2680 816 2717 Sed
855 2679 1076 2726 admiratio,
1106 2679 1319 2716 secundum

251 2735 537 2771 Damascenum
556 2732 588 2778 ³¹⁸,
617 2733 772 2782 ponitur
790 2734 936 2782 species
955 2732 1114 2770 timoris.
1144 2733 1246 2781 Ergo
1264 2732 1320 2769 vi·
1347 2751 1348 2784 j

252 2787 362 2824 detur
399 2787 504 2835 quod
533 2787 661 2834 plures
690 2794 795 2824 actus
824 2787 871 2824 ad
904 2787 1025 2824 vitam
1059 2786 1322 2835 contemplati-

251 2853 343 2877 vam
373 2840 623 2888 requirantur.

304 2906 342 2941 4.
373 2895 614 2939 PRAETEREA,
635 2893 684 2930 ad
703 2893 823 2930 vitam
844 2892 1182 2942 contemplativam
1210 2892 1323 2941 perti-

253 2959 343 2984 nere
364 2947 539 2985 dicuntur
558 2947 692 2992 oratio,
713 2946 819 2984 lectio
841 2954 876 2983 et
894 2947 1084 2983 meditatio
1103 2945 1134 2982 ²⁸⁸.
1157 2946 1323 2983 Pertinet

255 3001 369 3037 etiam
390 3001 439 3038 ad
459 3000 577 3037 vitam
606 3000 946 3050 contemplativam
966 3001 1134 3037 auditus.-
1163 3011 1253 3036 nam
1275 3000 1322 3037 de

256 3054 389 3100 Maria,
418 3066 487 3103 per
515 3065 633 3102 quam
652 3053 732 3090 vita
752 3053 1050 3102 contemplativa
1079 3053 1322 3101 significatur,

256 3108 409 3154 dicitur,
440 3109 532 3144 Luc.
554 3119 577 3144 x
596 3106 627 3154 ²³,
658 3108 763 3154 quod
797 3107 928 3144 sedens
960 3119 1067 3144 secus
1100 3107 1212 3156 pedes
1244 3107 1323 3143 Do-

258 3226 316 3250 res
345 3222 449 3251 actus
478 3214 526 3251 ad
555 3214 675 3251 vitam
705 3214 1043 3262 contemplativam
1073 3213 1323 3261 requirantur.

311 3268 384 3304 SED
405 3278 551 3304 CONTRA
570 3279 637 3304 EST
665 3267 770 3315 quod
794 3267 873 3304 vita
900 3267 961 3304 hic
990 3267 1124 3305 dicitur
1153 3267 1324 3316 operatio

259 3385 318 3409 res
338 3374 578 3421 operationes
592 3373 693 3411 vitae
714 3374 1045 3423 contemplativae,
1062 3386 1140 3411 non
1162 3374 1230 3411 erit
1248 3386 1327 3412 una

259 3425 337 3462 vita
365 3427 672 3475 contemplativa,
703 3429 769 3465 sed
799 3429 936 3476 plures.

314 3479 539 3516 Responnsso
564 3492 747 3518 morannum
777 3482 881 3529 quod
911 3481 958 3518 de
986 3481 1064 3517 vita
1093 3482 1328 3529 contempla-

316 3612 344 3645 α)
363 3613 512 3638 veritatem.
524 3626 543 3632 -
560 3613 616 3638 eius
635 3613 733 3637 addunt
754 3614 798 3638 Ρα.

457 1835 479 1860 ι)
498 1834 659 1859 TERTIUM
684 1834 737 1858 Sic
762 1832 1004 1858 PROCEDlTUR.
1029 1821 1188 1858 Videtur
1209 1820 1314 1869 quod
1340 1826 1342 1863 ξ

456 1876 505 1913 ad
524 1876 642 1912 vitam
664 1875 1003 1924 contemplativam
1028 1874 1241 1923 pertineant
1261 1874 1315 1910 di-
1340 1898 1342 1926 1

320 1944 381 1971 νε
403 1934 425 1974 ἠ,
455 1929 555 1966 versi
584 1936 701 1966 actus.
732 1928 946 1965 Richardus
976 1928 1077 1965 enim
1104 1930 1151 1965 de
1172 1928 1314 1964 Sancto
1341 1927 1342 1968 Ξ

300 1957 390 2011 ζ’·’θ
413 1974 608 2019 &Victore
633 1982 654 2004 ’¹‘
682 1982 873 2030 distinguit
906 1982 1003 2019 inter
1034 1981 1315 2030 contemplatio·
1341 1976 1343 2024 ζ

1368 1821 1447 1857 tiva
1476 1832 1579 1857 nunc
1598 1820 1792 1869 loquimur
1812 1822 2025 1859 secundum
2046 1823 2152 1871 quod
2172 1823 2222 1860 ad
2241 1824 2444 1863 hominem

1368 1873 1543 1923 pertinet.
1575 1874 1682 1910 Haec
1711 1881 1766 1910 est
1794 1883 1924 1912 autem
1955 1875 2168 1913 differentia
2196 1876 2292 1914 inter
2318 1878 2443 1916 horni-

1369 1939 1458 1964 nem
1479 1935 1517 1964 et
1535 1927 1728 1974 angelum,
1749 1935 1791 1964 ut
1815 1935 1918 1977 patet
1938 1940 2006 1977 per
2024 1929 2269 1978 Dionysium,
2290 1943 2339 1968 vn
2360 1943 2442 1981 cap.

1369 1981 1415 2018 de
1434 1981 1522 2018 Div.
1543 1981 1662 2018 Nom.
1683 1980 1714 2027 ²¹⁸,
1745 1981 1851 2030 quod
1871 1982 2028 2030 angelus
2048 1982 2210 2032 simplici
2231 1985 2444 2033 apprehen·
2473 1990 2521 2014 ’S-
2537 1986 2583 2015 ΤΕ
2596 1977 2686 2014 Ιὸᾱ-ῑιὲ

1369 2034 1478 2071 sione
1505 2034 1706 2071 veritatem
1737 2035 1917 2082 intuetur,
1949 2035 2069 2073 homo
2105 2043 2235 2074 autem
2272 2038 2444 2088 quodam

1369 2100 1553 2138 processu
1583 2100 1629 2125 ex
1657 2088 1784 2125 multis
1812 2089 1990 2137 pertingit
2017 2089 2066 2127 ad
2094 2089 2272 2129 intuitum
2302 2090 2446 2142 simpli-

1371 2142 1422 2178 cis
1449 2141 1628 2179 veritatis.
1660 2142 1723 2179 Sic
1752 2142 1864 2191 igitur
1889 2142 1967 2180 vita
1996 2143 2294 2193 contemplativa
2321 2157 2445 2184 unum

1371 2195 1528 2245 quidem
1564 2203 1693 2232 actum
1721 2196 1839 2233 habet
1865 2196 1904 2233 in
1932 2208 2010 2245 quo
2043 2197 2206 2235 finaliter
2236 2198 2444 2247 perficitur,

1372 2249 1512 2286 scilicet
1551 2249 1916 2298 contemplationem
1952 2250 2143 2298 veritatis,
2173 2263 2195 2288 a
2224 2263 2301 2301 quo
2329 2252 2447 2290 habet

1343 2305 1345 2350 ᾗ
1371 2303 1578 2340 unitatem:
1607 2303 1723 2340 habet
1742 2310 1871 2340 autem
1900 2304 2041 2340 multos
2060 2311 2167 2342 actus
2193 2305 2332 2354 quibus
2361 2318 2447 2356 per-

1344 2376 1345 2400 2
1371 2356 1477 2394 venit
1505 2356 1554 2393 ad
1582 2357 1684 2393 hunc
1713 2363 1841 2393 actum
1870 2356 2039 2395 finalem.
2077 2358 2256 2405 Quorum
2287 2359 2445 2408 quidam

1344 2427 1346 2459 ζ
1372 2410 1562 2460 pertinent
1581 2411 1628 2447 ad
1650 2409 1913 2459 acceptionem
1933 2410 2222 2460 principiorum,
2239 2423 2286 2449 ex
2305 2413 2446 2460 quibus

248 2472 398 2515 praeter
425 2465 494 2502 tria
522 2464 724 2514 praedicta,
754 2465 867 2502 etiam
895 2465 1098 2514 speculatio
1127 2466 1175 2503 ad
1199 2464 1319 2502 vitam
1344 2463 1346 2467 ⁴

1372 2463 1546 2514 procedit
1565 2463 1613 2500 ad
1634 2463 2000 2512 contemplationem
2020 2464 2211 2512 veritatis3
2236 2465 2298 2502 alii
2317 2473 2445 2504 autem

1345 2553 1347 2559 ,
1371 2517 1562 2567 pertinent
1579 2517 1629 2554 ad
1649 2517 1922 2554 deductionem
1943 2517 2217 2567 principiorum
2246 2518 2284 2556 in
2306 2521 2447 2558 verita-

1373 2580 1450 2608 tem
1471 2576 1501 2618 α,
1532 2570 1640 2607 cuius
1679 2570 1843 2619 cognitio
1872 2571 2095 2618 inquiritur;
2133 2571 2288 2609 ultimus
2317 2581 2444 2611 autern
2571 2580 2591 2599 ⁸

248 2627 316 2664 sid.
336 2625 376 2672 ²¹⁸,
407 2626 512 2674 quod
540 2626 669 2674 prima
697 2631 734 2662 et
759 2626 932 2663 maxima
969 2625 1230 2675 contemplatio
1267 2631 1323 2662 est
1346 2631 1347 2679 j

1375 2625 1629 2673 completivus
1649 2632 1754 2661 actus
1775 2631 1831 2661 est
1858 2624 1940 2673 ipsa
1966 2625 2237 2674 contemplatio
2258 2626 2444 2672 veritatis.

1428 2680 1488 2715 An
1517 2689 1655 2715 ptumum
1684 2689 1783 2715 ERGO
1811 2689 1998 2716 mesanum
2027 2679 2133 2727 quod
2162 2679 2358 2729 cogitatio,
2389 2692 2446 2718 se·
2682 2724 2686 2729 .

1376 2733 1545 2769 cundum
1576 2731 1810 2768 Richardum
1849 2731 1896 2768 de
1932 2740 2065 2769 sancto
2093 2732 2248 2770 Victore
2265 2732 2304 2780 ¹⁸,
2333 2733 2446 2783 perti·
2474 2728 2688 2764 ’manm-

1376 2797 1466 2822 nere
1494 2785 1647 2822 videtur
1673 2784 1721 2822 ad
1741 2786 1951 2822 multorum
1981 2785 2269 2835 inspectionem,
2292 2799 2337 2824 ex
2365 2786 2446 2837 qui-

1377 2840 1448 2876 bus
1491 2839 1624 2888 aliquis
1665 2839 1839 2887 colligere
1877 2839 2036 2876 intendit
2072 2850 2190 2878 unam
2233 2839 2446 2889 simplicem

1375 2893 1588 2930 veritatem.
1631 2892 1743 2930 Unde
1787 2893 1858 2930 sub
1901 2892 2128 2941 cogitatione
2171 2893 2447 2942 comprehendi

1348 2971 1349 2984 1
1376 2954 1538 2995 possunt
1562 2953 1598 2982 et
1625 2945 1892 2995 perceptiones
1920 2958 2116 2993 sensuum,
2137 2946 2186 2983 ad
2215 2958 2447 2995 cognoscen-

1378 3000 1470 3037 dum
1500 2999 1649 3049 aliquos
1678 2999 1859 3046 effectus3
1897 2999 2273 3048 etimaginationes;
2309 3008 2346 3037 et
2374 3000 2447 3037 dis—

1349 3096 1350 3099 *
1378 3066 1511 3090 cursus
1540 3052 1695 3090 rationis
1717 3053 1814 3090 circa
1843 3052 1995 3090 diversa
2020 3053 2138 3100 signa,
2157 3053 2220 3090 vel
2241 3065 2448 3102 quaecum-

1349 3120 1350 3155 3
1378 3119 1452 3156 que
1482 3106 1728 3155 perducentia
1748 3106 1786 3143 in
1805 3106 2061 3155 cognitionem
2081 3106 2249 3143 veritatis
2268 3107 2446 3146 intentae.

256 3161 359 3206 mini,
375 3161 554 3198 audiebat
569 3161 685 3197 verba
701 3160 811 3198 illius.
833 3161 935 3208 Ergo
955 3160 1108 3198 videtur
1123 3160 1228 3209 quod
1243 3160 1325 3209 plu·
1349 3162 1351 3194 '1

1379 3160 1568 3207 Quamvis
1597 3159 1810 3197 secundum
1835 3159 2103 3208 Augustinum,
2121 3159 2210 3196 XIV
2223 3160 2269 3197 de
2292 3160 2394 3198 Trin.
2414 3159 2446 3209 ¹⁸,
2474 3166 2486 3178 ·
2499 3165 2557 3195 Gna
2571 3172 2613 3189 vn·

1350 3224 1351 3258 ζ
1379 3214 1555 3261 cogitatio
1584 3213 1658 3250 dici
1686 3213 1807 3262 possit
1843 3212 1970 3250 omnis
2007 3212 2163 3249 actualis
2193 3214 2364 3262 operatio
2393 3214 2448 3251 in-

1350 3270 1352 3319 }
1378 3268 1560 3304 tellectus.
1595 3287 1619 3294 -
1651 3266 1851 3303 Meditatio
1879 3277 1974 3303 vero
2003 3265 2192 3315 pertinere
2219 3266 2372 3311 videtur
2399 3267 2447 3304 ad

259 3320 318 3356 cui
337 3320 456 3357 homo
477 3320 731 3369 principaliter
750 3321 917 3358 intendit.
951 3321 989 3358 Si
1009 3321 1119 3369 igitur
1139 3328 1225 3358 sunt
1243 3321 1325 3370 plu·
1351 3335 1352 3338 ¹

1379 3332 1605 3370 processum
1625 3319 1780 3357 rationis
1809 3331 1854 3356 ex
1874 3318 2067 3368 principiis
2093 3318 2282 3369 aliquibus
2309 3320 2448 3370 pertin-

1351 3373 1353 3418 }
1380 3374 1501 3422 gentis
1515 3372 1532 3404 β
1558 3374 1606 3411 ad
1627 3372 1795 3410 veritatis
1814 3371 1972 3409 alicuius
1993 3373 2370 3422 contemplationem.
2402 3374 2451 3411 Et
2575 3369 2592 3405 β

1381 3427 1430 3464 ad
1450 3427 1553 3464 idem
1574 3426 1737 3475 pertinet
1753 3426 2014 3471 consideratio,
2045 3427 2257 3464 secundum
2287 3427 2448 3464 Bernar-

1383 3481 1476 3518 dum
1495 3479 1526 3516 ⁹¹².
1559 3478 1747 3526 Quamvis
1781 3479 1992 3516 secundum
2023 3480 2321 3529 Philosophum,
2348 3479 2386 3517 in
2415 3480 2446 3517 Π
2475 3464 2690 3520 ᾗωοιῖᾞ””“”’

1436 3612 1460 3645 β)
1476 3611 1665 3645 pertingentis.
1675 3626 1693 3630 -
1699 3612 1916 3645 pertingentibus
1926 3612 2019 3642 PADa,
2026 3613 2152 3645 partibus
2161 3613 2203 3638 vel
2210 3613 2407 3645 pertinentibus
2417 3613 2448 3638 Η.
