2768 4198
53 1712 62 1720 ⁸
76 1710 142 1732 Vers.
158 1710 180 1733 6.

51 1821 61 1831 ⁸
75 1820 158 1842 Lomb.

52 1872 61 1881 ⁸
75 1872 101 1893 In
116 1870 174 1892 titul.

57 2936 67 2945 ⁸
82 2934 147 2956 Vers.
162 2940 194 2963 32.
208 2932 215 2939 “

61 3257 70 3266 ⁸
84 3257 134 3278 Art.
150 3255 254 3283 praeced.

298 310 372 346 388
935 305 1203 352 QUAESTIO
1234 305 1443 352 CLXXIII,
1473 307 1771 344 ARTICULUS
1801 308 1849 343 III

293 395 438 429 paratum
456 396 561 428 agere:
587 395 617 418 et
641 387 783 417 similiter
806 392 932 426 paratus
948 393 994 415 est
1008 384 1186 414 intellectus
1201 384 1361 424 possibilis
1387 386 1389 414 Ι
1473 385 1613 422 Quarto,
1639 395 1676 416 ex
1703 386 1887 416 immediata
1918 386 2127 426 impressione
2150 396 2169 415 a
2193 386 2278 416 Deo:
2312 393 2347 417 ut
2369 385 2488 416 ibidem

294 433 442 473 recipere.
1387 457 1389 461 ,
1416 431 1538 459 Auctor
1561 429 1644 460 dicit.
1676 429 1792 460 Divina
1815 430 1973 471 siquidem
1996 430 2095 460 virtus
2127 429 2310 460 immediate
2333 430 2489 471 imprimit

349 477 470 512 Tertio,
503 486 539 506 ex
570 474 840 516 phantasmatibus
870 482 1001 513 quoque
1025 472 1145 502 eisdem
1170 472 1285 502 adiutis
1311 471 1360 501 lu-
1387 466 1389 529 ἰ
1415 473 1611 515 quandoque
1627 473 1659 503 in
1673 474 1813 504 animam
1827 475 1946 514 species
1959 474 2185 517 intelligibiles:
2203 481 2239 504 ut
2255 481 2341 514 patet
2357 475 2488 515 quando

294 521 379 551 mine
403 520 557 561 superiori
581 521 619 549 ad
643 520 751 549 lumen
777 518 926 547 naturale.
952 517 992 547 Et
1016 516 1066 546 hic
1090 517 1207 546 modus
1231 516 1361 556 ponitur
1387 531 1389 540 ι
1415 517 1581 556 Apostolis
1606 517 1692 548 dedit
1716 517 1890 549 scientiam.

293 566 332 595 ab
357 569 496 596 Auctore
520 564 616 594 simul
641 573 714 594 cum
738 569 852 602 quarto
876 561 908 591 in
933 561 994 591 hoc
1010 561 1155 597 articulo,
1180 561 1212 590 in
1229 570 1360 600 respon-
1387 552 1388 608 ζ
1472 561 1524 591 Ill.
1551 561 1585 591 ln
1609 562 1818 601 responsione
1842 563 1880 592 ad
1905 564 2033 594 tertium
2054 563 2197 594 eiusdem
2212 562 2345 598 articuli,
2363 563 2489 592 adverte

293 610 382 640 sione
397 610 436 639 ad
453 609 639 643 secundum,
653 608 774 637 dicente
791 607 829 636 de
843 605 1050 635 similitudine
1066 605 1256 644 intelligibili
1271 605 1361 645 quod
1387 622 1388 645 5
1416 606 1504 645 quod
1528 605 1750 645 phantasmata
1773 607 1968 638 naturalium
1991 608 2130 638 ordinari
2149 608 2190 638 ad
2205 606 2420 647 intelligibiles
2436 616 2489 637 ve—

292 654 481 694 quandoque
509 663 528 683 a
549 652 674 693 formis
697 651 883 691 imaginatis
909 650 1045 680 resultat
1066 650 1241 680 secundum
1269 650 1360 680 adiu·
1387 649 1389 692 ξ
1415 650 1520 680 ritates
1552 650 1736 680 excedentes
1766 650 1982 688 intellectum,
2012 660 2118 692 potest
2147 652 2279 692 intelligi
2310 651 2487 692 dupliciter.

291 699 408 728 torium
428 697 605 738 prophetici
628 696 778 732 luminis,
804 695 878 735 quia
904 705 945 724 ex
963 694 1079 725 eisdem
1096 693 1220 734 formis
1244 695 1359 735 imagi·
1387 701 1389 733 ξ
1417 694 1534 730 Primo,
1560 694 1598 724 ad
1624 694 1831 734 cogitandum
1853 695 1923 726 illas
1946 696 2101 728 veritates.
2126 697 2167 727 Et
2190 697 2253 727 hoc
2276 706 2344 726 non
2367 704 2413 726 est
2437 705 2489 726 ve-

293 743 378 772 natis
400 742 546 772 subtilior
567 741 761 779 conspicitur
777 740 896 769 veritas
917 739 1092 769 secundum
1111 738 1360 768 illustrationem
1387 762 1389 769 ,
1416 749 1487 768 rum
1507 738 1735 769 universaliter.
1759 739 1848 769 Turn
1872 739 1947 780 quia
1970 748 2079 780 posset
2102 741 2202 771 homo
2223 740 2340 781 fingere
2357 740 2488 770 istarum

291 787 418 816 altioris
441 786 581 815 luminis.
613 785 696 814 Hinc
726 783 883 823 siquidem
908 789 1038 823 apparet
1065 783 1154 823 quod
1184 783 1216 812 in
1241 782 1360 812 eisdem
1387 778 1389 815 ξ
1415 783 1585 813 veritatum
1609 783 1776 823 quasdam.
1801 783 1890 813 Turn
1914 784 1999 824 quia,
2024 792 2197 826 postquam
2221 792 2296 815 sunt
2320 785 2418 815 semel
2443 795 2490 815 re-

291 830 573 870 phantasmatibuS‚
591 835 668 868 puta
684 829 795 865 leonis,
813 829 960 864 hominis,
977 828 1160 866 salvatoris,
1177 835 1246 862 etc„
1265 827 1363 857 latent
1387 816 1389 871 Ξ
1415 828 1544 863 velatae,
1570 834 1704 866 possunt
1728 828 1766 858 ab
1790 827 1858 857 aliis
1883 828 2013 867 eogitari
2033 834 2064 859 et
2079 829 2192 860 discuti
2210 837 2240 860 et
2260 829 2428 869 disputari:
2455 836 2491 859 ut

291 875 410 904 multae
433 873 646 914 apparitiones
670 872 836 913 possibiles
860 872 933 902 inde
950 872 1084 902 extrahi:
1109 871 1185 912 quia
1207 871 1306 902 latent
1328 871 1360 901 in
1387 873 1389 910 s}
1416 878 1502 912 patet
1526 872 1563 901 de
1589 872 1740 912 mysterio
1765 872 1940 902 Trinitatis.

291 919 334 948 eis
360 918 477 948 multae
500 918 644 948 veritates
669 917 835 957 possibiles
860 927 896 947 ex
921 917 964 947 eis
989 924 1019 947 et
1043 916 1075 946 in
1100 916 1145 946 eis
1170 916 1297 956 inspici,
1322 916 1362 946 ad
1387 927 1389 956 j
1472 915 1544 946 Alio
1562 925 1637 956 ergo
1655 917 1754 946 modo
1778 916 1964 956 intelligitur
1987 917 2078 957 quod
2101 927 2168 948 non
2191 925 2327 957 possunt
2351 918 2490 948 ordinari

290 973 368 1003 quas
400 962 613 1002 apparitiones
645 969 675 992 et
698 962 842 992 veritates
873 961 1079 991 extrahendas
1108 967 1138 991 et
1161 960 1362 991 illustrandas
1388 964 1389 1003 l
1415 961 1454 990 ad
1479 960 1730 1000 inspiciendum:
1757 960 1818 991 hoc
1843 968 1899 997 est,
1924 961 1964 991 ad
1987 962 2049 992 hoc
2073 968 2109 992 ut
2132 961 2166 991 in
2190 962 2234 992 eis
2252 962 2420 993 videantur
2438 972 2490 992 ve-

291 1017 355 1037 non
382 1006 497 1037 sufficit
524 1007 664 1037 naturale
688 1007 797 1037 lumen
823 1013 988 1041 nostrum;
1022 1006 1095 1040 sed,
1121 1005 1362 1045 superveniente
1388 1011 1389 1039 1
1416 1005 1520 1035 ritates
1544 1005 1728 1035 excedentes
1752 1004 1936 1036 facultatem
1955 1006 2133 1036 naturalem
2152 1005 2340 1037 intellectus.
2365 1006 2406 1037 Et
2429 1007 2491 1037 hoc

290 1051 410 1081 lumine
435 1051 548 1086 altiori,
573 1052 770 1091 apparebunt
795 1061 896 1086 nova,
922 1058 952 1080 et
975 1050 1048 1079 inde
1072 1049 1147 1080 fient
1172 1059 1273 1080 novae
1290 1060 1361 1090 spe·
1388 1043 1389 1063 ³
1417 1056 1464 1080 est
1486 1049 1705 1086 verissimum,
1732 1056 1763 1079 et
1792 1050 1969 1080 intentum:
2002 1057 2038 1080 ut
2061 1057 2148 1090 patet
2171 1060 2208 1080 ex
2231 1050 2391 1081 adiutorio
2415 1052 2489 1081 sub·

290 1096 351 1126 cies
372 1095 583 1135 intelligibiles
600 1103 630 1126 et
647 1106 748 1126 novae
765 1096 920 1131 veritates,
942 1101 1018 1135 puta
1038 1095 1127 1135 quod
1142 1095 1207 1125 Leo
1221 1094 1261 1125 de
1277 1095 1362 1125 tribu
1388 1087 1389 1120 l
1416 1094 1544 1130 iuncto,
1575 1093 1693 1124 scilicet
1727 1093 1825 1124 divini
1855 1094 2004 1130 luminis,
2033 1095 2122 1135 quod
2152 1094 2259 1125 videre
2289 1095 2363 1126 facit
2390 1095 2422 1125 id
2451 1096 2491 1125 ad

290 1140 373 1170 Iuda
395 1141 502 1171 salvat
525 1141 694 1171 mundum.
1388 1134 1390 1178 ξ
1417 1138 1508 1169 cuius
1536 1138 1770 1179 inspectionem
1793 1140 1935 1170 naturale
1958 1139 2069 1169 lumen
2093 1138 2242 1170 deficiens
2266 1139 2435 1170 invenitur.

1098 1293 1423 1334 ARTICULUS
1452 1293 1685 1334 TERTIUS

557 1387 714 1418 UTRUM
738 1386 849 1417 visio
874 1386 1154 1418 PROPHETICA
1178 1385 1347 1417 SEMPER
1371 1385 1472 1416 FIAT
1497 1385 1590 1417 CUM
1614 1386 1952 1418 ABSTRACTIONE
1977 1389 2005 1417 A
2025 1386 2225 1418 sansnsus

1192 1465 1233 1490 De
1258 1465 1347 1494 Ver-it„
1368 1473 1412 1498 qu.
1432 1472 1476 1496 xn,
1496 1470 1543 1490 art.
1562 1472 1587 1498 9.

324 1556 387 1600 >hg
407 1561 455 1593 μς
504 1559 526 1584 D
545 1558 706 1583 TERTmM
730 1558 784 1583 S1c
806 1558 1049 1583 PROCED1TUR.
1072 1545 1234 1583 Videtur
1256 1545 1362 1594 quod

314 1585 480 1658 Rsscffl
502 1600 600 1637 visio
621 1600 842 1649 prophetica
858 1612 1011 1648 semper
1027 1600 1094 1636 fiat
1110 1612 1198 1636 cum
1219 1600 1361 1636 abstra-

310 1648 431 1730 ᾖεν,
450 1654 629 1690 ’(εῑίοῐιε
658 1666 679 1690 a
709 1653 895 1690 sensibus.
930 1653 1077 1690 Dicitur
1108 1653 1211 1689 enirn
1240 1653 1360 1690 Num.
1388 1660 1389 1666 ¹

310 1706 313 1709 ’
348 1720 359 1736 s
382 1700 447 1734 3²⁵³)
491 1726 493 1728 ·
529 1719 551 1744 11
570 1706 608 1743 *z
642 1707 685 1743 Si
710 1707 792 1755 quis
808 1707 935 1755 suerit
962 1707 1059 1743 inter
1085 1718 1153 1742 vos
1174 1706 1362 1754 propheta

1416 1545 1630 1582 secundum
1665 1545 1958 1594 impressionem
1988 1547 2049 1583 vel
2079 1546 2361 1584 ordinationem
2399 1547 2494 1584 ima-

1415 1599 1638 1646 ginabilium
1665 1599 1888 1646 formarum,
1910 1607 1948 1636 et
1966 1600 2178 1636 secundum
2206 1600 2492 1649 expressionem

1416 1652 1627 1689 formarum
1643 1652 1891 1690 sensibilium.
1909 1653 2154 1690 Manifestum
2173 1661 2229 1690 est
2243 1662 2371 1691 autem
2386 1654 2494 1704 quod

1417 1718 1496 1742 non
1511 1706 1554 1743 fit
1568 1705 1770 1743 abstractio
1783 1718 1805 1743 a
1819 1706 1995 1743 sensibus
2011 1708 2169 1754 quando
2185 1706 2326 1756 aliquid
2343 1719 2494 1756 reprae-

290 1760 459 1805 Domini,
481 1760 518 1797 in
538 1760 681 1797 visione
706 1761 896 1808 apparebo
925 1760 971 1805 ei,
991 1759 1052 1796 vel
1072 1771 1146 1807 per
1172 1759 1362 1796 somnium

290 1813 426 1861 loquar
443 1814 495 1849 ad
512 1813 629 1850 illum.
661 1813 737 1849 Sed
758 1813 853 1849 sicut
878 1813 1015 1849 Glossa
1034 1812 1054 1834 '¹‘
1083 1812 1182 1858 dicit,
1203 1812 1241 1848 in
1262 1811 1363 1860 prin-

290 1866 389 1914 cipio
419 1866 591 1903 Psalterii
610 1865 640 1909 ²⁸,
670 1866 763 1902 visio
793 1878 890 1914 quae
910 1871 964 1902 est
986 1877 1058 1915 per
1084 1866 1232 1902 somnia
1257 1871 1291 1902 et
1308 1865 1362 1901 vi-

287 1919 422 1964 siones,
443 1925 497 1955 est
509 1931 582 1968 per
600 1931 645 1955 ea
666 1931 763 1967 quae
781 1919 956 1956 videntur
974 1919 1049 1956 dici
1065 1919 1238 1966 velfieri.
1262 1919 1363 1954 Cum
1390 1922 1391 1944 ³

290 1980 418 2009 autern
448 1972 574 2021 aliqua
593 1972 771 2010 videntur
791 1972 861 2010 dici
882 1974 943 2009 vel
964 1972 1046 2009 fieri
1075 1984 1174 2020 quae
1202 1984 1281 2008 non
1310 1971 1364 2009 di·
1390 2002 1391 2006 ,

290 2033 427 2062 cuntur
454 2027 515 2062 vel
546 2026 660 2073 fiunt,
691 2034 746 2063 est
779 2026 954 2063 alienatio
984 2038 1006 2063 a
1034 2026 1223 2063 sensibus.
1260 2026 1363 2073 Ergo

289 2079 491 2127 prophetia
511 2091 666 2128 semper
693 2080 736 2116 fit
765 2092 853 2116 curn
884 2079 1113 2116 alienatione
1134 2091 1156 2116 a
1176 2078 1362 2116 sensibus.

345 2144 379 2168 2.
408 2133 643 2179 PRAETEREA,
675 2133 830 2181 quando
860 2146 937 2170 una
966 2133 1087 2170 virtus
1117 2133 1279 2169 multum
1309 2131 1364 2169 in-

289 2186 454 2222 tenditur
482 2185 520 2223 in
550 2199 618 2223 sua
647 2186 886 2235 operatione,
917 2186 989 2223 alia
1018 2186 1187 2236 potentia
1221 2187 1363 2223 abstra—

289 2239 389 2276 hitur
418 2252 440 2276 a
469 2252 539 2275 suo
570 2247 675 2276 actu:
714 2240 810 2276 sicut
847 2239 894 2276 illi
931 2240 995 2288 qui
1023 2241 1275 2277 vehementer
1312 2239 1366 2276 in-

290 2293 451 2329 tendunt
487 2292 536 2329 ad
573 2292 715 2341 aliquid
753 2293 1011 2340 audiendum,
1041 2306 1119 2330 non
1152 2293 1367 2342 percipiunt

290 2345 377 2382 visu
408 2358 452 2382 ea
473 2358 570 2394 quae
601 2358 733 2383 coram
762 2346 853 2395 ipsis
882 2347 980 2383 fiunt
1000 2352 1028 2383 ²².
1060 2346 1138 2383 Sed
1158 2346 1196 2382 in
1215 2346 1366 2383 visione

292 2399 515 2447 prophetica
535 2399 702 2436 maxime
723 2399 934 2436 intellectus
957 2400 1128 2436 elevatur
1147 2398 1162 2428 β
1192 2407 1227 2436 et
1247 2399 1366 2436 inten—

293 2451 393 2489 ditur
412 2452 451 2489 in
480 2464 550 2488 suo
580 2460 678 2489 actu.
709 2453 810 2500 Ergo
832 2452 984 2490 videtur
1004 2454 1108 2501 quod
1129 2465 1283 2502 semper
1301 2453 1367 2490 fiat

294 2518 381 2542 cum
413 2505 666 2542 abstractione
696 2518 717 2542 a
747 2506 934 2543 sensibus.

350 2561 383 2596 3.
416 2560 657 2606 PRAETEREA,
688 2558 924 2608 impossibile
958 2567 1013 2596 est
1042 2559 1144 2596 idem
1175 2558 1285 2596 simul
1318 2559 1367 2596 ad

294 2612 490 2661 oppositas
510 2620 636 2661 partes
666 2612 849 2650 converti.
881 2613 957 2650 Sed
978 2613 1014 2649 in
1033 2612 1183 2650 visione
1202 2613 1369 2662 prophe-

293 2667 366 2702 tica
403 2678 512 2703 mens
551 2666 786 2703 convertitur
823 2667 869 2704 ad
909 2666 1177 2715 accipiendum
1207 2678 1229 2702 a
1257 2678 1368 2715 supe-

295 2719 395 2756 riori.
435 2720 536 2767 Ergo
567 2732 645 2756 non
674 2727 799 2768 potest
827 2719 939 2756 simul
975 2719 1145 2756 converti
1175 2719 1222 2756 ad
1252 2719 1369 2756 sensi-

294 2772 394 2809 bilia.
433 2772 706 2809 Necessarium
737 2785 827 2821 ergo
855 2772 1007 2810 videtur
1042 2773 1148 2821 quod
1187 2773 1367 2810 revelatio

294 2826 518 2875 prophetica
546 2838 700 2874 semper
728 2826 771 2863 fit
789 2831 805 2854 Υ
835 2839 922 2863 cum
952 2827 1204 2864 abstractione
1234 2839 1255 2863 a
1285 2839 1368 2863 sen-

296 2880 413 2916 sibus.

351 2934 425 2969 SED
455 2944 602 2969 CONTRA
631 2944 697 2969 EST
725 2934 828 2982 quod
859 2932 993 2970 dicitur
1023 2934 1033 2969 l
1065 2934 1117 2970 ad
1139 2934 1309 2970 Cor.x1v
1327 2933 1367 2970 *ε

297 2987 455 3035 Spiritus
478 2986 751 3034 prophetarum
766 2986 959 3035 prophetis
983 2987 1137 3023 subiecti
1163 2992 1259 3023 sunt.
1292 2987 1368 3024 Sed

298 3041 370 3076 hoc
400 3051 482 3076 esse
512 3051 590 3076 non
619 3047 759 3088 posset,
791 3039 820 3076 si
849 3040 1036 3088 propheta
1074 3052 1152 3077 non
1182 3047 1280 3077 esset
1313 3040 1370 3077 sui

298 3105 479 3142 compos,
510 3105 532 3130 a
561 3093 735 3130 sensibus
763 3093 946 3130 alienatus
976 3093 1147 3130 existens.
1183 3094 1285 3141 Ergo
1313 3094 1369 3130 vi-

298 3148 407 3184 detur
435 3147 540 3195 quod
569 3146 793 3195 prophetica
821 3146 918 3183 visio
948 3159 1026 3183 non
1060 3147 1126 3184 fiat
1155 3159 1241 3183 curn
1280 3148 1370 3184 alie-

299 3200 452 3236 natione
482 3212 504 3236 a
533 3199 719 3237 sensibus.

353 3254 578 3290 Respoumzo
607 3265 792 3290 mcennum
822 3253 939 3302 quod,
969 3253 1064 3301 sicut
1093 3253 1233 3291 dictum
1265 3261 1320 3291 est
1337 3254 1369 3303 ⁸⁸,

301 3306 521 3355 prophetica
551 3306 732 3343 revelatio
753 3307 795 3344 fit
823 3307 1035 3344 secundum
1063 3304 1244 3356 quatuor:
1275 3307 1370 3345 scili·
1396 3321 1397 3325 ¹

303 3367 360 3396 cet
389 3360 599 3397 secundum
629 3360 815 3397 influxum
845 3360 1083 3408 intelligibilis
1111 3361 1282 3408 luminis,
1313 3374 1371 3399 se·
1396 3371 1398 3383 ²

303 3414 471 3449 cundum
509 3413 786 3451 immissionem
825 3413 1111 3462 intelligibilium
1141 3414 1369 3463 specierum,

357 3526 385 3557 α)
399 3527 480 3559 fiunt.
492 3540 510 3546 -
528 3530 591 3551 sunt
614 3528 659 3552 Ρα.

358 3560 383 3594 β)
404 3562 522 3587 maxime
540 3563 686 3588 inteIIectus
705 3564 831 3589 elevatur.
844 3577 864 3584 —
881 3567 920 3589 est
939 3564 1060 3589 maxime
1085 3564 1232 3590 intellectus
1254 3565 1373 3589 elevatus

305 3598 342 3623 Pa
361 3603 386 3623 et
403 3597 504 3622 omisso
525 3601 564 3622 est
582 3598 659 3623 FHL.

358 3634 383 3667 γ)
397 3633 474 3666 fin·
491 3633 526 3658 sit
546 3633 656 3662 corui.
668 3634 724 3666 fiat
742 3623 792 3659 pt.

1417 1767 1586 1796 sentatur
1614 1759 1732 1796 menti
1760 1760 1971 1808 prophetae
2000 1772 2070 1809 per
2098 1760 2245 1809 species
2273 1761 2493 1798 sensibiles:

1389 1840 1391 1851 .
1418 1812 1498 1848 sive
1528 1812 1578 1849 ad
1605 1813 1680 1849 hoc
1709 1813 1920 1861 specialiter
1956 1813 2140 1850 formatas
2169 1814 2369 1861 divinitus,
2399 1814 2496 1852 sicut

1418 1865 1536 1902 rubus
1566 1873 1742 1902 ostensus
1762 1866 1891 1914 Moysi
1910 1865 1943 1912 ²⁸,
1974 1874 2010 1903 et
2029 1866 2215 1916 scriptura
2235 1875 2389 1907 ostensa
2417 1869 2494 1908 Da-

1419 1917 1506 1955 nieli
1525 1918 1562 1964 *3
1593 1918 1674 1955 sive
1704 1918 1818 1956 etiam
1840 1931 1908 1967 per
1927 1919 2021 1956 alias
2040 1932 2175 1957 causas
2203 1921 2424 1969 productas,
2444 1921 2496 1961 ita
2520 1916 2534 1948 2'

1418 1979 1548 2008 tamen
1568 1971 1674 2020 quod
1703 1972 1917 2010 secundum
1939 1972 2111 2010 divinam
2131 1973 2416 2022 providentiam
2445 1974 2496 2014 ad

1418 2025 1560 2075 aliquid
1589 2025 1812 2075 prophetice
1842 2025 2137 2074 significandum
2167 2026 2374 2075 ordinetur,
2400 2027 2497 2065 sicut

1419 2091 1487 2128 per
1515 2091 1646 2116 arcam
1676 2079 1764 2116 Noe
1794 2078 2080 2127 significabatur
2109 2080 2283 2118 Ecclesia
2300 2080 2332 2118 ⁸⁸.

1474 2131 1655 2169 Similiter
1679 2133 1793 2170 etiarn
1815 2145 1894 2170 non
1915 2141 1971 2170 est
1994 2145 2150 2170 necesse
2169 2141 2212 2170 ut
2231 2133 2299 2171 fiat
2317 2134 2495 2173 alienatio

1420 2186 1467 2222 ab
1490 2186 1738 2223 exterioribus
1759 2186 1932 2224 sensibus
1952 2199 2021 2235 per
2038 2187 2114 2224 hoc
2134 2188 2240 2235 quod
2268 2200 2380 2226 mens
2407 2201 2497 2238 pro-

1419 2240 1557 2288 phetae
1578 2239 1781 2277 illustratur
1800 2239 2018 2288 intelligibili
2048 2240 2203 2288 lumine,
2225 2249 2291 2278 aut
2309 2241 2497 2283 formatur

1420 2292 1713 2340 intelligibilibus
1734 2293 1952 2342 speciebus:
1983 2294 2072 2342 quia
2092 2293 2130 2331 in
2151 2294 2264 2332 nobis
2282 2295 2496 2344 perfectum

1393 2373 1394 2379 η
1420 2346 1601 2383 iudicium
1623 2346 1833 2383 intellectus
1853 2347 2016 2384 habetur
2043 2359 2113 2395 per
2133 2348 2425 2386 conversionem
2446 2349 2496 2388 ad

1421 2398 1633 2446 sensibilia,
1664 2411 1763 2448 quae
1802 2407 1890 2436 sunt
1922 2400 2044 2449 prima
2083 2408 2235 2438 nostrae
2270 2401 2496 2449 cognitionis

1420 2452 1619 2502 principia,
1649 2461 1691 2490 ut
1719 2453 1757 2490 in
1786 2453 1918 2490 Primo
1938 2452 1958 2475 ’¹‘
1985 2453 2161 2491 habitum
2191 2462 2258 2491 est.

1476 2506 1551 2542 Sed
1582 2507 1738 2555 quando
1759 2506 1802 2543 fit
1822 2506 2003 2543 revelatio
2033 2507 2256 2556 prophetica
2280 2508 2495 2546 secundum

1422 2559 1565 2596 formas
1598 2559 1860 2608 imaginarias,
1890 2572 2045 2596 necesse
2076 2568 2131 2597 est
2157 2560 2240 2598 fieri
2276 2561 2496 2599 abstractio-

1422 2625 1511 2650 nem
1542 2625 1562 2650 a
1593 2613 1779 2660 sensibus,
1799 2620 1841 2650 ut
1860 2612 1942 2650 talis
1968 2613 2153 2663 apparitio
2183 2614 2495 2663 phantasmatum

1422 2678 1500 2703 non
1540 2666 1722 2703 referatur
1750 2666 1798 2703 ad
1829 2679 1872 2703 ea
1907 2679 2007 2715 quae
2041 2666 2203 2704 exterius
2239 2667 2452 2706 sentiuntur
2469 2666 2496 2707 ⁸.

1424 2719 1500 2756 Sed
1531 2720 1734 2757 abstractio
1756 2732 1777 2757 a
1798 2720 1973 2757 sensibus
1993 2721 2229 2770 quandoque
2248 2721 2292 2758 fit
2309 2722 2497 2770 perfecte:

1422 2781 1463 2810 ut
1492 2773 1632 2810 scilicet
1661 2773 1751 2810 nihil
1779 2774 1899 2810 homo
1935 2773 2110 2811 sensibus
2140 2773 2333 2824 percipiat.
2364 2775 2496 2822 Quan-

1424 2827 1551 2875 doque
1581 2835 1709 2864 autem
1740 2826 1973 2876 imperfecte,
2003 2835 2044 2864 ut
2071 2827 2213 2865 scilicet
2241 2827 2382 2876 aliquid
2409 2841 2495 2878 per-

1424 2880 1536 2929 cipiat
1569 2880 1759 2926 sensibus,
1798 2893 1878 2917 non
1911 2888 2041 2918 tamen
2075 2881 2187 2930 plene
2224 2881 2415 2919 discernat
2451 2894 2498 2923 ea

1423 2946 1522 2982 quae
1552 2935 1715 2971 exterius
1744 2934 1902 2983 percipit
1922 2935 1971 2971 ab
1991 2934 2049 2971 his
2079 2946 2178 2984 quae
2206 2934 2497 2986 imaginabiliter

1396 3035 1397 3038 Ἰ
1423 2987 1549 3025 videt:
1579 2987 1683 3024 unde
1712 2987 1948 3035 Augustinus
1977 2987 2077 3035 dicit,
2099 2988 2168 3029 XII
2197 2999 2311 3037 super
2332 2987 2425 3026 Gen.
2447 2988 2499 3027 ad

1424 3041 1486 3078 litt.
1508 3040 1549 3078 *ε
1579 3041 1642 3078 Sic
1659 3045 1672 3062 ⁸
1699 3041 1875 3078 videntur
1892 3053 1991 3090 quae
2019 3041 2056 3078 in
2084 3041 2217 3090 spiritu
2234 3042 2343 3089 fiunt
2359 3041 2496 3092 imagi-

1424 3106 1488 3132 nes
1522 3106 1748 3143 corporum,
1769 3095 2087 3143 quemadmodum
2121 3105 2284 3142 corpora
2314 3105 2387 3143 per
2413 3106 2497 3132 cor-

1418 3160 1503 3196 pus,
1530 3149 1580 3185 ita
1611 3153 1651 3184 ut
1675 3147 1790 3184 simul
1815 3152 1995 3185 cernatur
2021 3152 2059 3183 et
2082 3147 2195 3184 homo
2222 3147 2359 3196 aliquis
2380 3159 2496 3196 prae-

1423 3213 1518 3247 sens,
1540 3206 1575 3238 et
1588 3202 1722 3238 absens
1741 3201 1838 3238 alius
1856 3201 2000 3250 spiritu,
2021 3205 2202 3248 tanquam
2231 3201 2360 3239 oculis.
2390 3201 2496 3240 Talis

1424 3263 1552 3292 tamen
1590 3254 1767 3292 alienatio
1796 3266 1818 3290 a
1847 3253 2021 3290 sensibus
2050 3265 2127 3290 non
2157 3253 2199 3290 fit
2232 3253 2269 3291 in
2298 3253 2497 3305 prophetis

1425 3321 1514 3345 curn
1544 3307 1669 3357 aliqua
1699 3305 1978 3344 inordinatione
2008 3313 2176 3353 naturae,
2206 3307 2303 3345 sicut
2331 3307 2369 3346 in
2397 3320 2498 3347 arre-

1426 3361 1538 3410 ptitiis
1567 3362 1628 3399 vel
1658 3360 1825 3399 furiosis:
1864 3359 1931 3398 sed
1958 3371 2027 3408 per
2056 3359 2223 3409 aliquam
2253 3373 2409 3399 causam
2435 3373 2498 3398 or-

1426 3415 1607 3461 dinatam,
1627 3413 1692 3451 vel
1720 3413 1944 3459 naturalem,
1966 3412 2062 3450 sicut
2081 3425 2150 3462 per
2169 3426 2351 3451 somnum
2372 3413 2404 3460 ‘3
2433 3419 2496 3456 vel

1482 3527 1508 3562 δ)
1528 3527 1690 3552 sentiuntur.
1703 3541 1721 3547 -
1738 3526 1857 3552 sentiunt
1876 3526 2015 3552 ABEFKa.

1481 3564 1503 3595 ι)
1525 3562 1578 3588 Sic.
1590 3576 1608 3582 -
1628 3562 1705 3588 Slcut
1722 3562 1760 3587 Pa
1779 3567 1806 3587 et
1824 3562 1940 3590 codices:
1962 3570 2010 3597 pro
2023 3563 2104 3596 flunt,
2123 3566 2187 3588 sunt
2206 3562 2336 3588 PCDEIL.

1480 3598 1505 3629 ζ)
1525 3605 1656 3624 somnum.
1668 3612 1688 3618 —
1706 3598 1838 3623 somnium
1858 3598 2026 3624 PAGKsC.-
2045 3599 2096 3624 Pro
2113 3598 2267 3628 animalem,
2280 3599 2446 3631 spirituatem
2468 3598 2496 3623 P.

2524 3052 2534 3063 ⁸
2548 3051 2605 3080 cup.
2620 3056 2662 3073 ιιι.
