2612 4178
240 329 373 361 Accedit
397 328 498 370 quod,
515 328 541 358 si
565 328 670 369 prima
695 337 732 358 ex
756 328 867 369 aliquo
892 328 974 359 libro
999 335 1141 358 correcto
1167 327 1276 358 tertiae

184 374 258 406 oriri
275 381 490 415 supponatur,
507 373 590 404 duae
607 383 665 410 res,
683 380 902 404 correctorum
920 380 950 404 et
969 373 1175 404 librariorum
1193 372 1275 402 mori

183 419 351 461 modoque
375 425 484 460 aperte
503 419 718 460 adversantes,
736 418 953 450 admittendae
978 418 1052 450 sint.
1084 418 1191 449 Prima
1217 425 1274 455 est,

182 465 273 506 quod
297 471 458 496 corrector
481 463 514 494 in
534 463 616 494 libro
641 463 832 504 corrigendo
854 473 976 494 errores
1002 471 1068 495 tam
1094 463 1196 504 polite
1220 463 1274 493 de-

182 510 302 547 leverit,
320 517 356 541 ut
380 519 420 540 ne
446 508 599 550 reliquiae
623 509 758 550 quidem
781 519 927 540 errorum
945 509 1164 545 remanserint,
1183 516 1214 539 et
1237 517 1275 539 ex

181 554 264 586 libro
288 553 490 595 correptorio
506 561 574 585 tarn
597 553 730 585 delicate
747 554 901 585 lectiones
921 555 1126 591 transtulerit,
1145 562 1181 585 ut
1204 563 1274 584 cor-

181 600 279 632 rectio
303 599 501 631 exactissime
524 608 621 640 super
637 599 747 630 locum
772 606 963 640 corruptum
984 599 1140 631 ceciderit.
1166 599 1275 630 Altera

181 652 239 682 est,
259 645 351 686 quod
373 644 531 681 librarius,
548 644 604 685 qui
629 645 785 676 secundas
802 655 918 676 manus
943 645 976 676 in
994 645 1188 676 continuum
1211 651 1275 675 tex-

181 697 252 721 tum
276 700 353 721 suae
375 689 602 730 descriptionis
625 689 812 727 introduxit,
834 690 1049 722 intentionem
1074 689 1273 726 correctoris,

181 745 362 776 expressam
379 745 436 776 per
451 735 630 766 litterarum
647 735 853 772 mutationes,
871 735 1113 776 expunctiones,
1139 735 1273 775 scriptu-

181 790 230 811 ras
258 781 341 818 intra
370 780 471 811 lineas
495 788 526 812 et
551 780 641 821 signa
672 781 902 821 marginalibus
929 781 1121 812 lectionibus
1149 780 1272 816 addita,

182 825 302 867 ubique
326 825 384 857 rite
408 826 595 866 perceperit.
621 826 690 856 Nisi
715 826 802 857 enim
827 833 987 858 corrector
1003 833 1034 857 et
1057 826 1194 866 scriptor
1217 824 1273 861 sic,

181 878 305 912 praeter
327 880 454 902 morem
479 881 588 911 suum,
605 871 799 903 correxerint
820 880 851 903 et
867 872 1068 907 inseruerint,
1089 881 1155 902 non
1172 869 1272 910 expli-

179 923 279 954 catur,
305 916 392 947 unde
416 917 632 947 correctiones
656 925 722 948 tam
746 917 905 958 perfectae
921 917 985 948 sint
1009 924 1045 947 ut
1068 915 1273 957 perfectiores

179 971 248 992 esse
265 971 332 993 non
349 969 493 1003 possent.
514 962 577 993 Sed
602 963 710 994 nescio
734 973 776 993 an
799 963 955 1004 cuiquam
975 961 1142 1003 probabile
1165 960 1273 990 videa-

179 1014 242 1044 tur,
265 1007 299 1038 in
322 1014 412 1038 tanta
435 1007 691 1048 adaptandarum
714 1014 746 1038 et
768 1007 1011 1039 inserendarum
1034 1005 1273 1037 correctionum
1299 1024 1301 1026 -

179 1052 389 1084 multitudine
413 1051 480 1083 fieri
505 1052 662 1094 potuisse,
687 1060 724 1084 ut
747 1053 904 1084 orationis
919 1051 1116 1084 continuitas
1141 1058 1173 1082 et
1196 1049 1274 1080 soli-

179 1097 261 1129 ditas
278 1105 538 1135 conservaretur;
563 1098 722 1129 rationem
738 1107 806 1129 non
827 1097 987 1134 videmus,
1005 1106 1104 1138 quare
1128 1095 1161 1126 in
1185 1094 1273 1125 hisce

179 1143 296 1175 oculos
318 1143 493 1176 latentibus
517 1143 772 1175 correctionibus
787 1142 821 1174 id
840 1143 963 1174 factum
987 1151 1055 1173 esse
1081 1141 1272 1175 crederetur,

179 1189 271 1230 quod
294 1188 327 1220 in
351 1189 470 1230 apertis
493 1196 525 1220 et
548 1188 741 1225 manifestis,
765 1187 848 1219 idest
871 1188 904 1218 in
929 1187 1078 1218 secundis
1110 1185 1272 1221 manibus,

179 1243 352 1276 nunquam
375 1234 497 1266 factum
521 1243 590 1265 esse
613 1241 710 1275 patet.

234 1280 255 1323 5
282 1280 333 1317 16.
353 1279 528 1317 Sedecim
544 1279 570 1310 si
586 1279 760 1321 antiquitas
777 1278 935 1310 librorum
952 1276 1057 1307 maior
1073 1286 1090 1306 a
1107 1282 1196 1317 parte
1211 1282 1272 1306 ter-
1298 1307 1299 1310 ,

178 1323 366 1357 mcffiis
381 1331 487 1362 staret,
511 1324 662 1355 nondum
682 1330 871 1365 sequeretur
893 1327 1020 1354 textum
1047 1321 1170 1362 primae
1196 1320 1274 1351 clas·

179 1371 224 1402 sis
258 1377 347 1403 textu
385 1369 495 1402 tertiae
526 1369 690 1400 iuniorem
720 1378 798 1400 esse.
831 1367 1026 1406 Quinimmo
1057 1367 1090 1398 in
1120 1365 1272 1397 varietate

178 1415 330 1448 elusium
354 1415 395 1446 ab
418 1413 557 1447 invicem
581 1414 656 1446 talia
680 1414 799 1445 adsunt
817 1413 1054 1455 phaenomena,
1080 1421 1118 1443 ex
1141 1411 1272 1454 quibus,

178 1468 291 1493 nomo
314 1460 429 1492 saltem
451 1458 584 1496 iudicio,
608 1469 719 1490 eruere
739 1458 847 1495 liceat,
873 1463 998 1490 tex-turn
1016 1457 1139 1499 primae
1163 1455 1273 1488 classis

177 1507 244 1539 iant
267 1506 414 1539 extirisu
429 1505 563 1546 quaudo
579 1505 656 1536 libri
674 1514 712 1536 ex
727 1504 820 1536 tertia
835 1504 1023 1545 superstites
1039 1502 1271 1534 scribebantur.

177 1550 302 1591 Quanti
325 1549 484 1583 momenti
500 1549 564 1581 sint
585 1550 811 1591 phaenomena
827 1550 867 1580 de
888 1549 1008 1592 quibus
1030 1549 1147 1590 agitur,
1172 1556 1272 1578 nemo

176 1603 251 1639 agat
270 1596 394 1634 decern
418 1596 560 1638 ideoque
584 1596 744 1627 nonnulla
775 1595 1064 1628 considerabimus.
1087 1593 1124 1625 ln
1149 1602 1273 1624 memo·

175 1642 260 1676 riam
278 1651 470 1674 revocamus
485 1641 608 1678 lectori,
625 1642 716 1684 quod
741 1640 847 1672 maior
861 1640 1036 1682 antiquitas
1052 1639 1150 1671 unius
1166 1645 1272 1670 textus

175 1697 254 1731 prae
275 1687 378 1720 altero
402 1686 610 1731 cognoscitur
633 1697 691 1728 per
714 1687 984 1728 interpolationes
1007 1692 1039 1717 et
1051 1684 1168 1727 falsas
1201 1693 1273 1715 cor-

175 1734 337 1767 rectiones
360 1733 394 1764 in
417 1733 572 1764 alterutro
596 1732 816 1764 obvenientes.
842 1732 910 1763 Has
934 1730 1093 1763 invenisse
1110 1729 1272 1761 credimus

175 1779 210 1812 in
233 1785 323 1812 textu
347 1778 458 1810 tertiae
482 1777 602 1809 classis.

232 1823 276 1857 Er
297 1825 339 1856 ad
362 1823 631 1865 interpolationes
654 1823 789 1864 quidem
812 1822 903 1864 quod
928 1822 1052 1858 attinet,
1077 1829 1196 1851 novem
1221 1829 1273 1850 ea-

176 1880 251 1903 rum
274 1870 308 1901 in
332 1869 434 1901 Praef.
453 1869 526 1900 Vol.
553 1869 595 1900 lx
620 1878 692 1910 pag.
717 1878 737 1899 x
768 1879 792 1900 1.
818 1867 880 1899 col.
906 1867 971 1898 ima
995 1865 1191 1898 notavimus.
1209 1865 1272 1896 Hie

175 1915 351 1948 nonnullas
375 1921 559 1956 repetemus
584 1922 620 1946 ut
643 1913 755 1945 lectori
779 1920 907 1954 praesto
932 1912 1047 1943 adsint.

234 1961 271 1993 ln
290 1961 356 2000 Qu.
372 1970 496 1992 Lxxxvn
512 1965 571 1990 art.
588 1970 599 1990 1
617 1969 635 1990 2
653 1969 718 1999 arg.
737 1959 827 1990 tertia
843 1957 952 1989 classis
968 1957 1044 1998 legit
1060 1956 1121 1987 sic:
1151 1971 1163 1984 ι
1180 1955 1271 1997 quod

176 2006 340 2039 Dominus
365 2006 404 2037 de
428 2005 562 2037 decimis
581 2005 658 2036 dicit
674 2004 788 2036 Matth.
806 2012 894 2035 xxur:
913 2003 980 2034 Vae
1005 2001 1097 2033 vobis
1114 2000 1192 2043 quia
1216 2000 1271 2031 de—

175 2051 301 2084 cimatis
325 2050 425 2082 vitam
439 2057 576 2082 etcetera
593 2050 655 2082 hoc
679 2049 826 2091 oportuit
841 2055 977 2080 etcetera
1002 2048 1115 2083 facere,
1133 2047 1174 2078 ad
1191 2053 1270 2077 tem-

176 2107 239 2140 pus
255 2095 464 2138 praeteritum
489 2095 600 2137 legalis
620 2095 842 2126 observantiae
866 2094 1069 2125 referendum
1093 2091 1221 2123 videtur
1240 2105 1269 2123 ›.

177 2143 290 2184 Longe
312 2142 376 2174 hoc
404 2150 452 2174 est
474 2151 492 2173 a
516 2141 618 2172 modo
649 2141 768 2172 citandi
792 2141 824 2172 S.
845 2140 1007 2171 Thomae.
1039 2138 1151 2176 Quam
1175 2137 1271 2178 plene

176 2188 246 2220 eius
270 2187 521 2220 concinnitatem
545 2186 640 2218 lectio
665 2186 788 2227 primae
813 2185 921 2217 classis
945 2182 1110 2225 exprimit!
1139 2197 1152 2211 ‹
1168 2183 1270 2220 Quod

175 2233 339 2265 Dominus
363 2233 403 2264 de
435 2231 569 2263 decimis
593 2231 670 2262 dicit
693 2230 806 2263 Matth.
833 2239 924 2262 xxm:
950 2230 1028 2261 haec
1052 2230 1199 2270 oportuit
1223 2227 1270 2259 fa·

175 2288 256 2315 cere,
269 2278 310 2310 ad
325 2285 455 2319 tempus
468 2276 676 2318 praeteritum
691 2276 803 2318 legalis
815 2275 1038 2307 observantiae
1050 2287 1064 2303 ›
1084 2282 1144 2305 etc.
1162 2274 1269 2312 Quae—

173 2333 252 2355 nam
275 2323 340 2355 sint
371 2335 387 2351 ι
406 2323 485 2354 haec
504 2335 518 2350 »
532 2346 540 2358 ,
572 2332 657 2364 quae
692 2336 705 2350 ι
725 2321 872 2363 oportuit
895 2321 1000 2353 facere
1018 2333 1052 2356 ι»,
1077 2319 1269 2351 determina-

173 2376 245 2401 tum
268 2376 317 2400 est
338 2378 397 2410 per
429 2382 443 2397 ‹
459 2368 499 2399 de
524 2367 655 2399 decimis
670 2380 699 2404 ι,
724 2369 780 2399 sed
796 2367 1008 2408 interpolator
1032 2375 1070 2397 ex
1094 2365 1168 2396 loco
1185 2366 1269 2396 Mat·
1294 2406 1295 2409 Ἴ

171 2413 258 2446 thaei
282 2423 320 2446 ea
343 2422 428 2455 quae
445 2413 485 2443 ad
513 2427 527 2442 α
546 2413 610 2444 hoc
629 2426 643 2440 »
671 2411 866 2445 referrentur
885 2411 1056 2455 quaesivit.
1080 2411 1197 2442 Lector
1212 2421 1270 2452 per

173 2469 207 2490 se
237 2458 428 2491 intellexerit
457 2459 556 2490 vitam
586 2468 644 2500 per
672 2458 939 2500 interpolatorem
972 2457 1130 2498 scriptum
1169 2456 1268 2487 fuisse

172 2504 286 2543 v‘n'tavn,
310 2504 393 2536 idest
416 2504 582 2535 mentham
594 2511 607 2542 ;
631 2504 720 2545 prius
744 2509 886 2536 etcetera
910 2503 1040 2544 respicit
1063 2502 1160 2533 verba
1187 2502 1268 2533 Mat-

172 2550 269 2587 thaei,
296 2563 312 2579 c
329 2556 360 2582 et
383 2549 540 2580 anethum
565 2557 597 2580 et
621 2549 789 2591 cyminum
812 2557 844 2586 »3
870 2549 1009 2580 alterum
1026 2553 1168 2579 eecetera
1193 2555 1269 2589 post

160 2595 286 2639 facere
309 2596 349 2626 ab
373 2595 491 2626 eodem
515 2594 661 2635 positum
685 2594 784 2626 fuisse
809 2594 883 2636 plus
899 2604 1000 2635 quam
1017 2592 1185 2634 probabile
1209 2600 1267 2631 est,

172 2641 228 2674 ubi
252 2640 360 2672 innuit
385 2653 400 2669 α
420 2648 453 2672 et
475 2640 531 2671 illa
555 2649 622 2671 non
646 2639 797 2672 omittere
815 2648 848 2677 »;
872 2649 941 2681 quo
959 2640 1035 2671 loco
1051 2639 1085 2670 in
1101 2638 1268 2670 codicibus

171 2686 318 2729 positum
343 2692 400 2723 est,
425 2685 467 2717 ibi
494 2685 573 2716 nihil
596 2685 735 2716 omnino
761 2683 930 2726 significat.
961 2685 1080 2716 Nonne
1111 2685 1211 2715 vitam
1236 2691 1268 2716 et

170 2732 258 2764 istud
289 2736 430 2764 etcetera
454 2731 572 2762 iterum
597 2731 750 2770 probant,
773 2730 921 2761 librarios
950 2730 1166 2762 correctiones
1193 2739 1267 2760 raro

171 2777 291 2814 nitide,
323 2784 354 2808 et
378 2784 416 2808 ut
441 2787 459 2807 a
493 2783 674 2807 correctore
705 2776 846 2807 intentae
873 2783 973 2812 erant,
1003 2775 1104 2807 textui
1128 2775 1267 2806 inserere

171 2820 287 2865 posse?
310 2822 373 2853 Pro
393 2822 434 2853 de
457 2821 592 2853 decimis
616 2820 835 2852 Atrebatensis
851 2821 961 2852 scribit
983 2821 1024 2852 de
1047 2821 1174 2858 ceteris,
1199 2821 1266 2852 Ma-

170 2867 319 2900 zarineus
343 2868 496 2899 decentis.
521 2867 640 2898 Nonne
661 2866 834 2907 descriptio
858 2876 896 2897 ex
919 2866 1109 2907 apographo
1126 2876 1143 2896 a
1159 2873 1266 2897 tantae

171 2913 247 2945 artis
271 2912 401 2944 librario
418 2911 575 2947 confecta,
593 2912 772 2943 necessario
790 2911 885 2952 plena
902 2912 1064 2943 erroribus
1088 2911 1181 2942 novis
1197 2921 1267 2942 esse

260 2958 270 2989 i
294 2956 305 2989 ?

172 2959 285 3035 debxdt
303 3003 392 3034 idem
415 3012 518 3044 genus
542 3002 680 3043 pertinet
702 3001 910 3042 interpolatio
935 3002 1000 3040 Qu.
1025 3011 1137 3032 cxxxix
1161 3009 1219 3034 art.
1243 3013 1266 3034 ιι

178 3060 188 3080 ι
217 3057 301 3090 arg.:
330 3061 346 3076 ‹
364 3047 454 3078 Nihil
478 3047 565 3078 enim
590 3047 681 3088 quod
706 3047 897 3088 prohibetur
919 3047 953 3077 in
978 3047 1047 3087 lege
1078 3047 1186 3078 divina
1219 3055 1267 3078 est
1290 3079 1291 3082 ,

137 3091 141 3095 ’
170 3093 307 3126 licitum.
320 3093 383 3125 Sed
400 3093 620 3124 iuramentum
633 3093 824 3133 prohibetur
838 3092 872 3123 in
885 3092 954 3132 lege
971 3092 1079 3122 divina
1095 3092 1209 3124 Matth.
1226 3102 1263 3124 v:

172 3139 244 3180 Ego
261 3139 334 3171 dico
350 3138 442 3169 vobis
458 3148 525 3168 non
541 3138 646 3168 iurare
668 3137 821 3174 omnino;
847 3145 878 3169 et
895 3138 955 3168 lac.
980 3148 1000 3167 v
1024 3137 1154 3168 dicitur:
1179 3141 1264 3169 Ante

172 3184 294 3221 omnia,
317 3183 428 3215 fratres
452 3183 528 3218 mei.
553 3183 654 3214 nolite
677 3183 781 3214 iurare
799 3196 827 3214 ι.
857 3183 962 3214 Verba
986 3182 1117 3213 maioris
1141 3193 1264 3224 propo·
1289 3198 1290 3203 =

172 3228 299 3260 sitionis
326 3228 505 3271 syllogismi
529 3230 562 3259 in
587 3229 662 3270 lege
683 3229 796 3260 divina
819 3228 852 3259 in
877 3227 996 3259 minori
1030 3227 1193 3268 superflue
1216 3239 1263 3260 re-
1289 3236 1290 3266 j

173 3280 336 3314 petuntur,
361 3284 438 3305 nam
461 3274 505 3305 ibi
529 3283 587 3315 per
619 3274 820 3305 Matthaeum
844 3280 875 3304 et
899 3274 1054 3304 Iacobum
1085 3273 1199 3304 citatos
1223 3283 1263 3305 eo
1288 3308 1290 3313 f

1288 3315 1290 3330 ³
1317 3323 1390 3349 reat
1413 3317 1549 3359 figuram
1574 3316 1734 3349 ostendit?
1758 3319 1849 3349 Prior
1873 3328 1946 3359 pars
1969 3318 2053 3349 abho
2076 3336 2097 3342 —
2122 3328 2189 3349 non
2209 3329 2269 3360 pro
2290 3319 2341 3351 1ιὸ
2356 3321 2406 3351 vel

173 3319 246 3360 ipso
262 3319 495 3359 exprimuntur.
513 3319 597 3355 Hoc,
615 3320 722 3356 credo,
740 3319 870 3350 evidens
891 3325 940 3350 est
958 3328 1016 3359 per
1031 3327 1080 3354 se;
1107 3325 1137 3350 et
1154 3326 1263 3350 tamen

173 3363 303 3394 evidens
318 3363 415 3394 etiam
431 3371 488 3401 est,
503 3363 770 3405 interpolatorem
787 3364 908 3406 aliquid
924 3363 1102 3395 desiderare
1118 3364 1262 3405 potuisse
1288 3392 1289 3400 ἶ

173 3419 241 3450 quo
265 3408 374 3439 minor
395 3409 510 3440 maiori
534 3417 775 3451 coaequaretur.

231 3454 266 3484 ln
291 3452 404 3484 eadem
420 3454 485 3491 Qu.
503 3461 561 3486 art.
584 3465 628 3485 vn
652 3465 740 3496 corp.
765 3454 836 3485 fin.:
866 3454 1115 3485 «iuramentum
1132 3464 1199 3484 non
1215 3461 1263 3485 est

173 3498 368 3530 servandum
391 3497 424 3528 iu
449 3508 489 3529 eo
520 3509 595 3530 casu
619 3509 688 3540 quo
712 3507 760 3530 est
782 3507 952 3540 peccatum
983 3500 1034 3530 vel
1057 3499 1135 3530 boni
1159 3499 1262 3540 impe-

173 3543 328 3574 ditivum:
354 3543 535 3574 secundum
568 3544 656 3575 enim
683 3545 904 3585 Augustinum
936 3551 1112 3585 utrumque
1143 3544 1262 3575 horum

172 3588 275 3628 vergit
298 3588 342 3619 in
356 3587 548 3618 deteriorem
572 3588 693 3620 exitum
712 3602 742 3621 υ.
767 3591 989 3631 Augus-tinum
1022 3589 1190 3621 manifesta
1214 3589 1261 3620 in-

173 3633 345 3674 terpolatio
371 3640 426 3669 est,
447 3643 514 3663 non
539 3634 648 3664 solum
664 3634 740 3675 quia
765 3635 967 3676 Augustinus
983 3635 1097 3665 nullibi
1118 3635 1180 3665 hoc
1204 3635 1261 3665 ha-

173 3679 244 3716 bet,
269 3679 326 3710 sed
350 3678 446 3709 etiam
471 3685 502 3709 et
525 3678 698 3719 praecipue
721 3679 798 3720 quia
828 3680 1009 3711 subiectum
1040 3679 1127 3710 verbi
1154 3681 1262 3721 vergit

2384 261 2420 286 Xl

1333 328 1427 358 debet
1451 337 1519 358 esse
1544 328 1784 359 iuramentum:
1798 329 1978 360 secundum
1996 330 2083 360 enim
2101 336 2276 372 utrumque
2291 333 2420 370 horum,

1332 372 1454 404 scilicet
1484 373 1665 404 secundum
1688 373 1779 415 quod
1807 373 2025 405 iuramentum
2059 383 2228 415 peccatum
2248 385 2294 408 est
2319 386 2349 408 et
2373 388 2418 409 se-

1332 418 1478 449 cundum
1501 418 1592 459 quod
1616 418 1693 449 boni
1722 418 1949 459 impeditivum
1981 427 2043 457 est,
2072 422 2290 453 iuramentum
2322 424 2421 464 vergit

1330 463 1364 494 in
1388 462 1534 503 peiorem
1558 463 1689 494 exitum.
1717 463 1904 495 lntroducto
1927 466 2150 506 Augustinum
2176 467 2299 508 phrasis
2324 479 2418 500 sensu

1331 517 1362 539 et
1386 515 1546 539 structura
1570 515 1723 540 mutatur.

1386 552 1459 583 Alia
1482 553 1688 594 interpolatio
1709 554 1846 586 occurrit
1863 555 1928 592 Qu.
1953 565 2077 586 Lxxxvn
2102 564 2158 588 art.
2184 568 2215 588 ιν
2239 559 2279 588 ad
2307 560 2346 595 3.,
2364 560 2419 591 ubi

1329 597 1361 629 S.
1375 597 1522 629 Thomas
1545 599 1681 639 probare
1705 600 1851 636 intendit,
1869 600 1969 641 quod,
1994 601 2077 632 sicut
2100 602 2228 634 Levitae
2253 604 2420 636 solvebant

1330 653 1462 674 summo
1494 644 1651 676 sacerdoti
1682 645 1841 676 decimam
1866 645 2024 682 decimae,
2054 646 2097 677 ita
2125 657 2212 679 nunc
2235 650 2348 680 eadem
2373 661 2419 681 ra-

1329 687 1416 719 tione
1441 689 1545 720 clerici
1561 697 1711 721 tenentur
1727 690 1865 722 Summo
1881 690 2030 722 Pontifici
2046 692 2187 724 decimas
2211 694 2295 731 dare,
2313 696 2338 726 si
2356 696 2419 726 exi-

1327 741 1424 773 geret.
1439 733 1626 766 Secundum
1642 735 1815 767 lectionem
1832 736 1941 768 tertiae
1962 737 2070 768 classis
2086 747 2315 778 argumentum
2331 741 2420 772 audit

1328 778 1387 809 sic:
1423 792 1437 806 α
1454 780 1614 811 Naturalis
1640 781 1727 812 enim
1743 781 1824 812 ratio
1850 781 1947 812 dictat
1971 789 2007 813 ut
2030 782 2087 820 illi,
2113 783 2169 825 qui
2189 784 2285 816 habet
2309 796 2418 817 curam

1328 823 1520 862 animarum,
1539 826 1578 856 de
1602 826 1771 857 communi
1796 826 2013 858 multitudinis
2038 826 2276 870 (saecularium
2302 836 2333 862 et
2356 832 2419 863 cle-

1327 869 1489 911 ricorum)
1514 877 1598 901 statu
1615 869 1818 912 (temporali,
1835 874 1891 913 qui
1908 874 2053 913 pecunia
2070 876 2179 906 metiri
2196 875 2320 918 potest)
2346 887 2419 918 pro-

1328 913 1473 946 videatur
1490 916 1576 946 unde
1592 917 1695 956 possit
1711 917 1825 958 exequi
1849 928 1884 948 ea
1909 928 1992 959 quae
2009 919 2169 959 pertinent
2200 921 2240 951 ad
2272 931 2419 953 commu—

1328 968 1403 991 nem
1433 959 1670 1002 (saecularium
1689 967 1719 992 et
1735 962 1947 1004 clericorum)
1973 964 2110 995 salutem
2129 978 2156 996 ι».
2181 966 2288 997 Prima
2313 967 2420 999 classis

1328 1014 1394 1035 non
1428 1005 1524 1036 habet
1539 1007 1739 1043 animarum,
1757 1017 1824 1047 quo
1840 1008 1975 1049 dempto
2000 1009 2206 1041 enuntiatum
2230 1011 2293 1043 hoc
2317 1013 2419 1044 modo

1327 1049 1538 1080 construitur:
1568 1065 1582 1078 ‹
1597 1051 1759 1082 Naturalis
1783 1052 1871 1082 enim
1891 1053 1972 1084 ratio
1989 1053 2087 1085 dictat
2111 1062 2146 1086 ut
2169 1055 2225 1092 illi,
2242 1057 2298 1098 qui
2325 1058 2420 1090 habet

1327 1103 1439 1125 curam
1464 1095 1504 1125 de
1528 1096 1696 1127 communi
1727 1096 1944 1128 multitudinis
1969 1096 2208 1139 (saecularium
2233 1107 2264 1133 et
2287 1103 2420 1135 clerico-

1327 1138 1419 1181 rum)
1443 1147 1527 1171 statu
1544 1138 1756 1183 (spirituah),
1782 1142 1990 1182 provideatur
2015 1145 2100 1175 unde
2125 1146 2228 1185 possit
2252 1149 2365 1189 exequi
2383 1159 2420 1180 ea

1327 1194 1411 1225 quae
1435 1185 1595 1225 pertinent
1619 1186 1659 1216 ad
1675 1196 1887 1218 communem
1909 1186 2145 1230 (saecularium
2162 1197 2193 1222 et
2208 1192 2419 1235 clericorum)

1327 1229 1465 1261 salutem
1484 1242 1513 1261 ›.
1544 1230 1729 1263 Differentia
1758 1232 1937 1264 lectionum
1965 1234 1998 1265 in
2025 1235 2155 1267 duobus
2186 1237 2354 1269 consistit:
2387 1239 2419 1270 in

1325 1274 1465 1306 lectione
1492 1275 1604 1307 tertiae
1633 1276 1742 1308 classis
1773 1277 1930 1310 Summus
1962 1279 2110 1311 Pontifex
2143 1280 2296 1314 definitur
2334 1298 2348 1312 α
2364 1285 2419 1326 qui

1326 1319 1422 1351 habet
1447 1330 1558 1352 curam
1583 1321 1765 1352 animarum
1784 1336 1813 1359 1»,
1838 1324 1929 1365 quod
1953 1325 2054 1356 cuivis
2079 1326 2222 1366 parocho
2253 1330 2419 1366 convenit;

1325 1364 1359 1395 in
1383 1365 1487 1406 prima
1503 1376 1581 1397 vero
1608 1379 1623 1395 ε
1643 1367 1699 1408 qui
1716 1367 1812 1399 habet
1833 1379 1943 1400 curam
1961 1371 2000 1401 de
2017 1371 2185 1403 communi
2202 1373 2421 1406 multitudinis

1326 1417 1410 1442 statu
1430 1423 1459 1448 »‚
1483 1412 1575 1453 quod
1605 1412 1667 1443 soli
1691 1412 1850 1445 Pontifici.
1883 1414 1983 1446 Porro
2013 1416 2045 1447 in
2070 1417 2209 1448 lectione
2233 1419 2343 1450 tertiae
2368 1430 2420 1451 ex—

1326 1465 1434 1496 presse
1458 1456 1639 1497 assignatur
1662 1458 1832 1490 thesaurus
1857 1460 1943 1491 unde
1967 1461 2115 1493 Pontifici
2142 1463 2345 1504 provisiones
2376 1465 2421 1496 af-

1326 1499 1449 1533 fluent:
1490 1517 1504 1531 ‹
1526 1503 1565 1533 de
1597 1504 1766 1534 communi
1799 1505 2018 1537 multitudinis
2048 1514 2133 1538 statu
2158 1509 2367 1549 provideatur
2385 1521 2420 1547 »;

1326 1546 1359 1577 in
1384 1547 1488 1588 prima
1513 1547 1587 1578 fons
1611 1558 1678 1580 non
1709 1559 1856 1590 expresse
1876 1551 2065 1591 assignatur.
2091 1553 2178 1590 ldeo,
2196 1554 2222 1584 si
2246 1555 2336 1586 tertia
2361 1566 2420 1597 pro

1326 1601 1441 1623 curam
1469 1594 1657 1625 animarum
1680 1594 1824 1635 legisset:
1849 1605 1964 1627 curam
1987 1597 2028 1629 de
2051 1601 2216 1630 communi
2238 1601 2358 1639 salute,
2376 1602 2421 1634 sic

1325 1644 1356 1669 et
1374 1648 1434 1669 nos
1456 1638 1657 1679 legissemus,
1675 1641 1838 1672 credentes
1859 1641 1892 1672 in
1909 1649 2087 1685 prototypo
2103 1644 2226 1685 primae
2242 1645 2351 1678 classis
2367 1647 2420 1678 de-

1325 1683 1425 1715 fuisse
1449 1684 1700 1716 homoteleuton
1728 1686 1836 1718 salute
1859 1687 1900 1718 de
1922 1690 2097 1720 communi.
2116 1689 2178 1721 Sed
2204 1691 2325 1723 inserto
2349 1694 2419 1724 ani-

1326 1739 1456 1761 marum
1488 1730 1584 1762 lectio
1608 1740 1675 1762 non
1700 1730 1736 1762 fit
1760 1732 1885 1769 melior,
1911 1741 1942 1765 et
1965 1734 2088 1774 primae
2112 1736 2220 1767 classis
2243 1737 2368 1775 lacuna,
2395 1739 2420 1770 si

1325 1784 1410 1816 quae
1434 1774 1484 1811 sit,
1511 1785 1578 1806 non
1603 1777 1758 1817 expletur.

1382 1820 1552 1852 Lectiones
1576 1822 1686 1853 tertiae
1701 1822 1810 1853 classis
1834 1833 1915 1864 quas
1938 1823 2107 1866 hucusque
2133 1826 2419 1865 consideravimus,

1325 1866 1351 1896 si
1381 1875 1448 1897 non
1477 1873 1553 1897 sunt
1581 1866 1807 1908 interpolatae,
1838 1869 1895 1898 sed
1924 1869 2034 1909 potius
2069 1871 2239 1911 genuinae,
2274 1873 2420 1914 sequitur

1324 1911 1416 1952 quod
1439 1911 1594 1942 lectiones
1619 1912 1741 1953 primae
1766 1923 1823 1954 per
1853 1913 2020 1945 librarium
2049 1923 2209 1947 errantem
2234 1917 2284 1948 vel
2315 1928 2418 1950 corre-

1325 1963 1448 1987 ctorem
1473 1965 1562 1989 ortae
1589 1957 1663 1990 sint.
1695 1958 1737 1990 Et
1761 1965 1838 1990 tunc
1867 1959 2000 2000 quidem
2030 1961 2186 1992 lectiones
2218 1963 2418 1996 authenticas

1325 2002 1513 2034 calumniati
1538 2012 1666 2039 sumus;
1691 2003 1885 2035 inconsueto
1913 2012 2022 2036 tamen
2046 2007 2148 2038 modo
2173 2008 2346 2049 contigisse
2364 2011 2418 2041 de-

1325 2048 1395 2084 bet,
1427 2055 1463 2079 ut
1494 2055 1598 2079 textus
1630 2048 1662 2080 S.
1691 2049 1842 2080 Thomae
1873 2051 2100 2092 corruptione,
2132 2053 2183 2083 vel
2220 2054 2417 2087 correctione

1323 2093 1438 2129 aliena,
1463 2093 1584 2124 nedum
1610 2093 1766 2126 iacturam
1800 2105 1924 2135 passus,
1949 2096 2066 2128 melior
2090 2104 2120 2128 et
2149 2097 2180 2128 S.
2199 2098 2348 2131 Thomae
2374 2101 2418 2132 di-

1323 2138 1418 2178 gnior
1439 2137 1542 2169 factus
1558 2138 1607 2170 sit.
1633 2138 1696 2171 Sed
1721 2147 1921 2171 transeamus
1945 2142 1985 2172 ad
2002 2142 2294 2175 considerationem
2317 2145 2416 2177 trium

1323 2184 1484 2220 locorum,
1502 2183 1558 2214 ubi
1584 2192 1688 2215 textus
1711 2185 1821 2216 tertiae
1846 2186 1953 2217 classis
1978 2186 2092 2218 falsam
2116 2188 2348 2220 correctionem
2371 2201 2418 2222 er-

1323 2239 1436 2260 rorum
1461 2229 1583 2270 primae
1608 2230 1777 2262 ostendere
1801 2230 1936 2263 videtur.
1954 2232 2136 2264 Secundam
2154 2233 2288 2265 classem
2307 2243 2337 2267 et
2354 2236 2417 2268 sin-

1323 2275 1420 2316 gulos
1444 2274 1571 2306 codices
1596 2275 1640 2306 rei
1664 2275 1872 2307 illustrandae
1896 2287 1992 2308 causa
2017 2279 2227 2310 adducemus.

1381 2320 1508 2351 Primus
1539 2320 1632 2351 locus
1666 2321 1791 2353 obtinet
1819 2322 1884 2360 Qu.
1908 2333 1951 2353 ιιι
1975 2331 2032 2355 art.
2058 2335 2068 2354 1
2095 2333 2112 2355 2
2139 2333 2222 2365 arg.:
2251 2338 2264 2353 α
2286 2325 2319 2357 Si
2343 2327 2416 2368 quis

1323 2365 1420 2396 etiam
1436 2375 1470 2396 se
1487 2366 1739 2403 circumcideret,
1757 2367 1807 2398 vel
1827 2368 2014 2408 sepulcrum
2030 2369 2209 2401 Mahumeti
2229 2371 2416 2410 abhorreat,

1323 2418 1470 2452 apostata
1494 2419 1695 2452 reputaretur
1715 2426 1743 2443 ι.
1770 2413 1815 2444 lta
1840 2413 1962 2454 primae
1987 2414 2095 2445 classis
2112 2415 2255 2456 primurn
2281 2427 2416 2458 apogra-

1322 2457 1437 2497 phum.
1465 2457 1499 2488 In
1524 2465 1591 2489 tota
1616 2458 1786 2489 traditione
1812 2459 2030 2500 manuscripta
2055 2459 2212 2492 variantes
2232 2461 2276 2492 sic
2300 2461 2415 2495 iacent.

1385 2513 1411 2533 1.
1436 2503 1612 2534 abhorreat
1629 2503 1740 2544 viginti
1757 2504 1902 2546 quinque
1919 2504 2054 2546 antiqui,
2073 2514 2148 2538 octo
2170 2506 2277 2543 medii,
2295 2517 2415 2540 novem

1322 2555 1466 2580 recentes
1490 2548 1613 2589 primae
1638 2549 1766 2586 classis;

1381 2603 1411 2625 2.
1435 2594 1593 2625 adoraret
1623 2594 1770 2636 quinque
1801 2594 1942 2636 antiqui,
1968 2602 2092 2636 septem
2121 2597 2235 2634 medii,
2261 2598 2413 2629 undecim

1321 2647 1464 2671 recentes
1489 2639 1612 2680 primae
1637 2639 1762 2676 classis,
1788 2640 1900 2671 decem
1925 2640 2085 2681 margines
2111 2641 2206 2684 (idest
2230 2642 2341 2674 decem
2366 2654 2413 2674 se-

1320 2685 1445 2716 cundae
1470 2684 1613 2728 manus),
1639 2685 1780 2716 secunda
1797 2685 1916 2722 classis,
1934 2696 2019 2716 unus
2035 2696 2144 2717 recens
2161 2687 2270 2718 tertiae
2287 2688 2411 2725 classis;

1380 2730 1410 2761 3.
1434 2730 1613 2762 honoraret
1628 2731 1695 2761 duo
1712 2738 1854 2762 recentes
1873 2730 1994 2772 primae
2011 2731 2129 2768 classis,
2151 2732 2217 2763 duo
2243 2733 2412 2773 margines,

1321 2775 1410 2806 tertia
1435 2775 1544 2806 classis
1568 2777 1698 2807 duobus
1721 2776 1809 2807 libris
1834 2777 1989 2817 exceptis;

1379 2830 1411 2861 4.
1437 2821 1615 2852 honoraret
1639 2822 1815 2853 abhorreat
1838 2832 1923 2853 unus
1948 2831 2057 2853 recens
2082 2822 2205 2862 primae
2230 2823 2354 2860 classis;

1380 2867 1409 2897 5.
1434 2867 1624 2898 adoraverit
1647 2867 1699 2898 vel
1719 2867 1896 2899 honoraret
1922 2877 2005 2898 unus
2022 2876 2132 2898 recens
2156 2867 2265 2898 tertiae
2291 2868 2411 2900 classis.

1377 2912 1489 2942 Lectio
1516 2922 1546 2944 2.
1571 2918 1642 2943 orta
1673 2918 1720 2942 est
1744 2912 1958 2949 correctione,
1983 2911 2059 2954 quia
2085 2912 2211 2943 codices
2236 2913 2268 2943 in
2293 2913 2410 2954 quibus

1319 2956 1453 2993 obtinet,
1479 2957 1615 2988 redeunt
1638 2957 1678 2987 ad
1702 2957 1846 2998 primum
1877 2957 2103 2998 apographum
2128 2957 2250 2998 primae
2283 2959 2409 2996 classis,

1317 3002 1459 3044 ideoque
1478 3002 1538 3033 nisi
1555 3009 1751 3034 correctores
1768 3003 1950 3044 interpositi
1966 3002 2102 3034 fuissent
2122 3003 2274 3043 legissent
2290 3004 2408 3034 abhor-

1318 3053 1405 3084 reat,·
1420 3047 1474 3078 ille
1491 3057 1576 3078 unus
1589 3057 1698 3079 recens
1714 3048 1824 3079 tertiae
1847 3048 2036 3079 intemerata
2052 3048 2267 3089 descriptione
2283 3048 2410 3088 legisset

1317 3093 1506 3124 honoraret.
1532 3092 1702 3124 Lectiones
1725 3103 1757 3134 4.
1778 3095 1805 3125 5.
1824 3100 2038 3124 correctorem
2058 3093 2121 3124 iam
2143 3103 2199 3133 per
2215 3103 2248 3124 se
2271 3094 2408 3125 demon-

1317 3145 1427 3177 strant.
1453 3138 1564 3169 Lectio
1596 3149 1620 3169 ι.
1647 3149 1714 3169 non
1739 3147 1805 3170 erat
1828 3139 1862 3169 in
1887 3139 2100 3179 autographo,
2125 3139 2182 3169 sed
2205 3146 2253 3169 est
2276 3138 2408 3171 simula-

1318 3193 1410 3214 crum
1438 3183 1526 3214 verbi
1557 3183 1760 3224 autographi.
1794 3183 1964 3214 Lectiones
1991 3194 2019 3214 2.
2048 3184 2075 3215 3.
2097 3193 2164 3214 non
2192 3191 2282 3215 erant
2309 3183 2408 3216 simul

1317 3228 1431 3259 ambae
1455 3228 1488 3258 in
1512 3228 1726 3269 autographo,
1744 3229 1799 3259 sed
1824 3229 1988 3260 alterutra:
2007 3228 2060 3259 illa
2077 3228 2196 3259 scilicet
2215 3238 2299 3270 quae
2323 3231 2407 3261 male

1316 3273 1397 3304 lecta
1421 3273 1596 3304 abhorreat
1611 3274 1710 3304 videri
1736 3281 1851 3313 potest.
1870 3273 1973 3305 Cuius
1996 3281 2105 3304 autern
2122 3273 2268 3305 lectionis
2292 3274 2408 3306 abhor-

1317 3364 1416 3394 hono-
1433 3363 1558 3403 legitur,
1572 3364 1627 3394 sed
1640 3373 1699 3403 pro
1712 3363 1797 3394 adho
1809 3381 1842 3394 -.
1863 3363 1940 3394 Post
1954 3363 2050 3394 abho-
2066 3364 2407 3405 compendium—rare!

1317 3408 1469 3439 facillime
1501 3408 1676 3448 explicatur
1704 3413 1829 3439 -rreat.
1860 3409 1966 3449 Ergo,
1992 3409 2172 3440 secundum
2197 3419 2233 3439 ea
2257 3420 2340 3451 quae
2371 3411 2404 3441 in

1317 3453 1581 3493 corruptionibus
1612 3453 1868 3494 transcriptionis
1891 3461 1927 3484 ut
1957 3453 2137 3494 plurimum
2168 3454 2334 3494 accidunt,
2351 3456 2404 3486 ab·

1316 3499 1451 3529 horreat
1474 3498 1641 3539 corruptio
1663 3505 1710 3529 est
1734 3508 1794 3539 pro
1818 3499 2015 3538 adhoraret,
2043 3509 2110 3530 non
2130 3510 2190 3540 pro
2215 3500 2403 3532 honoraret.

1317 3544 1513 3580 Econverso,
1537 3544 1717 3574 secundum
1735 3553 1771 3574 ea
1795 3544 1927 3585 quaein
1947 3544 2200 3576 correctionibus
2218 3552 2254 3575 ut
2277 3545 2309 3575 in
2330 3545 2402 3586 plu-

1316 3589 1403 3620 ribus
1433 3589 1591 3625 accidunt,
1616 3589 1792 3620 honoraret
1808 3589 1964 3622 correctio
1989 3596 2045 3626 est,
2063 3590 2102 3620 ad
2119 3600 2250 3621 sensum
2269 3590 2400 3626 intenta,

1316 3634 1462 3665 habitum
1494 3634 1608 3665 erroris
1642 3644 1709 3664 non
1740 3644 1878 3665 servans.
1909 3634 2008 3672 Quod
2040 3635 2180 3665 secunda
2205 3642 2236 3666 et
2259 3642 2307 3666 tot
2330 3635 2399 3665 libri

1316 3679 1439 3720 primae
1471 3679 1578 3710 classis
1612 3689 1679 3710 rem
1710 3689 1769 3710 acu
1795 3679 1976 3719 tetigerunt,
2001 3679 2128 3710 difficile
2153 3686 2219 3711 erat
2243 3690 2309 3710 non
2334 3687 2402 3710 tan-
