2768 4198
0 1687 5 1704 -v
0 1352 10 1672 —-rvw-—wvw-‚——>v
0 1323 4 1337 -v
0 1300 2 1302 <

71 1252 85 1265 ⁸
96 1252 134 1276 Cf.
148 1258 213 1275 nnn.
228 1257 254 1274 ιι.

934 281 1202 327 QUAESTIO
1233 281 1481 328 CLXXXIV,
1511 282 1808 319 ARTICULUS
1838 282 1887 318 Vl

311 362 625 400 commissionem
651 362 914 406 instituuntur3
940 360 990 396 ita
1014 360 1126 396 etiam
1155 360 1192 396 in
1213 360 1383 396 Ecclesia

311 430 402 454 cura
436 415 661 466 episcopalis
690 427 780 452 cum
809 413 1049 450 solemnitate
1088 413 1382 449 consecrationis

312 470 580 515 committitur,
602 481 693 506 cura
721 475 850 504 autem
875 466 1203 503 archidiaconatus
1222 467 1284 502 vel
1305 467 1382 514 ple·
1409 498 1410 519 3

311 524 472 560 banatus
502 535 592 559 cum
621 520 782 569 simplici
811 520 1044 557 iniunctione
1063 525 1087 555 ⁹.
1105 541 1128 546 -
1146 520 1382 556 Consecran-

311 584 371 613 tur
397 584 528 613 tamen
563 575 602 611 in
631 573 875 622 susceptione
904 572 1066 618 ordinis,
1098 572 1213 608 etiam
1242 570 1254 596 Ε
1283 580 1383 608 ante-

311 641 429 678 quam
459 639 592 664 curam
622 628 800 664 habeant.

311 734 569 772 archidiaconi
597 746 675 771 non
703 734 846 771 habent
865 732 1121 782 principaliter
1150 743 1294 777 curam,
1316 730 1384 767 sed

2423 286 2500 331 459

1437 360 1802 397 administrationem
1841 361 2035 410 quandam
2066 361 2276 397 secundum
2311 362 2414 410 quod
2449 363 2502 399 eis

1438 414 1485 449 ab
1516 414 1698 462 episcopo
1729 414 1996 459 committitur;
2031 413 2081 450 ita
2110 414 2223 450 etiam
2252 415 2300 451 ad
2329 427 2396 451 eos
2425 428 2502 452 non

1437 466 1597 514 pertinet
1616 467 1869 516 principaliter
1886 468 2075 516 pastorale
2106 467 2290 514 officium,
2312 481 2382 505 nec
2411 469 2503 505 obli-

1438 519 1536 566 gatio
1557 521 1726 568 ponendi
1746 521 1914 557 animam
1934 533 2004 569 pro
2026 521 2175 568 ovibus,
2193 521 2258 558 sed
2279 521 2502 570 inquantum

1438 573 1663 620 participant
1683 574 1730 610 de
1752 586 1852 611 cura.
1878 575 1988 612 Unde
2010 575 2129 622 magis
2145 575 2287 611 habent
2307 575 2502 623 quoddam

1409 630 1411 636 ⁴
1439 625 1610 662 officium
1641 626 1688 662 ad
1717 628 1989 675 perfectionem
2018 629 2210 676 pertinens
2230 634 2261 675 ⁰,
2293 641 2407 677 quarn
2437 630 2503 666 ob-

363 684 423 718 An
461 692 622 718 TERTmM
660 692 847 717 DtCENDuM
884 679 991 727 quod
1029 679 1125 715 sicut
1157 677 1311 726 plebani
1349 684 1412 713 et>

1438 677 1583 715 tineant
1610 680 1851 728 perfectionis
1880 689 2031 718 statum.

364 866 388 898 ν)
408 865 581 891 iniunctione.
600 879 619 884 -
644 866 780 891 iunctione
808 866 844 896 Β,
872 864 1025 890 inunctione
1053 863 1179 896 GHLpC,
1206 863 1330 888 unctione
1357 863 1387 892 E,

311 902 499 927 commissione
516 902 548 927 A.

1496 860 1520 894 ξ)
1539 863 1629 888 etiam.
1642 878 1661 882 -
1679 865 1781 889 scilicet
1799 865 1855 894 Pla,
1874 874 1927 891 orn.
1949 867 2005 892 HK.

1496 899 1522 930 ο)
1538 899 1688 931 pertinens.
1701 914 1718 918 —
1733 900 1895 931 pertinentis
1914 901 1996 934 BIpA,
2015 910 2067 927 om.
2087 903 2117 927 L.

999 987 1335 1020 Oomrnentzaria
1358 983 1611 1017 Cardinalis
1633 985 1834 1019 Caietam

343 1083 364 1103 u
387 1073 520 1103 articulo
543 1079 631 1103 sexto
661 1072 804 1102 eiusdem
827 1071 1039 1112 quaestionis,
1065 1071 1145 1101 circa
1168 1070 1264 1105 illud,
1296 1069 1386 1110 quod

317 1084 404 1148 lnec
420 1122 570 1157 exparte
590 1126 691 1147 curae
705 1126 801 1157 quam
817 1117 1007 1156 suscipiunt,
1021 1115 1209 1156 presbyteri
1217 1119 1387 1154 ponuntur

314 1162 346 1192 in
362 1167 450 1193 statu
459 1161 684 1203 perfectionis,
701 1161 816 1201 duplex
832 1160 977 1201 quaestio
994 1160 1148 1190 occurrit:
1169 1159 1284 1199 primo,
1306 1158 1387 1189 circa

312 1206 478 1237 veritatem
501 1205 598 1236 huius
621 1206 711 1241 dicti;
736 1205 888 1242 secundo,
913 1204 994 1236 circa
1016 1204 1101 1234 illius
1125 1203 1263 1234 rationes
1286 1202 1318 1233 in
1338 1202 1387 1233 lit-

313 1257 379 1281 tera
403 1251 512 1282 allatas
525 1250 552 1281 *.
587 1250 651 1291 §ed
674 1249 750 1291 quia
770 1250 802 1280 in
827 1250 932 1290 primo
957 1259 1023 1279 non
1047 1248 1327 1279 communicamus
1355 1247 1387 1277 in

264 1293 267 1295 ’
305 1295 482 1326 uocabula
502 1294 669 1335 principali
699 1304 774 1325 curn
797 1293 1000 1330 adversariis,
1032 1293 1188 1334 quoniam
1215 1292 1388 1332 aequivoce

71 1383 286 1435 &rt-ficem-

79 2847 264 2872 ’mmm

83 3426 93 3437 ·
106 3425 142 3448 cf.
157 3431 221 3447 num.
236 3430 277 3446 vn.

315 1349 375 1370 nos
399 1347 430 1371 et
452 1339 498 1369 illi
523 1339 644 1370 utimur
665 1344 771 1370 status
794 1339 946 1375 nomine;
971 1338 1127 1379 quoniam
1152 1347 1211 1368 nos
1234 1337 1274 1367 ad
1293 1336 1388 1367 ratio—

314 1393 390 1414 nem
413 1390 514 1415 status
538 1393 633 1424 supra
648 1383 666 1402 *
689 1383 808 1424 positas
832 1383 1002 1424 particulas
1030 1391 1217 1413 concurrere
1241 1381 1387 1418 dicimus,

313 1428 404 1469 quod
428 1428 489 1468 ipsi
513 1435 646 1468 negant,
678 1435 709 1459 et
730 1433 836 1459 status
859 1427 990 1458 nomine
1018 1427 1109 1468 quasi
1132 1426 1234 1468 officii
1257 1426 1389 1456 nomine

314 1479 467 1503 utuntur:
492 1473 565 1503 ideo
591 1473 752 1513 disputare
778 1472 858 1503 circa
877 1472 939 1502 hoc
963 1481 1029 1502 non
1045 1478 1092 1502 est
1114 1471 1174 1501 nisi
1198 1470 1389 1501 contendere

313 1517 417 1548 verbis
446 1517 606 1548 inanibus.
638 1519 761 1548 Auctor
791 1516 877 1547 enim
907 1516 981 1547 ideo
1011 1523 1106 1556 negat
1129 1516 1329 1556 presbyteros
1353 1525 1390 1546 ex

314 1561 496 1592 animarum
519 1571 594 1592 cura
617 1561 695 1602 poni
718 1561 751 1591 in
775 1560 978 1602 perfectionis
1001 1567 1095 1597 statu,
1115 1560 1192 1601 quia
1215 1566 1316 1591 status
1332 1570 1391 1590 no-

315 1605 402 1636 mine
426 1606 527 1636 utitur
549 1613 585 1637 ut
607 1615 703 1646 supra
718 1605 736 1625 ³*
759 1605 911 1637 definivit.
936 1605 1000 1636 Alii
1025 1612 1132 1636 autem
1147 1604 1191 1641 **,
1209 1605 1298 1636 aliter
1314 1604 1390 1636 defi-

314 1650 436 1681 nientes
460 1656 589 1687 statum,
614 1657 741 1690 ponunt
764 1660 820 1681 eos
840 1651 874 1681 in
890 1656 972 1681 statu
996 1649 1208 1690 perfectionis.
1235 1650 1327 1681 Unde
1343 1659 1389 1680 re-

280 1701 286 1734 ]
312 1694 480 1735 linquatur
494 1696 714 1736 unusquisque
729 1696 762 1726 in
778 1705 838 1726 suo
853 1704 949 1726 sensu
966 1695 1018 1725 hic
1031 1694 1199 1725 abundare
1211 1694 1242 1730 *;
1268 1701 1299 1724 et
1319 1704 1389 1730 nos,

314 1739 558 1780 praesupposita
582 1746 654 1770 ante
677 1739 760 1770 dicta
784 1738 969 1771 definitione
993 1745 1102 1775 status,
1127 1738 1264 1769 rationes
1283 1738 1390 1769 allatas

279 1780 286 1787 ⁰
314 1790 494 1815 scrutemur
517 1791 677 1824 quantum
699 1784 834 1814 valeant.

371 1828 411 1859 11.
435 1828 519 1859 Nam
543 1835 653 1859 contra
676 1828 765 1859 illam
788 1828 962 1863 rationem,
997 1828 1086 1868 quod
1115 1837 1178 1858 non
1203 1827 1391 1867 obligantur

314 1872 359 1904 ad
382 1873 442 1903 hoc
463 1873 549 1913 quod
572 1883 686 1904 curam
710 1874 897 1903 animarum
922 1873 1085 1903 retineant
1108 1876 1282 1911 perpetuo,
1307 1872 1390 1902 sicut

315 1918 454 1958 episcopi
472 1917 499 1953 *,
524 1917 619 1948 instat
649 1917 807 1948 Henricus
832 1917 870 1948 de
899 1916 1071 1952 Gandavo,
1100 1916 1132 1946 in
1160 1916 1290 1953 Quolib.
1314 1916 1388 1953 XII,

315 1971 371 2003 qu.
386 1961 509 2002 penult.
524 1961 551 1998 *‚
576 1961 694 1992 falsum
713 1961 849 1992 assumi:
875 1961 982 1992 dicens
998 1961 1088 2002 quod
1110 1960 1209 1991 curati
1232 1961 1271 1991 de
1287 1960 1390 2000 rigore

315 2005 392 2036 iuris
416 2012 564 2037 tenentur
586 2006 626 2036 ad
650 2013 838 2047 perpetuam
862 2015 972 2036 curam
987 2006 1068 2036 sicut
1093 2005 1234 2045 episcopi
1255 2015 1390 2045 propor-

314 2050 490 2086 tionaliter;
518 2050 677 2092 quoniam
700 2058 813 2081 neuter
836 2057 942 2090 potest
966 2060 1074 2081 curam
1098 2049 1279 2080 animarum
1303 2050 1391 2080 dese-

316 2105 382 2125 rere
406 2094 467 2125 nisi
490 2095 523 2125 in
547 2101 632 2126 casu.
661 2095 723 2126 Sed
747 2096 786 2126 de
809 2094 1006 2134 indulgentia
1031 2094 1109 2125 iuris
1132 2094 1231 2124 curati
1255 2101 1391 2134 possunt

314 2139 444 2170 liberius
459 2149 570 2170 curam
585 2139 766 2170 animarum
782 2140 924 2170 deserere
939 2149 1038 2180 quam
1053 2138 1213 2179 episcopi:
1235 2139 1390 2179 quoniam

316 2183 487 2224 episcopus
517 2190 587 2223 eget
617 2184 745 2224 speciali
775 2184 916 2220 licentia;
950 2183 1066 2214 curatis
1097 2190 1205 2214 autem
1237 2184 1391 2223 generalis

316 2238 467 2260 concessa
490 2235 537 2259 est
559 2228 758 2268 indulgentia
780 2228 964 2259 transeundi
988 2228 1028 2259 ad
1052 2227 1250 2267 religionem.

371 2273 413 2303 Et
436 2271 644 2304 confirmatur
667 2273 726 2304 ista
749 2273 840 2304 ratio.
865 2272 950 2310 Quia
973 2273 999 2302 si
1023 2271 1122 2303 curati
1147 2271 1292 2302 absolute
1325 2282 1390 2302 non

316 2317 533 2357 obligarentur
555 2317 595 2347 ad
619 2324 807 2359 perpetuam
831 2327 941 2348 curam
964 2316 1155 2353 animarum,
1176 2326 1241 2346 non
1266 2323 1393 2356 egerent

315 2361 392 2392 iuris
416 2361 614 2401 indulgentia
637 2362 677 2392 ad
699 2362 931 2393 transeundum
954 2361 987 2391 in
1007 2361 1204 2401 religionem,
1226 2361 1307 2391 sicut
1326 2371 1392 2391 non

316 2413 410 2447 egent
433 2406 526 2437 ceteri
550 2406 741 2447 presbyteri:
770 2413 894 2437 constat
917 2413 1025 2437 autem
1050 2406 1139 2447 quod
1162 2406 1251 2441 XIX,
1276 2415 1331 2446 qu.
1350 2416 1391 2444 11,

316 2461 386 2492 cap.
402 2451 512 2489 Duae,
536 2450 721 2491 indulgetur
735 2450 924 2492 presbyteris
940 2450 1054 2481 curatis
1070 2458 1106 2481 ut
1121 2450 1246 2490 possint
1261 2450 1392 2481 transire

316 2496 357 2527 ad
372 2495 569 2535 religionem.
594 2496 635 2526 Et
655 2495 798 2526 similiter
814 2506 881 2526 non
897 2502 1025 2535 egerent
1047 2495 1174 2525 licentia
1193 2494 1336 2535 episcopi
1353 2495 1392 2525 ad

316 2539 379 2570 hoc
403 2546 439 2570 ut
462 2540 640 2571 desererent
664 2550 774 2570 curam
797 2540 979 2572 animarum
998 2546 1028 2570 et
1045 2539 1222 2580 simplicem
1240 2540 1392 2580 praeben-

318 2584 393 2614 dam
415 2583 578 2614 haberent.
613 2584 702 2615 Haec
735 2584 821 2615 enim
850 2591 925 2615 sunt
952 2584 1041 2624 signa
1072 2594 1147 2614 suae
1175 2583 1391 2623 obligationis,

318 2628 408 2669 quod
432 2635 508 2659 sunt
532 2627 662 2668 obligati
686 2629 726 2658 ad
746 2638 855 2659 curam
870 2628 1051 2659 animarum
1075 2638 1112 2659 ex
1130 2628 1193 2658 hoc
1211 2628 1283 2668 ipso
1303 2628 1392 2669 quod

319 2682 390 2703 eam
413 2679 630 2712 susceperunt,
655 2672 737 2703 sicut
760 2673 902 2713 episcopi
925 2672 1215 2713 proportionaliter.
1249 2673 1291 2702 Et
1317 2683 1393 2703 cum

319 2727 386 2747 non
414 2717 477 2748 sint
505 2716 636 2757 obligati
669 2717 708 2747 ad
732 2717 833 2757 magis
862 2727 921 2757 pro
946 2727 1013 2747 uno
1035 2720 1182 2758 'tempore
1211 2727 1310 2757 quam
1333 2727 1392 2758 pro

319 2761 399 2797 alio,
428 2771 628 2802 consequens
656 2768 703 2792 est
732 2762 822 2802 quod
851 2761 988 2792 habeant
1018 2761 1249 2801 obligationem
1281 2771 1393 2802 perpe-

319 2813 420 2837 tuam.

376 2850 429 2881 111.
454 2849 575 2880 Contra
591 2850 765 2880 secundam
781 2859 856 2880 vero
873 2849 1029 2880 rationem
1041 2849 1067 2886 *,
1085 2849 1203 2880 scilicet
1217 2850 1306 2890 quod
1315 2859 1392 2890 pos-

319 2900 396 2925 sunt
413 2894 602 2936 preslgrteri
624 2895 732 2925 curati
754 2904 868 2925 curam
891 2893 1052 2931 deserere,
1070 2894 1268 2925 transeundo
1284 2894 1328 2925 ad
1342 2904 1392 2925 re-

320 2940 486 2980 ligionem,
511 2939 606 2970 instat
625 2938 744 2969 ibidem
759 2938 916 2969 Henricus
932 2938 1089 2969 rationem
1104 2948 1171 2968 esse
1186 2937 1391 2970 inefficacem.

319 2984 404 3014 Nam
436 2994 474 3014 ex
503 2983 565 3014 hoc
589 2983 679 3024 quod
709 2990 815 3023 potest
838 2990 965 3013 curatus
988 2982 1119 3013 transire
1143 2983 1183 3013 ad
1205 2982 1394 3022 religionem

320 3028 427 3065 libere,
451 3038 518 3058 non
542 3028 700 3068 sequitur:
726 3028 810 3067 Ergo
827 3037 894 3058 non
910 3034 957 3057 est
972 3027 1130 3067 obligatus
1146 3027 1186 3057 ad
1205 3034 1392 3067 perpetuam

322 3082 433 3103 curam
455 3073 646 3103 animarum.
672 3071 760 3103 Sicut
782 3082 847 3102 non
863 3071 958 3102 valet:
984 3071 1118 3102 Ioannes
1142 3078 1247 3112 potest
1262 3071 1393 3103 transire

322 3117 362 3147 ad
385 3116 572 3157 religionem
595 3116 773 3153 arctiorem,
797 3117 883 3156 Ergo
903 3126 969 3146 non
986 3115 1143 3156 obligatus
1159 3122 1206 3146 est
1222 3122 1299 3147 voto
1323 3125 1393 3157 per-

322 3161 410 3201 petui
433 3161 552 3192 vinculi
575 3162 615 3192 ad
638 3161 826 3201 religionem
849 3160 1000 3191 laxiorem
1025 3160 1059 3190 in
1082 3170 1146 3200 qua
1169 3166 1225 3191 est.

367 3205 420 3236 lv.
443 3205 552 3237 Tertia
576 3206 709 3236 demum
732 3205 824 3242 ratio,
849 3204 967 3236 scilicet
989 3204 1089 3245 quod,
1112 3205 1142 3235 si
1159 3209 1293 3235 curatus
1311 3210 1393 3235 esset

323 3250 356 3279 in
386 3245 473 3280 statu
499 3250 733 3291 perfectionis,
757 3250 847 3281 nullo
870 3249 963 3280 modo
987 3250 1017 3279 ei
1039 3249 1167 3286 liceret,
1198 3249 1239 3279 de
1262 3249 1391 3279 licentia

323 3294 481 3334 episcopi,
505 3294 697 3334 parochiam
728 3295 889 3326 dimittere
918 3299 949 3324 et
977 3293 1152 3334 simplicem
1170 3293 1390 3333 praebendam

322 3338 496 3378 suscipere,
507 3343 645 3378 propter
659 3339 790 3370 verbum
807 3339 950 3376 Domini,
968 3352 981 3366 «
997 3338 1100 3368 Nemo
1116 3338 1245 3368 mittens
1258 3347 1390 3368 manum

323 3391 416 3412 suam
432 3382 476 3413 ad
490 3387 640 3413 aratrum
665 3388 696 3413 et
711 3385 885 3424 respiciens
902 3388 990 3414 retro
1006 3388 1063 3413 etc.
1082 3395 1112 3420 a»,
1130 3381 1314 3412 instantiam
1337 3391 1391 3421 pa-

323 3425 400 3456 titur
414 3426 441 3457 *.
466 3426 631 3464 Quoniam
654 3433 778 3458 constat
800 3428 890 3469 quod
913 3427 1084 3468 episcopus
1103 3433 1149 3457 est
1167 3426 1200 3456 in
1220 3432 1302 3456 statu
1323 3435 1392 3466 per-

323 3469 469 3501 fectionis
493 3470 648 3511 superiori
671 3480 771 3511 quam
794 3472 835 3503 sit
857 3478 956 3502 status
980 3471 1213 3511 religiosorum,
1238 3477 1274 3500 ut
1295 3470 1329 3500 in
1345 3480 1392 3500 se-

323 3514 434 3556 quenti
457 3521 545 3555 patet
567 3514 711 3546 articulo.
736 3515 777 3546 Et
798 3522 920 3552 tamen,
945 3516 984 3546 de
1006 3515 1132 3546 licentia
1154 3514 1292 3546 Romani
1315 3514 1391 3555 Epi-

324 3559 430 3600 scopi,
463 3566 569 3600 potest
597 3558 820 3599 episcopatum
847 3560 1005 3597 deserere,
1036 3567 1066 3591 et
1093 3559 1143 3590 vel
1170 3559 1209 3590 ad
1231 3558 1391 3590 minorem

324 3611 443 3635 statum
466 3603 665 3642 descendere,
689 3603 780 3644 quod
803 3610 850 3634 est
871 3605 1031 3645 respicere
1045 3609 1151 3635 retro:
1173 3603 1223 3635 vel
1240 3603 1335 3635 etiam
1351 3604 1391 3634 ad

1440 1075 1640 1099 non-statum
1664 1069 1804 1106 transire,
1826 1071 2019 1101 remanendo
2036 1071 2102 1102 sine
2119 1072 2303 1112 episcopatu
2320 1073 2352 1103 in
2369 1075 2506 1105 saeculo.

1440 1113 1510 1144 Pari
1540 1123 1614 1153 ergo
1638 1114 1776 1150 ratione,
1802 1122 1944 1151 curatus,
1975 1116 2121 1156 quamvis
2144 1116 2176 1146 in
2201 1123 2283 1147 statu
2308 1118 2508 1158 perfectionis

1441 1165 1531 1194 esset,
1556 1158 1640 1188 licite
1664 1158 1773 1198 aliquo
1797 1159 1897 1189 modo
1922 1167 2039 1199 posset,
2065 1161 2103 1190 de
2126 1161 2250 1191 licentia
2274 1162 2430 1203 episcopi,
2456 1164 2507 1193 de-

1440 1203 1600 1238 scendere,
1626 1209 1656 1233 et
1680 1203 1739 1233 sibi
1763 1203 1823 1243 ipsi
1846 1213 1956 1234 vacare
1973 1204 2039 1234 sine
2063 1205 2200 1235 aliorum
2225 1216 2308 1237 cura.

1497 1247 1534 1278 V.
1561 1247 1610 1277 Ad
1628 1247 1751 1278 obiecta
1774 1255 1883 1278 contra
1900 1249 2036 1288 primam
2060 1249 2215 1280 rationem
2233 1250 2251 1269 *
2273 1251 2508 1291 respondendo,

1442 1291 1556 1322 dicitur
1578 1302 1691 1322 verum
1708 1302 1775 1322 esse
1798 1293 1887 1333 quod
1904 1293 2003 1323 curati
2020 1294 2058 1324 de
2073 1294 2148 1324 iuris
2164 1295 2266 1334 rigore
2282 1305 2347 1325 non
2364 1302 2510 1326 tenentur

1441 1336 1481 1366 ad
1497 1346 1608 1367 curam
1623 1337 1803 1367 animarum
1820 1337 2031 1368 retinendum.
2057 1339 2220 1375 Quoniam
2237 1349 2293 1369 nec
2309 1339 2377 1370 iure
2393 1340 2508 1380 scripto

1441 1380 1503 1411 hoc
1526 1381 1686 1412 invenitur
1709 1389 1855 1412 cautum:
1882 1392 1939 1412 nec
1963 1383 2096 1413 naturali
2114 1393 2168 1413 seu
2186 1383 2293 1414 divino
2310 1384 2376 1414 iure
2393 1385 2432 1414 ad
2448 1385 2510 1415 hoc

1442 1432 1599 1462 tenentur,
1624 1426 1706 1456 sicut
1729 1426 1880 1467 episcopi.
1905 1427 1946 1457 Et
1969 1427 2047 1457 ratio
2073 1427 2262 1458 differentiae
2279 1435 2325 1458 est
2348 1429 2423 1468 quia
2444 1429 2509 1469 epi-

1443 1470 1532 1510 scopi
1556 1477 1725 1501 assumunt
1748 1481 1857 1501 curam
1881 1471 2061 1502 animarum
2090 1479 2124 1502 ut
2156 1473 2278 1512 agentia
2308 1473 2509 1513 principalia:

1443 1514 1541 1545 curati
1566 1525 1641 1545 vero
1665 1523 1832 1546 assumunt
1856 1525 1965 1546 curam
1989 1516 2167 1546 animarum
2191 1523 2226 1547 ut
2250 1516 2398 1547 officiales
2426 1518 2511 1557 prin-

1443 1559 1595 1600 cipalium
1615 1559 1787 1599 agentium.
1813 1560 1897 1590 Hinc
1913 1560 1999 1591 enim
2022 1561 2168 1600 provenit
2191 1562 2280 1602 quod
2303 1562 2444 1602 episcopi
2468 1569 2512 1592 te-

1443 1612 1559 1635 nentur
1574 1605 1709 1635 naturali
1726 1604 1867 1641 vinculo,
1882 1615 1918 1635 ex
1935 1605 2042 1635 divino
2059 1605 2137 1641 iure,
2154 1606 2192 1635 ad
2210 1616 2317 1636 curam
2334 1606 2512 1637 animarum

1443 1659 1510 1679 non
1526 1649 1743 1685 deserendam,
1769 1649 1828 1679 nisi
1852 1649 1884 1679 in
1905 1659 1995 1680 casu:
2021 1650 2102 1680 sicut
2117 1650 2240 1690 agentia
2258 1650 2443 1690 principalia
2466 1658 2510 1681 te-

1443 1700 1559 1724 nentur
1582 1694 1622 1723 ad
1646 1693 1875 1733 perfectionem
1899 1704 2032 1725 suorum
2057 1694 2227 1725 effectuum
2252 1705 2288 1725 ex
2311 1695 2439 1735 propria
2453 1695 2513 1725 vir-

1443 1744 1521 1769 tute.
1553 1737 1713 1769 Officiales
1743 1748 1837 1774 vero,
1869 1738 1944 1779 quia
1974 1739 2005 1769 in
2037 1739 2151 1769 virtute
2182 1739 2363 1779 principalis
2392 1740 2512 1779 agentis

1444 1789 1617 1823 operantur
1640 1789 1676 1812 ut
1698 1782 1917 1819 instrumenta,
1943 1790 1973 1813 et
1996 1783 2076 1814 sicut
2098 1783 2198 1814 aliena
2215 1791 2313 1823 agunt
2329 1784 2453 1820 virtute,
2470 1784 2512 1814 ita

1443 1827 1580 1857 alienam
1604 1833 1804 1867 exequuntur
1827 1827 2066 1867 obligationem.

1499 1871 1550 1901 Ad
1575 1871 1607 1900 id
1630 1881 1705 1901 vero
1736 1872 1824 1912 quod
1848 1872 1974 1902 additur
1997 1873 2036 1902 de
2059 1872 2256 1912 indulgentia
2279 1872 2372 1907 iuris,
2398 1872 2513 1903 dicitur

1443 1916 1532 1956 quod
1555 1915 1723 1955 dupliciter
1746 1916 1877 1955 intelligi
1899 1923 2005 1956 potest
2020 1916 2096 1947 iuris
2112 1916 2316 1956 indulgentia.
2342 1916 2460 1953 Primo,
2479 1924 2513 1948 ut

1443 1970 1461 1990 a
1484 1960 1552 1990 iure
1577 1966 1710 1990 statuta:
1745 1961 1807 1991 hoc
1838 1968 1899 1996 est,
1931 1961 2020 2001 quod
2043 1968 2145 1992 totam
2168 1962 2234 1991 vim
2257 1971 2349 1991 suam
2376 1971 2411 1991 ex
2435 1961 2512 1991 iuris

1443 2011 1562 2035 statuto
1586 2004 1709 2035 habeat.
1746 2005 1820 2035 Alio
1845 2006 1962 2041 modo,
1987 2013 2023 2036 ut
2045 2016 2063 2036 a
2086 2006 2154 2036 iure
2178 2012 2322 2036 ostensa:
2357 2005 2400 2036 ita
2423 2007 2512 2046 quod

1443 2049 1492 2079 ius
1517 2048 1691 2089 positivum
1715 2059 1781 2080 non
1805 2049 1887 2086 facit,
1913 2050 1967 2080 sed
1991 2057 2147 2081 monstrat
2170 2051 2266 2081 illam.
2296 2049 2381 2081 Cum
2405 2057 2512 2080 autem

1444 2093 1559 2124 dicitur
1582 2094 1672 2134 quod
1696 2094 1794 2125 curati
1819 2094 1858 2124 de
1881 2094 1958 2124 iuris
1981 2094 2177 2135 indulgentia
2201 2094 2387 2134 religionem
2410 2095 2512 2134 ingre-

1445 2138 1585 2174 diuntur,
1610 2148 1675 2168 non
1699 2138 1884 2178 intelligitur
1907 2139 1946 2169 de
1969 2139 2164 2179 indulgentia
2180 2139 2256 2169 iuris
2280 2139 2385 2178 primo
2401 2140 2511 2176 modo,

1445 2181 1480 2213 ut
1496 2190 1721 2222 argumentum
1736 2183 1926 2223 praetendit:
1944 2184 1997 2214 sed
2015 2184 2053 2214 de
2069 2184 2265 2223 indulgentia
2281 2183 2356 2213 iuris
2373 2185 2512 2214 secundo

1445 2227 1556 2257 modo.
1582 2227 1744 2264 Quoniam
1764 2227 1873 2264 curati,
1889 2238 1926 2258 ex
1942 2228 2003 2258 hoc
2019 2228 2090 2268 ipso
2106 2229 2195 2269 quod
2211 2227 2309 2259 curati
2326 2234 2409 2264 sunt,
2426 2229 2514 2259 nulla

1445 2278 1538 2312 egent
1566 2271 1695 2312 positivi
1726 2271 1802 2302 iuris
1831 2272 2036 2302 concessione
2066 2273 2105 2302 ad
2136 2272 2197 2303 hoc
2227 2279 2263 2303 ut
2288 2279 2446 2303 transeant
2475 2273 2513 2302 ad

1446 2315 1650 2355 religionem:
1676 2317 1731 2346 sed
1750 2326 1787 2346 ex
1802 2317 1931 2356 propria
1954 2323 2090 2356 possunt
2106 2317 2246 2347 libertate
2262 2317 2301 2346 ad
2317 2316 2513 2356 religionem,

1448 2366 1559 2400 utpote
1582 2360 1748 2390 meliorem
1771 2360 1879 2397 vitam,
1903 2361 2052 2403 transire3
2077 2371 2159 2401 quae
2175 2361 2300 2391 libertas
2316 2361 2512 2400 indulgentia

1445 2404 1478 2434 in
1502 2404 1570 2434 iure
1594 2412 1722 2435 ostensa
1744 2411 1885 2436 vocatur.
1910 2423 1931 2428 -
1955 2406 1995 2436 Et
2018 2415 2058 2435 ne
2082 2412 2172 2445 putet
2191 2405 2351 2446 quispiam
2367 2406 2514 2436 volunta-

1446 2449 1526 2479 riam
1549 2449 1630 2479 hanc
1654 2459 1721 2480 esse
1744 2449 1996 2488 distinctionem,
2022 2449 2117 2480 affero
2142 2449 2347 2480 manifestum
2371 2449 2446 2480 iuris
2470 2457 2514 2480 te-

1445 2500 1546 2530 xtum,
1570 2494 1675 2530 Extra,
1700 2494 1739 2524 de
1762 2494 1913 2531 Renum„
1939 2504 2005 2534 cap.
2026 2495 2098 2525 Nisi
2121 2504 2193 2525 cum
2214 2495 2359 2534 pridem,
2385 2495 2439 2524 ubi
2464 2505 2515 2525 ex-

1446 2548 1552 2578 presse
1587 2537 1720 2569 dicitur:
1758 2539 1902 2570 Facilius
1931 2539 2124 2580 indulgetur
2153 2539 2237 2579 quod
2267 2539 2442 2569 monachus
2472 2539 2515 2569 ad

1442 2582 1667 2622 praesulatum
1691 2583 1855 2621 ascendat,
1880 2593 1976 2624 quam
1995 2583 2133 2623 praesul
2154 2583 2198 2614 ad
2217 2583 2440 2613 monachatum
2460 2583 2514 2613 de-

1445 2627 1598 2664 scendat;
1627 2627 1681 2657 ubi
1713 2637 1856 2667 expresse
1885 2628 1982 2658 habes
2012 2627 2148 2657 liberum
2177 2627 2378 2667 perfectionis
2408 2637 2513 2658 ascen-

1447 2681 1535 2707 sum,
1560 2681 1626 2712 quo
1656 2671 1833 2702 monachus
1868 2672 1908 2702 ad
1938 2671 2158 2712 episcopatum
2191 2669 2415 2711 promovetur,
2455 2672 2513 2702 sub

1445 2715 1642 2755 indulgentia
1666 2715 1903 2756 comprehendi.
1928 2715 2062 2746 Constat
2085 2715 2168 2746 enim
2193 2716 2282 2756 quod
2311 2715 2399 2745 nulla
2431 2725 2514 2755 opus

1447 2760 1541 2791 estin
1558 2760 1744 2791 huiusmodi
1775 2760 1957 2791 ascensione
1987 2760 2063 2791 iuris
2094 2759 2346 2799 dispensatione:
2371 2760 2425 2790 sed
2455 2760 2515 2790 De-

1447 2804 1568 2835 cretalis
1598 2804 1651 2834 illa
1675 2811 1831 2835 monstrat
1853 2805 2093 2845 indulgentiam,
2118 2814 2183 2834 non
2208 2804 2289 2840 facit,
2314 2813 2377 2844 qua
2402 2814 2512 2834 mona-

1447 2849 1525 2880 chus
1546 2847 1582 2879 fit
1603 2849 1740 2889 praesul.

1502 2893 1553 2923 Ad
1577 2892 1852 2923 confirmationem
1875 2899 1982 2923 autem
2010 2892 2122 2923 dicitur
2152 2892 2240 2933 quod
2269 2899 2378 2931 peccat
2401 2902 2513 2922 secun-

1447 2937 1526 2967 dum
1550 2947 1761 2968 non-causam
1790 2942 1825 2967 ut
1848 2947 1990 2968 causam.
2027 2937 2191 2973 Quoniam
2222 2936 2318 2966 huius
2348 2936 2437 2977 quod
2468 2944 2514 2967 est

1447 2988 1592 3012 curatum
1616 2991 1682 3012 non
1701 2991 1794 3021 posse
1811 2981 1951 3012 deserere
1967 2991 2076 3012 curam
2092 2981 2151 3011 nisi
2171 2981 2210 3011 de
2225 2980 2349 3011 licentia
2373 2981 2513 3021 episcopi

1446 3026 1565 3066 absque
1589 3026 1722 3056 transitu
1747 3026 1786 3056 ad
1809 3026 2005 3066 religionem,
2025 3035 2091 3055 non
2108 3032 2154 3056 est
2170 3035 2264 3056 causa
2287 3031 2439 3065 perpetua
2455 3026 2513 3055 ob-

1445 3070 1555 3110 ligatio
1580 3070 1679 3101 curati
1703 3070 1742 3100 ad
1766 3080 1874 3101 curam
1893 3070 2081 3106 animarum,
2106 3070 2161 3100 sed
2185 3069 2336 3108 obligatio
2355 3068 2513 3100 fidelitatis

1446 3124 1545 3155 quam
1569 3114 1662 3145 debet
1684 3114 1846 3155 episcopo,
1872 3114 1961 3145 cuius
1985 3113 2127 3145 officialis
2151 3120 2206 3145 est.
2237 3114 2310 3144 Hoc
2333 3113 2419 3144 enim
2442 3113 2511 3154 qui-

1445 3158 1521 3189 libet
1544 3157 1687 3189 officialis
1711 3159 1803 3189 debet
1827 3158 1959 3189 domino
1983 3167 2062 3189 suo:
2087 3158 2146 3188 nisi
2165 3168 2183 3188 a
2198 3158 2352 3197 superiori
2369 3158 2512 3188 Domino

1445 3209 1587 3239 vocetur,
1611 3209 1647 3233 ut
1666 3203 1821 3243 contingit
1843 3203 1974 3244 quando
1991 3209 2117 3233 curatus
2133 3202 2243 3233 transit
2259 3203 2298 3232 ad
2314 3202 2511 3242 religionem.

1501 3246 1555 3277 VI.
1580 3247 1631 3276 Ad
1654 3247 1816 3278 obiectum
1839 3254 1948 3278 contra
1971 3247 2144 3277 secundam
2166 3246 2322 3277 rationem
2336 3246 2354 3265 *
2383 3256 2513 3286 respon-

1447 3291 1538 3321 detur
1553 3291 1642 3331 quod
1666 3291 1888 3322 conditionalis
1904 3291 2052 3323 Auctoris
2076 3298 2122 3321 est
2144 3290 2322 3321 verissima:
2347 3290 2383 3320 Si
2410 3297 2514 3322 essent

1446 3336 1478 3365 in
1501 3340 1588 3366 statu
1606 3335 1830 3376 perfectionis,
1848 3345 1910 3366 non
1929 3340 2061 3376 possent
2081 3335 2223 3366 transire
2245 3335 2288 3365 ad
2311 3335 2512 3376 religionem.

1445 3379 1486 3410 Et
1508 3379 1657 3410 instantia
1687 3379 1780 3410 allata
1803 3380 1842 3410 de
1872 3379 2023 3419 religione
2047 3379 2157 3410 laxiori
2181 3379 2259 3409 nihil
2283 3379 2396 3410 obstat.
2422 3380 2513 3417 Quo-

1446 3424 1533 3454 niam
1557 3424 1583 3454 si
1607 3430 1710 3454 essent
1733 3424 1766 3454 in
1789 3430 1871 3454 statu
1895 3423 2095 3464 perfectionis
2120 3423 2236 3459 curati,
2260 3430 2364 3454 essent
2386 3424 2419 3454 in
2442 3434 2511 3464 per-

1445 3468 1567 3499 fectiori
1591 3475 1673 3499 statu
1690 3478 1788 3509 quam
1811 3468 1964 3508 religiosi:
1989 3468 2143 3509 quoniam
2167 3474 2270 3498 essent
2290 3468 2322 3498 in
2338 3474 2420 3499 statu
2444 3478 2513 3509 per-

1445 3512 1589 3543 fectionis
1622 3519 1658 3543 ut
1689 3512 1897 3553 perfectores,
1930 3512 2010 3543 sicut
2045 3512 2203 3553 episcopi,
2235 3512 2513 3553 proportionaliter

1445 3563 1560 3589 tamen.
1586 3560 1633 3588 Ac
1656 3567 1712 3598 per
1734 3557 1806 3594 hoc,
1832 3567 1897 3587 non
1920 3557 2027 3588 liceret
2050 3557 2093 3588 eis
2117 3556 2235 3598 passim
2251 3557 2380 3588 transire
2404 3557 2443 3587 ad
2466 3566 2511 3586 re-

1443 3601 1608 3642 ligionem,
1635 3601 1715 3633 sicut
1739 3602 1778 3632 de
1802 3601 1885 3632 facto
1908 3601 1991 3633 licet.

2537 1251 2547 1260 ⁴
2559 1249 2630 1271 Num.
2645 1255 2672 1270 ιι.

2541 3251 2551 3260 ⁸
2564 3248 2634 3271 Num.
2650 3255 2683 3271 ιιι.
