2768 4198
131 1279 190 1322 ¹:¹30ss
205 1279 248 1322 ⁷1²1(

32 1273 130 1323 εῗῖῑίῧ

31 2179 40 2189 ·
56 2177 113 2200 Gen.
128 2183 179 2206 etp.
194 2184 235 2200 xix

29 2210 142 2261 55⁰5?
155 2210 209 2232 ⁸¹¹⁹·
232 2216 243 2221 ‘

30 2700 41 2710 ⁸
54 2698 91 2721 Cf.
107 2703 171 2720 num.
184 2704 206 2719 v.

31 2742 94 2792 {UD}
95 2742 243 2792 331⁶?qu
270 2740 374 2772 stione
391 2739 425 2776 *‚
450 2739 564 2779 probat
587 2743 710 2778 partem
734 2737 914 2777 negativam
937 2737 1045 2777 quoad
1069 2736 1176 2776 aliqua
1200 2742 1344 2776 peccata:

31 3186 43 3196 ³
56 3185 165 3207 Conclus.
180 3190 199 3213 5.

32 3278 43 3288 ·
56 3277 91 3300 Cf.
107 3284 172 3300 uum.
187 3284 218 3300 vi.

34 3498 44 3510 0
59 3498 114 3520 Gen.
132 3504 182 3527 etp.
198 3504 245 3526 m,

33 3530 92 3547 vers.
106 3531 134 3554 30
148 3531 199 3554 sqq.

985 299 1254 345 QUAESTIO
1285 299 1368 346 CL,
1397 299 1695 336 ARTICULUS
1725 298 1776 334 IV

2402 296 2472 343 189

1059 451 1378 495 ARTICULUS
1405 451 1683 503 QUARTUS

929 545 1085 576 UTRUM
1109 545 1319 576 EBRIETAS
1342 544 1542 576 EXCUSET
1566 546 1595 575 A
1618 544 1824 575 PECCATO

652 623 675 648 Ι·
696 623 751 655 11⁸⁶,
772 631 816 657 qu.
836 631 918 654 Lxxv1,
939 629 986 648 art.
1005 631 1030 655 4,
1050 625 1082 648 ad
1103 631 1127 654 2,
1146 631 1177 655 4;
1198 631 1243 657 qu.
1263 631 1354 653 Lxxvn,
1374 629 1423 648 art.
1441 631 1456 656 7

1466 631 1472 654 3
1493 623 1513 647 11
1533 623 1617 651 Sent„
1638 623 1695 647 dist.
1717 630 1776 652 xxii.
1796 631 1840 655 qu.
1861 630 1887 653 11,
1907 627 1954 647 art.
1975 629 1998 652 2,
2018 622 2051 646 ad
2071 628 2101 651 23

984 659 1026 684 De
1044 659 1127 688 Malo,
1148 667 1194 692 qu.
1212 667 1254 690 xv,
1273 663 1320 684 art.
1343 667 1367 690 2,
1387 659 1419 683 ad
1438 666 1453 692 9
1460 667 1467 690 ;
1487 658 1519 683 111
1540 658 1636 688 Ethic„
1657 658 1715 683 lect.
1734 665 1767 683 xi.

311 756 317 775 ⁵
338 759 370 796 ὴὲ
391 758 463 797 'Mi'

334 803 355 822 3¹

332 828 346 851 J

303 784 404 851 Δ

187 872 193 879 ·
224 869 248 879 --
292 848 314 891 ᾇ,
354 862 412 888 *⁷4
434 844 591 884 enim
621 846 891 895 Philosophus,
914 847 952 883 in
977 847 1025 882 IlI
1045 846 1166 883 Ethic.
1187 845 1219 893 ²⁸,
1240 845 1346 894 quod
1373 859 1375 877 τ

294 891 305 901 ”
329 874 428 932 (⁶23⁴)
445 892 613 938 Kebrius
654 906 821 937 meretur
853 900 1017 948 duplices
1056 899 1345 936 maledictiones.
1373 913 1375 929 ι
1400 911 1439 935 in
1467 910 1631 947 sequens
1659 906 1874 946 peccatum.
1910 898 2144 935 Diminuitur
2181 905 2312 934 tamen
2339 909 2474 946 pecca-

275 953 379 1000 Ergo
415 953 578 991 ebrietas
615 954 736 1002 magis
774 961 954 1001 aggravat
989 960 1191 1001 peccatum
1229 964 1346 1000 quarn

275 1013 439 1043 excuset.

330 1070 364 1096 2.
386 1060 622 1108 Proxumum,
638 1067 839 1111 peccatum
860 1071 939 1096 non
959 1065 1158 1095 excusatur
1172 1070 1242 1106 per
1259 1069 1347 1107 pec-

275 1119 421 1160 catum,
452 1115 520 1151 sed
549 1114 671 1162 magis
707 1121 878 1161 augetur.
916 1111 1091 1149 Ebrietas
1129 1119 1259 1148 autem
1293 1118 1349 1147 est

273 1174 486 1214 peccatum.
517 1168 619 1215 Ergo
649 1179 728 1204 non
757 1173 911 1203 excusat
939 1177 961 1201 a
988 1172 1159 1213 peccato.

331 1221 365 1256 3.
386 1221 621 1268 Palm-mni,
642 1219 900 1268 Philosophus
921 1218 1020 1264 dicit,
1041 1217 1080 1254 in
1094 1218 1162 1253 VII
1178 1216 1299 1253 Ethic.
1315 1215 1348 1263 ²⁸,

274 1273 380 1321 quod
409 1273 505 1312 sicut
531 1273 624 1310 ratio
653 1273 821 1311 hominis
848 1272 984 1320 ligatur
1010 1282 1080 1320 per
1112 1269 1347 1315 ebrietatem,
1374 1292 1376 1310 ς

275 1320 632 1375 ita⁷⁷eaarffligatur
659 1338 729 1376 per
757 1323 1118 1374 concupiscentiam.
1153 1322 1230 1360 Sed
1260 1334 1350 1359 con-

275 1379 510 1428 cupiscentia
538 1392 618 1418 non
654 1387 808 1417 excusat
835 1391 858 1416 a
891 1385 1063 1427 peccam.
1101 1377 1204 1424 Ergo
1234 1375 1347 1412 etiam

274 1444 400 1482 neque
429 1433 603 1470 ebrietas.

329 1486 405 1523 San
432 1498 582 1524 coum
610 1497 677 1523 EST
703 1485 809 1535 quod
839 1486 914 1522 Lot
941 1490 1143 1521 excusatur
1170 1482 1218 1518 ab
1247 1480 1348 1518 ince-

274 1546 334 1576 stu
361 1547 518 1589 propter
546 1538 786 1576 ebrietatem:
815 1545 858 1575 ut
878 1537 966 1575 dicit
993 1535 1241 1586 Augustinus,
1262 1547 1349 1572 con-

239 1614 244 1620 ·
273 1598 332 1630 tra
360 1594 543 1630 Faustum
562 1592 593 1630 *.

326 1646 554 1684 ΒΕεΡοΝοεο
597 1657 784 1683 montinum
817 1643 924 1694 quod
968 1643 1006 1680 in
1053 1642 1232 1680 ebrietate
1270 1643 1348 1680 duo

273 1699 530 1747 attenduntur,
551 1699 648 1737 sicut
677 1698 820 1736 dictum
850 1705 907 1735 est
929 1696 969 1734 *ε
1000 1696 1142 1734 scilicet
1179 1695 1349 1733 defectus

273 1764 527 1801 consequens,
549 1760 586 1790 et
605 1760 712 1790 actus
732 1751 980 1802 praecedens.
1010 1751 1069 1787 Ex
1087 1757 1194 1799 parte
1219 1756 1348 1786 autem

273 1806 442 1844 defectus
471 1805 752 1854 consequentis,
774 1805 813 1842 in
841 1817 919 1854 quo
948 1804 1083 1852 ligatur
1116 1814 1210 1840 usus
1239 1802 1349 1840 ratio-

272 1859 342 1908 niS‚
363 1859 525 1898 ebrietas
552 1860 668 1897 habet
697 1870 876 1896 excusare
904 1865 1107 1907 peccatum
1129 1861 1158 1902 ⁴²,
1191 1855 1348 1905 inquan-
1375 1876 1377 1879 .

271 1921 354 1951 tum
375 1922 506 1951 causat
524 1912 824 1951 involuntarium
853 1923 923 1961 per
942 1909 1207 1959 ignorantiam.
1225 1930 1250 1938 -
1271 1909 1348 1947 Sed

273 1978 319 2004 ex
346 1974 454 2016 parte
483 1974 590 2004 actus
618 1965 901 2015 praecedentis,
929 1964 1080 2002 videtur
1110 1974 1192 2000 esse
1222 1962 1350 2000 distin-

271 2020 482 2068 guendum.
513 2019 615 2066 Quia
644 2019 674 2056 si
703 2030 748 2056 ex
777 2025 863 2055 actu
892 2017 955 2055 illo
976 2017 1231 2066 praecedente
1261 2017 1348 2053 sub-

272 2080 403 2110 secuta
433 2080 488 2110 est
517 2072 680 2110 ebrietas
713 2072 794 2110 sine
822 2078 1000 2121 peccato,
1029 2078 1118 2107 tunc
1146 2077 1349 2119 peccatum
1375 2108 1377 2117 ι

1375 2129 1377 2163 j
1405 2122 1450 2159 sit
1469 2130 1572 2159 tanta
1593 2122 1699 2170 quod
1721 2122 1832 2159 faciat
1851 2121 2051 2159 hominem
2073 2121 2248 2158 insanire.
2279 2122 2329 2158 Et
2347 2128 2476 2158 tamen

271 2179 409 2218 accidit
438 2179 486 2217 de
515 2180 590 2217 Lot
608 2178 640 2216 ²⁸.
671 2178 712 2216 Si
732 2186 861 2216 autem
887 2185 992 2215 actus
1020 2177 1258 2226 praecedens
1282 2176 1351 2213 fuit
1376 2175 1377 2200 ἕ

272 2139 438 2176 sequens
474 2126 639 2163 totaliter
675 2132 875 2163 excusatur
902 2137 924 2162 a
953 2125 1084 2173 culpa:
1120 2123 1216 2160 sicut
1253 2123 1350 2160 forte

489 752 512 777 n
532 750 706 783 QUARTUM
726 752 780 777 Sic
800 751 1040 776 PROCEDITUR.
1061 739 1222 776 Videtur
1240 742 1345 788 quod
1371 778 1374 793 Ι

406 782 461 853 ⁸533
488 794 650 831 ebrietas
688 806 767 830 non
806 801 958 830 excuset
987 806 1008 829 a
1035 799 1207 842 peccato.
1247 791 1347 829 Dicit
1372 796 1374 816 ³

1399 747 1557 788 peccato
1588 739 1773 787 sequenti,
1799 739 1905 787 quod
1934 738 2074 776 scilicet
2102 737 2272 774 redditur
2299 738 2474 774 volunta-

1401 792 1497 829 rium
1520 804 1565 828 ex
1583 793 1780 829 voluntate
1807 791 2069 841 praecedentis
2089 798 2215 827 actus:
2245 791 2473 838 inquantum

1401 845 1541 882 scilicet
1569 844 1715 894 aliquis,
1743 846 1837 882 dans
1875 857 2034 893 operam
2064 844 2118 881 rei
2153 843 2319 890 illicitae,
2345 843 2475 880 incidit

1401 959 1483 988 tum
1503 963 1678 1000 sequens,
1700 951 1796 988 sicut
1824 959 1860 987 et
1889 951 2110 988 diminuitur
2138 950 2231 987 ratio
2256 950 2472 987 voluntarii.

1402 1004 1515 1042 Unde
1543 1004 1777 1051 Augustinus
1806 1003 1910 1051 dicit,
1940 1009 2071 1040 contra
2104 1005 2287 1040 Faustum
2306 1003 2338 1050 *,
2369 1003 2474 1052 quod

1402 1058 1476 1094 Lot
1502 1057 1711 1105 culpandus
1739 1062 1794 1093 est
1818 1068 1894 1093 non
1919 1063 2101 1104 quantum
2131 1056 2192 1093 ille
2220 1057 2390 1103 incestus,
2410 1057 2477 1094 sed

1402 1116 1584 1158 quantum
1613 1110 1772 1146 ebrietas
1801 1111 1948 1146 meruit.

1455 1165 1515 1199 AD
1544 1174 1682 1200 ptumum
1717 1174 1815 1199 ERGO
1853 1174 2040 1199 DicENDuM
2076 1162 2183 1210 quod
2217 1162 2488 1211 Philosophus*

1403 1228 1482 1252 non
1511 1215 1599 1252 dicit
1628 1216 1734 1263 quod
1767 1224 1961 1253 mereatur
1988 1216 2205 1264 graviorem
2244 1215 2475 1252 maledictio·

1403 1281 1494 1306 nem
1524 1268 1668 1305 ebrius:
1699 1269 1766 1305 sed
1787 1269 1892 1318 quod
1921 1276 2113 1306 mereatur
2131 1268 2295 1317 duplices
2322 1269 2476 1305 maledi-

1403 1323 1542 1359 ctiones
1560 1320 1587 1369 β,
1608 1329 1765 1370 propter
1793 1322 1932 1371 duplex
1959 1330 2173 1371 peccatum.

1455 1375 1526 1412 Vel
1545 1383 1671 1424 potest
1699 1375 1772 1412 dici
1793 1375 1900 1423 quod
1924 1375 2088 1423 loquitur
2111 1375 2324 1412 secundum
2353 1375 2476 1423 legem

1404 1428 1603 1466 cuiusdam
1633 1428 1766 1466 Pittaci
1786 1434 1822 1476 Υ,
1851 1428 1937 1477 qui,
1966 1436 2008 1464 ut
2037 1427 2170 1465 dicitur
2197 1427 2236 1464 in
2265 1429 2296 1464 II
2317 1428 2424 1465 Polit.
2445 1427 2476 1475 ²¹⁹,

1404 1482 1531 1518 statuit
1559 1481 1665 1531 quod
1694 1482 1799 1528 ebrii,
1820 1482 1854 1518 si
1875 1487 2125 1531 percuterent,
2141 1481 2228 1530 plus
2250 1482 2479 1530 punirentur

1403 1546 1518 1584 quam
1547 1535 1675 1581 sobrii,
1697 1536 1785 1584 quia
1809 1534 1954 1584 pluries
1982 1535 2223 1571 iniuriantur.
2253 1535 2299 1571 In
2328 1546 2414 1584 quo,
2436 1542 2477 1571 ut

1376 1598 1377 1623 l
1403 1588 1545 1626 ibidem
1574 1587 1797 1626 Aristoteles
1827 1588 1926 1636 dicit,
1947 1589 2095 1625 videtur
2117 1588 2242 1638 magis
2271 1589 2479 1637 respexisse

1403 1642 1456 1679 ad
1491 1641 1705 1689 utilitatem,
1735 1650 1776 1679 ut
1813 1642 1953 1679 scilicet
1991 1641 2261 1679 cohiberentur
2302 1641 2476 1688 iniuriae,

1403 1707 1518 1744 quam
1543 1696 1595 1732 ad
1620 1697 1771 1733 veniam
1800 1708 1916 1745 quam
1945 1701 2092 1744 oportet
2114 1696 2255 1732 habere
2281 1695 2327 1731 de
2355 1695 2477 1740 ebriis,

1403 1757 1561 1798 propter
1588 1749 1663 1786 hoc
1691 1749 1798 1799 quod
1827 1761 1906 1786 non
1935 1756 2022 1786 sunt
2051 1749 2107 1785 sui
2137 1755 2347 1797 compotes.

1456 1804 1516 1839 An
1536 1814 1729 1840 SECUNDUM
1750 1814 1936 1840 DICENDUM
1959 1803 2065 1850 quod
2087 1801 2248 1838 ebrietas
2276 1802 2394 1838 habet
2418 1813 2479 1837 ex-

1404 1867 1537 1892 cusare
1565 1863 1767 1904 peccatum
1796 1868 1876 1893 non
1910 1867 1956 1892 ex
1985 1867 2030 1892 ea
2058 1862 2164 1904 parte
2202 1866 2278 1903 qua
2307 1862 2363 1891 est
2390 1866 2478 1903 pec-

1404 1916 1544 1952 catum,
1565 1909 1633 1946 secl
1655 1921 1699 1946 ex
1727 1917 1833 1958 parte
1861 1908 2031 1946 defectus
2061 1907 2341 1956 consequentis,
2364 1915 2403 1944 ut
2423 1907 2477 1945 di-

1404 1970 1507 1999 ctum
1537 1970 1593 1999 est
1611 1962 1641 1999 *.

1455 2017 1516 2052 An
1534 2026 1696 2053 ’mnrium
1716 2027 1904 2052 Dicam->um
1924 2015 2031 2063 quod
2059 2013 2368 2063 concupiscentia
2397 2026 2475 2051 non

1403 2068 1564 2106 totaliter
1583 2068 1672 2117 ligat
1699 2069 1887 2106 rationem
1906 2067 1938 2116 *,
1960 2068 2055 2105 sicut
2075 2068 2255 2105 ebrietas:
2284 2067 2355 2104 nisi
2380 2068 2477 2104 forte
2505 2076 2717 2129 {gg-svamm&

1403 2175 1530 2224 passio
1561 2175 1890 2224 concupiscentiae
1925 2174 2101 2212 diminuit
2136 2181 2358 2224 peccatum:
2389 2174 2477 2223 quia

272 2233 489 2284 culpabilis,
519 2233 572 2270 sic
607 2244 687 2270 non
723 2231 886 2269 totaliter
920 2231 1055 2279 aliquis
1091 2237 1292 2267 excusatur
1328 2242 1350 2266 a
1375 2242 1378 2277 ι
1404 2228 1526 2265 levius
1547 2236 1602 2265 est
1625 2241 1671 2265 ex
1690 2228 1908 2265 infirmitate
1938 2240 2056 2276 quam
2077 2240 2122 2264 ex
2143 2227 2285 2264 malitia
2305 2239 2476 2276 peccare,

323 2366 351 2399 a)
365 2368 517 2399 peccatum.
528 2378 547 2384 -
564 2371 583 2389 a
596 2367 708 2396 peccato
728 2363 800 2388 PGa.

323 2400 349 2435 β)
370 2401 488 2433 duplices
507 2399 717 2425 maledictiones.
730 2413 749 2418 -
767 2398 899 2431 duplicem
918 2397 1131 2423 maledictionem
1151 2396 1223 2422 PGa.

1453 2360 1480 2394 γ)
1499 2360 1607 2385 Pittaci.
1620 2373 1640 2379 -
1653 2359 1766 2392 pictacii
1784 2359 1867 2392 Hlpc,
1876 2359 1983 2391 peccati
2002 2357 2074 2391 DpK,
2089 2358 2189 2391 pietati
2206 2358 2257 2389 BF,
2271 2359 2435 2392 pictagorici
2449 2360 2481 2388 L,

1371 2365 1374 2424 l
1397 2396 1500 2429 plscaci
1518 2395 1559 2428 pG
1579 2400 1604 2420 et
1623 2403 1648 2425 a,
1669 2395 1757 2420 Pitaci'
1774 2394 1843 2420 PsG.

949 2477 1285 2510 Commentaria
1309 2475 1562 2509 cardinalis
1586 2475 1788 2508 Caietani

1401 2608 1519 2632 Catum.

273 2573 320 2636 In
344 2562 478 2593 articulo
511 2567 625 2602 quarto
655 2559 798 2590 eiusdem
830 2558 1026 2600 quaestionis
1057 2557 1344 2598 centesimaequin·
1370 2556 1373 2595 1
1400 2556 1547 2587 fornicari
1578 2556 1716 2587 volebat.
1746 2555 1888 2586 Ebrietas
1919 2555 2015 2596 igitur
2049 2561 2144 2595 auget
2174 2555 2371 2596 quandoque
2404 2565 2477 2595 pec-

301 2606 505 2648 quagesimae
528 2605 624 2635 dubia
644 2604 745 2635 multa
765 2610 946 2635 occurrunt.
971 2603 1117 2634 Primum
1141 2609 1196 2639 est,
1214 2612 1254 2632 an
1272 2611 1344 2643 pec-

271 2658 340 2683 cata
363 2650 535 2682 commissa
558 2649 597 2679 ab
621 2648 708 2679 ebrio
733 2648 799 2679 sine
822 2658 880 2679 sua
903 2648 1013 2688 culpa,
1038 2646 1178 2678 totaliter
1200 2654 1347 2678 excusata

271 2695 334 2727 sint
346 2695 374 2726 *.
399 2695 440 2726 Et
464 2701 510 2725 est
533 2694 614 2724 ratio
631 2692 720 2723 dubii
743 2692 900 2733 quoniam
923 2692 1089 2728 Martinus,
1107 2691 1140 2722 in
1164 2691 1223 2722 hac
1247 2701 1346 2732 quae-

271 2794 353 2827 quae
377 2783 494 2814 scilicet
521 2783 641 2818 ebrius,
667 2781 907 2822 cognoscendo,
931 2790 968 2811 ex
991 2780 1178 2821 passionum
1203 2780 1346 2812 motibus

271 2828 453 2864 committit,
470 2837 552 2868 quae
577 2827 673 2858 etiam
689 2826 756 2857 sine
772 2826 920 2866 ebrietate
944 2832 1025 2856 esset
1048 2825 1199 2861 facturus,
1217 2831 1247 2855 et
1269 2834 1346 2865 gau-

271 2874 324 2905 det
345 2880 420 2915 post
443 2872 626 2903 ebrietatem
650 2881 683 2901 se
703 2870 911 2902 commisisse.
937 2869 1101 2906 Quoniam
1121 2869 1195 2900 talia
1218 2875 1346 2909 peccata

271 2918 347 2949 ebrii
371 2927 429 2950 nec
453 2927 510 2958 per
532 2916 756 2957 ignorantiam,
773 2924 832 2946 nec
854 2914 1037 2955 ignorantes
1061 2914 1277 2944 committunt.

327 2962 363 2993 In
386 2962 575 3003 oppositum
597 2961 723 2991 videtur
745 2960 847 2991 littera
871 2959 978 2989 dicens
1002 2959 1091 2999 quod
1114 2967 1250 2999 sequens
1266 2968 1344 2998 pec-

271 3012 377 3038 catum
402 3007 545 3037 totaliter
567 3010 743 3037 excusatur
762 3015 782 3035 a
807 3004 913 3044 culpa.

327 3051 366 3082 ll.
391 3051 577 3082 Secundum
600 3049 736 3081 dubium
752 3055 808 3085 est,
825 3058 865 3079 an
889 3054 1056 3088 peccatum
1078 3046 1290 3077 commissum
1305 3047 1344 3076 ab

271 3095 359 3127 ebrio
384 3105 421 3126 ex
444 3105 501 3126 sua
525 3095 630 3135 culpa,
655 3099 822 3125 excusetur
845 3103 863 3123 a
882 3100 963 3128 toto,
979 3091 1031 3122 vel
1053 3101 1070 3121 a
1094 3097 1193 3127 tanto,
1211 3090 1261 3121 vel
1283 3100 1344 3130 po-

271 3140 335 3170 tius
357 3146 552 3181 aggravetur.
575 3139 617 3170 Et
649 3146 696 3170 est
718 3138 799 3169 ratio
836 3137 925 3168 dubii
946 3136 1022 3177 quia
1044 3135 1170 3176 singula
1201 3135 1346 3165 membra

271 3184 390 3215 habent
403 3184 548 3225 proprias
567 3183 747 3224 opiniones.
772 3181 926 3213 Martinus
946 3180 1115 3222 siquidem,
1132 3179 1187 3210 ubi
1206 3189 1302 3220 supra
1316 3179 1344 3215 ²⁸,

272 3228 406 3269 probare
428 3228 540 3259 nititur
562 3228 652 3269 quod
675 3227 808 3259 ebrietas
824 3226 991 3267 culpabilis
1014 3225 1211 3266 quandoque
1234 3233 1342 3264 aggra-

271 3279 325 3303 vat
346 3279 514 3313 peccatum
538 3282 675 3314 sequens
689 3272 716 3303 *.
737 3272 918 3312 Probatque
934 3270 1006 3307 hoc,
1024 3268 1239 3310 supponendo
1255 3268 1346 3309 quod

272 3322 360 3348 actus
377 3316 510 3348 exterior
525 3326 591 3347 non
615 3317 709 3347 habet
731 3326 768 3347 ex
784 3326 817 3347 se
840 3315 1004 3356 propriam
1018 3314 1194 3345 bonitatem
1209 3313 1259 3343 vel
1274 3322 1344 3343 ma-

271 3361 383 3398 litiam,
396 3361 452 3391 sed
465 3367 591 3392 tanturn
602 3361 724 3392 ratione
739 3367 828 3392 actus
843 3359 1010 3391 interioris.
1031 3359 1072 3389 Et
1088 3358 1149 3389 hoc
1164 3356 1343 3398 supposito,

273 3405 365 3446 ponit
397 3405 479 3436 duos
512 3415 602 3435 casus
634 3405 771 3436 similes:
804 3414 908 3436 unum
942 3404 981 3434 de
1014 3403 1100 3434 ebrio
1135 3407 1345 3442 cognoscente

273 3450 479 3490 coniugatam
508 3449 584 3490 quia
613 3458 681 3480 non
703 3449 814 3480 recolit
838 3459 904 3480 esse
935 3448 1000 3478 iam
1023 3454 1178 3488 nuptam;
1211 3447 1345 3477 alterum

273 3495 311 3525 de
335 3494 430 3525 Lot*
453 3491 682 3536 (supponendo
706 3493 888 3524 ebrietatem
911 3493 979 3524 eius
1003 3490 1219 3534 culpabilem),
1236 3491 1345 3531 ipsum

273 3545 400 3579 putasse
417 3548 450 3569 se
469 3547 660 3578 cognoscere
676 3544 753 3568 tunc
768 3538 933 3578 propriam
956 3547 1101 3568 uxorem.
1126 3537 1186 3567 Iste
1205 3545 1344 3576 namque

273 3583 434 3614 commisit
455 3582 631 3618 incestum,
656 3587 687 3612 et
709 3581 762 3612 ille
792 3581 983 3612 adulterium
1009 3591 1045 3612 ex
1075 3581 1238 3612 ebrietate:
1270 3589 1344 3611 cum

273 3635 379 3658 tamen
404 3637 441 3658 ex
462 3626 627 3657 voluntate
643 3626 706 3656 Lot
728 3625 858 3656 reddere
874 3625 1027 3662 debitum,
1043 3625 1096 3656 ille
1113 3632 1220 3656 autem
1236 3625 1345 3655 solum

1456 2646 1498 2676 Et
1513 2645 1661 2686 quamvis
1677 2645 1803 2675 nullum
1821 2644 1919 2674 sciam
1943 2644 1975 2674 in
2002 2644 2144 2674 secundo
2162 2643 2307 2673 membro
2333 2643 2476 2674 dubitare

1401 2700 1476 2720 sane
1492 2690 1673 2721 intellecto:
1698 2689 1773 2730 quia
1790 2688 1909 2719 scilicet
1928 2694 2052 2719 constat
2075 2687 2199 2718 ebrium
2215 2687 2322 2718 minus
2346 2697 2476 2727 peccare

1400 2734 1433 2765 in
1457 2734 1506 2765 his
1530 2734 1622 2764 malis
1646 2743 1728 2775 quae
1752 2740 1829 2764 tunc
1848 2732 1938 2769 facit,
1963 2742 2062 2773 quam
2085 2732 2110 2762 si
2135 2732 2260 2762 sobrius
2283 2732 2405 2763 illamet
2428 2731 2474 2762 fa-

1401 2786 1497 2815 ceret;
1523 2787 1553 2810 et
1576 2785 1744 2819 propterea
1767 2778 1881 2818 procul
1905 2777 2004 2807 dubio
2029 2783 2195 2807 excusatur
2218 2787 2235 2806 a
2259 2783 2362 2807 tanto:
2380 2793 2401 2799 -
2417 2776 2475 2807 du-

1400 2823 1491 2854 bium
1514 2830 1620 2854 tamen
1644 2833 1710 2853 non
1734 2832 1870 2862 parvum
1894 2828 1949 2858 est,
1972 2832 2011 2852 an
2035 2827 2201 2852 excusetur
2224 2831 2241 2851 a
2263 2828 2343 2852 toto.
2369 2821 2410 2851 Et
2429 2827 2475 2851 est

1400 2868 1480 2899 ratio
1506 2867 1594 2898 dubii
1617 2867 1780 2897 diversitas
1805 2866 1998 2906 opinionum
2022 2872 2053 2896 et
2073 2865 2245 2896 rationum.
2271 2865 2474 2902 Quibusdam

1400 2913 1487 2943 enim
1504 2911 1700 2952 probabilius
1723 2911 1848 2942 videtur
1864 2911 1953 2951 quod
1970 2917 2159 2941 excusentur
2181 2921 2199 2940 a
2214 2916 2283 2941 toto
2300 2910 2326 2940 *.
2357 2910 2398 2939 Et
2425 2909 2474 2939 his

1400 2957 1480 2987 ratio
1504 2956 1709 2996 suffragatur:
1735 2955 1811 2996 quia
1834 2955 1949 2986 mentis
1966 2955 2078 2995 inopes
2103 2965 2169 2985 non
2193 2961 2330 2994 possunt
2344 2962 2473 2994 peccare

1400 3002 1440 3032 de
1473 3011 1580 3037 novo,
1605 3000 1751 3042 quamvis
1780 2999 1979 3041 peccaverint
2001 2999 2154 3040 ponendo
2183 3009 2215 3029 se
2238 2999 2271 3029 in
2304 2997 2357 3029 tali
2390 3004 2471 3029 statu

1400 3046 1526 3076 mentis.
1551 3063 1572 3069 -
1602 3046 1643 3076 Et
1673 3043 1879 3076 confirmatur
1905 3044 1983 3074 hoc:
2008 3044 2084 3085 quia
2114 3043 2225 3074 furiosi
2259 3049 2289 3073 et
2320 3049 2471 3079 amentes,

1400 3090 1465 3120 sive
1490 3090 1688 3130 culpabiliter
1710 3089 1775 3119 sive
1799 3099 1876 3125 non,
1901 3095 2090 3119 excusantur
2112 3098 2130 3118 a
2153 3094 2234 3118 toto.

1455 3134 1536 3165 Aliis
1559 3141 1667 3165 autem
1690 3133 1816 3164 videtur
1832 3133 2021 3173 oppositum
2036 3132 2063 3163 ²⁸¹.
2088 3133 2129 3163 Et
2148 3133 2187 3162 de
2206 3141 2319 3162 eorum
2335 3140 2471 3161 numero

1399 3179 1525 3209 videtur
1548 3181 1670 3209 Auctor
1693 3178 1726 3208 in
1748 3178 1862 3214 littera,
1887 3178 1966 3208 dum
1990 3177 2080 3213 dicit,
2104 3177 2308 3207 Diminuitur
2336 3185 2472 3215 sequens

1394 3229 1577 3264 peccatum,
1603 3229 1634 3253 et
1656 3232 1723 3253 non
1743 3222 1827 3257 dicit,
1852 3222 1991 3252 Tollitur
2013 3230 2148 3262 sequens
2165 3225 2354 3261 peccatum:
2377 3219 2471 3250 dimi-

1400 3267 1492 3298 nutio
1516 3267 1602 3298 enim
1625 3266 1809 3308 quantitatis
1833 3265 2086 3306 magnitudinem
2110 3265 2221 3302 aufert,
2242 3274 2308 3295 non
2332 3263 2471 3304 speciem

1400 3311 1651 3342 substantialem.
1675 3311 1717 3341 Et
1739 3311 1788 3340 his
1811 3310 1891 3341 ratio
1915 3320 2047 3351 quoque
2071 3309 2267 3349 suffragatur.
2288 3308 2373 3347 Quia
2396 3318 2470 3349 pec-

1400 3363 1507 3387 catum
1532 3365 1668 3396 sequens
1684 3361 1730 3385 est
1752 3355 1786 3385 in
1809 3354 1915 3395 seipso
1931 3361 2019 3385 actus
2043 3353 2213 3390 deformis;
2238 3360 2269 3384 et
2292 3359 2339 3384 est
2357 3353 2472 3383 volun-

1400 3401 1497 3431 tarius
1521 3400 1553 3430 in
1571 3410 1628 3430 sua
1648 3409 1751 3435 causa,
1769 3409 1867 3440 quam
1890 3398 1997 3439 potuit
2012 3405 2043 3429 et
2059 3398 2169 3429 debuit
2183 3398 2241 3429 iste
2257 3397 2369 3434 vitare;
2395 3407 2470 3437 ergo

1399 3446 1493 3476 habet
1510 3444 1619 3475 omnia
1643 3443 1793 3485 requisita
1809 3444 1849 3473 ad
1868 3443 1929 3474 hoc
1953 3443 2042 3484 quod
2059 3443 2099 3474 sit
2114 3442 2288 3474 formaliter
2303 3449 2469 3482 peccatum

1399 3490 1431 3520 in
1455 3499 1568 3530 genere
1584 3489 1692 3520 moris.
1716 3489 1791 3518 Non
1809 3488 1917 3519 subest
1932 3487 2028 3529 igitur
2044 3497 2138 3518 causa
2162 3486 2356 3518 rationabilis
2372 3496 2469 3527 quare

1400 3533 1576 3565 excusabile
1605 3533 1659 3569 sit,
1689 3532 1766 3574 quin
1797 3532 2008 3563 committenti
2041 3532 2231 3573 imputetur:
2264 3531 2336 3562 licet
2362 3530 2469 3561 minus

1399 3589 1498 3620 quam
1527 3578 1553 3608 si
1577 3578 1681 3609 sobrie
1705 3577 1918 3608 committeret
1939 3576 2029 3608 illud.

1456 3623 1507 3654 111.
1533 3623 1583 3654 Ad
1607 3622 1724 3653 horum
1748 3621 1948 3658 evidentiam,
1974 3620 2197 3661 distinguenda
2216 3627 2290 3650 sunt
2312 3619 2363 3650 hic
2386 3627 2467 3659 quae

2503 1006 2512 1015 ⁸
2526 1005 2582 1027 Loc.
2597 1006 2648 1031 cin,
2663 1010 2715 1032 cap.

2501 1038 2562 1053 xciv.

2603 1455 2634 1475 ix,
2648 1455 2669 1470 n.
2680 1456 2715 1477 9.-

2584 1491 2589 1497 .
2601 1476 2653 1497 lect.
2664 1482 2716 1497 xvii.

2505 1449 2587 1497 ὲῗῗῐζ

2506 1964 2514 1973 ·
2529 1962 2554 1984 In
2569 1968 2674 1990 corpore.

2503 2915 2512 2925 ⁸
2527 2914 2563 2936 Cf.
2579 2920 2641 2936 num.
2657 2922 2694 2937 vn.

2501 3139 2510 3148 ⁸
2530 3139 2565 3161 cf.
2582 3146 2645 3162 num.
2662 3146 2711 3162 viii.
