2768 4198
238 256 312 302 540

233 333 423 364 commutari
449 333 582 373 possint.
608 332 778 369 Quocirca,
794 331 939 371 quamvis
963 330 1122 360 laudabile
1146 330 1185 360 sit
1207 330 1302 359 indu-

233 387 310 414 cere,
331 385 365 408 ut
389 377 468 407 infra
485 378 501 396 *
526 377 648 413 dicitur,
667 377 806 416 aliquem
830 376 869 405 ad
893 375 1088 425 religionem,
1115 384 1180 404 non
1204 374 1302 404 laudo

1329 330 1332 409 Ι

854 252 1123 299 QUAESTIO
1154 252 1405 298 CLXXXIX,
1435 252 1735 290 ARTICULUS
1765 254 1814 290 III

1357 335 1426 360 stra
1457 340 1567 361 rerum
1592 333 1792 372 experientia
1823 333 1912 373 quod
1936 333 2044 363 minus
2073 333 2153 364 laete
2177 341 2243 365 tota
2273 334 2336 365 vita
2367 335 2432 375 agi-

1358 381 1418 410 tur,
1437 384 1512 405 cum
1534 375 1646 406 recolit
1669 386 1701 406 se
1725 377 1797 417 quis
1821 387 1887 407 non
1912 384 2037 417 sponte,
2054 388 2120 408 non
2145 388 2181 409 ex
2205 379 2337 419 proprio
2361 379 2434 409 affe-

2461 404 2572 426 ’—Pseudo
2576 405 2620 427 Hie
2608 411 2672 427 e.ron

233 429 340 452 tamen
355 423 560 452 inducentem
577 422 616 451 ad
634 421 817 451 vovendum
838 419 1022 459 religionis
1014 427 1208 469 mgressum:
1227 418 1303 458 quia
1328 419 1330 451 Ι
1357 425 1426 454 ctu,
1452 419 1507 449 sed
1538 419 1640 450 aliena
1665 420 1850 452 inductione
1883 422 2034 453 maritum
2057 423 2155 453 talem
2179 429 2367 463 acceptasse.
2393 423 2434 455 Et
2460 430 2479 451 Ε
2497 430 2622 453 istane:
2597 437 2672 453 es-um

232 467 321 506 quod
338 477 374 497 ex
390 467 575 497 inductione
598 465 725 495 alterius
745 464 779 494 fit
794 471 918 499 v‚otum
937 473 1001 493 non
1026 463 1161 493 omnino
1187 469 1329 502 sponte
1328 455 1329 490 Ι

231 510 279 547 fit,
309 521 374 541 non
404 511 476 541 ideo
503 510 598 540 libere
622 509 687 539 fieri
719 508 852 539 videtur.
882 509 1031 539 Testatur
1059 514 1166 538 autem
1197 508 1300 548 magi-

1355 470 1478 503 quanto
1503 464 1614 503 magis,
1634 464 1733 495 vitam
1757 467 1789 496 in
1813 476 1914 497 carne
1931 472 2068 507 praeter
2090 477 2222 498 carnem
2247 477 2338 508 agere
2352 469 2380 504 *‚
2399 467 2432 497 in

1327 514 1549 547 paupertate,
1575 507 1651 538 etc.l

1037 661 1361 703 ARTICULUS
1390 661 1624 704 TERTIUS

321 759 477 791 UTRUM
502 758 599 789 ILLE
624 757 700 794 Qu1
725 756 973 788 OBL1GATus
997 756 1078 786 EST
1103 755 1227 787 VOTo
1252 756 1310 786 AD
1335 756 1582 787 RELIGIONIS
1606 756 1861 794 1NGRESSUM,
1885 757 2126 791 TENEATUR
2149 761 2340 792 INTRARE

443 838 535 870 Supra,
556 845 599 869 qu.
620 843 738 867 Lxxxvm,
759 841 804 861 art.
827 835 850 864 3,
870 836 902 859 ad
923 842 951 865 2;
971 835 1005 859 IV
1025 835 1109 864 Sent„
1130 835 1188 860 dist.
1207 842 1309 865 xxxvm,
1329 842 1373 867 qu.
1393 842 1410 864 ι,
1430 841 1476 860 art.
1495 843 1522 866 4,
1542 835 1592 868 qu·
1617 844 1637 865 ι,
1657 836 1689 860 ad
1709 834 1739 866 6;
1761 835 1858 866 Quodt.
1878 836 1922 868 111,
1942 845 1986 870 qu.
2006 846 2030 868 ν,
2051 844 2097 864 art.
2117 846 2142 865 2.

262 952 274 966 s
291 946 303 953 .
345 952 359 965 „1
374 943 388 954 s·
441 929 463 953 D
483 927 644 952 TERTIUM
663 927 717 951 Sic
738 926 980 951 onocamrua.
1010 914 1172 951 Videtur
1196 914 1301 963 quod

254 962 301 993 '⁴5⁸'
352 962 416 1016 *3⁷³5
442 970 501 1006 ille
531 969 596 1018 qui
625 968 812 1016 obligatus
834 975 890 1005 est
915 975 1010 1005 voto
1039 968 1089 1005 ad
1110 968 1300 1028 religionis

7 1090 62 1112 Can.
76 1088 198 1110 Cosaldus.
295 1106 297 1108 .
314 1100 324 1104 ‹

226 1132 354 1168 saldus
385 1132 598 1179 presbyter,
627 1130 825 1179 quondam
863 1129 1091 1177 infirmitatis
1122 1104 1302 1177 passione

220 1197 387 1234 pressus,
417 1186 646 1221 monachum
675 1195 714 1220 se
730 1183 827 1231 fieri
846 1183 1039 1231 promisit,
1069 1194 1143 1219 non
1173 1188 1298 1220 tamen

227 1239 456 1276 monasterio
485 1243 552 1275 aut
573 1237 704 1274 abbati
727 1249 768 1273 se
795 1236 958 1283 tradidit,
989 1248 1057 1273 nec
1078 1237 1300 1285 promissio-

227 1305 312 1329 nem
347 1292 514 1340 scripsit,
552 1291 619 1328 sed
653 1291 875 1337 beneficium
905 1290 1084 1327 ecclesiae
1115 1290 1152 1327 in
1182 1302 1299 1327 manu

226 1346 403 1383 advocati
429 1345 627 1394 refutavit.-
662 1356 709 1381 ac
736 1350 940 1393 postquam
974 1343 1185 1385 convaluit,
1220 1356 1300 1381 mo-

227 1401 390 1437 nachum
413 1411 453 1436 se
473 1399 629 1448 negavit
643 1398 749 1446 fieri.
780 1398 828 1434 Et
855 1405 991 1447 postea
1021 1396 1166 1434 subdit:
1197 1398 1300 1434 Iudi-

226 1466 357 1491 camus
394 1458 435 1489 ut
459 1453 659 1501 praefatus
685 1452 888 1501 presbyter
923 1451 1145 1499 beneficium
1183 1457 1219 1487 et
1245 1451 1300 1488 al-

227 1508 325 1545 taria
355 1507 512 1555 recipiat
538 1512 575 1542 et
600 1505 722 1554 quiete
750 1506 918 1541 retineat.
950 1504 1037 1541 Hoc
1065 1511 1195 1541 autem
1220 1517 1300 1542 non

228 1569 344 1607 esset,
385 1561 414 1597 si
443 1566 636 1597 teneretur
665 1559 887 1606 religionem
915 1557 1066 1595 intrare.
1111 1558 1213 1606 Ergo
1243 1558 1298 1595 vi-
1326 1576 1327 1607 Ι

227 1615 338 1651 detur
366 1615 471 1663 quod
501 1625 579 1650 non
609 1619 783 1649 teneatur
812 1611 946 1660 aliquis
975 1611 1135 1659 implere
1164 1619 1300 1648 votum

227 1681 304 1717 quo
334 1680 374 1704 se
405 1668 452 1704 ad
483 1665 673 1714 religionis
703 1666 915 1713 ingressum
946 1663 1141 1712 obligavit.

281 1733 314 1758 2.
346 1722 590 1765 Famem,
630 1719 754 1755 nullus
783 1726 933 1755 tenetur
962 1717 1087 1754 facere
1117 1717 1154 1755 id
1193 1718 1299 1767 quod

226 1787 303 1811 non
333 1782 388 1811 est
417 1775 454 1810 in
483 1785 551 1810 sua
581 1779 780 1822 potestate.
813 1771 890 1808 Sed
920 1771 1025 1819 quod
1055 1770 1190 1820 aliquis
1216 1771 1299 1808 reli-

223 1829 376 1877 gionem
408 1826 659 1875 ingrediatur,
691 1838 769 1863 non
799 1832 855 1862 est
884 1825 920 1861 in
950 1832 1137 1874 potestate
1167 1825 1298 1874 ipsius,

224 1883 291 1919 sed
322 1881 523 1930 requiritur
560 1880 608 1917 ad
638 1881 713 1916 hoc
750 1891 927 1916 assensus
957 1890 1093 1915 eorum
1123 1878 1170 1915 ad
1200 1891 1299 1927 quos

223 1936 338 1974 debet
365 1934 536 1972 transire.
568 1934 671 1982 Ergo
700 1933 853 1970 videtur
881 1932 987 1981 quod
1016 1944 1094 1968 non
1125 1939 1300 1970 teneatur

224 1989 357 2039 aliquis
387 1988 547 2038 implere
575 1995 712 2024 votum
753 1999 830 2036 quo
860 1999 899 2023 se
936 1985 984 2023 ad
1014 1985 1205 2034 religionis
1243 1986 1298 2023 in-

223 2055 396 2092 gressum
427 2041 621 2090 obligavit.

279 2098 314 2134 3.
342 2097 581 2142 PRAETEREA,
611 2107 681 2144 per
700 2101 836 2131 votum
858 2092 986 2130 minus
1006 2093 1096 2130 utile
1116 2105 1195 2131 non
1215 2101 1299 2143 pot-

224 2158 279 2187 est
308 2150 483 2198 derogari
512 2157 605 2186 voto
634 2148 755 2196 magis
784 2147 874 2184 utili.
907 2146 984 2183 Sed
1013 2159 1082 2196 per
1110 2147 1299 2196 impletio-
1324 2165 1326 2190 3

224 2217 313 2241 nem
351 2204 433 2241 voti
471 2202 660 2251 religionis
699 2200 877 2250 impediri
915 2209 1046 2249 posset
1071 2206 1088 2222 ⁰²
1127 2200 1297 2251 impletio

223 2261 303 2294 voti
334 2257 468 2294 Crucis
497 2257 534 2293 in
564 2255 778 2293 subsidium
808 2255 953 2291 Terrae
978 2254 1161 2291 Sanctae:
1192 2255 1298 2303 quod

223 2311 376 2347 videtur
405 2322 487 2347 esse
517 2309 655 2355 utilius,
687 2308 775 2358 quia
805 2320 874 2357 per
901 2308 976 2344 hoc
995 2315 1133 2344 votum
1165 2320 1299 2345 conse-

225 2364 352 2413 quitur
389 2364 509 2400 homo
544 2361 811 2399 remissionem
851 2369 1099 2410 peccatorum
1118 2359 1150 2397 *.
1194 2361 1297 2409 Ergo

224 2417 375 2454 videtur
413 2416 518 2466 quod
555 2423 691 2452 votum
731 2427 808 2464 quo
847 2414 932 2462 quis
967 2426 1008 2450 se
1038 2413 1222 2462 obligavit
1249 2415 1298 2452 ad

226 2470 414 2519 religionis
443 2470 675 2518 ingressum,

225 2525 424 2573 plendum.

279 2578 353 2615 SED
374 2588 522 2614 CONTRA
538 2586 604 2612 EST
623 2574 729 2624 quod
746 2573 883 2611 dicitur
900 2573 1025 2611 Eccle.
1046 2586 1069 2611 v
1088 2573 1128 2611 *ε
1150 2575 1192 2611 Si
1209 2575 1301 2624 quid

223 2631 359 2669 vovisti
384 2631 487 2676 Deo,
517 2641 564 2666 ne
592 2629 754 2665 moreris
782 2628 962 2665 reddere:
999 2628 1166 2677 displicet
1197 2629 1296 2666 enim

0 2374 49 2395 Vi
53 2374 80 2395 de
101 2374 181 2395 Baron.

0 2402 31 2422 4n
33 2401 81 2422 nal.
101 2400 130 2422 ad
144 2406 172 2421 an
177 2416 181 2420 ,

0 2434 20 2449 ιο
22 2427 101 2455 ‹›.5Co
87 2427 181 2448 oncion.

0 2453 49 2502 {gni
47 2454 90 2501 oald!
88 2455 110 2502 ἰΙη
120 2453 180 2502 Cgii:

0 2508 32 2529 :it
41 2508 93 2529 Clar
84 2513 148 2529 ramo
150 2513 182 2530 nt.

7 2587 74 2608 Vera.
90 2594 108 2615 3.

223 2686 306 2722 Deo
336 2683 495 2733 infidelis
523 2689 559 2720 et
583 2682 695 2720 stulta
726 2682 944 2731 promissio.
985 2681 1034 2718 Et
1062 2693 1178 2731 super
1204 2682 1298 2720 illud
1324 2674 1325 2708 Ῑ

223 2738 367 2776 Psalmi
385 2737 420 2784 *‚
458 2738 595 2774 Vovete
622 2742 658 2773 et
685 2735 826 2772 reddite
856 2735 1020 2772 Domino
1050 2736 1132 2773 Deo
1160 2741 1296 2783 vestro,

8 2747 42 2768 l’s.
58 2753 125 2771 cxxv.
135 2752 194 2768 vers.

0 2779 89 2822 tlsomb.

225 2792 314 2830 dicit
342 2791 480 2829 Glossa
499 2790 539 2827 *ε
581 2790 726 2827 Vovere
757 2789 944 2826 voluntati
969 2789 1196 2826 consulitur.-
1233 2790 1300 2827 sed

218 2851 306 2895 post
332 2845 410 2882 voti
429 2843 746 2893 promissionem,
786 2843 943 2880 redditio
977 2843 1189 2880 necessario
1218 2843 1297 2880 exi-

222 2900 340 2950 gitur.

0 2957 59 3005 „0¹¹¹-
83 2963 193 2981 mm„
278 2953 505 2989 Responnso
525 2961 711 2988 monimum
732 2949 850 2999 quod,
868 2949 964 2986 sicut
983 2961 1098 2999 supra
1112 2948 1133 2971 '¹‘
1153 2949 1295 2987 dictum

21 3000 25 3004 ’
53 2999 56 3003 ’
224 3013 290 3052 est,
322 3017 408 3042 cum
440 3005 487 3042 de
508 3013 602 3041 voto
623 3011 809 3052 ageretur,
840 3010 975 3039 votum
1007 3010 1063 3039 est
1090 3003 1295 3062 promissio
1321 3020 1323 3034 ι

224 3060 309 3096 Deo
339 3059 436 3096 facta
474 3058 521 3095 de
551 3058 610 3094 his
643 3069 742 3106 quae
772 3056 820 3094 ad
850 3058 977 3094 Deum
1007 3056 1207 3105 pertinent.
1247 3057 1297 3094 Ut

82 3112 96 3146 β
224 3121 351 3149 autem
380 3111 587 3160 Gregorius
607 3109 623 3140 β
652 3110 761 3156 dicit,
791 3110 829 3147 in
859 3110 1031 3159 Epistola
1058 3111 1111 3148 ad
1136 3110 1322 3159 Bonifa-

4 3170 194 3202 ¹nn⁰013291⁵1
224 3166 323 3202 cium
343 3165 381 3213 ¹¹¹,
410 3166 444 3202 si
470 3166 567 3202 inter
593 3165 764 3202 homines
797 3164 918 3201 solent
943 3165 1066 3201 bonae
1081 3164 1182 3212 fidei
1207 3176 1295 3201 con·
1320 3145 1322 3172 Ι

0 3196 195 3251 ἱενκιῗῖῗπιοαέ
225 3225 364 3256 tractus
393 3219 496 3256 nulla
526 3219 673 3256 ratione
699 3218 871 3263 dissolvi,
901 3223 1042 3266 quanto
1071 3230 1196 3267 magss
1225 3216 1294 3255 ’δία

0 3249 196 3331 &13:353ss
220 3273 439 3321 pollicitatio
468 3284 589 3341 quam
603 3284 689 3309 cum
710 3272 793 3308 Deo
818 3271 973 3321 peptgit,
1003 3271 1100 3308 solvi
1116 3271 1197 3308 sine
1215 3271 1293 3309 vin-

225 3325 322 3362 dicta
343 3338 417 3362 non
432 3323 589 3374 poterit.l
622 3326 670 3362 Et
690 3325 776 3362 ideo
799 3325 846 3362 ad
867 3324 1108 3374 implendum
1130 3324 1165 3362 id
1187 3321 1321 3374 quod

226 3379 346 3416 homo
375 3379 499 3426 vovit,
539 3391 584 3416 ex
613 3378 836 3416 necessitate
869 3386 1037 3425 tenetur,
1077 3374 1321 3429 dummodo}

227 3431 272 3469 sit
299 3431 442 3479 aliquid
471 3433 575 3480 quod
601 3432 650 3470 ad
669 3433 798 3470 Deum
819 3431 1014 3481 pertineat.
1045 3430 1321 3470 Manifestum¹

281 3563 308 3596 α)
323 3565 423 3596 posset.
435 3576 454 3583 ·-
468 3562 556 3595 possit
575 3562 691 3595 BFLpK.
706 3566 797 3594 potest
815 3563 930 3589 ACEsK.

281 3599 306 3632 β)
327 3598 485 3633 Gregorius.
497 3611 516 3617 -
527 3598 694 3631 Augustinus
707 3598 788 3628 PCH;
808 3599 892 3623 bonae
898 3598 967 3632 fidei
978 3604 1038 3631 post
1050 3599 1169 3624 homines
1182 3599 1255 3631 ponit
1267 3598 1295 3624 P.

715 2481 793 2505 non
823 2467 869 2504 sit
902 2479 946 2504 ex
975 2467 1199 2504 necessitate
1228 2468 1299 2506 im·
1325 2497 1326 2500 η

1355 922 1410 951 est
1439 922 1568 951 autem
1602 916 1707 964 quod
1740 916 1932 964 ingressus
1966 917 2157 965 religionis
2187 919 2352 958 maxime
2381 922 2430 959 ad

1355 969 1483 1005 Deum
1511 968 1695 1017 pertinet:
1727 969 1815 1018 quia
1843 982 1913 1019 per
1946 971 2020 1008 hoc
2048 972 2169 1009 homo
2199 973 2362 1012 totaliter
2390 987 2430 1012 se

1355 1021 1550 1071 mancipat
1579 1021 1716 1059 divinis
1745 1023 1961 1072 obsequiis,
1991 1032 2034 1061 ut
2063 1037 2107 1061 ex
2136 1038 2252 1074 supra
2273 1026 2294 1048 ’¹‘
2322 1027 2431 1065 dictis

1353 1083 1469 1124 patet.
1504 1075 1617 1113 Unde
1647 1076 1870 1126 relinquitur
1898 1078 2004 1126 quod
2033 1078 2096 1115 ille
2124 1079 2190 1128 qui
2218 1092 2259 1116 se
2287 1081 2431 1129 obligat

1355 1129 1403 1166 ad
1433 1129 1625 1177 religionis
1654 1129 1887 1178 ingressum,
1917 1138 2092 1168 teneatur
2121 1133 2345 1181 religionem
2375 1135 2430 1172 in-

1353 1182 1472 1242 gredi,
1503 1183 1717 1221 secundum
1748 1185 1851 1244 quod
1882 1196 1922 1221 se
1942 1192 2036 1222 voto
2058 1186 2226 1235 obligare
2250 1186 2430 1227 intendit.

1326 1280 1328 1284 .
1354 1236 1404 1273 ita
1434 1236 1576 1274 scilicet
1603 1237 1722 1296 quod,
1753 1237 1783 1274 si
1813 1237 1974 1275 intendit
1992 1251 2033 1275 se
2053 1239 2227 1278 absolute
2247 1241 2429 1301 obligare,

1326 1291 1328 1307 Ι
1353 1298 1504 1327 tenetur
1531 1303 1648 1339 quarn
1680 1290 1788 1327 citius
1816 1291 1956 1351 poterit
1982 1292 2140 1341 ingredi,
2169 1293 2369 1342 legitimo'
2359 1307 2430 1333 im-

1353 1344 1578 1393 pedimento
1605 1352 1793 1390 cessante;
1824 1344 1854 1381 si
1875 1353 2004 1382 autem
2025 1346 2074 1384 ad
2095 1354 2242 1384 certum
2263 1355 2429 1398 tempus,

1352 1398 1415 1434 vel
1444 1398 1516 1434 sub
1547 1406 1648 1435 certa
1678 1374 1914 1446 conditione,
1943 1406 2094 1436 tenetur
2121 1400 2345 1450 religionem
2376 1402 2430 1440 in-

1352 1451 1458 1499 gredi
1495 1459 1670 1501 tempore
1709 1452 1959 1500 adveniente,
1998 1453 2060 1490 vel
2096 1454 2315 1492 conditione
2355 1454 2429 1493 exi-

1354 1512 1489 1542 stente.

1406 1560 1466 1595 AD
1496 1570 1636 1596 ramum
1665 1569 1765 1595 ERGO
1791 1570 1978 1596 mesanum
2007 1560 2113 1609 quod
2141 1560 2201 1598 ille
2229 1562 2431 1611 presbyter

1354 1623 1434 1648 non
1462 1612 1603 1648 fecerat
1630 1619 1768 1648 votum
1798 1613 1984 1659 solemne,
2014 1613 2083 1651 sed
2112 1613 2285 1664 simplex.
2315 1615 2429 1654 Unde

1325 1697 1327 1712 ᾗ
1353 1677 1431 1702 non
1464 1672 1544 1702 erat
1572 1666 1787 1702 monachus
1816 1665 1986 1714 effectus,
2012 1675 2053 1704 ut
2082 1667 2165 1715 cogi
2195 1668 2352 1706 deberet
2380 1670 2428 1707 de

1326 1745 1327 1769 3
1353 1718 1434 1754 iure
1462 1718 1499 1755 in
1529 1718 1763 1755 monasterio
1794 1731 1996 1756 remanere
2025 1729 2062 1757 et
2081 1721 2282 1759 ecclesiam
2305 1722 2430 1760 dimit-

1325 1786 1327 1790 ·
1353 1779 1444 1808 tere.
1475 1772 1627 1808 Tamen
1657 1771 1695 1808 in
1722 1771 1807 1809 foro
1837 1772 2090 1810 conscientiae
2120 1783 2219 1812 esset
2246 1775 2318 1812 sibi
2338 1789 2428 1815 con·
2485 1819 2489 1822 ,

1325 1825 1558 1864 Ιευὶεηάυῐῐι
1596 1824 1723 1875 quod,
1762 1826 1945 1863 omnibus
1980 1826 2166 1874 dimissis,
2203 1828 2426 1877 religionem

1353 1879 1519 1915 intraret.
1549 1877 1662 1916 Unde
1692 1878 1824 1925 Extra,
1853 1879 1900 1916 de
1934 1880 2026 1917 Voto
2055 1886 2091 1918 et
2123 1881 2210 1918 Voti
2234 1883 2427 1934 redempt,

1354 1945 1436 1981 cap.
1458 1934 1533 1969 Per
1559 1938 1663 1978 tuas,
1694 1908 1904 1970 consulitur
1933 1933 2116 1984 episcopo
2146 1912 2429 1986 Gratianopoli-

1352 1994 1443 2023 tano
1468 1991 1505 2033 Υ,
1545 1985 1612 2034 qui
1650 1993 1738 2034 post
1764 1994 1901 2023 votum
1938 1986 2128 2036 religionis
2164 1987 2428 2039 episcopatum

1324 2061 1326 2068 ι
1353 2047 1625 2089 assumpserat,
1655 2047 1748 2076 voto
1778 2052 1857 2077 non
1886 2039 2059 2101 impleto,
2088 2048 2142 2088 ut,
2170 2043 2205 2078 si
2229 2054 2339 2081 suam
2367 2055 2428 2082 sa-

1353 2106 1448 2131 nare
1474 2093 1707 2131 desideraret
1731 2094 2020 2142 conscientiam,
2050 2095 2222 2146 regimen
2250 2096 2430 2136 ecclesiae

1353 2148 1578 2198 resignaret,
1607 2152 1644 2184 et
1670 2147 1843 2184 redderet
1867 2147 2060 2186 Altissimo
2087 2153 2176 2187 vota
2204 2161 2286 2187 sua.

1406 2203 1464 2238 Αι)
1484 2212 1679 2238 SECUNDUM
1700 2211 1887 2239 mensuum
1917 2202 2036 2251 quod,
2067 2202 2163 2240 sicut
2189 2215 2306 2253 supra
2323 2203 2345 2226 *
2373 2204 2429 2242 di·
2455 2210 2466 2222 ·

1353 2262 1457 2292 ctum
1488 2262 1555 2301 est,
1586 2266 1675 2291 cum
1706 2253 1754 2291 de
1773 2262 1867 2291 voto
1897 2263 2085 2304 ageretur,
2106 2255 2167 2294 ille
2187 2256 2252 2306 qui
2273 2269 2314 2294 se
2332 2265 2427 2297 voto

1353 2307 1535 2356 obligavit
1563 2307 1612 2345 ad
1642 2314 1766 2344 certae
1797 2308 1988 2356 religionis
2016 2308 2248 2358 ingressum,
2278 2318 2428 2350 tenetur

1352 2362 1477 2398 facere
1508 2368 1695 2410 quantum
1724 2360 1762 2398 in
1792 2373 1833 2398 se
1863 2369 1918 2398 est
1946 2370 1987 2399 ut
2014 2362 2053 2399 in
2078 2362 2140 2400 illa
2167 2363 2349 2413 religione
2370 2377 2428 2402 re-

1353 2414 1526 2464 cipiatur.
1557 2415 1606 2451 Et
1633 2414 1663 2451 si
1693 2413 1852 2462 quidem
1881 2415 2041 2453 intendit
2069 2428 2110 2453 se
2139 2415 2358 2466 simpliciter
2377 2419 2426 2456 ad

1353 2468 1575 2516 religionem
1605 2466 1791 2516 obligare,
1821 2467 1851 2505 si
1881 2481 1960 2506 non
1990 2469 2170 2519 recipitur
2198 2471 2235 2508 in
2264 2483 2341 2509 una
2369 2484 2426 2510 re-

1350 2522 1502 2570 ligione,
1531 2529 1682 2558 tenetur
1709 2521 1762 2558 ire
1792 2522 1840 2560 ad
1870 2522 1992 2560 aliam.
2024 2523 2063 2560 Si
2082 2535 2177 2560 vero
2206 2524 2367 2562 intendit
2385 2537 2426 2563 se

1350 2575 1519 2623 obligare
1549 2574 1762 2624 specialiter
1790 2575 1839 2613 ad
1859 2588 1978 2613 unam
1999 2577 2139 2625 solum,
2169 2589 2248 2615 non
2277 2586 2428 2617 tenetur

1351 2629 1422 2666 nisi
1452 2628 1667 2666 secundum
1697 2629 1860 2666 modum
1890 2641 1981 2667 suae
2012 2629 2263 2679 obligationis.

1404 2684 1463 2720 An
1491 2693 1653 2720 ’ran'rmm
1683 2693 1869 2720 nicssunuu
1902 2684 2008 2734 quod
2038 2692 2175 2722 votum
2212 2684 2424 2734 religionis,

1351 2748 1438 2773 cum
1469 2735 1515 2772 sit
1542 2743 1786 2786 perpetuum,
1818 2744 1874 2774 est
1901 2737 2026 2775 maius
2054 2749 2173 2787 quam
2192 2745 2329 2776 votum
2358 2751 2425 2789 pe-

1351 2789 1616 2838 regrinationis
1646 2790 1791 2827 Terrae
1822 2791 2005 2838 Sanctae,
2044 2790 2151 2842 quod
2185 2798 2242 2829 est
2275 2799 2423 2842 tempo·

1351 2844 1439 2880 rale.
1462 2843 1511 2880 Et
1531 2843 1627 2880 sicut
1645 2843 1863 2881 Alexander
1878 2845 1927 2881 ΙΙΙ
1945 2844 2044 2892 dicit,
2062 2852 2099 2882 et
2117 2845 2280 2883 habetur
2295 2846 2422 2894 Extra,

1322 2897 1324 2902 '
1349 2897 1395 2934 de
1429 2897 1522 2934 Voto
1550 2902 1587 2934 et
1619 2897 1704 2934 Voti
1730 2897 1908 2946 redempt.
1933 2898 1967 2945 *,
1998 2910 2085 2936 reus
2100 2898 2229 2948 fracti
2251 2899 2331 2937 voti
2355 2898 2424 2938 ali-

1349 2956 1534 2999 quatenus
1568 2962 1642 2988 non
1672 2952 1833 2988 habetur
1867 2952 1934 3000 qui
1969 2952 2176 3002 temporale
2202 2951 2423 3001 obsequium

1349 3004 1386 3041 in
1428 3009 1655 3052 perpetuam
1698 3005 1867 3042 noscitur
1906 3005 2102 3056 religionis
2141 3005 2422 3044 observantiam

1348 3063 1595 3095 commutare.

1403 3110 1858 3149 Rationabiliter-autem
1895 3111 1968 3149 dici
2002 3118 2127 3161 potest
2163 3112 2269 3161 quod
2308 3112 2422 3151 etiam

1348 3177 1417 3213 per
1447 3165 1660 3213 ingressum
1690 3165 1879 3213 religionis
1912 3164 2050 3214 aliquis
2079 3173 2337 3214 consequatur
2366 3178 2421 3204 re-

1347 3218 1574 3255 missionem
1590 3218 1767 3255 omnium
1778 3225 2039 3267 peccatorum.
2057 3217 2097 3255 Si
2113 3219 2215 3256 enim
2232 3218 2422 3269 aliquibus

1319 3272 1602 3333 eleemosynis
1623 3271 1728 3309 factis
1757 3273 1875 3308 homo
1904 3279 2030 3320 potest
2049 3272 2174 3309 statim
2204 3273 2421 3311 satisfacere

1348 3325 1396 3362 de
1424 3325 1590 3375 peccatis
1620 3325 1710 3372 suis,
1739 3324 1953 3362 secundum
1974 3324 2065 3362 illud
2095 3326 2195 3363 Dan.
2216 3338 2252 3363 iv
2270 3325 2302 3375 ¹⁸¹,
2332 3327 2421 3364 Pec-

1347 3385 1432 3416 cata
1460 3384 1525 3416 tua
1553 3378 1801 3427 eleemosynis
1822 3378 1986 3423 redime‚·
2015 3380 2136 3418 multo
2157 3379 2279 3428 magis
2302 3379 2341 3419 in
2363 3393 2380 3418 s

1346 3432 1600 3470 tisfaetionem
1635 3443 1707 3481 pro
1735 3431 1916 3469 omnibus
1946 3432 2111 3481 peccatis
2138 3432 2277 3472 suffieit
2313 3393 2421 3482 quoad

1403 3564 1430 3598 γ)
1453 3563 1719 3596 Gratianopolitano.
1731 3576 1750 3584 -
1771 3564 1968 3597 Garopolitano
1988 3565 2017 3591 P.

2457 458 2631 506 {doniam
2649 458 2675 506 Z't

2460 509 2568 532 Eustoch.

2459 1031 2469 1041 ⁴
2492 1030 2539 1058 Qu.
2564 1036 2670 1058 mxxxvi,

2457 1060 2501 1078 art.
2515 1063 2532 1078 1.

2451 2904 2462 2913 ·
2480 2902 2537 2931 eup.
2558 2903 2665 2932 Serapa..

2451 2935 2503 2952 rae·

2450 3334 2458 3343 ‘
2473 3332 2540 3356 ven.
2554 3338 2592 3360 2⁴·
