2768 4198
49 610 57 617 ·
65 608 100 629 De
106 607 193 629 lavent.
201 606 260 628 Rhe-

163 633 192 661 11,
207 639 258 660 cap.

47 636 93 656 tor.
109 634 149 655 lib.

47 667 93 683 αν.

48 713 116 741 'Qu
127 719 208 739 cum,
216 717 260 734 art.

47 740 120 765 11:1¹¹
143 739 233 766 11⁸⁵‚0

45 770 152 791 unm

164 773 223 795 34·

922 259 1192 306 QUAESTIO
1223 260 1455 307 CXXXVII,
1486 261 1784 298 ARTICULUS
1814 262 1861 297 Ill

287 337 467 374 amittere.
496 336 600 373 Alias
619 344 747 372 autem
777 337 932 373 virtutes
960 346 1086 386 potest
1108 339 1228 375 homo
1253 339 1359 375 amit·
1385 340 1387 343 ’

288 398 378 426 tere.
407 390 510 437 Ergo
538 389 822 438 perseverantia
851 398 905 426 est
933 391 1059 439 potior
1078 392 1259 429 omnibus
1279 393 1359 429 aliis

287 442 498 479 virtutibus.
530 442 607 479 Sed
627 442 747 479 virtus
775 443 993 492 principalis
1014 452 1069 481 est
1088 445 1213 493 potior
1242 458 1357 494 quam

288 508 374 545 pars
395 496 487 532 eius.
519 497 621 543 Ergo
650 497 933 544 perseverantia
954 509 1032 534 non
1054 506 1109 535 est
1127 511 1216 547 pars
1245 500 1359 535 alicu—

289 549 345 586 ius
372 548 531 595 virtutis,
552 549 620 586 sed
640 549 761 596 magis
790 550 872 598 ipsa
901 558 956 587 est
982 551 1102 588 virtus
1130 552 1358 601 principalis.

342 603 416 639 SED
436 613 583 639 CONTRA
607 614 674 639 EST
697 604 801 651 quod
831 604 979 640 Tullius
1007 606 1115 652 ponit
1132 605 1152 626 *
1180 618 1359 654 perseve-

289 656 448 693 rantiam
477 663 627 704 partem
657 656 894 693 fortitudinis.

342 710 569 747 Responmzo
588 721 774 746 memnon
795 711 912 759 quod,
933 711 1029 747 sicut
1047 711 1193 760 supra*
1216 711 1359 748 dictum

288 770 355 808 est,
376 762 495 799 virtus
523 762 741 811 principalis
771 772 826 800 est
856 764 916 801 cui
934 765 1193 813 principaliter
1221 765 1360 802 adscri-
1386 761 1387 765 ¹

289 816 388 854 bitur
416 816 560 865 aliquid
595 817 701 865 quod
733 817 895 865 pertinet
929 818 977 855 ad
1007 819 1162 855 laudem
1190 818 1359 855 virtutis:

288 869 523 929 inquantum
545 870 687 907 scilicet
722 879 871 907 exercet
899 871 990 908 illud
1028 871 1127 908 circa
1162 871 1359 920 propriam
1386 893 1387 899 1

287 922 487 960 materiam
515 923 553 959 in
586 936 664 972 qua
701 924 967 962 difficillimum
1006 933 1043 961 et
1075 925 1266 973 optimum
1306 933 1388 961 est

252 975 378 1013 ·illud
407 977 627 1014 observare.
665 978 714 1014 Et
741 979 954 1015 secundum
985 979 1060 1014 hoc
1093 978 1236 1014 dictum
1267 986 1324 1014 est
1341 977 1361 999 *
1386 963 1388 1008 l

286 1030 392 1078 quod
420 1030 600 1067 fortitudo
632 1040 687 1068 est
714 1032 933 1080 principalis
958 1032 1098 1068 virtus:
1128 1031 1218 1078 quia
1245 1031 1361 1067 firmi-

286 1091 402 1120 tatem
442 1092 569 1120 servat
597 1084 635 1121 in
663 1085 722 1121 his
759 1085 798 1122 in
826 1085 965 1133 quibus
1003 1083 1270 1121 difficillimum
1305 1091 1361 1120 est

286 1137 444 1173 firmiter
463 1138 685 1186 persistere,
707 1138 847 1175 scilicet
871 1138 909 1174 in
928 1137 1106 1186 periculis
1134 1137 1281 1173 mortis.
1313 1137 1361 1173 Et
1414 1141 1452 1178 in
1480 1141 1655 1177 irascibili
1674 1140 1706 1185 2⁸,
1737 1141 1832 1177 sicut
1861 1148 1897 1176 et
1925 1140 2118 1176 fortitudo.

286 1190 374 1227 ideo
403 1203 559 1228 necesse
581 1199 637 1228 est
664 1192 770 1240 quod
790 1190 999 1227 fortitudini
1018 1190 1245 1237 adiungatur
1264 1189 1361 1226 sicut

2415 273 2479 296 lll

1414 340 1540 377 dariae
1571 340 1717 377 virtutis
1745 340 1793 377 ad
1822 339 2070 388 principalem
2101 351 2179 375 non
2208 339 2335 375 solum
2369 347 2486 375 atten-

1414 394 1512 430 ditur
1540 395 1754 431 secundum
1784 393 1997 439 materiam,
2027 392 2095 429 sed
2124 392 2245 440 magis
2273 393 2484 428 secundum

1385 447 1598 493 ‚modum
1638 448 1727 496 quia
1762 448 1887 483 forma
1923 446 1962 482 in
1989 458 2229 494 unoquoque
2267 446 2393 494 potior
2431 453 2487 482 est

1413 513 1531 549 quam
1569 501 1738 538 materia.
1778 500 1889 538 Unde
1925 500 2012 536 licet
2045 499 2330 548 perseverantia
2366 499 2486 546 magis

1385 584 1387 603 2
1412 554 1587 591 videatur
1615 555 1821 592 convenire
1854 554 1892 590 in
1921 553 2080 590 materia
2109 565 2196 589 curn
2234 553 2486 601 temperantia

1414 620 1530 656 quam
1570 621 1657 645 cum
1692 607 1933 653 fortitudine,
1963 615 2094 644 tamen
2131 607 2168 643 in
2206 606 2326 643 modo
2365 605 2486 654 magis

1414 662 1594 698 convenit
1623 674 1711 698 curn
1740 661 1979 707 fortitudine,
2010 661 2237 708 inquantum
2266 659 2486 696 firmitatem

1414 723 1540 751 servat
1570 723 1701 752 contra
1731 715 1992 752 difficultatem
2022 713 2287 751 diuturnitatis.

1468 772 1525 805 An
1546 780 1737 806 SECUNDUM
1766 780 1952 804 mCENDUM
1981 768 2086 815 quod
2109 767 2172 804 illa
2199 766 2486 816 perseverantia

1415 822 1462 858 de
1500 835 1577 870 qua
1612 823 1868 870 Philosophus
1898 821 2063 869 loquitur
2085 821 2125 866 ³⁸,
2156 833 2235 857 non
2264 822 2487 857 moderatur
2515 827 2671 884 cathgc323b
2675 828 2727 876 ⁸413-

1414 876 1559 924 aliquas
1580 876 1789 924 passiones,
1811 875 1879 911 sed
1909 875 2079 911 consistit
2107 875 2233 910 solum
2253 874 2291 910 in
2315 873 2484 932 quadam
2514 861 2588 935 ἐπ’-,ι
2588 887 2682 933 νεᾶνις.-
2673 872 2727 905 -cfj

1386 929 1593 966 firmitate
1622 929 1777 965 rationis
1797 936 1834 964 et
1852 928 2069 964 voluntatis.
2101 928 2178 964 Sed
2203 927 2486 976 perseverantia

1414 982 1628 1018 secundum
1649 982 1755 1030 quod
1775 981 1930 1029 ponitur
1948 981 2080 1027 virtus,
2100 981 2321 1017 moderatur
2343 981 2486 1029 aliquas

1414 1035 1629 1083 passiones:
1661 1034 1802 1071 scilicet
1829 1034 2007 1071 timorem
2037 1034 2264 1081 fatigationis
2293 1042 2358 1070 aut
2384 1034 2486 1070 defe-

1415 1097 1497 1124 ctus
1526 1096 1682 1136 propter
1701 1087 2001 1124 diuturnitatem.
2031 1087 2143 1124 Unde
2168 1088 2263 1123 haec
2282 1087 2402 1123 virtus
2431 1095 2487 1124 est

2516 1142 2525 1151 ⁸
2540 1140 2568 1162 D.
2582 1141 2654 1168 ¹0²5&

1470 1197 1529 1231 An
1558 1206 1719 1231 TERTHJM
1748 1206 1934 1230 DicENDUM
1958 1194 2064 1241 quod
2092 1193 2325 1240 Augustinus
2353 1193 2404 1229 ibi
2433 1194 2487 1228 lo-

286 1244 511 1281 secundaria
538 1244 659 1281 virtus
695 1244 914 1292 principali,
945 1243 1070 1280 omnis
1097 1243 1218 1279 virtus
1253 1243 1360 1280 cuius
1386 1229 1390 1277 l
1415 1249 1543 1308 quitur
1572 1248 1620 1284 de
1640 1247 1926 1296 perseverantia
1946 1259 2025 1283 non
2046 1246 2258 1283 secundum
2285 1247 2388 1294 quod
2419 1258 2486 1281 no-

286 1298 367 1335 laus
396 1298 567 1338 consistit
594 1298 633 1335 in
661 1298 883 1335 sustinendo
913 1297 1074 1334 firmiter
1106 1295 1263 1344 aliquod
1292 1295 1359 1332 dif-

1387 1326 1389 1332 ,
1386 1302 1535 1338 minat
1562 1301 1736 1338 habitum
1767 1301 1925 1347 virtutis,
1946 1301 2014 1337 sed
2043 1300 2256 1337 secundum
2287 1299 2391 1359 quod
2421 1311 2488 1335 no-

286 1350 398 1389 ficile.
428 1351 622 1389 Sustinere
651 1359 780 1389 autem
810 1350 1073 1387 difficultatem
1093 1362 1192 1398 quae
1221 1361 1360 1397 prove·
1386 1378 1389 1411 Ξ

1415 1363 1537 1392 minat
1555 1363 1684 1391 actum
1702 1354 1849 1391 VistutlS
1870 1354 2132 1391 continuatum
2151 1365 2273 1401 usque
2293 1353 2331 1389 ln
2351 1353 2486 1389 finem.

286 1403 341 1441 nit
368 1416 414 1440 ex
443 1405 687 1442 diuturnitate
715 1404 807 1441 boni
835 1403 974 1452 operis,
1000 1403 1065 1440 dat
1092 1403 1248 1440 laudem
1277 1415 1362 1451 per·
1386 1402 1389 1448 ξ
1415 1409 1631 1454 secundum
1655 1408 1747 1445 iliud
1767 1409 1901 1445 Matth
1923 1419 2008 1444 xxw
2026 1407 2063 1444 *;
2097 1407 2173 1449 Qui
2188 1407 2526 1455 perseveraverit·
2540 1415 2607 1437 vers.
2623 1423 2651 1445 13.

287 1458 542 1495 severantiae:
563 1469 635 1495 nec
652 1458 729 1494 hoc
748 1465 804 1494 est
823 1457 874 1493 ita
890 1456 1041 1493 difficile
1061 1456 1156 1492 sicut
1176 1456 1388 1493 sustinere

285 1511 455 1561 pericula
475 1511 620 1548 mortis.
650 1511 699 1548 Et
720 1510 808 1547 ideo
837 1510 1125 1560 perseverantia
1145 1509 1388 1564 adiungitur

286 1563 495 1605 fortitudini
522 1564 618 1602 sicut
645 1563 766 1601 virtus
794 1563 1021 1601 secundaria
1048 1562 1296 1623 principali*.

336 1619 400 1656 An
418 1629 557 1656 Paruum
577 1629 677 1655 anco
697 1629 884 1656 mer-:noum
904 1618 1011 1667 quod
1031 1618 1196 1655 annexio
1226 1629 1362 1654 secun-
1386 1643 1389 1666 g

1416 1474 1533 1511 usque
1567 1462 1603 1498 in
1629 1463 1774 1510 finem,
1809 1461 1870 1498 hic
1904 1460 2032 1497 salvus
2068 1461 2148 1497 erit.
2188 1461 2237 1496 Et
2274 1459 2360 1497 ideo
2399 1472 2489 1497 con-

1415 1523 1472 1553 tra
1509 1515 1695 1553 rationem
1734 1515 2042 1564 perseverantiae
2081 1514 2134 1550 sic
2169 1522 2348 1562 acceptae
2392 1521 2490 1550 esset

1387 1570 1521 1618 quod
1550 1569 1805 1606 amitteretur:
1846 1569 1936 1618 quia
1964 1568 2041 1605 iarn
2071 1580 2150 1605 non
2179 1568 2333 1605 duraret
2366 1579 2488 1615 usque

1415 1623 1454 1660 in
1483 1624 1616 1660 finem.

970 1721 1306 1754 commentaria
1328 1720 1583 1753 cardinalis
1603 1720 1808 1752 Caietam

312 1812 337 1835 ι
358 1802 494 1834 articulo
521 1802 663 1833 secundo
687 1802 831 1832 eiusdem
854 1801 1050 1842 quaestionis
1074 1801 1209 1832 dubium
1229 1811 1266 1831 ex
1281 1801 1363 1831 Mar·
1389 1805 1391 1818 ⁴*

316 1846 396 1883 tino,
420 1846 538 1878 ibidem
550 1846 578 1882 *,
600 1846 746 1882 occurrit,
764 1846 846 1876 circa
868 1846 1027 1876 rationem
1042 1846 1075 1876 in
1093 1855 1226 1886 corpore
1241 1845 1364 1876 articuli
1389 1843 1391 1854 ⁴

225 1891 231 1896 “
285 1891 327 1923 ad
350 1891 593 1922 conclusionem
617 1890 835 1931 principalem,
860 1890 990 1920 scilicet:

285 1935 377 1967 cuius
398 1936 469 1966 laus
493 1935 636 1966 consistit
659 1935 691 1965 in
716 1934 903 1965 sustinendo
927 1934 1059 1975 aliquod
1083 1933 1219 1970 difficile,
1239 1940 1286 1964 est
1309 1934 1363 1964 ad·
1389 1955 1391 1977 f

1388 1980 1390 2015 ξ
1416 1978 1516 2008 rando
1540 1978 1580 2008 ad
1604 1978 1714 2014 alium,
1732 1986 1763 2008 et
1785 1977 2012 2018 temperantiae
2035 1978 2105 2008 laus
2128 1977 2162 2007 in
2186 1977 2418 2008 moderatione.
2449 1979 2490 2009 Et

1019 1903 1033 1917 α
1052 1890 1168 1921 Omnis
1191 1889 1244 1919 illa
1263 1889 1362 1920 virtus

285 1979 393 2011 iuncta
412 1979 590 2010 fortitudini
607 1979 688 2010 sicut
704 1978 889 2009 secundaria
912 1978 1097 2019 principali:
1122 1979 1177 2009 sed
1201 1979 1269 2008 laus
1293 1988 1362 2019 per-

287 2023 479 2055 severantiae
501 2031 548 2054 est
574 2023 608 2054 in
632 2023 819 2054 sustinendo
844 2022 1063 2054 difficultatem
1093 2033 1130 2053 ex
1157 2023 1362 2054 diuturnitate

287 2068 365 2099 boni
389 2068 511 2108 operis:
537 2078 622 2108 ergo.
647 2068 803 2098 Probatur
826 2068 945 2098 maior:
976 2067 1052 2108 quia
1075 2067 1232 2098 fortitudo
1255 2066 1360 2098 firmat

287 2113 433 2144 animum
454 2113 487 2143 in
502 2113 689 2143 sustinendo
713 2111 908 2148 difficillima,
925 2122 1007 2152 quae
1023 2119 1098 2142 sunt
1122 2111 1261 2152 pericula
1277 2121 1361 2142 mor-

287 2157 327 2189 tis
341 2170 370 2188 ».
387 2157 518 2194 Contra,
534 2157 649 2198 inquit,
666 2157 863 2188 Martinus*:
888 2156 992 2187 maior
1007 2163 1054 2187 est
1068 2156 1155 2186 falsa.
1176 2156 1276 2193 Quod
1291 2165 1363 2196 pro-

249 2203 390 2264 -batun
419 2201 505 2239 Quia
527 2202 603 2232 alias
626 2208 811 2242 sequeretur
833 2201 924 2242 quod
947 2201 1053 2231 omnis
1077 2200 1177 2231 virtus
1200 2207 1282 2230 esset
1304 2200 1358 2230 ad-

286 2247 394 2278 iuncta
417 2246 612 2277 fortitudini:
637 2246 713 2287 quia
736 2245 843 2276 omnis
858 2245 958 2276 virtus
973 2253 1020 2276 est
1035 2244 1115 2276 circa
1138 2243 1264 2275 difficile
1279 2244 1307 2280 *,
1331 2252 1362 2276 et

253 2290 433 2323 .animum
455 2290 561 2321 firmat
583 2297 693 2321 contra
717 2289 836 2340 aliquid
861 2289 997 2320 difficile.

342 2335 492 2366 Probatio
521 2344 653 2375 quoque
682 2333 811 2364 maioris
842 2344 908 2364 non
937 2333 1046 2370 infert,
1071 2340 1276 2374 apparenter,
1301 2332 1361 2363 nisi

286 2379 417 2414 virtutes
440 2389 522 2420 quae
545 2386 621 2409 sunt
644 2378 725 2409 circa
748 2379 884 2409 eandem
900 2378 1076 2415 materiam,
1093 2388 1162 2409 esse
1183 2377 1359 2409 adiunctas.

285 2424 327 2456 Et
341 2424 446 2455 adhuc
459 2423 606 2464 quaestio
619 2430 675 2459 est,
689 2433 730 2453 an
745 2423 807 2454 hoc
819 2422 964 2454 sufficiat.
985 2423 1107 2454 Iustitia
1118 2423 1203 2453 enim
1217 2432 1360 2463 perseve-

1385 2389 1388 2428 Ι
1413 2377 1583 2409 virtutibus
1606 2377 1881 2418 perseverantibus
1904 2387 1941 2407 ex
1961 2377 2154 2413 conditione,
2173 2387 2239 2407 non
2263 2387 2301 2407 ex
2324 2377 2490 2418 principali

1385 2433 1389 2482 ¹
1414 2422 1600 2458 intentione,
1625 2429 1661 2453 ut
1684 2422 1881 2462 praedictum
1906 2428 1953 2452 est
1967 2419 1992 2453 *.

285 2479 358 2500 rans
369 2468 443 2500 facit
454 2468 609 2499 sustinere
624 2467 866 2498 diuturnitatem
878 2467 984 2508 operis
999 2467 1092 2498 iusti:
1117 2474 1148 2498 et
1169 2467 1213 2498 sic
1225 2467 1264 2498 de
1281 2466 1388 2498 aliis..

1473 1801 1511 1831 11.
1536 1801 1587 1831 Ad
1603 1801 1665 1831 hoc
1689 1799 1803 1831 dicitur
1825 1800 1916 1840 quod
1939 1799 2042 1829 maior
2065 1806 2112 1830 est
2133 1798 2316 1829 verissima:
2342 1807 2373 1829 et
2395 1810 2489 1840 nega-

1417 1852 1468 1875 tur
1490 1845 1630 1885 sequela.
1660 1845 1701 1875 Et
1726 1845 1767 1875 ad
1795 1844 2019 1884 probationem
2042 1843 2156 1874 dicitur
2184 1844 2275 1884 quod
2303 1843 2420 1874 falsum
2444 1851 2490 1876 est

1416 1889 1523 1919 omnis
1546 1889 1670 1920 virtutis
1686 1889 1816 1920 laudem
1831 1888 2046 1928 principaliter
2062 1888 2233 1918 consistere
2252 1887 2285 1918 in
2301 1889 2489 1920 sustinendo

1416 1933 1536 1974 aliquid
1561 1933 1702 1964 difficile:
1727 1943 1802 1964 cum
1821 1933 1958 1964 iustitiae
1981 1933 2050 1963 laus
2075 1933 2227 1963 consistat
2249 1932 2282 1962 in
2306 1940 2388 1963 recte
2410 1943 2488 1973 ope-

1417 2030 1451 2053 ut
1475 2023 1683 2054 excludantur
1706 2033 1819 2053 omnes
1843 2022 2062 2062 apparentiae,
2088 2029 2199 2052 notato
2223 2022 2313 2062 quod
2340 2022 2487 2059 diximus,

1415 2066 1533 2098 scilicet
1555 2067 1646 2108 quod
1676 2067 1746 2097 laus
1769 2067 1892 2097 virtutis
1915 2067 2000 2097 illius
2030 2066 2181 2097 consistat
2204 2067 2433 2106 principaliter
2456 2067 2488 2097 in

1416 2112 1604 2143 sustinendo
1628 2111 1765 2142 difficile.
1789 2112 1889 2147 Nam,
1915 2111 1988 2141 dato
2013 2111 2103 2151 quod
2127 2110 2233 2140 omnis
2255 2110 2355 2141 virtus
2380 2111 2488 2152 aliquo

1416 2156 1516 2186 modo
1547 2156 1724 2186 sustinendi
1755 2163 1863 2187 actum
1891 2155 2093 2195 participaret
2116 2155 2166 2185 vel
2190 2155 2328 2191 haberet,
2353 2166 2419 2185 non
2443 2163 2488 2186 ta—

1415 2209 1491 2230 men
1525 2200 1740 2240 principaliter
1772 2199 1916 2230 consistit
1947 2199 2028 2230 circa
2066 2199 2299 2230 sustinendum.
2337 2200 2402 2230 lam
2433 2210 2490 2230 au—

1415 2251 1480 2275 tem
1511 2244 1634 2275 dictum
1663 2252 1710 2275 est
1730 2244 1748 2263 *
1771 2245 1861 2285 quod
1889 2243 2019 2282 virtutes
2050 2254 2088 2274 ex
2117 2243 2282 2284 principali
2314 2244 2490 2275 intentione

1415 2296 1599 2328 pensantur.

1470 2333 1511 2363 Et
1535 2343 1591 2373 per
1613 2333 1675 2363 hoc
1699 2339 1785 2373 patet
1808 2333 1927 2363 solutio
1947 2333 2148 2363 obiectorum
2172 2333 2210 2362 de
2226 2332 2345 2363 iustitia
2369 2340 2399 2363 et
2422 2333 2490 2363 aliis

2520 2254 2528 2262 ¹
2549 2254 2599 2274 Art.
2622 2259 2637 2279 1,
2659 2253 2731 2274 Com-

2519 2283 2589 2301 ment.
2599 2286 2662 2301 num.
2673 2286 2702 2301 ιν.

2519 2418 2529 2427 ’
2543 2416 2600 2438 Ibid.

1093 2621 1416 2663 ARTICULUS
1445 2620 1677 2663 TERTIUS

769 2705 926 2736 UTRUM
949 2705 1232 2736 CONSTANTIA
1256 2705 1506 2736 PERTINEAT
1528 2706 1588 2736 AD
1613 2705 2005 2736 PERSEVERANTIAM

324 2826 469 2910 ›¹an
501 2847 713 2886 constantia
733 2859 811 2884 non
831 2847 1019 2896 pertineat
1038 2847 1087 2884 ad
1111 2859 1360 2906 perseveran-

342 2951 438 2993 5.an
456 2949 486 2991 Χ
499 2955 681 3003 dentiam,
703 2962 744 2991 ut
762 2967 878 3003 supra
891 2953 912 2975 '¹‘
932 2954 1075 2991 dictum
1097 2962 1164 2991 est.
1196 2954 1274 2991 Sed
1294 2967 1359 3004 pa-

285 3008 415 3046 tientia
452 3009 579 3046 differt
615 3022 638 3046 a
672 3008 968 3058 perseverantia.
1006 3009 1109 3056 Ergo
1149 3008 1361 3045 constantia

286 3074 366 3099 non
394 3062 556 3111 pertinet
583 3063 633 3100 ad
660 3062 1000 3112 perseverantiam.

341 3127 377 3152 2.
406 3116 651 3164 Pmrnm,
681 3117 800 3153 virtus
834 3121 888 3152 est
914 3115 1017 3152 circa
1054 3114 1207 3163 difficile
1234 3121 1271 3151 et
1296 3115 1360 3151 bo-

234 3176 258 3198 '-
288 3180 378 3206 num
401 3168 433 3206 *.
463 3170 542 3208 Sed
569 3170 609 3208 in
636 3170 765 3219 parvis
794 3169 976 3219 operibus
1005 3176 1245 3205 constantem
1275 3180 1359 3205 esse

252 3220 259 3252 ἶ
287 3235 367 3259 non
393 3222 546 3261 videtur
573 3236 656 3261 esse
682 3223 846 3270 difficile,
867 3223 936 3260 sed
965 3223 1091 3259 solum
1121 3222 1160 3258 in
1179 3221 1360 3271 operibus

288 3275 449 3324 magnis,
469 3289 570 3324 quae
598 3277 790 3326 pertinent
817 3277 866 3314 ad
886 3275 1224 3324 magnificentiam.
1255 3275 1358 3323 Ergo

288 3329 500 3366 constantia
515 3331 636 3379 magis
654 3331 818 3380 pertinet
831 3330 881 3367 ad
901 3329 1225 3378 magnificentiam
1241 3341 1358 3378 quam

288 3383 337 3420 ad
365 3384 703 3431 perseverantiam.

344 3437 378 3473 3.
408 3437 644 3484 PRAETEREA,
674 3438 705 3474 si
733 3437 782 3474 ad
802 3436 1126 3486 perseverantiam
1155 3435 1360 3484 pertineret

289 3489 512 3535 constantia,
534 3490 573 3526 in
596 3490 700 3527 nullo
728 3490 923 3528 videretur
942 3503 964 3527 a
983 3489 1268 3538 perseverantia
1292 3489 1359 3526 dif-

342 3605 369 3637 α)
389 3607 452 3629 stat.
465 3618 482 3622 —
500 3606 607 3629 constat
625 3604 721 3636 ABpK.

401 2814 411 2832 ι
499 2807 522 2831 1)
547 2806 708 2831 TERT1UM
728 2805 782 2831 sm
805 2805 1048 2830 PROCEDITUR.
1075 2794 1236 2831 Videtur
1255 2794 1360 2843 quod
1386 2797 1389 2852 l
1416 2794 1538 2830 ferre:

1415 2847 1607 2896 importat.
1628 2846 1820 2883 Differunt
1839 2854 1989 2884 autem:
2012 2859 2102 2883 nam
2123 2846 2379 2884 Macrobius*
2399 2861 2489 2885 con-
2517 2861 2656 2882 ·.1ns‹›mn
2667 2861 2729 2888 scir.

302 2888 465 2950 'itpn'f
446 2901 604 2943 f'tiam.
644 2901 868 2939 Constantia
897 2901 998 2937 enim
1028 2901 1190 2950 pertinet
1217 2901 1266 2938 ad
1294 2914 1360 2950 pa—
2726 2908 2730 2911 ·

308 2950 312 2955 ’
1414 2953 1712 3003 perseverantia,
1742 2962 1784 2990 ut
1812 2966 1928 3003 supra
1946 2953 1966 2975 '¹‘
1994 2929 2138 2991 dictum
2168 2963 2235 2991 est.
2266 2954 2368 3002 Ergo
2399 2967 2488 2992 con-

1578 2793 1668 2842 quia
1705 2801 1910 2841 utrumque
1949 2792 2253 2830 immobilitatem
2293 2794 2487 2842 quandam

1417 2900 1552 2938 dividit
1571 2900 1824 2937 constantiam
1843 2900 2029 2947 firmitati,
2051 2913 2120 2949 per
2139 2913 2256 2949 quam
2275 2900 2490 2949 intelligitur
2517 2888 2557 2909 ¹¹'b
2573 2888 2590 2911 ¹
2611 2893 2661 2915 ⁰’p

2517 2967 2585 2994 ·Qu.
2597 2973 2692 2991 exxvnr.
2702 2969 2728 2989 ad

1415 3008 1551 3045 stantia
1579 3020 1659 3044 non
1686 3007 1850 3056 pertinet
1877 3007 1927 3045 ad
1955 3008 2293 3056 perseverantiam.
2517 2994 2539 3014 ⁶'

1470 3062 1546 3098 SED
1566 3072 1713 3098 CONTRA
1738 3073 1806 3098 EST
1825 3061 1930 3110 quod
1959 3060 2093 3109 aliquis
2123 3061 2258 3098 dicitur
2286 3073 2368 3098 esse
2398 3073 2487 3098 con-

1415 3122 1518 3152 stans
1548 3127 1591 3152 ex
1613 3127 1660 3151 eo
1690 3114 1797 3174 quod
1816 3115 1854 3151 in
1874 3115 2001 3163 aliquo
2019 3120 2094 3151 stat
2111 3119 2140 3151 α.
2172 3115 2249 3152 Sed
2278 3114 2488 3151 immanere
2614 3123 2631 3140 α

1415 3168 1602 3216 aliquibus
1621 3168 1783 3217 pertinet
1802 3168 1852 3205 ad
1870 3167 2219 3216 perseverantiam:
2249 3175 2292 3204 ut
2318 3175 2422 3216 patet
2441 3180 2487 3205 ex

1415 3221 1639 3258 definitione
1668 3234 1787 3270 quam
1814 3221 2058 3258 Andronicus
2086 3221 2243 3280 ponit*.
2273 3221 2376 3269 Ergo
2397 3234 2487 3259 con·
2514 3231 2577 3278 Set}
2591 3234 2662 3279 ‘¹¹1¹‘
2679 3238 2727 3258 arg-

1415 3275 1551 3311 stantia
1578 3274 1742 3323 pertinet
1771 3275 1819 3311 ad
1847 3274 2185 3323 perseverantiam.
2576 3263 2619 3279 “m

1468 3329 1696 3365 RESPONDEO
1711 3339 1899 3365 mci-:noun
1914 3328 2020 3376 quod
2039 3327 2324 3377 perseverantia
2340 3335 2376 3364 et
2396 3340 2486 3365 con-

1414 3381 1550 3419 stantia
1570 3381 1805 3418 conveniunt
1824 3380 1982 3429 quidem
2001 3381 2041 3418 in
2058 3381 2148 3429 fine,
2166 3381 2256 3431 quia
2275 3381 2324 3418 ad
2343 3389 2485 3418 utram-

1414 3448 1489 3483 que
1510 3433 1525 3464 β
1553 3435 1714 3484 pertinet
1741 3434 1903 3472 firmiter
1920 3435 2122 3484 persistere
2142 3434 2181 3472 in
2209 3434 2336 3483 aliquo
2358 3436 2483 3472 bono:
2613 3435 2628 3468 β

1415 3489 1595 3526 differunt
1623 3497 1752 3525 autem
1782 3489 1995 3525 secundum
2024 3501 2070 3525 ea
2099 3501 2198 3537 quae
2224 3488 2483 3526 difficultatem

1468 3603 1493 3637 β)
1514 3607 1664 3635 utramque.
1677 3617 1695 3622 -
1715 3607 1858 3635 utrumque
1875 3603 1995 3636 PDHpE.
