2768 4198
66 342 280 390 Ics³¹’†¹1;¹¹·12{1⁵‘³1‘³1·

67 396 87 406 ⁸⁸
103 395 280 422 Qu.1.v1u,m.
308 384 370 415 alio
394 385 511 420 modo,
536 384 765 420 communiter,
798 391 894 424 prout
922 385 1028 414 omnis
1054 385 1104 415 lex
1132 386 1378 426 quomodolibet

65 428 85 450 5,
101 421 123 443 6.

64 790 74 799 ⁸
87 788 133 816 Qu.
144 794 192 815 xvn,
202 791 243 810 art.
254 794 276 814 ις

63 821 101 843 qu.
116 821 175 842 xxu,
189 818 230 837 art.
246 820 261 836 ι.

61 1097 72 1109 ⁸
84 1097 154 1120 Dent.
171 1103 223 1126 cap.
240 1104 272 1125 vr,

58 1129 119 1146 vers.
133 1130 152 1153 5.

59 1274 71 1285 ·
82 1274 131 1303 Qu.
139 1280 220 1303 Lxxxx,
229 1279 273 1299 art.

53 2163 66 2174 ⁸
74 2162 99 2185 S.
109 2161 155 2194 J‘h.
163 2162 216 2194 lect.
224 2168 268 2185 xn-

52 2188 144 2244 «Ἁὲῗῖ
157 2189 213 2238 libi.
225 2189 267 2218 ¹¹·

992 263 1260 308 QUAESTIO
1292 263 1430 310 CLXI,
1460 264 1758 302 ARTICULUS
1787 265 1822 301 V

309 339 463 380 dirigens,
489 346 524 370 ut
554 340 592 370 de
616 349 652 370 ea
682 340 714 370 in
738 340 767 370 V
782 340 885 370 Ethic.
903 340 920 359 '¹‘
944 347 974 370 et
998 341 1142 381 superius
1157 341 1190 360 **
1214 348 1376 378 tractatur;

306 428 424 459 iustitia
439 428 548 468 legalis
565 428 687 459 dicitur.
713 428 745 459 Si
762 435 906 458 sumatur
930 429 1065 469 proprie,
1087 430 1130 460 sic
1154 430 1308 470 supponit
1327 440 1376 460 or-

307 473 414 503 dinem
438 473 478 502 ad
501 472 608 509 finem,
626 472 707 503 sicut
731 472 885 503 medicina
903 473 1079 513 appetitum
1104 474 1257 505 sanitatis:
1283 481 1313 504 et
1329 475 1375 504 in-

306 517 401 548 clinat
425 517 464 547 ad
480 517 626 547 ordinem
642 526 756 547 eorum
779 527 861 558 quae
876 525 950 548 sunt
969 518 1007 548 ad
1032 517 1138 549 finem.
1164 519 1204 549 Et
1221 519 1375 560 quoniam

306 562 344 592 ab
369 565 509 592 Auctore
532 561 669 592 sumitur
692 561 834 602 proprie,
860 569 894 592 ut
918 563 1007 593 decet
1031 570 1155 594 tantum
1188 564 1373 600 Doctorem,

304 606 378 636 ideo
395 612 501 636 actum
518 606 685 646 proprium
702 606 769 636 eius
793 606 884 646 ponit
898 613 1041 646 respectu
1066 617 1178 638 eorum
1202 618 1284 648 quae
1301 614 1375 638 sunt

305 650 343 680 ad
367 649 475 680 finem.
508 649 594 680 Cum
618 660 684 691 quo
708 657 815 680 tamen
839 658 899 681 stat
922 652 1011 691 quod
1034 659 1199 693 praecepta
1229 659 1373 692 respectu

305 694 424 724 ordinis
440 694 479 724 ad
495 693 593 724 finem
610 695 650 724 ad
665 695 819 726 iustitiam
835 695 966 735 legalem
985 704 1135 736 spectent,
1152 707 1218 726 non
1235 703 1270 727 ut
1286 703 1373 727 actus

304 738 382 774 eius,
407 739 462 768 sed
485 745 522 769 ut
544 740 750 779 praeambula
773 747 804 770 et
827 740 981 780 principia
1006 741 1087 771 eius:
1113 748 1148 771 ut
1170 747 1255 780 patet
1279 751 1372 781 supe-

302 782 368 813 rius
391 783 423 812 in
448 783 634 823 quaestione
666 784 704 814 de
728 785 901 824 praeceptis
932 784 1005 815 fidei
1036 793 1066 815 et
1089 785 1155 825 spei
1171 785 1198 816 *.
1227 786 1310 815 Nam
1334 786 1372 815 de

302 826 398 857 trium
422 827 673 868 theologicarum
697 829 850 859 virtutum
875 829 1005 866 actibus,
1023 830 1190 870 praecipue
1214 830 1372 860 universa-

301 870 381 907 liter,
407 882 473 902 non
497 879 544 903 est
566 873 686 903 iustitia
708 873 827 913 legalis,
852 884 868 903 a
893 884 956 914 qua
979 874 1084 914 primo
1108 881 1182 904 sunt
1204 881 1371 914 praecepta

302 916 460 956 decalogi:
486 918 541 947 sed
564 918 603 947 ad
626 917 763 948 iustitiae
785 918 893 958 legalis
917 918 1071 958 principia
1094 925 1222 959 spectat.

356 961 408 991 Ad
431 961 572 1001 primum
589 972 664 1002 ergo
682 969 790 992 contra
804 962 959 993 iustitiam
974 963 1119 1002 legalem,
1136 969 1268 1002 negatur
1283 963 1371 1003 quod

301 1004 394 1036 faciat
417 1005 562 1036 ordinem
578 1007 618 1036 ad
640 1005 747 1037 finem.
771 1007 822 1048 Ad
843 1007 1066 1047 probationem
1090 1007 1203 1038 dicitur
1218 1008 1306 1048 quod
1322 1007 1372 1037 lex

301 1049 340 1080 de
364 1049 532 1081 dilectione
556 1051 625 1087 Dei,
648 1051 777 1092 Diliges
800 1052 974 1081 Dominum
998 1052 1103 1082 Deum
1127 1057 1217 1082 tuum
1242 1061 1284 1081 ex
1306 1056 1371 1082 toto

300 1094 397 1124 corde
420 1099 486 1132 tuo,
512 1101 569 1126 etc.
585 1095 616 1132 *,
642 1102 688 1126 est
710 1095 847 1126 iustitiae
870 1095 978 1135 legalis
1002 1096 1213 1136 principium,
1238 1105 1304 1126 non
1328 1095 1371 1125 ef-

299 1137 412 1169 fectus.
436 1157 457 1162 —
481 1140 545 1170 Lex
569 1146 675 1170 autem
707 1141 746 1170 de
777 1139 863 1170 cultu
894 1139 953 1170 Dei
976 1147 1023 1170 est
1052 1140 1183 1180 quidem
1211 1150 1229 1169 a
1252 1139 1371 1170 iustitia

299 1183 408 1222 legali,
434 1185 488 1214 sed
512 1194 578 1214 non
609 1190 655 1214 est
678 1184 798 1214 ordinis
829 1185 868 1214 ad
892 1183 1005 1220 finem,
1030 1185 1084 1214 sed
1108 1183 1227 1213 ordinis
1257 1193 1370 1213 eorum

299 1236 381 1268 quae
405 1235 480 1258 sunt
510 1229 549 1258 ad
573 1227 689 1258 finem:
723 1235 769 1259 est
797 1228 883 1258 enim
911 1228 949 1258 de
973 1235 1044 1258 actu
1075 1227 1250 1267 religionis,
1280 1227 1370 1258 cuius

298 1281 366 1302 non
390 1278 436 1302 est
459 1272 751 1310 Deuaeobiecmm‚
776 1279 812 1303 ut
834 1279 920 1312 patet
943 1282 980 1302 ex
1004 1282 1099 1312 supra
1113 1272 1131 1291 *
1154 1271 1254 1302 dictis.
1279 1289 1300 1294 -
1323 1272 1371 1302 Ex

277 1315 364 1345 Jhoc‘
384 1317 491 1346 autem
515 1317 604 1356 quod
628 1316 858 1357 cuiuscumque
877 1323 979 1347 rectae
1000 1316 1078 1356 legis
1094 1323 1304 1356 transgressor
1327 1315 1371 1346 di-

297 1359 378 1390 citur
407 1359 561 1396 iniustus,
585 1360 770 1400 accipiendo
800 1360 986 1392 iniustitiam
1010 1360 1155 1400 proprie,
1181 1360 1260 1390 nihil
1283 1360 1370 1390 aliud

297 1403 430 1434 habetur
453 1404 514 1434 nisi
537 1405 626 1445 quod
650 1405 757 1435 omnis
779 1405 829 1435 lex
853 1405 962 1446 aliquo
986 1405 1086 1435 modo
1117 1411 1237 1444 spectat
1259 1405 1298 1434 ad
1321 1405 1370 1435 iu-

296 1447 414 1478 stitiam
442 1448 593 1488 legalem,
619 1449 736 1479 scilicet
758 1449 808 1479 vel
839 1456 875 1479 ut
901 1449 1144 1490 praeambulum
1175 1459 1230 1479 seu
1255 1449 1369 1489 princi-

296 1492 404 1533 pium,
428 1493 478 1523 vel
503 1499 538 1523 ut
561 1499 665 1528 actus,
691 1500 767 1524 etc.:
793 1500 823 1524 et
847 1504 913 1524 non
936 1494 1071 1524 habetur
1094 1493 1183 1534 quod
1211 1493 1370 1534 quaelibet

295 1537 347 1567 lex
369 1537 409 1568 sit
431 1548 450 1568 a
471 1537 591 1568 iustitia
613 1538 705 1577 legali
730 1538 867 1578 proprie.

351 1582 404 1612 Ad
426 1582 604 1612 secundum
620 1582 735 1613 dicitur
750 1582 865 1622 primo,
882 1583 972 1623 quod
995 1582 1122 1613 nullum
1142 1582 1369 1613 inconveniens

297 1632 344 1657 est
366 1626 580 1657 humilitatem
599 1627 638 1657 ad
654 1626 746 1667 plura
763 1637 796 1658 se
812 1627 976 1658 extendere
993 1637 1091 1668 quam
1107 1626 1226 1657 iustitia
1242 1627 1367 1667 legalis:

296 1670 371 1712 quia
395 1671 550 1712 principia
572 1671 709 1702 iustitiae
732 1671 841 1712 legalis
864 1682 930 1702 non
955 1678 1030 1702 sunt
1053 1671 1188 1702 omnino
1213 1678 1297 1702 extra
1320 1672 1368 1702 iu-

295 1714 414 1746 stitiam
437 1714 582 1755 legalem,
599 1716 654 1746 sed
678 1725 714 1746 ea
733 1726 815 1757 quae
840 1724 914 1747 sunt
929 1727 946 1746 a
963 1716 1080 1747 iustitia
1097 1716 1200 1756 legali.
1224 1716 1290 1746 Nec
1306 1715 1368 1747 hoc

294 1761 418 1791 Auctor
440 1766 565 1800 reputat
588 1760 832 1791 inconveniens:
865 1761 941 1801 quia
964 1761 1126 1791 humilitas
1154 1760 1249 1790 etiam
1269 1760 1308 1790 ad
1332 1770 1368 1791 ea

295 1813 378 1846 quae
400 1804 632 1845 theologalium
655 1805 810 1835 virtutum
834 1812 918 1842 sunt,
944 1815 976 1835 se
1001 1804 1148 1836 extendit.

350 1848 474 1880 Dicitur
497 1850 649 1885 secundo,
667 1857 697 1879 et
721 1849 878 1886 subtilius,
903 1850 992 1890 quod
1014 1849 1088 1880 licet
1103 1849 1183 1879 ordo
1207 1849 1247 1879 ad
1269 1847 1366 1879 finem

294 1894 473 1924 secundum
503 1903 536 1924 se
565 1904 631 1924 non
662 1893 716 1924 fiat
739 1904 757 1923 a
780 1894 898 1925 iustitia
931 1893 1038 1933 legali,
1063 1893 1118 1924 sed
1150 1900 1366 1933 supponatur;

293 1937 397 1968 isdem
419 1945 526 1968 tamen
550 1938 630 1968 ordo
654 1938 694 1967 ad
717 1937 815 1968 finem
839 1948 875 1968 ex
898 1945 986 1978 parte
1010 1945 1168 1968 creaturae
1194 1938 1366 1974 rationalis,

294 1990 378 2022 quae
401 1982 566 2012 ordinatur
587 1983 621 2012 in
644 1981 752 2018 finem,
775 1981 811 2013 fit
834 1993 852 2013 a
875 1982 994 2013 iustitia
1016 1982 1118 2022 legali.
1143 1981 1239 2013 Verbi
1257 1982 1365 2023 gratia,

294 2026 433 2068 diligere
454 2027 560 2057 Deum
591 2036 690 2066 super
712 2028 820 2057 omnia
850 2037 916 2057 non
940 2034 987 2057 est
1010 2028 1188 2057 secundum
1212 2036 1245 2056 se
1276 2037 1294 2057 a
1316 2026 1364 2057 iu-

294 2069 378 2102 stitia
401 2070 503 2111 legali,
528 2071 603 2111 quia
626 2077 673 2102 est
697 2071 735 2102 de
759 2071 829 2102 Deo
853 2071 979 2102 obiecto
1004 2078 1034 2102 et
1057 2071 1130 2108 fine,
1154 2071 1241 2102 Deus
1258 2078 1365 2102 autem

295 2122 342 2146 est
365 2125 461 2155 supra
480 2125 578 2146 omne
594 2116 718 2146 bonurn
733 2125 917 2153 commune,
934 2126 1030 2157 supra
1046 2123 1152 2147 totum
1169 2115 1365 2152 universum,

294 2165 332 2190 ut
353 2166 441 2200 patet
455 2160 512 2190 XII
535 2161 720 2201 Metaphys.
741 2159 774 2190 *z
799 2161 854 2190 sed
877 2160 963 2191 idem
986 2160 1114 2201 diligere
1137 2161 1243 2191 Deum
1271 2170 1367 2200 super

294 2204 405 2235 omnia
435 2211 471 2235 ut
493 2204 643 2235 bonificat
662 2213 765 2245 partes
788 2204 940 2242 universi,
964 2204 1082 2235 scilicet
1100 2205 1184 2245 ipsas
1208 2211 1365 2235 creaturas

293 2248 462 2279 rationales
485 2248 650 2289 diligentes
673 2249 779 2280 Deum
802 2259 898 2289 super
920 2249 1039 2285 omnia,
1060 2249 1143 2280 cadit
1165 2249 1224 2279 sub
1247 2249 1365 2279 iustitia

255 2292 258 2295 ’
292 2293 396 2333 legali,
421 2293 461 2323 ad
484 2302 583 2334 quam
605 2299 725 2333 spectat
748 2303 844 2324 omne
863 2294 988 2324 bonum
1007 2293 1103 2333 partis
1127 2294 1167 2324 ad
1191 2300 1297 2324 totum
1313 2303 1364 2323 or-

59 3574 68 3583 ·
81 3574 152 3597 Num.
167 3581 198 3603 xv,
219 3577 268 3599 De-

48 3599 114 3622 ·Inde
127 3602 218 3630 arg-uit.

293 2337 412 2369 clinare.
445 2337 486 2368 Et
510 2337 554 2368 sic
576 2347 676 2378 aeque
701 2337 885 2368 universalis
909 2344 955 2369 est
978 2338 1136 2368 ordinatio
1170 2348 1268 2379 quam
1292 2337 1366 2369 facit

291 2381 411 2413 iustitia
433 2381 551 2421 legalis,
572 2391 647 2412 cum
671 2392 707 2412 ea
730 2392 828 2422 quam
852 2382 983 2423 suscipit
1005 2382 1183 2413 humilitas:
1210 2382 1365 2423 quoniam

293 2433 427 2466 utraque
451 2426 491 2456 ad
514 2426 623 2457 omnia
647 2436 680 2456 se
704 2426 851 2457 extendit.
877 2427 922 2458 Ita
945 2427 1034 2468 quod
1057 2427 1090 2457 in
1115 2427 1236 2458 actibus
1260 2428 1364 2458 consi-

292 2470 447 2502 stentibus
471 2470 504 2500 in
528 2471 640 2501 ordine
663 2471 703 2501 ad
726 2470 834 2508 finem,
858 2471 934 2512 quia
956 2471 1117 2502 invenitur
1139 2471 1259 2512 aliquid
1276 2472 1365 2513 quod

292 2521 339 2546 est
362 2515 401 2545 de
423 2524 536 2554 genere
561 2525 673 2546 eorum
697 2525 779 2556 quae
803 2522 878 2546 sunt
901 2523 1030 2556 propter
1053 2515 1160 2553 finem,
1181 2516 1319 2547 salvatur
1334 2523 1365 2547 et

292 2559 433 2590 extensio
464 2559 649 2590 universalis
680 2559 816 2590 iustitiae
846 2560 954 2600 legalis
982 2561 1022 2591 ad
1053 2570 1165 2591 omnes
1198 2567 1302 2598 actus;
1334 2568 1365 2592 et

291 2603 421 2644 propria
444 2603 512 2633 eius
535 2603 615 2634 ratio
640 2613 696 2634 seu
720 2603 904 2641 differentia,
924 2604 1041 2636 scilicet
1064 2605 1152 2646 quod
1177 2612 1223 2635 est
1247 2604 1363 2636 forma-

290 2648 362 2679 liter
385 2654 530 2688 respectu
561 2657 675 2678 eorum
698 2658 780 2689 quae
804 2655 878 2679 sunt
901 2649 940 2679 ad
963 2648 1070 2680 finem.
1095 2667 1116 2672 -
1139 2649 1180 2679 Et
1202 2649 1275 2680 ideo
1301 2650 1362 2680 dis-

291 2692 505 2732 tinguendum
529 2699 576 2722 est
598 2692 678 2723 illud
703 2702 920 2733 consequens,
951 2693 1086 2730 scilicet,
1119 2693 1212 2734 Ergo
1242 2695 1364 2725 iustitia

291 2737 409 2778 legalis
431 2737 593 2777 adaequat
615 2737 849 2768 ordinationem
865 2737 1066 2769 humilitatis.
1091 2738 1256 2776 Quoniam
1272 2739 1364 2770 adae—

291 2791 390 2822 quare
412 2781 502 2811 illam
526 2781 680 2821 contingit
703 2781 882 2822 dupliciter.
907 2782 1039 2819 Scilicet,
1055 2783 1105 2813 vel
1120 2783 1228 2823 quoad
1251 2793 1364 2814 nume-

290 2835 364 2856 rum
387 2826 565 2856 bonorum:
591 2832 622 2856 et
644 2825 688 2856 sic
712 2826 910 2862 conceditur,
935 2827 1011 2867 quia
1033 2834 1256 2868 quotcumque
1279 2828 1364 2859 bona

291 2870 418 2910 respicit
440 2880 524 2908 una,
548 2870 675 2910 respicit
701 2870 772 2901 alia.
801 2870 861 2901 Vel
883 2871 992 2911 quoad
1023 2871 1160 2902 rationes
1183 2873 1362 2903 bonorum:

292 2921 323 2945 et
346 2914 390 2945 sic
413 2924 480 2945 non
497 2920 632 2955 *oportet
650 2915 916 2956 adaequationem
939 2925 1100 2956 quaerere,
1117 2916 1272 2957 quoniam
1296 2927 1363 2948 non

291 2958 366 2990 facit
389 2959 489 2999 magis
504 2959 555 2989 vel
577 2959 684 2990 minus
708 2959 919 2990 universalem
942 2960 1186 2991 ordinationem.
1211 2961 1252 2991 Et
1275 2961 1363 2993 iusti-

291 3002 335 3033 tia
356 3003 465 3043 legalis
489 3004 548 3034 sub
571 3003 631 3034 alia
654 3004 776 3035 ratione
800 3004 926 3044 respicit
949 3005 1067 3042 omnia,
1085 3011 1116 3035 et
1138 3005 1197 3036 sub
1221 3005 1280 3035 alia
1303 3006 1362 3037 hu-

292 3047 424 3078 militas:
449 3047 601 3089 alioquin,
622 3058 689 3079 non
714 3055 817 3079 essent
840 3048 1004 3080 distinctae
1026 3049 1157 3080 virtutes
1177 3049 1360 3082 formaliter.

346 3091 414 3122 Nec
429 3092 470 3123 sit
484 3092 645 3133 quispiam
665 3093 820 3124 molestus
843 3099 898 3124 aut
915 3093 1069 3124 sollicitus
1089 3101 1257 3135 propterea
1273 3096 1362 3135 quod

294 3133 398 3165 dicam
419 3136 504 3176 leges
527 3147 595 3167 esse
618 3144 706 3168 actus
735 3137 882 3168 iustitiae.
913 3137 1046 3169 Claritas
1077 3138 1163 3168 enim
1191 3138 1361 3177 doctrinae,

295 3184 331 3208 ut
353 3179 567 3219 percipiantur
589 3182 703 3212 melius
726 3181 950 3222 responsiones
972 3189 1246 3222 argumentorum.
1262 3183 1295 3213 id
1318 3184 1362 3215 ef—

293 3220 369 3253 ficit.
397 3223 438 3254 Et
460 3225 636 3256 secundum
658 3226 839 3263 veritatem,
863 3226 1022 3267 appetitus
1047 3226 1221 3258 conformis
1243 3227 1305 3268 legi
1328 3228 1361 3259 in

295 3266 407 3297 ordine
438 3277 550 3298 eorum
579 3279 661 3310 quae
684 3277 759 3301 sunt
786 3271 826 3301 ad
853 3270 967 3308 finem,
991 3281 1009 3301 a
1039 3271 1158 3302 iustitia
1184 3272 1277 3312 legali
1305 3279 1361 3304 est.

294 3310 464 3350 Appetitus
492 3314 566 3342 vero
593 3312 665 3344 finis
682 3315 866 3351 ,secundum
889 3325 922 3345 se
951 3315 1146 3356 principium
1176 3323 1223 3347 est
1253 3316 1362 3357 legalis

294 3354 440 3386 iustitiae.
465 3355 558 3386 Unde
581 3357 660 3387 nihil
675 3358 768 3390 refert
791 3360 831 3390 ad
854 3360 1059 3400 propositum
1075 3360 1178 3391 dicere
1200 3361 1314 3400 legem,
1332 3368 1363 3393 et

295 3398 398 3429 dicere
421 3399 599 3439 appetitum
620 3401 690 3441 lege
712 3403 899 3443 regnintum,
923 3414 990 3435 esse
1014 3415 1032 3434 a
1053 3404 1147 3445 legali
1166 3405 1294 3442 iustitia,
1310 3406 1361 3436 vel

294 3443 379 3474 illius
407 3443 617 3484 principium:
648 3446 802 3485 quoniam
831 3447 905 3479 hinc
935 3449 1023 3479 nulla
1052 3455 1099 3480 est
1131 3448 1298 3480 difficultas
1327 3450 1360 3480 in

295 3487 472 3528 proposito.

351 3532 419 3563 XII.
444 3533 496 3562 Ad
519 3531 641 3563 obiecta
661 3539 769 3563 contra
785 3535 963 3566 secundum
979 3536 1110 3574 dictum,
1131 3538 1170 3568 de
1190 3537 1363 3569 differentia

295 3576 377 3607 inter
399 3576 552 3607 iustitiam
567 3576 702 3616 legalem
718 3583 749 3608 et
767 3576 980 3610 humilitatem
994 3580 1021 3617 *‚
1039 3582 1262 3621 respondendo
1287 3582 1362 3612 dici-

1398 737 1400 798 r

1397 822 1400 868 ι

295 3627 347 3651 tur
365 3621 455 3662 quod
470 3621 503 3651 in
518 3621 619 3652 littera
635 3621 765 3662 ponitur
788 3621 959 3653 differentia
973 3623 1054 3655 inter
1069 3635 1120 3655 eas
1139 3635 1236 3665 penes
1244 3625 1363 3667 facere
1387 3641 1389 3664 ι

2423 268 2495 304 303

1433 341 1534 381 ipsam
1559 344 1793 374 ordinationem
1811 345 2048 382 universaliter,
2068 350 2098 375 et
2111 345 2231 386 facere
2246 345 2403 376 hominem
2421 347 2499 376 bene

1432 386 1604 417 subiectum
1628 388 1825 418 ordinationi
1848 389 1880 419 in
1905 390 2090 420 universali.
2122 389 2210 419 Haec
2234 396 2350 426 autern,
2371 397 2407 420 ut
2430 390 2498 430 ipsa

1432 431 1523 461 verba
1548 440 1671 468 sonant,
1697 433 1813 463 distant
1836 433 1918 463 sicut
1940 443 2035 473 agens
2055 441 2086 464 et
2109 434 2240 474 patiens.
2266 434 2385 465 Iustitia
2410 445 2498 465 nam—

1431 484 1502 514 que,
1529 476 1606 506 dum
1631 476 1704 507 facit
1727 477 1924 509 voluntatem
1948 485 1979 508 et
2003 478 2222 509 executionem
2246 486 2342 518 prout
2371 478 2498 509 cuilibet

1431 525 1460 549 et
1483 519 1541 550 toti
1574 521 1718 557 debetur,
1743 521 1977 552 ordinationem
2007 523 2137 554 rationis
2168 522 2384 553 universaliter
2407 524 2498 563 ponit

1429 563 1460 592 in
1485 564 1623 594 actibus:
1656 565 1818 596 humilitas
1841 576 1932 602 vero,
1958 567 2035 597 dum
2060 577 2096 598 ex
2125 566 2229 597 divina
2256 567 2429 597 reverentia
2457 569 2496 598 ad

1429 608 1537 638 omnia
1561 609 1660 639 homo
1685 610 1786 640 tendit
1809 617 1844 641 ut
1867 611 2016 651 indignus
2040 622 2096 651 per
2123 612 2259 642 modurn
2283 612 2410 648 subditi,
2431 612 2496 642 ani-

1429 661 1519 682 mum
1542 653 1581 682 ad
1606 663 1736 684 ornnem
1767 654 1986 686 rationabilem
2019 656 2254 687 ordinationem
2277 663 2374 696 parat.
2410 652 2495 697 Cum

1428 706 1502 736 ergo
1527 697 1657 734 dicitur,
1682 699 1763 729 Esse
1784 699 1958 730 subiectum
1984 701 2050 742 legi
2072 706 2120 732 est
2142 702 2272 738 iustum,
2296 701 2389 742 Ergo
2413 706 2459 731 est
2475 711 2495 731 a

1428 742 1566 772 iustitia:
1589 743 1772 773 conceditur
1787 750 1902 780 totum,
1921 745 1975 775 sed
1998 755 2063 775 non
2086 753 2132 776 est
2155 753 2264 776 contra
2281 745 2494 785 propositum.

1428 785 1600 822 Quoniam,
1619 795 1654 817 ut
1677 787 1769 818 toties
1794 788 1913 819 dictum
1938 797 1983 820 est
1999 790 2024 826 *‚
2050 790 2082 820 in
2099 790 2228 820 diversis
2244 790 2413 821 virtutibus
2437 790 2495 820 dif-

1428 829 1557 860 ferentia
1581 841 1690 861 earum
1707 842 1800 872 saepe
1824 833 2000 873 assignatur
2017 844 2112 874 penes
2136 842 2223 865 actus
2247 834 2447 875 principaleS,
2465 841 2496 865 et

1428 884 1492 904 non
1509 884 1634 915 semper
1658 886 1754 916 penes
1779 885 1866 907 actus
1886 878 2033 918 proprios
2057 889 2131 909 cum
2155 879 2360 919 praecisione,
2378 879 2495 910 scilicet

1426 919 1514 959 quod
1538 919 1580 949 ita
1604 920 1654 950 hic
1677 928 1765 951 actus
1789 922 1936 953 convenit
1961 922 2010 953 isti
2026 923 2134 954 virtuti
2158 924 2245 964 quod
2265 934 2328 954 non
2352 924 2414 954 illi:
2439 924 2493 954 sed

1427 963 1500 1003 quia
1523 963 1581 993 iste
1605 971 1692 994 actus
1717 972 1762 995 est
1785 972 1873 996 actus
1903 966 2084 1007 principalis
2116 968 2205 998 istius
2234 976 2263 999 et
2288 979 2354 998 non
2380 968 2493 1008 princi-

1427 1007 1504 1046 palis
1528 1007 1629 1044 illius,
1656 1016 1686 1039 et
1710 1018 1726 1038 e
1750 1016 1876 1046 contra;
1907 1021 1972 1040 non
1996 1011 2183 1042 affirmando
2212 1023 2270 1043 nec
2297 1013 2442 1053 negando
2467 1013 2492 1042 si

1426 1058 1531 1090 potest
1552 1051 1597 1081 illi
1621 1052 1708 1082 alteri
1733 1053 1842 1094 aliquo
1867 1055 1966 1085 modo
1990 1055 2040 1086 hic
2064 1064 2150 1086 actus
2167 1057 2344 1087 convenire.
2370 1057 2420 1087 Sic
2436 1067 2492 1087 au-

1427 1104 1489 1125 rem
1514 1102 1560 1125 est
1582 1095 1615 1125 in
1639 1097 1820 1136 proposito:
1852 1099 1941 1139 quod
1964 1099 2100 1130 iustitiae
2131 1101 2312 1141 principalis
2336 1109 2423 1132 actus
2448 1109 2493 1132 est

1426 1139 1525 1170 tacere
1543 1149 1597 1169 seu
1615 1150 1734 1180 ponere
1750 1142 1881 1172 rationis
1897 1144 2042 1174 ordinem
2064 1145 2097 1174 in
2114 1146 2274 1182 omnibus,
2291 1146 2366 1187 quia
2383 1146 2492 1176 omnia

1425 1184 1464 1213 ad
1488 1193 1660 1214 commune
1691 1186 1815 1216 bonum
1839 1194 1913 1217 sunt
1935 1188 2136 1226 ordinabilia;
2169 1190 2355 1220 humilitatis
2385 1197 2492 1220 autem

1426 1227 1613 1267 praecipuus
1638 1235 1684 1259 est
1712 1237 1799 1260 actus
1823 1241 1878 1270 per
1908 1232 2043 1262 modurn
2067 1234 2183 1264 subditi
2212 1235 2250 1264 ad
2275 1244 2371 1264 omne
2398 1235 2492 1265 ratio-

1426 1272 1527 1302 nabile
1551 1282 1584 1302 se
1608 1273 1766 1312 praebere.
1791 1274 1877 1305 Cum
1900 1276 2017 1316 quibus
2032 1283 2091 1308 stat
2115 1278 2203 1318 quod
2223 1289 2289 1308 esse
2314 1279 2490 1309 subiectum

1424 1316 1463 1346 sit
1486 1326 1503 1346 a
1527 1316 1645 1347 iustitia
1661 1319 1857 1350 secundario.
1883 1320 2003 1351 Iustitia
2020 1322 2114 1358 enirn,
2133 1329 2168 1352 ut
2192 1323 2319 1358 iustitia,
2336 1333 2402 1353 non
2419 1323 2493 1354 facit

1424 1361 1545 1390 iustum
1564 1361 1739 1398 subditum,
1756 1362 1900 1404 alioquin
1913 1365 2009 1401 Deus,
2028 1366 2078 1396 cui
2095 1374 2249 1407 repugnat
2265 1367 2343 1397 ratio
2364 1367 2490 1403 subditi,

1425 1414 1490 1434 non
1510 1412 1591 1435 esset
1614 1406 1742 1446 proprie
1767 1407 1886 1438 iustus:
1913 1410 1968 1439 sed
1991 1419 2028 1439 ex
2050 1409 2168 1441 iustitia
2191 1411 2223 1441 in
2247 1411 2355 1452 aliquo
2379 1422 2491 1451 prove-

1425 1449 1470 1479 nit
1493 1449 1582 1489 quod
1613 1449 1652 1480 sit
1676 1451 1831 1482 subditus.
1865 1453 1906 1482 Et
1929 1453 1972 1483 sic
2000 1461 2085 1494 patet
2117 1456 2205 1495 quod
2236 1466 2301 1485 non
2332 1463 2378 1486 est
2405 1464 2492 1486 actus

1424 1493 1604 1534 principalis
1636 1494 1790 1531 iustitiae,
1816 1497 1870 1526 sed
1901 1497 2028 1528 effectus
2060 1498 2191 1539 quidam
2225 1499 2292 1530 eius
2316 1500 2347 1529 in
2372 1500 2490 1540 aliquo.

1426 1538 1516 1569 Unde
1539 1538 1572 1568 in
1597 1538 1780 1570 definitione
1796 1541 1931 1571 iustitiae
1948 1551 2013 1572 non
2038 1543 2168 1582 ponitur
2184 1544 2348 1580 subiectio,
2366 1545 2420 1574 sed
2440 1545 2491 1575 de-

1424 1582 1544 1618 bitum,
1570 1593 1644 1613 cum
1669 1584 1783 1615 dicitur
1813 1586 1864 1616 ius
1892 1595 1987 1616 suum
2013 1588 2184 1628 unicuique
2207 1589 2350 1619 tribuens
2365 1587 2393 1619 ⁴³.
2422 1589 2490 1619 Hu-

1424 1627 1539 1657 militas
1563 1635 1670 1658 autem
1694 1629 1789 1660 etiarn
1814 1640 1850 1660 ex
1874 1630 1941 1670 ipsa
1964 1641 2043 1662 voce
2067 1632 2275 1663 deiectionem
2300 1639 2401 1664 sonat.

1478 1672 1586 1702 Potest
1601 1682 1732 1713 quoque
1750 1674 1809 1704 dici
1826 1675 1915 1715 quod
1932 1682 1978 1706 est
1994 1676 2213 1716 aequivocatio
2230 1677 2268 1707 de
2285 1677 2490 1709 subiectione.

1422 1716 1505 1746 Nam
1529 1726 1595 1747 esse
1619 1717 1784 1748 subditum
1809 1719 1867 1749 sub
1891 1719 2014 1750 ratione
2038 1720 2133 1751 debiti
2157 1721 2274 1761 legalis,
2296 1732 2350 1752 seu
2371 1722 2492 1762 simpli-

1423 1760 1506 1797 citer,
1533 1768 1578 1792 est
1602 1761 1730 1792 effectus
1754 1763 1885 1803 quidam
1909 1764 2061 1795 iustitiae:
2092 1765 2146 1795 sed
2170 1776 2236 1796 esse
2267 1766 2430 1797 subditum
2455 1777 2491 1797 ex

1422 1805 1564 1845 quodam
1593 1805 1700 1838 debito
1732 1807 1861 1844 morali,
1886 1809 1928 1838 ob
1957 1808 2096 1839 divinam
2128 1810 2244 1841 scilicet
2274 1811 2490 1847 reverentiam,

1422 1849 1569 1880 tribuitur
1592 1850 1772 1882 humilitati.
1804 1852 1845 1882 Et
1868 1852 1912 1883 sic
1935 1853 2076 1894 undique
2101 1861 2198 1885 ruunt
2221 1855 2331 1886 ambae
2354 1855 2491 1886 rationes

1421 1894 1547 1924 Martini
1571 1901 1679 1925 contra
1703 1895 1909 1927 differentiam
1933 1897 1966 1927 in
1986 1899 2086 1928 modo
2110 1899 2295 1939 respiciendi
2316 1900 2490 1930 ordinatio-

1422 1948 1494 1968 nem
1510 1939 1641 1969 rationis
1657 1939 1883 1972 universaliter.
1907 1942 2071 1979 Quoniam
2087 1943 2226 1974 solidum
2247 1950 2341 1974 restat
2356 1951 2386 1974 et
2401 1945 2490 1984 quod

1421 1982 1659 2023 distinguuntur
1688 1985 1796 2025 quoad
1826 1985 1908 2022 hoc,
1932 1986 2014 2017 sicut
2043 1997 2137 2027 agens
2162 1994 2192 2018 et
2219 1989 2358 2028 patiens,
2382 1989 2490 2029 quoad

1420 2034 1508 2058 actus
1531 2028 1736 2068 principales:
1762 2036 1792 2060 et
1815 2030 1903 2070 quod
1920 2031 2073 2062 subiectio
2098 2042 2195 2072 quam
2211 2032 2285 2063 facit
2308 2033 2340 2062 in
2358 2032 2489 2063 homine

1421 2072 1592 2109 humilitas,
1617 2079 1664 2103 est
1686 2073 1812 2104 alterius
1836 2074 1966 2105 rationis
1982 2076 2021 2106 ab
2045 2075 2097 2106 illa
2118 2087 2201 2117 quae
2225 2084 2272 2107 est
2292 2077 2419 2107 effectus
2442 2077 2490 2108 iu-

1420 2116 1530 2153 stitiae,
1548 2127 1567 2147 a
1582 2127 1646 2157 qua
1669 2117 1783 2148 dicitur
1805 2118 1927 2149 iustum
1947 2130 2013 2150 esse
2037 2120 2203 2151 hominem
2220 2121 2331 2152 subiici
2354 2121 2425 2162 legi.

1474 2161 1556 2192 XIII.
1579 2162 1630 2191 Ad
1654 2162 1777 2193 obiecta
1800 2163 1932 2194 demum
1954 2164 1986 2194 in
2017 2166 2131 2196 eodem
2155 2165 2253 2196 dubio
2282 2172 2390 2196 contra
2415 2176 2490 2197 con-

1420 2205 1596 2235 clusionem
1613 2206 1715 2246 ipsam
1729 2207 1756 2243 *,
1774 2209 1962 2247 respondeo.
1983 2209 2033 2238 Ad
2050 2209 2190 2249 primum
2205 2209 2319 2240 dicitur
2334 2211 2423 2250 quod
2439 2210 2492 2240 ali-

1419 2249 1496 2290 quid
1520 2257 1659 2290 spectare
1683 2251 1722 2280 ad
1751 2251 1892 2292 aliquam
1915 2253 2065 2283 virtutem
2096 2260 2200 2294 potest
2225 2254 2391 2294 dupliciter
2414 2265 2490 2285 con-

1420 2293 1555 2333 tingere:
1586 2294 1637 2325 vel
1661 2302 1696 2325 ut
1719 2296 1931 2327 necessarium
1963 2298 2002 2327 ad
2025 2297 2113 2328 illam
2135 2298 2303 2334 virtutem,
2326 2298 2369 2329 ita
2401 2300 2490 2339 quod

1419 2338 1607 2379 oppositum
1631 2347 1849 2380 corrumperet
1871 2348 1926 2372 aut
1949 2342 2107 2373 minueret
2135 2342 2223 2372 illam
2251 2343 2416 2379 virtutem;
2440 2344 2490 2374 vel

1420 2389 1454 2413 ut
1477 2383 1516 2413 ad
1541 2384 1855 2424 supererogationem
1874 2385 1970 2416 illius.
1995 2387 2036 2417 Et
2058 2387 2147 2427 quod
2164 2397 2230 2417 non
2245 2387 2351 2418 minus
2375 2388 2414 2417 ad
2438 2398 2490 2418 su-

1419 2430 1694 2467 pererogationem
1716 2429 1825 2468 legalis
1848 2430 1985 2461 iustitiae
2008 2438 2150 2471 spectant
2173 2431 2304 2462 consilia
2327 2431 2359 2461 in
2380 2432 2490 2463 ordine

1419 2472 1458 2502 ad
1481 2482 1653 2502 commune
1677 2473 1811 2510 bonum,
1837 2485 1935 2515 quam
1959 2475 1999 2505 ad
2022 2476 2333 2516 supererogationem
2358 2476 2489 2507 humili-

1418 2516 1489 2547 tatis
1513 2524 1655 2557 spectent
1678 2518 1789 2548 eadem
1813 2519 1845 2548 in
1870 2519 1980 2549 ordine
1997 2520 2036 2549 ad
2059 2520 2227 2560 proprium
2243 2521 2366 2551 bonum
2390 2520 2488 2561 ipsius

1418 2561 1569 2593 hominis.
1593 2561 1626 2592 Si
1649 2562 1721 2602 quis
1745 2569 1852 2593 tamen
1876 2574 2001 2594 memor
2024 2564 2118 2595 fuerit
2139 2564 2225 2595 illius
2250 2564 2488 2605 propositionis,

1418 2606 1507 2646 quod
1540 2606 1666 2636 nullum
1698 2614 1743 2637 est
1775 2607 1945 2638 consilium
1972 2608 2051 2648 quin
2082 2609 2277 2649 quandoque
2311 2609 2400 2639 cadat
2429 2610 2488 2640 sub

1418 2657 1586 2691 praecepto
1602 2648 1628 2687 *,
1649 2651 1824 2691 perspicere
1840 2652 1956 2692 poterit
1971 2653 2060 2693 quod
2076 2653 2193 2683 iustitia
2209 2653 2317 2692 legalis
2333 2653 2489 2694 adaequat

1419 2695 1631 2726 humilitatem
1656 2696 1764 2736 quoad
1788 2696 1920 2727 consilia
1944 2697 2119 2737 dupliciter.
2144 2698 2263 2735 Primo,
2283 2697 2358 2737 quia
2375 2707 2488 2728 omnes

1418 2739 1548 2770 eosdem
1579 2747 1667 2770 actus
1697 2740 1824 2780 respicit
1847 2747 1882 2771 ut
1912 2741 2016 2772 debita
2039 2741 2071 2771 in
2096 2751 2180 2772 casu.
2214 2742 2256 2772 Et
2284 2741 2327 2772 sic
2351 2741 2488 2772 salvatur

1418 2784 1606 2825 adaequatio
1630 2784 1830 2815 universalis:
1861 2785 1937 2826 quia
1959 2785 2067 2816 nullus
2096 2792 2142 2816 est
2164 2793 2252 2816 actus
2284 2786 2397 2816 cadens
2427 2787 2486 2817 sub

1418 2828 1552 2858 consilio
1581 2828 1660 2869 quin
1693 2829 1789 2860 etiam
1818 2830 1907 2860 cadat
1939 2830 1997 2860 sub
2031 2829 2148 2860 debito.
2173 2848 2194 2853 -
2222 2830 2386 2866 Secundo,
2411 2830 2487 2871 quia

1418 2873 1512 2903 etiam
1525 2873 1584 2903 sub
1600 2873 1659 2903 ista
1675 2873 1807 2910 ratione,
1821 2873 2013 2914 inquantum
2026 2881 2073 2905 est
2089 2875 2147 2904 sub
2162 2874 2306 2910 consilio,
2320 2875 2359 2904 ad
2373 2875 2486 2905 utrius-

1417 2927 1479 2958 que
1508 2917 1822 2958 supererogationem
1853 2925 2003 2958 spectant.
2036 2918 2160 2958 Optimi
2183 2919 2268 2949 enim
2301 2918 2485 2959 legislatoris

1417 2968 1463 2992 est
1485 2971 1551 2992 non
1575 2962 1682 2992 solum
1707 2962 1830 2993 debitos
1861 2969 1949 2993 actus
1974 2963 2167 3003 praecipere,
2192 2963 2246 2993 sed
2271 2963 2364 2993 etiam
2395 2973 2485 3003 expe-

1417 3006 1538 3036 dientes
1562 3006 1601 3036 ad
1626 3016 1799 3037 commune
1823 3007 1946 3037 bonum
1970 3008 2145 3038 consulere.
2172 3008 2264 3038 Unde
2288 3007 2320 3037 in
2344 3007 2412 3047 lege
2437 3007 2485 3037 di-

1418 3057 1532 3081 cuntur
1555 3051 1709 3081 contineri
1726 3061 1791 3081 non
1816 3051 1923 3082 solum
1943 3059 2118 3092 praecepta,
2135 3052 2189 3082 sed
2209 3051 2374 3090 mandata,
2392 3061 2484 3092 quae,

1417 3095 1502 3136 apud
1525 3095 1763 3136 Hieronymum
1778 3095 1804 3132 *,
1829 3102 1904 3126 sunt
1926 3096 1965 3126 de
1989 3096 2194 3126 consiliorum
2220 3095 2349 3126 actibus.

1471 3139 1522 3169 Ad
1545 3140 1723 3170 secundum
1746 3149 1821 3170 vero
1845 3140 1957 3171 dicitur
1980 3140 2069 3180 quod
2088 3140 2243 3179 assignata
2259 3147 2305 3171 est
2327 3139 2360 3170 in
2383 3139 2485 3170 littera

1416 3183 1576 3214 diversitas
1600 3184 1706 3220 modi,
1731 3190 1761 3214 et
1785 3185 1953 3215 declarata:
1979 3192 2009 3215 et
2032 3184 2263 3215 obiectionibus
2291 3190 2338 3214 est
2365 3184 2485 3214 satisfa-

1415 3235 1514 3259 ctum.
1543 3228 1585 3258 Et
1608 3238 1674 3258 non
1699 3228 1806 3258 solum
1830 3239 1895 3259 non
1926 3228 2171 3269 expugnabitur,
2196 3229 2251 3258 sed
2274 3238 2332 3258 nec
2354 3228 2486 3259 faciliter

1415 3274 1495 3303 bene
1520 3273 1768 3312 oppugnabitur.

1470 3317 1552 3347 XIV.
1578 3317 1629 3346 Ad
1651 3317 1796 3356 quintum
1820 3316 1963 3354 dubium,
1989 3317 2027 3346 de
2050 3316 2167 3347 iustitia
2191 3316 2371 3356 particulari
2386 3316 2413 3353 *,
2431 3317 2485 3347 ad-

1416 3361 1604 3391 vertendum
1627 3367 1673 3391 est
1696 3360 1783 3401 quod
1808 3360 1895 3390 radix
1918 3360 2003 3390 unde
2022 3359 2203 3391 excellentia
2225 3360 2362 3391 iustitiae
2385 3361 2482 3401 parti-

1416 3405 1528 3436 cularis
1552 3415 1646 3445 supra
1669 3404 1882 3435 humilitatem
1905 3404 2058 3444 pullulat,
2084 3411 2130 3435 est
2157 3404 2211 3435 illa
2234 3415 2333 3446 quam
2361 3405 2482 3436 Aristo-

1416 3449 1490 3480 teles
1513 3449 1546 3479 in
1562 3449 1590 3479 V
1606 3449 1708 3479 Ethic.
1724 3448 1742 3468 *
1765 3455 1795 3479 et
1817 3448 1851 3479 in
1867 3449 1879 3478 I
1902 3449 1993 3479 Rhet.
2010 3448 2053 3485 **,
2078 3455 2109 3479 et
2126 3451 2249 3480 Auctor
2271 3449 2416 3490 superius
2431 3449 2484 3469 ***

1417 3493 1540 3524 docuit:
1565 3493 1641 3533 quia
1663 3492 1780 3523 scilicet
1796 3492 1914 3524 iustitia
1929 3493 2028 3523 virtus
2044 3499 2091 3524 est
2113 3493 2198 3524 bona
2214 3503 2280 3524 non
2305 3494 2411 3524 solum
2426 3494 2481 3524 ha-

1417 3537 1517 3574 benti,
1542 3538 1597 3567 sed
1621 3537 1736 3567 directe
1760 3543 1806 3567 est
1829 3537 1868 3567 ad
1895 3537 2019 3567 bonum
2044 3537 2170 3568 alterius
2201 3537 2277 3580 (hoc
2301 3538 2385 3568 enim
2416 3548 2481 3568 ma-

1417 3582 1539 3612 ximum
1562 3581 1686 3612 virtutis
1710 3591 1804 3622 opus,
1823 3589 1852 3612 et
1875 3582 2045 3622 praecipua
2059 3582 2154 3612 laude
2170 3582 2302 3622 dignum
2328 3589 2481 3618 censetur,

1417 3633 1452 3656 ut
1474 3632 1559 3666 patet
1586 3626 1619 3656 in
1642 3625 1720 3656 locis
1743 3623 1916 3667 allegatis);
1947 3626 2109 3657 humilitas
2137 3633 2244 3657 autem
2275 3636 2339 3656 non
2368 3625 2480 3656 directe

2523 798 2532 807 ⁸
2550 798 2601 819 Art.
2624 804 2642 825 ι,
2665 798 2736 820 Com-

2522 827 2592 845 ment.
2621 830 2685 846 num.
2709 832 2735 851 νς

2521 854 2562 872 art.
2573 856 2593 878 2,
2603 850 2660 873 Com
2665 856 2735 874 ment.

2521 882 2585 898 num.
2604 883 2640 904 v1;
2654 882 2696 900 art.
2711 886 2734 905 4,

2522 903 2654 926 Comment.
2670 911 2733 926 num.

2520 935 2545 951 n.

2519 1597 2528 1606 ⁸
2547 1596 2598 1623 Dig.
2621 1596 2643 1623 1,
2662 1603 2681 1620 1.
2702 1597 2731 1618 de

2517 1622 2591 1644 Instit.
2620 1625 2643 1644 et
2669 1624 2730 1651 Iure,

2519 1655 2558 1675 105
2583 1649 2638 1671 lust,
2662 1650 2684 1675 1,
2710 1657 2730 1677 1,

2518 1675 2600 1698 eodem
2614 1676 2650 1698 tit.

2517 2216 2527 2226 ⁸
2541 2215 2612 2238 Num.
2628 2222 2651 2238 tv
2660 2233 2665 2243 ,
2684 2217 2730 2238 De·

2516 2248 2577 2264 mum
2588 2243 2684 2270 probat.

2515 2664 2524 2674 ⁸
2540 2663 2588 2691 Qu.
2598 2669 2673 2692 cxxxv,
2684 2669 2725 2686 art.

2513 2696 2533 2718 3,
2549 2690 2577 2711 ad
2592 2697 2607 2712 ι.

2511 3091 2521 3121 ⁸
2529 3090 2608 3112 Gloss.
2616 3091 2723 3113 Prooem.

2511 3123 2534 3138 tn
2541 3117 2650 3145 Marc.,in
2675 3119 2723 3140 rinss

2511 3143 2570 3171 cip.-
2577 3125 2723 3171 Ct.1²¹¹¹p11³³,

2511 3176 2550 3198 qu.
2565 3176 2633 3198 xcix,
2647 3175 2688 3193 art.
2703 3178 2722 3199 5.

2510 3321 2520 3330 ⁸
2535 3320 2604 3343 Num.
2620 3327 2640 3342 v.

2510 3449 2519 3458 ι

2509 3448 2591 3496 εῗίἱῑ
2605 3454 2658 3497 ¹123:
2674 3455 2701 3497 {t
2710 3460 2721 3465 ·

2508 3502 2529 3511 '⁸
2545 3501 2600 3527 Cap.
2616 3509 2647 3529 tx,
2665 3509 2685 3523 n.
2698 3503 2719 3523 6.

2509 3528 2540 3575 Ε·
2549 3528 2595 3555 Qu.
2603 3535 2669 3555 uui,
2678 3533 2719 3550 art.
