2768 4198
909 289 1176 334 QUAESTIO
1208 289 1415 336 CLXXIV,
1446 289 1742 326 ARTICULUS
1770 289 1820 325 VI

271 379 340 416 per
368 367 492 404 Eliam
519 367 718 405 veritatem
749 367 943 416 respondit
971 367 1110 403 nuntiis
1145 368 1241 415 regis
1274 368 1338 416 qui

273 420 518 457 mittebantur
545 421 594 457 ad
623 420 902 457 consulendum
931 421 1060 456 Deum
1090 422 1278 467 Accaron,
1299 429 1339 457 ut

138 481 150 496 ²
211 492 215 496 -
271 474 432 510 habetur
451 473 503 510 IV
516 474 575 510 Re
607 501 614 509 .
637 473 696 510 1⁹¹⁶.

327 526 515 572 Quamvis
536 484 649 563 etigam
671 525 743 562 dici
762 525 883 574 possit
903 525 1007 572 quod
1028 537 1105 561 non
1130 526 1241 562 fuerit
1262 527 1339 563 ani·
1366 528 1367 566 l
1396 540 1485 563 nem
1515 528 1638 564 Saulis
1668 535 1704 564 et
1733 528 1979 574 adstantium,
2010 527 2074 576 qui
2104 527 2152 564 ita
2191 527 2455 576 opinabantur.

31 813 43 824 ⁸
57 813 83 835 ln
104 818 163 840 resp.
182 813 211 834 nd
226 818 242 834 1.

87 1572 137 1591 ,polr-
153 1575 166 1588 υ
229 1575 231 1578 ·

115 1605 118 1612 l
137 1599 158 1612 ⁸>i

31 1592 151 1649 2353„

211 1547 217 1558 η
281 1541 309 1568 'cs
331 1539 425 1579 §fl-9³¹7,
441 1537 474 1571 χ’,

322 645 349 679 ζ)
363 646 544 680 prophetiam.
556 660 575 667 ·-
589 646 776 679 propheticam
797 647 912 680 PDEpC.

2383 290 2456 336 399

1364 368 1366 406 Ἴ
1394 380 1457 404 ma
1487 369 1694 415 Samuelis,
1726 368 1794 405 sed
1832 368 1998 404 daemon
2029 379 2073 404 ex
2102 379 2266 416 persona
2296 367 2376 404 eius
2405 369 2458 404 lo-

1365 438 1366 465 3
1395 433 1531 470 quens:
1561 434 1678 469 quem
1700 421 1860 470 Sapiens
1881 421 2102 458 Samuelem
2123 420 2306 467 nominat,
2324 428 2360 456 et
2377 421 2456 457 eius

1365 479 1367 525 ᾗ
1394 475 1765 523 praenuntiationem
1781 474 2022 523 prophetiam
2039 473 2062 521 ἶ,
2080 474 2292 510 secundum
2313 473 2458 522 opinio-

951 728 1286 761 Commentariis
1310 729 1562 762 cardinalis
1585 731 1785 763 Caietam

301 817 322 838 N
345 807 477 838 articulo
495 807 608 848 quinto
633 808 777 838 eiusdem
798 808 995 849 quaestionis
1006 809 1033 844 *,
1051 809 1114 838 hoc
1131 809 1237 839 solum
1261 809 1335 839 scri-
1362 810 1363 817 ¹
1385 811 1511 850 procul.
1546 810 1587 840 Et
1610 810 1686 841 haec
1717 811 1910 840 denotantur
1933 810 1965 840 in
1995 810 2096 840 littera
2127 820 2200 841 cum
2224 811 2384 841 subditur:
2416 810 2460 840 Et

275 819 443 882 Ibendurn
468 852 613 888 occurrit,
638 853 727 893 quod
749 852 829 883 visio
854 853 911 883 Dei
937 862 992 892 per
1015 853 1183 883 essentiam
1203 854 1242 883 ad
1263 863 1337 893 pro·
1363 864 1365 889 3
1385 860 1521 894 propter
1543 855 1613 891 hoc,
1635 865 1697 885 non
1717 855 1861 885 totaliter
1875 855 1992 885 amittit
2009 856 2165 885 rationem
2181 855 2369 895 prophetiae
2384 855 2460 885 talis

270 896 412 936 phetiam
429 897 589 928 descendit
601 904 636 927 ut
652 907 700 927 res
717 897 888 937 superioris
904 897 1039 927 ordinis:
1065 904 1095 927 et
1110 907 1167 937 per
1183 897 1337 934 accidens,
1364 894 1366 930 l
1392 900 1480 930 visio.
1514 899 1630 928 Parum
1659 899 1745 929 enim
1774 898 1852 939 quid
1879 899 1993 930 habere
2022 899 2205 939 prophetiae
2234 899 2347 930 dicitur
2370 899 2458 939 quod

271 940 388 971 scilicet
411 941 531 972 ratione
555 941 654 978 modi,
676 942 793 972 scilicet
815 941 890 982 quia
907 951 962 981 per
978 942 1114 972 modum
1138 942 1294 982 passionis
1310 950 1340 972 et
1365 948 1367 991 l
1394 953 1456 973 non
1482 944 1624 974 totaliter
1647 943 1789 974 excludit
1812 943 1911 974 illam.

270 985 448 1015 secundum
471 985 558 1026 quid,
579 985 654 1026 quia
677 986 784 1026 quoad
808 985 870 1016 hoc
897 986 986 1026 quod
1010 986 1120 1017 videns
1142 986 1248 1016 adhuc
1270 992 1341 1016 erat
1366 997 1367 1018 l

1088 1139 1408 1180 ARTICULUS
1439 1138 1648 1180 SEXTUS

509 1231 665 1262 UTRUM
691 1230 863 1273 Gal—mus
886 1229 1166 1261 PROPHETIAE
1190 1231 1445 1261 VARIENTUR
1469 1231 1706 1262 SECUNDUM
1730 1231 1947 1262 TEMPORIS
1971 1231 2225 1263 PROCEssuM

873 1308 940 1333 Part.
960 1308 978 1338 l,
998 1316 1041 1341 qu.
1061 1315 1120 1339 nvn,
1141 1313 1187 1333 art.
1209 1307 1232 1338 5,
1253 1308 1285 1332 ad
1305 1307 1332 1338 3;
1357 1309 1398 1333 De
1422 1309 1511 1337 Verit„
1532 1317 1575 1341 qu.
1594 1316 1638 1338 xn,
1658 1315 1704 1335 art.
1728 1317 1766 1340 14.
1786 1310 1818 1334 ad
1842 1318 1862 1335 1.

305 1403 365 1446 57»
391 1411 460 1450 og<
484 1401 507 1425 D
533 1398 675 1425 SEXTUM
699 1399 753 1424 sic
779 1398 1021 1423 PRocnm'rUR.
1050 1386 1210 1423 Videtur
1235 1387 1341 1435 quod
1366 1387 1368 1434 ξ

410 1440 453 1502 {23⁴
485 1441 623 1489 gradus
651 1440 875 1489 prophetiae
903 1439 1097 1477 varientur
1126 1440 1340 1476 secundum

431 1500 452 1536 ἢ
485 1493 667 1543 temporis
709 1505 946 1542 processum.
990 1493 1196 1542 Prophetia
1239 1493 1340 1530 enim

293 1524 312 1540 ι,
335 1510 409 1549 ›¹⁷ae

459 1547 682 1584 ordinatur
718 1547 767 1584 ad
805 1546 1062 1594 cognitionem
1101 1546 1339 1593 divinorum,

157 1598 247 1649 “ivm
273 1608 316 1637 ut
344 1586 389 1638 eit
418 1600 524 1638 dictis
543 1600 564 1622 *
590 1607 703 1649 patet.
735 1600 811 1637 Sed
841 1600 936 1636 sicut
956 1600 1163 1648 Gregorius
1184 1600 1272 1637 dicit
1289 1599 1341 1647 *ἦ
1368 1601 1369 1651 l

31 1648 246 1705 ffiffffin‘ff’
268 1657 341 1706 per
366 1653 616 1690 successiones
644 1659 855 1701 temporum
884 1654 1003 1690 crevit
1027 1653 1178 1690 divinae
1213 1654 1342 1703 cogni-

34 2027 157 2048 ’νει-ιι.

37 2557 49 2570 ·
61 2556 128 2580 Ven.
143 2562 172 2586 ¹3·

39 2765 163 2797 'Vm-5.

275 1761 444 1798 cundum
470 1772 697 1810 processum
726 1766 947 1809 temporum
983 1759 1124 1797 debent
1153 1760 1342 1807 distingui.

307 1824 364 1850 ³¹2.
384 1814 630 1860 ΡΜΕΤΕΚΕΑῨ
642 1813 823 1851 revelatio
848 1814 1071 1862 prophetica
1098 1814 1140 1850 fit
1162 1826 1232 1862 per
1260 1826 1343 1850 mo-

275 1867 367 1904 dum
405 1866 558 1904 divinae
597 1867 835 1904 allocutionis
873 1867 922 1904 ad
959 1866 1176 1903 hominem:
1206 1879 1228 1903 a
1255 1871 1370 1916 pro-'

273 1919 397 1968 phetis
426 1927 553 1956 autem
585 1933 630 1956 ea
665 1933 763 1969 quae
794 1928 881 1956 sunt
917 1920 968 1956 eis
997 1921 1163 1957 revelata
1199 1920 1343 1957 denun-

274 1973 414 2010 tiantur
455 1981 491 2010 et
525 1974 647 2010 verbo
683 1981 720 2010 et
755 1973 906 2022 scripto.
946 1973 1093 2010 Dicitur
1126 1981 1254 2010 autern
1282 1978 1299 1995 α
1328 1974 1342 2010 1

274 2026 480 2076 Reg.111*,
509 2027 616 2074 quod
645 2035 732 2063 ante
762 2026 1005 2074 Samuelem,
1034 2039 1158 2063 sermo
1187 2027 1346 2064 Domini

275 2085 358 2116 erat
381 2079 577 2128 pretiosus,
608 2080 704 2117 idest
732 2093 863 2117 rarus:
900 2079 965 2128 qui
985 2088 1115 2117 tamen
1142 2088 1276 2129 postea
1296 2080 1344 2117 ad

275 2133 417 2170 multos
445 2133 564 2170 factus
595 2141 661 2170 est.
692 2133 871 2170 Similiter
899 2133 1012 2170 etiam
1040 2146 1120 2170 non
1145 2133 1344 2170 inveniun-

275 2194 336 2223 tur
363 2186 445 2223 libri
476 2187 756 2236 Prophetarum
786 2199 870 2224 esse
899 2187 1101 2236 conscripti
1129 2195 1215 2224 ante
1249 2195 1344 2224 tem-

275 2250 348 2288 pus
368 2239 499 2287 Isaiae,
521 2239 581 2276 cui
601 2240 744 2277 dictum
766 2248 837 2277 est:
859 2241 974 2277 Sume
992 2241 1058 2277 tibi
1076 2240 1212 2277 librum
1227 2253 1344 2290 gran-

275 2345 395 2383 V111*:
424 2353 512 2394 post
540 2346 644 2395 quod
673 2354 825 2395 tempus
852 2347 981 2396 plures
1012 2347 1228 2395 Prophetae
1258 2360 1345 2384 suas

275 2398 495 2448 prophetias
515 2400 832 2449 conscripserunt.
862 2401 965 2448 Ergo
984 2400 1136 2438 videtur
1163 2401 1269 2449 quod
1289 2413 1345 2437 se-

277 2452 447 2489 cundum
467 2462 692 2502 processum
712 2461 931 2502 temporum
950 2453 1152 2503 profecerit
1179 2455 1345 2503 prophe-

276 2506 348 2543 tiae
377 2506 529 2553 gradus.

333 2560 367 2596 3.
388 2560 623 2607 PRAETEREA,
649 2559 840 2596 Dominus
865 2559 962 2606 dicit,
985 2560 1119 2598 Matth.
1139 2572 1176 2597 xi
1194 2559 1232 2596 *τ
1261 2561 1347 2597 Lex

277 2618 312 2650 et
337 2613 548 2661 Prophetae
576 2624 692 2661 usque
719 2613 771 2650 ad
796 2614 982 2650 Ioannem
1013 2614 1344 2662 prophetaverunt.

278 2666 534 2702 Postmodum
563 2673 693 2702 autem
721 2666 790 2703 fuit
810 2666 958 2703 donum
987 2667 1210 2715 prophetiae
1234 2667 1272 2703 in
1293 2667 1347 2704 di-

278 2718 430 2767 scipulis
450 2718 588 2756 Christi
616 2720 736 2756 multo
758 2719 998 2756 excellentius
1028 2731 1144 2768 quam
1174 2720 1285 2756 fuerit
1308 2720 1346 2757 in

278 2771 441 2820 antiquis
475 2772 692 2821 prophetis:
731 2772 944 2809 secundum
974 2772 1065 2810 illud
1098 2773 1233 2822 Ephes.
1255 2785 1290 2810 111
1309 2772 1345 2810 *ε

277 2824 372 2866 Aliis
396 2826 706 2876 generationibus
735 2838 809 2862 non
840 2831 894 2862 est
919 2826 1091 2875 agnitum
1109 2826 1205 2874 filiis
1228 2827 1346 2863 homi-

278 2890 382 2924 num,
411 2878 553 2917 scilicet
581 2878 806 2927 mysterium
828 2878 979 2925 Christi,
998 2879 1095 2916 sicut
1115 2891 1216 2916 nunc
1243 2891 1347 2917 reve-

270 2928 397 2968 'latum
431 2939 485 2969 est
520 2933 658 2969 sanctis
685 2932 873 2980 Apostolis
909 2932 988 2968 eius
1024 2938 1061 2968 et
1089 2933 1282 2981 prophetis
1308 2933 1347 2969 in

138 2996 161 3009 ι’*
187 3000 215 3034 λῇ
240 3034 242 3036 ¹
279 2985 431 3034 Spiritu.
461 2986 564 3033 Ergo
584 2986 734 3023 videtur
753 2986 858 3033 quod
879 2985 1092 3022 secundum
1121 2997 1346 3034 processum

279 3038 462 3087 temporis
492 3039 652 3076 creverit
679 3039 902 3087 prophetiae
932 3038 1083 3086 gradus.

326 3091 410 3130 SED
439 3103 587 3140 CONTRA
619 3103 686 3129 EsT
715 3092 804 3141 quia
832 3093 991 3140 Moyses
1019 3092 1088 3128 fuit
1117 3090 1348 3128 excellentis-

282 3141 399 3181 simus
427 3145 718 3193 prophetarum,
747 3153 790 3182 ut
818 3145 962 3182 dictum
992 3153 1048 3182 est
1065 3144 1095 3188 ³¹²,
1126 3144 1191 3192 qui
1219 3151 1348 3182 tamen

283 3195 378 3232 alios
404 3198 611 3245 prophetas
638 3198 855 3247 praecessit.
885 3199 987 3246 Ergo
1017 3197 1156 3246 gradus
1183 3198 1348 3247 prophe-

282 3248 356 3284 tiae
384 3250 464 3285 non
482 3251 640 3298 profecit
659 3252 873 3289 secundum
902 3251 1087 3300 temporis
1110 3262 1346 3299 processum.

337 3301 562 3340 Respounno
586 3314 771 3342 mcENDuM
800 3305 917 3354 quod,
948 3305 1043 3342 sicut
1071 3303 1213 3341 dictum
1244 3311 1299 3340 est
1315 3302 1347 3351 ⁸⁸,

283 3353 485 3402 prophetia
513 3355 708 3405 ordinatur
735 3358 785 3397 ad
813 3357 1067 3406 cognitionem
1104 3356 1255 3394 divinae
1283 3368 1348 3393 ve-

285 3405 417 3443 ritatis:
447 3419 516 3455 per
544 3407 650 3445 cuius
671 3411 1032 3459 contemplationem
1053 3423 1131 3447 non
1156 3411 1282 3446 solum
1310 3409 1350 3447 in
1376 3409 1377 3412 ’

338 3528 365 3560 α)
385 3532 484 3554 autem.
495 3542 515 3548 -
532 3528 602 3554 enim
622 3529 724 3556 PACsK
744 3534 770 3555 et
787 3538 813 3556 a.

338 3563 363 3597 β)
382 3564 541 3596 specialiter.
553 3577 574 3583 -
590 3564 773 3596 spiritualiter
787 3565 927 3599 Afflptt,
938 3567 1064 3599 finaliter
1082 3568 1112 3594 E.

338 3600 364 3633 γ)
385 3600 491 3625 instrui.
503 3614 522 3619 -
540 3600 646 3627 institui
663 3599 722 3625 PsA
739 3605 767 3626 et
783 3608 809 3626 a.

1396 1387 1472 1423 fide
1510 1387 1746 1433 instruimur,
1778 1388 1844 1424 sed
1883 1389 1996 1425 etiam
2033 1389 2071 1425 in
2109 1390 2245 1427 nostris
2282 1391 2464 1440 operibus·

1395 1440 1665 1487 gubernamur,
1689 1442 1899 1477 secundum
1920 1441 2010 1478 illud
2030 1442 2170 1479 Psalmi
2188 1443 2223 1481 *ι
2251 1445 2388 1481 Emitte
2407 1445 2461 1481 lu·
2489 1451 2498 1460 ⁸
2525 1456 2535 1471 ⁵
2552 1457 2566 1471 Χ
2613 1457 2652 1472 ver

1399 1505 1478 1529 cem
1500 1499 1603 1530 tuam
1623 1499 1658 1530 et
1674 1494 1868 1531 veritatem
1889 1500 2012 1531 tuam.-
2036 1495 2115 1544 ipsa
2135 1508 2196 1532 me
2215 1497 2460 1535 deduxerunt.

1397 1546 1509 1583 Fides
1538 1554 1666 1583 autem
1694 1555 1823 1584 nostra
1851 1547 1890 1584 in
1919 1547 2070 1584 duobus
2098 1548 2354 1598 principaliter
2374 1564 2462 1588 con-

1397 1599 1507 1636 sistit:
1542 1600 1666 1648 primo
1694 1600 1860 1649 quidem,
1881 1601 1918 1637 in
1937 1613 2030 1638 vera
2056 1601 2127 1638 Dei
2157 1603 2383 1651 cognitione,
2406 1617 2461 1640 se-

1397 1712 1543 1754 oportet
1568 1707 1720 1743 credere
1757 1708 1845 1755 quia
1874 1713 1947 1752 est‚·
1984 1708 2175 1756 secundo,
2206 1710 2242 1746 in
2285 1710 2462 1758 mysterio

1399 1653 1567 1690 cundum
1597 1653 1688 1690 illud
1716 1655 1816 1690 Heb.
1845 1666 1879 1690 XI
1904 1653 1939 1690 *ε
1975 1655 2222 1692 Accedentem
2257 1657 2308 1694 ad
2338 1658 2462 1694 Deum
2492 1662 2501 1671 ⁸
2539 1668 2574 1683 πθ

273 1706 383 1744 tionis
401 1711 661 1756 augmentum.
692 1707 795 1754 Ergo
817 1714 852 1743 et
871 1706 1010 1755 gradus
1039 1707 1262 1755 prophetiae
1286 1719 1343 1743 se·
1368 1707 1370 1711 ’

1398 1759 1668 1796 incarnationis
1693 1760 1843 1808 Christi,
1865 1762 2079 1798 secundum
2105 1761 2198 1799 illud
2219 1764 2322 1800 Ioan.
2344 1763 2461 1800 xiv*:
2492 1764 2501 1773 ⁸
2551 1769 2574 1784 ‘⁸
2597 1769 2604 1784 ¹

1403 1813 1559 1849 Creditis
1588 1814 1624 1850 in
1654 1814 1798 1850 Deum.-
1833 1819 1868 1850 et
1895 1814 1932 1850 in
1962 1827 2022 1851 me
2050 1815 2196 1852 credite.
2227 1815 2266 1852 Si
2297 1829 2385 1864 ergo
2416 1817 2463 1854 de

1398 1866 1596 1914 prophetia
1630 1867 1834 1916 loquamur
1862 1867 2089 1915 inquantum
2120 1868 2315 1906 ordinatur
2343 1870 2390 1907 ad
2420 1871 2462 1906 fi-

1399 1919 1488 1956 dem
1523 1919 1686 1967 deitatis,
1718 1921 1770 1956 sic
1800 1920 1956 1968 quidem
1986 1921 2105 1958 crevit
2138 1922 2351 1959 secundum
2388 1931 2463 1960 tres

1398 1980 1619 2021 temporum
1650 1973 1929 2011 distinctiones:
1959 1974 2098 2011 scilicet
2120 1982 2205 2012 ante
2234 1976 2371 2024 legem,
2393 1978 2463 2013 sub

1398 2026 1492 2074 lege,
1523 2033 1560 2062 et
1587 2027 1657 2063 sub
1686 2027 1814 2074 gratia.
1845 2027 1949 2064 Nam
1979 2036 2064 2064 ante
2093 2029 2237 2077 legem,
2267 2030 2463 2066 Abraham

1371 2087 1372 2128 j
1401 2087 1436 2116 et
1455 2079 1515 2116 alii
1534 2080 1666 2116 Patres
1685 2080 1906 2129 prophetice
1926 2089 2012 2118 sunt
2031 2081 2199 2118 instructi
2219 2081 2266 2119 de
2286 2082 2343 2119 his
2364 2095 2462 2131 quae

1370 2129 1587 2182 {pertinent
1619 2134 1668 2170 ad
1696 2134 1815 2170 fidem
1855 2133 2012 2171 deitatis.
2051 2135 2162 2172 Unde
2192 2143 2228 2171 et
2255 2137 2464 2185 prophetae

1399 2186 1664 2223 nominantur:
1703 2188 1915 2223 secundum
1944 2187 2034 2224 illud
2071 2188 2212 2224 Psalmi
2239 2188 2276 2224 *ε
2305 2190 2351 2226 In
2374 2202 2466 2238 pro·
2494 2193 2540 2214 '³⁵
2557 2199 2660 2214 evvers

1371 2238 1372 2274 1
1394 2239 1516 2287 phetis
1534 2240 1626 2276 meis
1644 2240 1757 2277 nolite
1775 2241 1994 2290 malignari,
2015 2241 2120 2289 quod
2141 2241 2351 2290 specialiter
2370 2241 2385 2271 β
2414 2243 2467 2280 di-

276 2294 373 2338 dem,
394 2298 430 2329 et
453 2293 574 2330 scribe
602 2293 639 2330 in
660 2305 703 2330 eo
723 2293 820 2342 stylo
840 2294 1013 2340 hominis,
1033 2301 1076 2330 ut
1094 2301 1197 2342 patet
1226 2294 1344 2330 Isaiae
1371 2301 1373 2312 ¹

1401 2292 1495 2329 citur
1523 2301 1678 2342 propter
1692 2294 1889 2330 Abraham
1911 2302 1946 2331 et
1966 2296 2071 2331 Isaac
2085 2294 2116 2331 ³¹⁶.
2139 2315 2162 2321 —
2193 2295 2272 2332 Sub
2293 2296 2374 2343 lege
2402 2309 2465 2332 au-

1400 2354 1493 2392 tem,
1523 2346 1622 2383 facta
1651 2355 1706 2384 est
1733 2347 1912 2384 revelatio
1950 2347 2172 2396 prophetica
2201 2349 2248 2385 de
2277 2349 2334 2385 his
2369 2361 2467 2397 quae
2494 2359 2549 2374 ¹³³¹

1400 2399 1588 2448 pertinent
1631 2400 1678 2437 ad
1720 2401 1839 2437 fidem
1878 2401 2024 2438 deitatis
2064 2401 2303 2438 excellentius
2338 2415 2467 2451 ,quam

1400 2461 1508 2490 ante:
1539 2453 1627 2502 quia
1646 2453 1723 2490 iam
1754 2455 1955 2503 oportebat
1983 2454 2080 2492 circa
2103 2457 2178 2492 hoc
2197 2455 2327 2492 instrui
2346 2461 2361 2484 Υ
2390 2469 2467 2493 non

1401 2507 1526 2543 solum
1555 2506 1738 2556 speciales
1766 2519 1950 2556 personas
1980 2516 2044 2544 aut
2071 2509 2256 2557 quasdam
2295 2509 2465 2556 familias,

1401 2559 1469 2597 sed
1497 2566 1620 2596 totum
1640 2561 1840 2609 populum.
1872 2561 1982 2598 Unde
2002 2561 2194 2598 Dominus
2220 2561 2306 2599 dicit
2326 2563 2466 2611 Moysi,

1372 2633 1374 2648 ι
1399 2613 1524 2650 Exod.
1544 2625 1581 2650 vi
1599 2613 1636 2650 *ε
1665 2615 1752 2663 Ego
1772 2614 1971 2660 Dominus,
1992 2615 2058 2662 qui
2074 2616 2238 2662 apparui
2254 2616 2464 2662 Abraham,

1400 2668 1513 2703 Isaac
1549 2672 1586 2703 et
1619 2668 1736 2703 Iacob
1771 2667 1807 2703 in
1841 2668 1924 2704 Deo
1958 2668 2226 2715 omnipotente,
2262 2674 2298 2704 et
2330 2681 2465 2706 nomen

1401 2731 1527 2756 meum
1546 2720 1700 2756 Adonai
1717 2731 1791 2756 non
1811 2720 1977 2757 indicavi
1992 2721 2063 2757 eis:
2092 2721 2182 2770 quia·
2201 2721 2340 2758 scilicet
2358 2734 2465 2770 prae-

1402 2773 1580 2810 cedentes
1617 2774 1748 2809 Patres
1775 2773 1927 2810 fuerunt
1961 2773 2128 2811 instructi
2162 2774 2200 2810 in
2239 2775 2434 2811 communi
2453 2773 2466 2796 ὅ

1402 2826 1450 2863 de
1480 2825 1756 2874 omnipotentia
1784 2827 1897 2864 unius
1925 2826 2012 2874 Dei,
2043 2828 2108 2864 sed
2137 2828 2294 2876 Moyses
2331 2836 2465 2876 postea

1401 2879 1550 2928 plenius
1578 2879 1645 2916 fuit
1672 2879 1876 2917 instructus
1895 2881 1943 2917 de
1963 2880 2199 2928 simplicitate
2229 2881 2381 2919 divinae
2411 2893 2466 2918 es-

1401 2933 1555 2979 sentiae,
1578 2945 1665 2968 cum
1694 2932 1837 2969 dictum
1860 2941 1915 2969 est
1943 2933 1989 2981 ei,
2009 2935 2132 2970 Exod.
2155 2946 2190 2970 111
2209 2933 2249 2970 *τ
2278 2935 2364 2984 Ego
2383 2946 2467 2971 sum
2495 2939 2503 2946 ’
2541 2943 2553 2958 0

1402 2986 1467 3034 qui
1492 2998 1598 3029 sum‚·
1626 2986 1730 3034 quod
1759 2986 1915 3035 quidem
1944 2999 2087 3023 nomen
2117 2987 2346 3035 significatur
2365 3000 2387 3023 a
2407 2989 2466 3023 Iu-

1374 3077 1376 3087 :
1403 3038 1507 3075 daeis
1543 3051 1612 3087 per
1639 3039 1714 3075 hoc
1742 3051 1887 3076 nornen
1919 3040 2090 3086 Adonai,
2118 3048 2275 3089 propter
2308 3053 2467 3077 venera-

1402 3091 1546 3128 tionem
1582 3091 1679 3129 illius
1714 3092 1914 3129 ineffabilis
1952 3092 2129 3130 nominis.
2158 3114 2182 3121 -
2217 3093 2468 3130 Postmodum

1401 3157 1508 3192 vero,
1523 3152 1697 3193 tempore
1711 3145 1863 3193 gratiae,
1881 3146 1928 3182 ab
1948 3145 2032 3194 ipso
2053 3146 2148 3183 Filio
2164 3146 2237 3183 Dei
2257 3147 2467 3184 revelatum

1403 3205 1459 3234 est
1486 3198 1711 3246 mysterium
1731 3198 1942 3235 Trinitatis:
1972 3199 2184 3236 secundum
2213 3199 2304 3236 illud
2332 3200 2466 3236 Matth.

1402 3252 1467 3287 ult.
1495 3251 1536 3287 *z
1564 3251 1725 3297 Euntes,
1755 3251 1882 3288 docete
1909 3263 2039 3288 omnes
2064 3258 2213 3301 gentes,
2242 3253 2470 3302 baptizantes
2496 3259 2506 3268 ⁸
2543 3264 2555 3279 Ε
2602 3263 2609 3278 ¹

1375 3347 1377 3353 .
1403 3316 1465 3340 eos
1494 3304 1531 3340 in
1558 3304 1710 3340 nomine
1735 3304 1859 3340 Patris
1886 3310 1922 3340 et
1946 3305 2036 3341 Filii
2058 3310 2094 3340 et
2111 3305 2269 3353 Spiritus
2297 3306 2425 3344 Sancti
2442 3311 2468 3343 ⁸.

1458 3358 1500 3393 In
1528 3355 1682 3403 singulis
1710 3364 1839 3394 tamen
1868 3357 2025 3394 statibus
2053 3357 2176 3406 prima
2195 3358 2377 3396 revelatio
2406 3372 2470 3396 ex-

1405 3409 1597 3446 cellentior
1623 3409 1702 3446 fuit.
1733 3410 1862 3447 Prima
1880 3418 2008 3448 autem
2037 3411 2217 3448 revelatio
2238 3419 2325 3449 ante
2344 3413 2469 3460 legem

1458 3531 1482 3564 δ)
1503 3532 1529 3556 in
1545 3532 1686 3558 communi.
1699 3545 1718 3551 —
1736 3532 1830 3565 infide
1844 3532 1898 3561 Pa,·
1917 3532 1955 3558 sG
1970 3537 2029 3558 ante
2039 3534 2157 3566 suerunt
2174 3534 2265 3559 inserit
2283 3536 2310 3560 in
2329 3535 2469 3561 communi.

1458 3567 1479 3600 ε)
1500 3568 1601 3593 Sancti.
1613 3581 1633 3587 -
1650 3575 1727 3593 amen
1748 3568 1845 3593 addunt
1863 3568 1917 3605 lsC.
