<?xml version="1.0" encoding="UTF-8"?>
<!DOCTYPE html PUBLIC "-//W3C//DTD XHTML 1.0 Transitional//EN"
    "http://www.w3.org/TR/xhtml1/DTD/xhtml1-transitional.dtd">
<html xmlns="http://www.w3.org/1999/xhtml" xml:lang="en" lang="en">
 <head>
  <title>
</title>
<meta http-equiv="Content-Type" content="text/html;charset=utf-8" />
  <meta name='ocr-system' content='tesseract 3.04.00' />
  <meta name='ocr-capabilities' content='ocr_page ocr_carea ocr_par ocr_line ocrx_word'/>
</head>
<body>
  <div class='ocr_page' id='page_1' title='image "./operaomniaiussui10thom/operaomniaiussui10thom_0177.png"; bbox 0 0 2768 4198; ppageno 0'>
   <div class='ocr_carea' id='block_1_1' title="bbox 74 470 144 492">
    <p class='ocr_par' dir='ltr' id='par_1_1' title="bbox 74 470 144 492">
     <span class='ocr_line' id='line_1_1' title="bbox 74 470 144 492; baseline -0.014 0"><span class='ocrx_word' id='word_1_1' title='bbox 74 470 144 492; x_wconf 57' lang='lat' dir='ltr'>moe.</span> 
     </span>
    </p>
   </div>
   <div class='ocr_carea' id='block_1_2' title="bbox 158 470 284 497">
    <p class='ocr_par' dir='ltr' id='par_1_2' title="bbox 158 470 284 497">
     <span class='ocr_line' id='line_1_2' title="bbox 158 470 284 497; baseline 0 -6"><span class='ocrx_word' id='word_1_2' title='bbox 158 470 227 491; x_wconf 63' lang='lat' dir='ltr'>tinia</span> <span class='ocrx_word' id='word_1_3' title='bbox 237 475 284 497; x_wconf 66' lang='lat' dir='ltr'>arg.</span> 
     </span>
    </p>
   </div>
   <div class='ocr_carea' id='block_1_3' title="bbox 75 523 245 549">
    <p class='ocr_par' dir='ltr' id='par_1_3' title="bbox 75 523 245 549">
     <span class='ocr_line' id='line_1_3' title="bbox 75 523 245 549; baseline -0.006 -4"><span class='ocrx_word' id='word_1_4' title='bbox 75 525 83 534; x_wconf 91' lang='lat'>·</span> <span class='ocrx_word' id='word_1_5' title='bbox 100 523 168 548; x_wconf 64' lang='lat' dir='ltr'>ibid,</span> <span class='ocrx_word' id='word_1_6' title='bbox 184 529 207 545; x_wconf 86' lang='lat' dir='ltr'>n.</span> <span class='ocrx_word' id='word_1_7' title='bbox 222 530 245 549; x_wconf 77' lang='lat'>4.</span> 
     </span>
    </p>
   </div>
   <div class='ocr_carea' id='block_1_4' title="bbox 173 621 189 651">
    <p class='ocr_par' dir='ltr' id='par_1_4' title="bbox 173 621 189 651">
     <span class='ocr_line' id='line_1_4' title="bbox 173 621 189 651; baseline 0 0"><span class='ocrx_word' id='word_1_8' title='bbox 173 621 189 651; x_wconf 68' lang='lat' dir='ltr'>t</span> 
     </span>
    </p>
   </div>
   <div class='ocr_carea' id='block_1_5' title="bbox 982 273 1846 322">
    <p class='ocr_par' dir='ltr' id='par_1_5' title="bbox 982 273 1846 322">
     <span class='ocr_line' id='line_1_5' title="bbox 982 273 1846 322; baseline -0.005 -10"><span class='ocrx_word' id='word_1_9' title='bbox 982 274 1250 322; x_wconf 85' lang='lat' dir='ltr'>QUAESTIO</span> <span class='ocrx_word' id='word_1_10' title='bbox 1281 274 1437 320; x_wconf 83' lang='lat' dir='ltr'>CXLH,</span> <span class='ocrx_word' id='word_1_11' title='bbox 1468 273 1766 311; x_wconf 83' lang='lat' dir='ltr'>ARTICULUS</span> <span class='ocrx_word' id='word_1_12' title='bbox 1797 273 1846 309; x_wconf 92' lang='lat' dir='ltr'>III</span> 
     </span>
    </p>
   </div>
   <div class='ocr_carea' id='block_1_6' title="bbox 313 353 1414 724">
    <p class='ocr_par' dir='ltr' id='par_1_6' title="bbox 313 353 1414 724">
     <span class='ocr_line' id='line_1_6' title="bbox 315 353 1414 405; baseline -0.005 -11"><span class='ocrx_word' id='word_1_13' title='bbox 315 358 407 395; x_wconf 91' lang='lat' dir='ltr'>dum</span> <span class='ocrx_word' id='word_1_14' title='bbox 438 355 654 405; x_wconf 84' lang='lat' dir='ltr'>quantitatis</span> <span class='ocrx_word' id='word_1_15' title='bbox 684 367 902 400; x_wconf 87' lang='lat' dir='ltr'>excessum;</span> <span class='ocrx_word' id='word_1_16' title='bbox 933 362 970 391; x_wconf 88' lang='lat' dir='ltr'>et</span> <span class='ocrx_word' id='word_1_17' title='bbox 988 354 1202 391; x_wconf 89' lang='lat' dir='ltr'>secundum</span> <span class='ocrx_word' id='word_1_18' title='bbox 1231 355 1306 390; x_wconf 93' lang='lat' dir='ltr'>hoc</span> <span class='ocrx_word' id='word_1_19' title='bbox 1326 366 1386 390; x_wconf 91' lang='lat' dir='ltr'>so·</span> <span class='ocrx_word' id='word_1_20' title='bbox 1413 353 1414 356; x_wconf 71' lang='grc'>’</span> 
     </span>
     <span class='ocr_line' id='line_1_7' title="bbox 314 407 1385 459; baseline -0.005 -11"><span class='ocrx_word' id='word_1_21' title='bbox 314 412 393 448; x_wconf 91' lang='lat' dir='ltr'>lum</span> <span class='ocrx_word' id='word_1_22' title='bbox 421 417 601 459; x_wconf 89' lang='lat' dir='ltr'>peccatur</span> <span class='ocrx_word' id='word_1_23' title='bbox 635 408 734 445; x_wconf 90' lang='lat' dir='ltr'>circa</span> <span class='ocrx_word' id='word_1_24' title='bbox 763 409 974 445; x_wconf 83' lang='lat' dir='ltr'>naturalem</span> <span class='ocrx_word' id='word_1_25' title='bbox 1013 407 1385 456; x_wconf 86' lang='lat' dir='ltr'>concupiscentiam,</span> 
     </span>
     <span class='ocr_line' id='line_1_8' title="bbox 313 460 1385 512; baseline -0.005 -11"><span class='ocrx_word' id='word_1_26' title='bbox 313 471 356 501; x_wconf 90' lang='lat' dir='ltr'>ut</span> <span class='ocrx_word' id='word_1_27' title='bbox 382 463 641 512; x_wconf 87' lang='lat' dir='ltr'>Philosophus</span> <span class='ocrx_word' id='word_1_28' title='bbox 678 461 786 506; x_wconf 91' lang='lat' dir='ltr'>dicit,</span> <span class='ocrx_word' id='word_1_29' title='bbox 816 461 854 498; x_wconf 92' lang='lat' dir='ltr'>in</span> <span class='ocrx_word' id='word_1_30' title='bbox 884 462 933 497; x_wconf 91' lang='lat' dir='ltr'>Ill</span> <span class='ocrx_word' id='word_1_31' title='bbox 963 462 1084 498; x_wconf 84' lang='lat' dir='ltr'>Ethic.</span> <span class='ocrx_word' id='word_1_32' title='bbox 1104 460 1124 482; x_wconf 73' lang='lat'>&#39;¹‘</span> <span class='ocrx_word' id='word_1_33' title='bbox 1152 460 1238 497; x_wconf 91' lang='lat' dir='ltr'>Alia</span> <span class='ocrx_word' id='word_1_34' title='bbox 1271 473 1385 507; x_wconf 84' lang='lat' dir='ltr'>vero,</span> 
     </span>
     <span class='ocr_line' id='line_1_9' title="bbox 314 514 1386 566; baseline -0.004 -12"><span class='ocrx_word' id='word_1_35' title='bbox 314 517 413 554; x_wconf 87' lang='lat' dir='ltr'>circa</span> <span class='ocrx_word' id='word_1_36' title='bbox 440 529 540 566; x_wconf 91' lang='lat' dir='ltr'>quae</span> <span class='ocrx_word' id='word_1_37' title='bbox 568 515 776 565; x_wconf 89' lang='lat' dir='ltr'>plurimum</span> <span class='ocrx_word' id='word_1_38' title='bbox 805 522 985 564; x_wconf 89' lang='lat' dir='ltr'>peccatur</span> <span class='ocrx_word' id='word_1_39' title='bbox 1003 514 1043 560; x_wconf 66' lang='lat'>²⁸,</span> <span class='ocrx_word' id='word_1_40' title='bbox 1073 523 1160 551; x_wconf 90' lang='lat' dir='ltr'>sunt</span> <span class='ocrx_word' id='word_1_41' title='bbox 1193 514 1386 562; x_wconf 85' lang='lat' dir='ltr'>quaedam</span> 
     </span>
     <span class='ocr_line' id='line_1_10' title="bbox 315 562 1414 619; baseline -0.003 -12"><span class='ocrx_word' id='word_1_42' title='bbox 315 570 646 619; x_wconf 84' lang='lat' dir='ltr'>concupiscentiae</span> <span class='ocrx_word' id='word_1_43' title='bbox 677 568 932 614; x_wconf 90' lang='lat' dir='ltr'>incitamenta,</span> <span class='ocrx_word' id='word_1_44' title='bbox 963 580 1062 616; x_wconf 84' lang='lat' dir='ltr'>quae</span> <span class='ocrx_word' id='word_1_45' title='bbox 1093 568 1294 605; x_wconf 89' lang='lat' dir='ltr'>hominum</span> <span class='ocrx_word' id='word_1_46' title='bbox 1323 580 1386 604; x_wconf 90' lang='lat' dir='ltr'>cu·</span> <span class='ocrx_word' id='word_1_47' title='bbox 1413 562 1414 567; x_wconf 41' lang='lat'>¹</span> 
     </span>
     <span class='ocr_line' id='line_1_11' title="bbox 314 621 1385 670; baseline -0.004 -9"><span class='ocrx_word' id='word_1_48' title='bbox 314 623 461 661; x_wconf 89' lang='lat' dir='ltr'>riositas</span> <span class='ocrx_word' id='word_1_49' title='bbox 485 622 702 660; x_wconf 84' lang='lat' dir='ltr'>adinvenit:</span> <span class='ocrx_word' id='word_1_50' title='bbox 737 622 832 659; x_wconf 90' lang='lat' dir='ltr'>sicut</span> <span class='ocrx_word' id='word_1_51' title='bbox 853 621 925 659; x_wconf 92' lang='lat' dir='ltr'>cibi</span> <span class='ocrx_word' id='word_1_52' title='bbox 946 621 958 646; x_wconf 62' lang='grc' dir='ltr'>ζ</span> <span class='ocrx_word' id='word_1_53' title='bbox 987 621 1134 658; x_wconf 89' lang='lat' dir='ltr'>curiose</span> <span class='ocrx_word' id='word_1_54' title='bbox 1160 622 1385 670; x_wconf 89' lang='lat' dir='ltr'>praeparati,</span> 
     </span>
     <span class='ocr_line' id='line_1_12' title="bbox 314 675 1414 724; baseline -0.004 -10"><span class='ocrx_word' id='word_1_55' title='bbox 314 685 350 714; x_wconf 89' lang='lat' dir='ltr'>et</span> <span class='ocrx_word' id='word_1_56' title='bbox 370 677 549 714; x_wconf 90' lang='lat' dir='ltr'>mulieres</span> <span class='ocrx_word' id='word_1_57' title='bbox 569 684 738 713; x_wconf 87' lang='lat' dir='ltr'>ornatae.</span> <span class='ocrx_word' id='word_1_58' title='bbox 765 676 814 713; x_wconf 93' lang='lat' dir='ltr'>Et</span> <span class='ocrx_word' id='word_1_59' title='bbox 833 676 1012 724; x_wconf 89' lang='lat' dir='ltr'>quamvis</span> <span class='ocrx_word' id='word_1_60' title='bbox 1031 675 1100 711; x_wconf 89' lang='lat' dir='ltr'>ista</span> <span class='ocrx_word' id='word_1_61' title='bbox 1121 687 1198 711; x_wconf 91' lang='lat' dir='ltr'>non</span> <span class='ocrx_word' id='word_1_62' title='bbox 1221 675 1385 711; x_wconf 91' lang='lat' dir='ltr'>multum</span> <span class='ocrx_word' id='word_1_63' title='bbox 1413 677 1414 682; x_wconf 76' lang='grc'>’</span> 
     </span>
    </p>
   </div>
   <div class='ocr_carea' id='block_1_7' title="bbox 2442 270 2509 306">
    <p class='ocr_par' dir='ltr' id='par_1_7' title="bbox 2442 270 2509 306">
     <span class='ocr_line' id='line_1_13' title="bbox 2442 270 2509 306; baseline 0.015 -1"><span class='ocrx_word' id='word_1_64' title='bbox 2442 270 2509 306; x_wconf 84' lang='lat'>135</span> 
     </span>
    </p>
   </div>
   <div class='ocr_carea' id='block_1_8' title="bbox 1441 349 2515 719">
    <p class='ocr_par' dir='ltr' id='par_1_8' title="bbox 1443 349 2513 456">
     <span class='ocr_line' id='line_1_14' title="bbox 1443 349 2513 402; baseline -0.004 -12"><span class='ocrx_word' id='word_1_65' title='bbox 1443 353 1635 401; x_wconf 85' lang='lat' dir='ltr'>requirant</span> <span class='ocrx_word' id='word_1_66' title='bbox 1662 352 1782 402; x_wconf 90' lang='lat' dir='ltr'>pueri,</span> <span class='ocrx_word' id='word_1_67' title='bbox 1805 351 2049 389; x_wconf 88' lang='lat' dir='ltr'>nihilominus</span> <span class='ocrx_word' id='word_1_68' title='bbox 2069 358 2196 387; x_wconf 89' lang='lat' dir='ltr'>tamen</span> <span class='ocrx_word' id='word_1_69' title='bbox 2224 349 2513 399; x_wconf 88' lang='lat' dir='ltr'>intemperantia</span> 
     </span>
     <span class='ocr_line' id='line_1_15' title="bbox 1443 403 2444 456; baseline -0.004 -13"><span class='ocrx_word' id='word_1_70' title='bbox 1443 407 1578 443; x_wconf 88' lang='lat' dir='ltr'>dicitur</span> <span class='ocrx_word' id='word_1_71' title='bbox 1605 406 1750 456; x_wconf 89' lang='lat' dir='ltr'>puerile</span> <span class='ocrx_word' id='word_1_72' title='bbox 1778 413 1980 455; x_wconf 89' lang='lat' dir='ltr'>peccatum</span> <span class='ocrx_word' id='word_1_73' title='bbox 2011 404 2156 441; x_wconf 90' lang='lat' dir='ltr'>ratione</span> <span class='ocrx_word' id='word_1_74' title='bbox 2186 403 2262 440; x_wconf 90' lang='lat' dir='ltr'>iam</span> <span class='ocrx_word' id='word_1_75' title='bbox 2286 403 2307 425; x_wconf 79' lang='grc'><strong>*</strong></span> <span class='ocrx_word' id='word_1_76' title='bbox 2335 403 2444 440; x_wconf 88' lang='lat' dir='ltr'>dicta.</span> 
     </span>
    </p>

    <p class='ocr_par' dir='ltr' id='par_1_9' title="bbox 1441 456 2515 719">
     <span class='ocr_line' id='line_1_16' title="bbox 1496 456 2513 506; baseline -0.005 -9"><span class='ocrx_word' id='word_1_77' title='bbox 1496 463 1554 497; x_wconf 84' lang='lat' dir='ltr'>AD</span> <span class='ocrx_word' id='word_1_78' title='bbox 1582 471 1743 497; x_wconf 64' lang='grc' dir='ltr'>τεκτιυΜ</span> <span class='ocrx_word' id='word_1_79' title='bbox 1771 470 1958 496; x_wconf 78' lang='lat' dir='ltr'>DICENDUM</span> <span class='ocrx_word' id='word_1_80' title='bbox 1986 458 2092 506; x_wconf 91' lang='lat' dir='ltr'>quod</span> <span class='ocrx_word' id='word_1_81' title='bbox 2126 457 2164 494; x_wconf 92' lang='lat' dir='ltr'>id</span> <span class='ocrx_word' id='word_1_82' title='bbox 2193 456 2300 505; x_wconf 91' lang='lat' dir='ltr'>quod</span> <span class='ocrx_word' id='word_1_83' title='bbox 2328 456 2377 493; x_wconf 88' lang='lat' dir='ltr'>ad</span> <span class='ocrx_word' id='word_1_84' title='bbox 2406 464 2513 493; x_wconf 90' lang='lat' dir='ltr'>natu-</span> 
     </span>
     <span class='ocr_line' id='line_1_17' title="bbox 1442 509 2513 562; baseline -0.005 -12"><span class='ocrx_word' id='word_1_85' title='bbox 1442 525 1523 550; x_wconf 89' lang='lat' dir='ltr'>ram</span> <span class='ocrx_word' id='word_1_86' title='bbox 1554 514 1715 562; x_wconf 88' lang='lat' dir='ltr'>pertinet</span> <span class='ocrx_word' id='word_1_87' title='bbox 1743 513 1779 549; x_wconf 93' lang='lat' dir='ltr'>in</span> <span class='ocrx_word' id='word_1_88' title='bbox 1809 512 1936 561; x_wconf 91' lang='lat' dir='ltr'>pueris</span> <span class='ocrx_word' id='word_1_89' title='bbox 1966 519 2021 549; x_wconf 92' lang='lat' dir='ltr'>est</span> <span class='ocrx_word' id='word_1_90' title='bbox 2043 510 2371 559; x_wconf 88' lang='lat' dir='ltr'>augmentandum</span> <span class='ocrx_word' id='word_1_91' title='bbox 2402 517 2439 546; x_wconf 92' lang='lat' dir='ltr'>et</span> <span class='ocrx_word' id='word_1_92' title='bbox 2458 509 2513 545; x_wconf 88' lang='lat' dir='ltr'>fo-</span> 
     </span>
     <span class='ocr_line' id='line_1_18' title="bbox 1441 564 2515 614; baseline -0.005 -11"><span class='ocrx_word' id='word_1_93' title='bbox 1441 567 1626 604; x_wconf 88' lang='lat' dir='ltr'>vendum.</span> <span class='ocrx_word' id='word_1_94' title='bbox 1658 566 1775 614; x_wconf 90' lang='lat' dir='ltr'>Quod</span> <span class='ocrx_word' id='word_1_95' title='bbox 1805 574 1932 603; x_wconf 89' lang='lat' dir='ltr'>autem</span> <span class='ocrx_word' id='word_1_96' title='bbox 1962 565 2124 614; x_wconf 89' lang='lat' dir='ltr'>pertinet</span> <span class='ocrx_word' id='word_1_97' title='bbox 2152 565 2199 602; x_wconf 92' lang='lat' dir='ltr'>ad</span> <span class='ocrx_word' id='word_1_98' title='bbox 2237 564 2426 601; x_wconf 87' lang='lat' dir='ltr'>defectum</span> <span class='ocrx_word' id='word_1_99' title='bbox 2457 574 2515 599; x_wconf 89' lang='lat' dir='ltr'>ra-</span> 
     </span>
     <span class='ocr_line' id='line_1_19' title="bbox 1441 617 2513 666; baseline -0.005 -9"><span class='ocrx_word' id='word_1_100' title='bbox 1441 620 1552 657; x_wconf 90' lang='lat' dir='ltr'>tionis</span> <span class='ocrx_word' id='word_1_101' title='bbox 1581 620 1617 656; x_wconf 91' lang='lat' dir='ltr'>in</span> <span class='ocrx_word' id='word_1_102' title='bbox 1655 620 1707 656; x_wconf 89' lang='lat' dir='ltr'>eis</span> <span class='ocrx_word' id='word_1_103' title='bbox 1740 632 1819 656; x_wconf 92' lang='lat' dir='ltr'>non</span> <span class='ocrx_word' id='word_1_104' title='bbox 1849 627 1904 655; x_wconf 91' lang='lat' dir='ltr'>est</span> <span class='ocrx_word' id='word_1_105' title='bbox 1939 619 2172 666; x_wconf 89' lang='lat' dir='ltr'>fovendum,</span> <span class='ocrx_word' id='word_1_106' title='bbox 2203 617 2269 655; x_wconf 90' lang='lat' dir='ltr'>sed</span> <span class='ocrx_word' id='word_1_107' title='bbox 2306 617 2513 654; x_wconf 89' lang='lat' dir='ltr'>emendan-</span> 
     </span>
     <span class='ocr_line' id='line_1_20' title="bbox 1443 672 1919 719; baseline -0.002 -9"><span class='ocrx_word' id='word_1_108' title='bbox 1443 674 1549 719; x_wconf 90' lang='lat' dir='ltr'>dum,</span> <span class='ocrx_word' id='word_1_109' title='bbox 1572 682 1611 710; x_wconf 92' lang='lat' dir='ltr'>ut</span> <span class='ocrx_word' id='word_1_110' title='bbox 1640 673 1783 710; x_wconf 90' lang='lat' dir='ltr'>dictum</span> <span class='ocrx_word' id='word_1_111' title='bbox 1813 680 1869 709; x_wconf 91' lang='lat' dir='ltr'>est</span> <span class='ocrx_word' id='word_1_112' title='bbox 1888 672 1919 709; x_wconf 69' lang='lat'>²⁸.</span> 
     </span>
    </p>
   </div>
   <div class='ocr_carea' id='block_1_9' title="bbox 365 788 1567 825">
    <p class='ocr_par' dir='ltr' id='par_1_10' title="bbox 365 788 1567 825">
     <span class='ocr_line' id='line_1_21' title="bbox 365 788 1567 825; baseline -0.004 -7"><span class='ocrx_word' id='word_1_113' title='bbox 365 793 390 825; x_wconf 86' lang='grc' dir='ltr'>ζ)</span> <span class='ocrx_word' id='word_1_114' title='bbox 410 793 471 818; x_wconf 83' lang='lat' dir='ltr'>cibi.</span> <span class='ocrx_word' id='word_1_115' title='bbox 482 805 502 811; x_wconf 92' lang='lat'>-</span> <span class='ocrx_word' id='word_1_116' title='bbox 520 792 583 817; x_wconf 88' lang='lat' dir='ltr'>Om.</span> <span class='ocrx_word' id='word_1_117' title='bbox 602 792 695 824; x_wconf 78' lang='grc' dir='ltr'>ΒΡΡΑ,</span> <span class='ocrx_word' id='word_1_118' title='bbox 710 797 768 816; x_wconf 81' lang='lat' dir='ltr'>ante</span> <span class='ocrx_word' id='word_1_119' title='bbox 784 791 947 823; x_wconf 82' lang='lat' dir='ltr'>praeparati</span> <span class='ocrx_word' id='word_1_120' title='bbox 965 796 1065 823; x_wconf 88' lang='lat' dir='ltr'>ponunt</span> <span class='ocrx_word' id='word_1_121' title='bbox 1079 790 1228 821; x_wconf 78' lang='lat' dir='ltr'>CDEHKL,</span> <span class='ocrx_word' id='word_1_122' title='bbox 1243 795 1303 822; x_wconf 87' lang='lat' dir='ltr'>post</span> <span class='ocrx_word' id='word_1_123' title='bbox 1311 790 1476 822; x_wconf 80' lang='lat' dir='ltr'>praeparati</span> <span class='ocrx_word' id='word_1_124' title='bbox 1494 788 1567 814; x_wconf 79' lang='lat' dir='ltr'>PGa.</span> 
     </span>
    </p>
   </div>
   <div class='ocr_carea' id='block_1_10' title="bbox 1002 869 1842 903">
    <p class='ocr_par' dir='ltr' id='par_1_11' title="bbox 1002 869 1842 903">
     <span class='ocr_line' id='line_1_22' title="bbox 1002 869 1842 903; baseline -0.004 0"><span class='ocrx_word' id='word_1_125' title='bbox 1002 871 1340 903; x_wconf 78' lang='lat' dir='ltr'>Commentaria</span> <span class='ocrx_word' id='word_1_126' title='bbox 1362 869 1618 902; x_wconf 77' lang='lat' dir='ltr'>cardinalis</span> <span class='ocrx_word' id='word_1_127' title='bbox 1640 869 1842 901; x_wconf 78' lang='lat' dir='ltr'>Caietani</span> 
     </span>
    </p>
   </div>
   <div class='ocr_carea' id='block_1_11' title="bbox 314 949 1417 1126">
    <p class='ocr_par' dir='ltr' id='par_1_12' title="bbox 314 949 1417 1126">
     <span class='ocr_line' id='line_1_23' title="bbox 344 949 1386 992; baseline -0.003 -10"><span class='ocrx_word' id='word_1_128' title='bbox 344 961 364 982; x_wconf 75' lang='grc' dir='ltr'>Ν</span> <span class='ocrx_word' id='word_1_129' title='bbox 394 958 462 982; x_wconf 85' lang='lat' dir='ltr'>tota</span> <span class='ocrx_word' id='word_1_130' title='bbox 492 951 678 992; x_wconf 85' lang='lat' dir='ltr'>quaestione</span> <span class='ocrx_word' id='word_1_131' title='bbox 715 949 1269 991; x_wconf 85' lang='lat' dir='ltr'>centesimaquadragesimasecunda</span> <span class='ocrx_word' id='word_1_132' title='bbox 1302 956 1386 985; x_wconf 89' lang='lat' dir='ltr'>sunt,</span> 
     </span>
     <span class='ocr_line' id='line_1_24' title="bbox 318 964 1415 1036; baseline -0.003 -11"><span class='ocrx_word' id='word_1_133' title='bbox 318 964 410 1027; x_wconf 82' lang='lat' dir='ltr'>Inon</span> <span class='ocrx_word' id='word_1_134' title='bbox 436 996 621 1032; x_wconf 85' lang='lat' dir='ltr'>dubitanda,</span> <span class='ocrx_word' id='word_1_135' title='bbox 639 996 693 1026; x_wconf 87' lang='lat' dir='ltr'>sed</span> <span class='ocrx_word' id='word_1_136' title='bbox 710 996 852 1026; x_wconf 85' lang='lat' dir='ltr'>notanda</span> <span class='ocrx_word' id='word_1_137' title='bbox 875 995 1045 1036; x_wconf 80' lang='lat' dir='ltr'>quaedam.</span> <span class='ocrx_word' id='word_1_138' title='bbox 1072 994 1107 1024; x_wconf 91' lang='lat' dir='ltr'>In</span> <span class='ocrx_word' id='word_1_139' title='bbox 1124 994 1266 1024; x_wconf 88' lang='lat' dir='ltr'>secundo</span> <span class='ocrx_word' id='word_1_140' title='bbox 1291 993 1388 1034; x_wconf 87' lang='lat' dir='ltr'>siqui-</span> <span class='ocrx_word' id='word_1_141' title='bbox 1414 990 1415 1028; x_wconf 60' lang='lat' dir='ltr'><strong>J</strong></span> 
     </span>
     <span class='ocr_line' id='line_1_25' title="bbox 314 1035 1416 1081; baseline -0.005 -9"><span class='ocrx_word' id='word_1_142' title='bbox 314 1041 387 1072; x_wconf 87' lang='lat' dir='ltr'>dem</span> <span class='ocrx_word' id='word_1_143' title='bbox 419 1041 571 1077; x_wconf 86' lang='lat' dir='ltr'>articulo,</span> <span class='ocrx_word' id='word_1_144' title='bbox 596 1041 628 1071; x_wconf 92' lang='lat' dir='ltr'>in</span> <span class='ocrx_word' id='word_1_145' title='bbox 661 1041 870 1081; x_wconf 89' lang='lat' dir='ltr'>responsione</span> <span class='ocrx_word' id='word_1_146' title='bbox 899 1039 940 1069; x_wconf 89' lang='lat' dir='ltr'>ad</span> <span class='ocrx_word' id='word_1_147' title='bbox 969 1039 1163 1074; x_wconf 88' lang='lat' dir='ltr'>secundum,</span> <span class='ocrx_word' id='word_1_148' title='bbox 1189 1038 1269 1069; x_wconf 90' lang='lat' dir='ltr'>scito</span> <span class='ocrx_word' id='word_1_149' title='bbox 1298 1037 1388 1078; x_wconf 90' lang='lat' dir='ltr'>quod</span> <span class='ocrx_word' id='word_1_150' title='bbox 1414 1035 1416 1056; x_wconf 72' lang='lat'>&#39;³</span> 
     </span>
     <span class='ocr_line' id='line_1_26' title="bbox 314 1082 1417 1126; baseline -0.005 -10"><span class='ocrx_word' id='word_1_151' title='bbox 314 1085 482 1126; x_wconf 88' lang='lat' dir='ltr'>responsio</span> <span class='ocrx_word' id='word_1_152' title='bbox 506 1085 650 1116; x_wconf 87' lang='lat' dir='ltr'>consistit</span> <span class='ocrx_word' id='word_1_153' title='bbox 673 1085 705 1115; x_wconf 91' lang='lat' dir='ltr'>in</span> <span class='ocrx_word' id='word_1_154' title='bbox 729 1085 805 1115; x_wconf 90' lang='lat' dir='ltr'>hoc:</span> <span class='ocrx_word' id='word_1_155' title='bbox 835 1101 849 1107; x_wconf 90' lang='lat'><em>—</em></span> <span class='ocrx_word' id='word_1_156' title='bbox 874 1083 1144 1124; x_wconf 84' lang='lat' dir='ltr'>Concupiscentia</span> <span class='ocrx_word' id='word_1_157' title='bbox 1168 1082 1319 1112; x_wconf 87' lang='lat' dir='ltr'>naturalis</span> <span class='ocrx_word' id='word_1_158' title='bbox 1343 1088 1390 1112; x_wconf 87' lang='lat' dir='ltr'>est</span> <span class='ocrx_word' id='word_1_159' title='bbox 1416 1097 1417 1122; x_wconf 67' lang='lat'><em>3</em></span> 
     </span>
    </p>
   </div>
   <div class='ocr_carea' id='block_1_12' title="bbox 313 1127 1418 1172">
    <p class='ocr_par' dir='ltr' id='par_1_13' title="bbox 313 1127 1418 1172">
     <span class='ocr_line' id='line_1_27' title="bbox 313 1127 1418 1172; baseline -0.003 -11"><span class='ocrx_word' id='word_1_160' title='bbox 313 1130 498 1172; x_wconf 85' lang='lat' dir='ltr'>dupliciter:</span> <span class='ocrx_word' id='word_1_161' title='bbox 523 1130 645 1171; x_wconf 89' lang='lat' dir='ltr'>primo,</span> <span class='ocrx_word' id='word_1_162' title='bbox 670 1129 746 1171; x_wconf 89' lang='lat' dir='ltr'>quia</span> <span class='ocrx_word' id='word_1_163' title='bbox 769 1136 816 1160; x_wconf 90' lang='lat' dir='ltr'>est</span> <span class='ocrx_word' id='word_1_164' title='bbox 839 1128 882 1159; x_wconf 89' lang='lat' dir='ltr'>rei</span> <span class='ocrx_word' id='word_1_165' title='bbox 908 1127 1070 1158; x_wconf 81' lang='lat' dir='ltr'>ordinatae</span> <span class='ocrx_word' id='word_1_166' title='bbox 1095 1127 1135 1157; x_wconf 87' lang='lat' dir='ltr'>ad</span> <span class='ocrx_word' id='word_1_167' title='bbox 1159 1134 1290 1157; x_wconf 84' lang='lat' dir='ltr'>naturae</span> <span class='ocrx_word' id='word_1_168' title='bbox 1315 1136 1390 1156; x_wconf 87' lang='lat' dir='ltr'>con·</span> <span class='ocrx_word' id='word_1_169' title='bbox 1416 1139 1418 1158; x_wconf 47' lang='grc' dir='ltr'><em>θ</em></span> 
     </span>
    </p>
   </div>
   <div class='ocr_carea' id='block_1_13' title="bbox 1442 946 2518 1164">
    <p class='ocr_par' dir='ltr' id='par_1_14' title="bbox 1442 946 2518 1164">
     <span class='ocr_line' id='line_1_28' title="bbox 1442 946 2517 987; baseline -0.001 -9"><span class='ocrx_word' id='word_1_170' title='bbox 1442 947 1672 983; x_wconf 87' lang='lat' dir='ltr'>servationem;</span> <span class='ocrx_word' id='word_1_171' title='bbox 1697 947 1850 982; x_wconf 90' lang='lat' dir='ltr'>secundo,</span> <span class='ocrx_word' id='word_1_172' title='bbox 1876 946 1951 987; x_wconf 89' lang='lat' dir='ltr'>quia</span> <span class='ocrx_word' id='word_1_173' title='bbox 1975 954 2022 976; x_wconf 87' lang='lat' dir='ltr'>est</span> <span class='ocrx_word' id='word_1_174' title='bbox 2045 946 2088 976; x_wconf 92' lang='lat' dir='ltr'>rei</span> <span class='ocrx_word' id='word_1_175' title='bbox 2113 946 2280 987; x_wconf 85' lang='lat' dir='ltr'>requisitae</span> <span class='ocrx_word' id='word_1_176' title='bbox 2304 946 2321 976; x_wconf 71' lang='lat' dir='ltr'>a</span> <span class='ocrx_word' id='word_1_177' title='bbox 2346 953 2458 977; x_wconf 88' lang='lat' dir='ltr'>natura</span> <span class='ocrx_word' id='word_1_178' title='bbox 2477 947 2517 977; x_wconf 83' lang='lat' dir='ltr'>ad</span> 
     </span>
     <span class='ocr_line' id='line_1_29' title="bbox 1443 991 2517 1031; baseline -0.001 -9"><span class='ocrx_word' id='word_1_179' title='bbox 1443 993 1492 1023; x_wconf 88' lang='lat' dir='ltr'>sui</span> <span class='ocrx_word' id='word_1_180' title='bbox 1508 991 1794 1022; x_wconf 84' lang='lat' dir='ltr'>conservationem.</span> <span class='ocrx_word' id='word_1_181' title='bbox 1818 991 1884 1021; x_wconf 91' lang='lat' dir='ltr'>Sub</span> <span class='ocrx_word' id='word_1_182' title='bbox 1901 991 2006 1031; x_wconf 89' lang='lat' dir='ltr'>primo</span> <span class='ocrx_word' id='word_1_183' title='bbox 2024 992 2169 1021; x_wconf 90' lang='lat' dir='ltr'>membro</span> <span class='ocrx_word' id='word_1_184' title='bbox 2190 991 2394 1022; x_wconf 88' lang='lat' dir='ltr'>continentur</span> <span class='ocrx_word' id='word_1_185' title='bbox 2408 991 2517 1021; x_wconf 89' lang='lat' dir='ltr'>omnia</span> 
     </span>
     <span class='ocr_line' id='line_1_30' title="bbox 1444 1035 2516 1067; baseline -0.001 0"><span class='ocrx_word' id='word_1_186' title='bbox 1444 1036 1639 1067; x_wconf 84' lang='lat' dir='ltr'>delectabilia</span> <span class='ocrx_word' id='word_1_187' title='bbox 1667 1036 1706 1065; x_wconf 89' lang='lat' dir='ltr'>ad</span> <span class='ocrx_word' id='word_1_188' title='bbox 1738 1035 1927 1065; x_wconf 85' lang='lat' dir='ltr'>alimentum</span> <span class='ocrx_word' id='word_1_189' title='bbox 1955 1042 1984 1066; x_wconf 91' lang='lat' dir='ltr'>et</span> <span class='ocrx_word' id='word_1_190' title='bbox 2013 1045 2145 1065; x_wconf 88' lang='lat' dir='ltr'>venerea</span> <span class='ocrx_word' id='word_1_191' title='bbox 2176 1035 2322 1066; x_wconf 87' lang='lat' dir='ltr'>ordinem</span> <span class='ocrx_word' id='word_1_192' title='bbox 2352 1035 2516 1066; x_wconf 83' lang='lat' dir='ltr'>habentia:</span> 
     </span>
     <span class='ocr_line' id='line_1_31' title="bbox 1444 1079 2518 1120; baseline -0.001 -9"><span class='ocrx_word' id='word_1_193' title='bbox 1444 1081 1503 1112; x_wconf 90' lang='lat' dir='ltr'>sub</span> <span class='ocrx_word' id='word_1_194' title='bbox 1520 1080 1673 1115; x_wconf 89' lang='lat' dir='ltr'>secundo,</span> <span class='ocrx_word' id='word_1_195' title='bbox 1691 1090 1727 1110; x_wconf 85' lang='lat' dir='ltr'>ea</span> <span class='ocrx_word' id='word_1_196' title='bbox 1742 1086 1867 1111; x_wconf 87' lang='lat' dir='ltr'>tantum</span> <span class='ocrx_word' id='word_1_197' title='bbox 1891 1089 1973 1120; x_wconf 90' lang='lat' dir='ltr'>quae</span> <span class='ocrx_word' id='word_1_198' title='bbox 1997 1087 2109 1110; x_wconf 81' lang='lat' dir='ltr'>natura</span> <span class='ocrx_word' id='word_1_199' title='bbox 2129 1079 2268 1120; x_wconf 89' lang='lat' dir='ltr'>requirit.</span> <span class='ocrx_word' id='word_1_200' title='bbox 2293 1080 2334 1111; x_wconf 92' lang='lat' dir='ltr'>Et</span> <span class='ocrx_word' id='word_1_201' title='bbox 2351 1087 2518 1120; x_wconf 85' lang='lat' dir='ltr'>propterea</span> 
     </span>
     <span class='ocr_line' id='line_1_32' title="bbox 1445 1123 2099 1164; baseline -0.002 -9"><span class='ocrx_word' id='word_1_202' title='bbox 1445 1125 1478 1155; x_wconf 92' lang='lat' dir='ltr'>in</span> <span class='ocrx_word' id='word_1_203' title='bbox 1503 1124 1644 1155; x_wconf 87' lang='lat' dir='ltr'>secundo</span> <span class='ocrx_word' id='word_1_204' title='bbox 1669 1134 1784 1164; x_wconf 85' lang='lat' dir='ltr'>parum</span> <span class='ocrx_word' id='word_1_205' title='bbox 1809 1123 1963 1164; x_wconf 88' lang='lat' dir='ltr'>contingit</span> <span class='ocrx_word' id='word_1_206' title='bbox 1987 1133 2099 1154; x_wconf 82' lang='lat' dir='ltr'>errare.</span> 
     </span>
    </p>
   </div>
   <div class='ocr_carea' id='block_1_14' title="bbox 734 1306 2108 1436">
    <p class='ocr_par' dir='ltr' id='par_1_15' title="bbox 734 1306 2108 1436">
     <span class='ocr_line' id='line_1_33' title="bbox 1123 1306 1708 1349; baseline -0.003 0"><span class='ocrx_word' id='word_1_207' title='bbox 1123 1306 1445 1349; x_wconf 88' lang='lat' dir='ltr'>ARTICULUS</span> <span class='ocrx_word' id='word_1_208' title='bbox 1475 1306 1708 1348; x_wconf 88' lang='lat' dir='ltr'>TERTIUS</span> 
     </span>
     <span class='ocr_line' id='line_1_34' title="bbox 734 1398 2108 1436; baseline -0.004 -2"><span class='ocrx_word' id='word_1_209' title='bbox 734 1403 890 1435; x_wconf 84' lang='lat' dir='ltr'><strong>UTRUM</strong></span> <span class='ocrx_word' id='word_1_210' title='bbox 914 1401 1140 1433; x_wconf 77' lang='lat' dir='ltr'>T1M101TAs</span> <span class='ocrx_word' id='word_1_211' title='bbox 1164 1400 1232 1431; x_wconf 85' lang='lat' dir='ltr'>SIT</span> <span class='ocrx_word' id='word_1_212' title='bbox 1256 1399 1390 1431; x_wconf 81' lang='lat' dir='ltr'>MAius</span> <span class='ocrx_word' id='word_1_213' title='bbox 1414 1399 1571 1431; x_wconf 84' lang='lat' dir='ltr'>V1T1UM</span> <span class='ocrx_word' id='word_1_214' title='bbox 1596 1399 1723 1436; x_wconf 83' lang='lat' dir='ltr'><strong>QUAM</strong></span> <span class='ocrx_word' id='word_1_215' title='bbox 1749 1398 2108 1429; x_wconf 76' lang='lat' dir='ltr'>INTEMPERANTIA</span> 
     </span>
    </p>
   </div>
   <div class='ocr_carea' id='block_1_15' title="bbox 1265 1479 1576 1508">
    <p class='ocr_par' dir='ltr' id='par_1_16' title="bbox 1265 1479 1576 1508">
     <span class='ocr_line' id='line_1_35' title="bbox 1265 1479 1576 1508; baseline -0.003 -4"><span class='ocrx_word' id='word_1_216' title='bbox 1265 1479 1297 1504; x_wconf 86' lang='lat'>111</span> <span class='ocrx_word' id='word_1_217' title='bbox 1318 1479 1418 1508; x_wconf 73' lang='lat' dir='ltr'>Ethic„</span> <span class='ocrx_word' id='word_1_218' title='bbox 1439 1479 1497 1503; x_wconf 83' lang='lat' dir='ltr'>lect.</span> <span class='ocrx_word' id='word_1_219' title='bbox 1516 1486 1576 1503; x_wconf 85' lang='lat' dir='ltr'>xxu.</span> 
     </span>
    </p>
   </div>
   <div class='ocr_carea' id='block_1_16' title="bbox 317 1566 528 1770">
    <p class='ocr_par' dir='ltr' id='par_1_17' title="bbox 317 1566 528 1770">
     <span class='ocr_line' id='line_1_36' title="bbox 331 1566 519 1651; baseline 0 -71"><span class='ocrx_word' id='word_1_220' title='bbox 331 1566 519 1651; x_wconf 95' lang='lat' dir='ltr'>    </span> 
     </span>
     <span class='ocr_line' id='line_1_37' title="bbox 317 1651 528 1770; baseline 0 -19"><span class='ocrx_word' id='word_1_221' title='bbox 317 1651 374 1770; x_wconf 95' lang='lat' dir='ltr'>   </span> <span class='ocrx_word' id='word_1_222' title='bbox 371 1709 374 1751; x_wconf 95' lang='lat' dir='ltr'> </span> <span class='ocrx_word' id='word_1_223' title='bbox 521 1750 528 1770; x_wconf 95' lang='lat' dir='ltr'>  </span> 
     </span>
    </p>
   </div>
   <div class='ocr_carea' id='block_1_17' title="bbox 363 1593 501 1624">
    <p class='ocr_par' dir='ltr' id='par_1_18' title="bbox 363 1593 501 1624">
     <span class='ocr_line' id='line_1_38' title="bbox 363 1593 501 1624; baseline -0.022 1"><span class='ocrx_word' id='word_1_224' title='bbox 363 1598 408 1619; x_wconf 63' lang='lat'>&#39;³¹⁵&#39;</span> <span class='ocrx_word' id='word_1_225' title='bbox 448 1593 501 1624; x_wconf 55' lang='lat' dir='ltr'>fisi</span> 
     </span>
    </p>
   </div>
   <div class='ocr_carea' id='block_1_18' title="bbox 336 1666 1419 1776">
    <p class='ocr_par' dir='ltr' id='par_1_19' title="bbox 336 1666 1419 1776">
     <span class='ocr_line' id='line_1_39' title="bbox 336 1666 1419 1726; baseline -0.007 -14"><span class='ocrx_word' id='word_1_226' title='bbox 336 1676 371 1726; x_wconf 52' lang='grc' dir='ltr'><strong><em>Α</em></strong></span> <span class='ocrx_word' id='word_1_227' title='bbox 395 1669 455 1725; x_wconf 60' lang='lat' dir='ltr'>v}</span> <span class='ocrx_word' id='word_1_228' title='bbox 479 1676 499 1711; x_wconf 63' lang='lat'>(2</span> <span class='ocrx_word' id='word_1_229' title='bbox 527 1672 712 1722; x_wconf 88' lang='lat' dir='ltr'>perantia.</span> <span class='ocrx_word' id='word_1_230' title='bbox 742 1672 801 1708; x_wconf 90' lang='lat' dir='ltr'>Ex</span> <span class='ocrx_word' id='word_1_231' title='bbox 829 1671 905 1707; x_wconf 93' lang='lat' dir='ltr'>hoc</span> <span class='ocrx_word' id='word_1_232' title='bbox 934 1666 1035 1707; x_wconf 68' lang='lat' dir='ltr'>en‘im</span> <span class='ocrx_word' id='word_1_233' title='bbox 1069 1668 1225 1718; x_wconf 87' lang='lat' dir='ltr'>aliquod</span> <span class='ocrx_word' id='word_1_234' title='bbox 1253 1667 1390 1706; x_wconf 90' lang='lat' dir='ltr'>vitium</span> <span class='ocrx_word' id='word_1_235' title='bbox 1417 1678 1419 1705; x_wconf 63' lang='lat' dir='ltr'>l</span> 
     </span>
     <span class='ocr_line' id='line_1_40' title="bbox 345 1699 1418 1776; baseline -0.007 -11"><span class='ocrx_word' id='word_1_236' title='bbox 345 1722 349 1726; x_wconf 42' lang='lat'>‘</span> <span class='ocrx_word' id='word_1_237' title='bbox 373 1699 463 1757; x_wconf 51' lang='lat'>5⁷³3*</span> <span class='ocrx_word' id='word_1_238' title='bbox 489 1717 766 1776; x_wconf 89' lang='lat' dir='ltr'>vituperatur</span> <span class='ocrx_word' id='word_1_239' title='bbox 798 1724 903 1774; x_wconf 93' lang='lat' dir='ltr'>quod</span> <span class='ocrx_word' id='word_1_240' title='bbox 940 1723 1149 1773; x_wconf 89' lang='lat' dir='ltr'>opponitur</span> <span class='ocrx_word' id='word_1_241' title='bbox 1182 1723 1287 1759; x_wconf 91' lang='lat' dir='ltr'>bono</span> <span class='ocrx_word' id='word_1_242' title='bbox 1316 1721 1391 1758; x_wconf 90' lang='lat' dir='ltr'>vir·</span> <span class='ocrx_word' id='word_1_243' title='bbox 1416 1714 1418 1763; x_wconf 59' lang='lat' dir='ltr'><strong>f</strong></span> 
     </span>
    </p>
   </div>
   <div class='ocr_carea' id='block_1_19' title="bbox 313 1776 1419 1839">
    <p class='ocr_par' dir='ltr' id='par_1_20' title="bbox 313 1776 1419 1839">
     <span class='ocr_line' id='line_1_41' title="bbox 313 1776 1419 1839; baseline -0.008 -19"><span class='ocrx_word' id='word_1_244' title='bbox 313 1782 413 1820; x_wconf 88' lang='lat' dir='ltr'>tutis.</span> <span class='ocrx_word' id='word_1_245' title='bbox 441 1781 519 1819; x_wconf 91' lang='lat' dir='ltr'>Sed</span> <span class='ocrx_word' id='word_1_246' title='bbox 539 1780 719 1818; x_wconf 88' lang='lat' dir='ltr'>timiditas</span> <span class='ocrx_word' id='word_1_247' title='bbox 747 1778 956 1828; x_wconf 89' lang='lat' dir='ltr'>opponitur</span> <span class='ocrx_word' id='word_1_248' title='bbox 974 1776 1194 1823; x_wconf 88' lang='lat' dir='ltr'>fortitudini,</span> <span class='ocrx_word' id='word_1_249' title='bbox 1216 1787 1314 1825; x_wconf 92' lang='lat' dir='ltr'>quae</span> <span class='ocrx_word' id='word_1_250' title='bbox 1335 1783 1391 1811; x_wconf 90' lang='lat' dir='ltr'>est</span> <span class='ocrx_word' id='word_1_251' title='bbox 1416 1811 1419 1839; x_wconf 49' lang='lat'><em>¹</em></span> 
     </span>
    </p>
   </div>
   <div class='ocr_carea' id='block_1_20' title="bbox 272 1828 1418 1882">
    <p class='ocr_par' dir='ltr' id='par_1_21' title="bbox 272 1828 1418 1882">
     <span class='ocr_line' id='line_1_42' title="bbox 272 1828 1418 1882; baseline -0.007 -9"><span class='ocrx_word' id='word_1_252' title='bbox 272 1851 278 1856; x_wconf 81' lang='lat'><strong>·</strong></span> <span class='ocrx_word' id='word_1_253' title='bbox 313 1834 479 1877; x_wconf 82' lang='lat' dir='ltr'>nobilior</span> <span class='ocrx_word' id='word_1_254' title='bbox 506 1834 626 1872; x_wconf 89' lang='lat' dir='ltr'>virtus</span> <span class='ocrx_word' id='word_1_255' title='bbox 654 1845 774 1882; x_wconf 92' lang='lat' dir='ltr'>quam</span> <span class='ocrx_word' id='word_1_256' title='bbox 803 1831 1068 1880; x_wconf 81' lang='lat' dir='ltr'>temperantia,</span> <span class='ocrx_word' id='word_1_257' title='bbox 1094 1830 1154 1867; x_wconf 91' lang='lat' dir='ltr'>cui</span> <span class='ocrx_word' id='word_1_258' title='bbox 1183 1828 1391 1878; x_wconf 90' lang='lat' dir='ltr'>opponitur</span> <span class='ocrx_word' id='word_1_259' title='bbox 1416 1842 1418 1879; x_wconf 48' lang='grc' dir='ltr'><strong>ᾗ</strong></span> 
     </span>
    </p>
   </div>
   <div class='ocr_carea' id='block_1_21' title="bbox 314 1883 1417 2099">
    <p class='ocr_par' dir='ltr' id='par_1_22' title="bbox 314 1883 1388 1938">
     <span class='ocr_line' id='line_1_43' title="bbox 314 1883 1388 1938; baseline -0.008 -11"><span class='ocrx_word' id='word_1_260' title='bbox 314 1888 626 1938; x_wconf 90' lang='lat' dir='ltr'>intemperantia:</span> <span class='ocrx_word' id='word_1_261' title='bbox 655 1895 697 1924; x_wconf 93' lang='lat' dir='ltr'>ut</span> <span class='ocrx_word' id='word_1_262' title='bbox 735 1898 781 1922; x_wconf 86' lang='lat' dir='ltr'>ex</span> <span class='ocrx_word' id='word_1_263' title='bbox 809 1897 923 1934; x_wconf 89' lang='lat' dir='ltr'>supra</span> <span class='ocrx_word' id='word_1_264' title='bbox 946 1884 966 1906; x_wconf 85' lang='lat'><strong>*</strong></span> <span class='ocrx_word' id='word_1_265' title='bbox 995 1884 1103 1922; x_wconf 89' lang='lat' dir='ltr'>dictis</span> <span class='ocrx_word' id='word_1_266' title='bbox 1130 1890 1246 1933; x_wconf 84' lang='lat' dir='ltr'>patet.</span> <span class='ocrx_word' id='word_1_267' title='bbox 1286 1883 1388 1930; x_wconf 86' lang='lat' dir='ltr'>Ergo</span> 
     </span>
    </p>

    <p class='ocr_par' dir='ltr' id='par_1_23' title="bbox 314 1935 1390 2042">
     <span class='ocr_line' id='line_1_44' title="bbox 314 1935 1388 1987; baseline -0.007 -7"><span class='ocrx_word' id='word_1_268' title='bbox 314 1942 495 1981; x_wconf 88' lang='lat' dir='ltr'>timiditas</span> <span class='ocrx_word' id='word_1_269' title='bbox 525 1949 580 1987; x_wconf 88' lang='lat' dir='ltr'>est</span> <span class='ocrx_word' id='word_1_270' title='bbox 612 1940 735 1977; x_wconf 91' lang='lat' dir='ltr'>maius</span> <span class='ocrx_word' id='word_1_271' title='bbox 763 1938 899 1976; x_wconf 89' lang='lat' dir='ltr'>vitium</span> <span class='ocrx_word' id='word_1_272' title='bbox 937 1950 1055 1986; x_wconf 88' lang='lat' dir='ltr'>quarn</span> <span class='ocrx_word' id='word_1_273' title='bbox 1085 1935 1388 1986; x_wconf 89' lang='lat' dir='ltr'>intemperantia.</span> 
     </span>
     <span class='ocr_line' id='line_1_45' title="bbox 371 1989 1390 2042; baseline -0.007 -9"><span class='ocrx_word' id='word_1_274' title='bbox 371 2007 407 2033; x_wconf 87' lang='lat'>2.</span> <span class='ocrx_word' id='word_1_275' title='bbox 433 1996 669 2041; x_wconf 57' lang='lat' dir='ltr'>Puni-nam,</span> <span class='ocrx_word' id='word_1_276' title='bbox 690 2000 834 2042; x_wconf 90' lang='lat' dir='ltr'>quanto</span> <span class='ocrx_word' id='word_1_277' title='bbox 855 1991 990 2041; x_wconf 88' lang='lat' dir='ltr'>aliquis</span> <span class='ocrx_word' id='word_1_278' title='bbox 1010 1991 1139 2028; x_wconf 90' lang='lat' dir='ltr'>deficit</span> <span class='ocrx_word' id='word_1_279' title='bbox 1157 1990 1195 2027; x_wconf 94' lang='lat' dir='ltr'>in</span> <span class='ocrx_word' id='word_1_280' title='bbox 1216 2002 1263 2027; x_wconf 91' lang='lat' dir='ltr'>eo</span> <span class='ocrx_word' id='word_1_281' title='bbox 1284 1989 1390 2038; x_wconf 92' lang='lat' dir='ltr'>quod</span> 
     </span>
    </p>

    <p class='ocr_par' dir='ltr' id='par_1_24' title="bbox 316 2043 1417 2099">
     <span class='ocr_line' id='line_1_46' title="bbox 316 2043 1417 2099; baseline -0.007 -12"><span class='ocrx_word' id='word_1_282' title='bbox 316 2049 506 2087; x_wconf 85' lang='lat' dir='ltr'>difficilius</span> <span class='ocrx_word' id='word_1_283' title='bbox 523 2047 700 2094; x_wconf 91' lang='lat' dir='ltr'>vincitur,</span> <span class='ocrx_word' id='word_1_284' title='bbox 719 2053 825 2084; x_wconf 86' lang='lat' dir='ltr'>tanto</span> <span class='ocrx_word' id='word_1_285' title='bbox 856 2045 984 2083; x_wconf 91' lang='lat' dir='ltr'>minus</span> <span class='ocrx_word' id='word_1_286' title='bbox 1002 2044 1256 2094; x_wconf 87' lang='lat' dir='ltr'>vituperatur:</span> <span class='ocrx_word' id='word_1_287' title='bbox 1285 2043 1390 2080; x_wconf 90' lang='lat' dir='ltr'>unde</span> <span class='ocrx_word' id='word_1_288' title='bbox 1416 2084 1417 2099; x_wconf 16' lang='grc' dir='ltr'><strong>χ</strong></span> 
     </span>
    </p>
   </div>
   <div class='ocr_carea' id='block_1_22' title="bbox 257 2096 1417 2151">
    <p class='ocr_par' dir='ltr' id='par_1_25' title="bbox 257 2096 1417 2151">
     <span class='ocr_line' id='line_1_47' title="bbox 257 2096 1417 2151; baseline -0.008 -10"><span class='ocrx_word' id='word_1_289' title='bbox 257 2111 290 2131; x_wconf 82' lang='grc'>“--</span> <span class='ocrx_word' id='word_1_290' title='bbox 319 2102 577 2151; x_wconf 89' lang='lat' dir='ltr'>Philosophus</span> <span class='ocrx_word' id='word_1_291' title='bbox 606 2101 711 2148; x_wconf 90' lang='lat' dir='ltr'>dicit,</span> <span class='ocrx_word' id='word_1_292' title='bbox 739 2100 776 2136; x_wconf 92' lang='lat' dir='ltr'>in</span> <span class='ocrx_word' id='word_1_293' title='bbox 805 2099 874 2136; x_wconf 92' lang='lat' dir='ltr'>VII</span> <span class='ocrx_word' id='word_1_294' title='bbox 902 2099 1023 2136; x_wconf 86' lang='lat' dir='ltr'>Ethic.</span> <span class='ocrx_word' id='word_1_295' title='bbox 1050 2098 1085 2145; x_wconf 81' lang='lat'>*,</span> <span class='ocrx_word' id='word_1_296' title='bbox 1115 2098 1221 2147; x_wconf 90' lang='lat' dir='ltr'>quod</span> <span class='ocrx_word' id='word_1_297' title='bbox 1248 2097 1283 2134; x_wconf 90' lang='lat' dir='ltr'>si</span> <span class='ocrx_word' id='word_1_298' title='bbox 1308 2096 1390 2145; x_wconf 86' lang='lat' dir='ltr'>quis</span> <span class='ocrx_word' id='word_1_299' title='bbox 1416 2102 1417 2147; x_wconf 69' lang='lat' dir='ltr'>j</span> 
     </span>
    </p>
   </div>
   <div class='ocr_carea' id='block_1_23' title="bbox 282 2151 1417 2206">
    <p class='ocr_par' dir='ltr' id='par_1_26' title="bbox 282 2151 1417 2206">
     <span class='ocr_line' id='line_1_48' title="bbox 282 2151 1417 2206; baseline -0.009 -11"><span class='ocrx_word' id='word_1_300' title='bbox 282 2153 288 2158; x_wconf 56' lang='lat'><em>⁶</em></span> <span class='ocrx_word' id='word_1_301' title='bbox 315 2169 340 2195; x_wconf 89' lang='lat' dir='ltr'>a</span> <span class='ocrx_word' id='word_1_302' title='bbox 348 2157 519 2206; x_wconf 89' lang='lat' dir='ltr'>sortibus</span> <span class='ocrx_word' id='word_1_303' title='bbox 538 2161 575 2192; x_wconf 91' lang='lat' dir='ltr'>et</span> <span class='ocrx_word' id='word_1_304' title='bbox 589 2153 969 2204; x_wconf 81' lang='lat' dir='ltr'>superexcellentibus</span> <span class='ocrx_word' id='word_1_305' title='bbox 987 2151 1290 2189; x_wconf 79' lang='lat' dir='ltr'>delectationibus</span> <span class='ocrx_word' id='word_1_306' title='bbox 1308 2151 1389 2187; x_wconf 70' lang='lat' dir='ltr'>vin·</span> <span class='ocrx_word' id='word_1_307' title='bbox 1415 2165 1417 2184; x_wconf 66' lang='lat' dir='ltr'>J</span> 
     </span>
    </p>
   </div>
   <div class='ocr_carea' id='block_1_24' title="bbox 76 2325 288 2376">
    <p class='ocr_par' dir='ltr' id='par_1_27' title="bbox 76 2325 288 2376">
     <span class='ocr_line' id='line_1_49' title="bbox 76 2325 288 2375; baseline -0.009 -27"><span class='ocrx_word' id='word_1_308' title='bbox 76 2325 150 2375; x_wconf 53' lang='lat' dir='ltr'>’calz-</span> <span class='ocrx_word' id='word_1_309' title='bbox 162 2330 228 2351; x_wconf 86' lang='grc' dir='ltr'>ιιι,ιι.</span> <span class='ocrx_word' id='word_1_310' title='bbox 238 2330 288 2347; x_wconf 85' lang='grc' dir='ltr'><strong>ιο.-</strong></span> 
     </span>
     <span class='ocr_line' id='line_1_50' title="bbox 77 2351 275 2376; baseline -0.015 0"><span class='ocrx_word' id='word_1_311' title='bbox 77 2352 103 2376; x_wconf 87' lang='lat' dir='ltr'>S.</span> <span class='ocrx_word' id='word_1_312' title='bbox 152 2367 159 2374; x_wconf 89' lang='lat'>.</span> <span class='ocrx_word' id='word_1_313' title='bbox 172 2351 226 2374; x_wconf 66' lang='lat' dir='ltr'>lea.</span> <span class='ocrx_word' id='word_1_314' title='bbox 240 2357 275 2374; x_wconf 80' lang='lat' dir='ltr'>m.</span> 
     </span>
    </p>
   </div>
   <div class='ocr_carea' id='block_1_25' title="bbox 80 3072 154 3149">
    <p class='ocr_par' dir='ltr' id='par_1_28' title="bbox 80 3072 154 3149">
     <span class='ocr_line' id='line_1_51' title="bbox 80 3072 154 3149; baseline 0 -27"><span class='ocrx_word' id='word_1_315' title='bbox 80 3072 154 3149; x_wconf 60' lang='lat' dir='ltr'>:ai</span> 
     </span>
    </p>
   </div>
   <div class='ocr_carea' id='block_1_26' title="bbox 155 3076 295 3120">
    <p class='ocr_par' dir='ltr' id='par_1_29' title="bbox 155 3076 295 3120">
     <span class='ocr_line' id='line_1_52' title="bbox 155 3076 295 3097; baseline -0.007 -5"><span class='ocrx_word' id='word_1_316' title='bbox 155 3086 162 3092; x_wconf 92' lang='lat'>.</span> <span class='ocrx_word' id='word_1_317' title='bbox 171 3077 214 3097; x_wconf 75' lang='grc' dir='ltr'>ιιι,</span> <span class='ocrx_word' id='word_1_318' title='bbox 224 3076 247 3092; x_wconf 88' lang='grc' dir='ltr'>ιι.</span> <span class='ocrx_word' id='word_1_319' title='bbox 258 3076 274 3091; x_wconf 82' lang='grc' dir='ltr'>ι.</span> <span class='ocrx_word' id='word_1_320' title='bbox 282 3078 295 3084; x_wconf 97' lang='grc'><strong>-</strong></span> 
     </span>
     <span class='ocr_line' id='line_1_53' title="bbox 157 3098 293 3120; baseline 0 0"><span class='ocrx_word' id='word_1_321' title='bbox 157 3114 162 3120; x_wconf 94' lang='grc'><em>.</em></span> <span class='ocrx_word' id='word_1_322' title='bbox 174 3098 226 3120; x_wconf 78' lang='lat' dir='ltr'>lect.</span> <span class='ocrx_word' id='word_1_323' title='bbox 234 3104 293 3120; x_wconf 79' lang='lat' dir='ltr'>xxii.</span> 
     </span>
    </p>
   </div>
   <div class='ocr_carea' id='block_1_27' title="bbox 314 2203 1423 3379">
    <p class='ocr_par' dir='ltr' id='par_1_30' title="bbox 314 2203 1419 2632">
     <span class='ocr_line' id='line_1_54' title="bbox 315 2203 1389 2254; baseline -0.007 -6"><span class='ocrx_word' id='word_1_324' title='bbox 315 2212 413 2248; x_wconf 87' lang='lat' dir='ltr'>citur</span> <span class='ocrx_word' id='word_1_325' title='bbox 439 2210 500 2247; x_wconf 78' lang='lat' dir='ltr'>vel</span> <span class='ocrx_word' id='word_1_326' title='bbox 525 2209 690 2254; x_wconf 72' lang='lat' dir='ltr'>tristitiis,</span> <span class='ocrx_word' id='word_1_327' title='bbox 714 2219 788 2245; x_wconf 90' lang='lat' dir='ltr'>non</span> <span class='ocrx_word' id='word_1_328' title='bbox 818 2212 873 2244; x_wconf 91' lang='lat' dir='ltr'>est</span> <span class='ocrx_word' id='word_1_329' title='bbox 898 2205 1135 2250; x_wconf 86' lang='lat' dir='ltr'>admirabile,</span> <span class='ocrx_word' id='word_1_330' title='bbox 1159 2205 1226 2242; x_wconf 88' lang='lat' dir='ltr'>sed</span> <span class='ocrx_word' id='word_1_331' title='bbox 1251 2203 1389 2241; x_wconf 88' lang='lat' dir='ltr'>condo-</span> 
     </span>
     <span class='ocr_line' id='line_1_55' title="bbox 315 2256 1418 2302; baseline -0.008 0"><span class='ocrx_word' id='word_1_332' title='bbox 315 2264 451 2302; x_wconf 86' lang='lat' dir='ltr'>nabile.</span> <span class='ocrx_word' id='word_1_333' title='bbox 482 2263 559 2300; x_wconf 88' lang='lat' dir='ltr'>Sed</span> <span class='ocrx_word' id='word_1_334' title='bbox 588 2261 778 2299; x_wconf 85' lang='lat' dir='ltr'>difficilius</span> <span class='ocrx_word' id='word_1_335' title='bbox 805 2259 959 2297; x_wconf 87' lang='lat' dir='ltr'>videtur</span> <span class='ocrx_word' id='word_1_336' title='bbox 985 2259 1140 2296; x_wconf 90' lang='lat' dir='ltr'>vincere</span> <span class='ocrx_word' id='word_1_337' title='bbox 1173 2256 1390 2295; x_wconf 88' lang='lat' dir='ltr'>delectatio·</span> <span class='ocrx_word' id='word_1_338' title='bbox 1416 2268 1418 2270; x_wconf 71' lang='grc'>’</span> 
     </span>
     <span class='ocr_line' id='line_1_56' title="bbox 316 2309 1391 2365; baseline -0.008 -10"><span class='ocrx_word' id='word_1_339' title='bbox 316 2330 384 2356; x_wconf 91' lang='lat' dir='ltr'>nes</span> <span class='ocrx_word' id='word_1_340' title='bbox 422 2328 541 2365; x_wconf 90' lang='lat' dir='ltr'>quam</span> <span class='ocrx_word' id='word_1_341' title='bbox 570 2315 662 2352; x_wconf 88' lang='lat' dir='ltr'>alias</span> <span class='ocrx_word' id='word_1_342' title='bbox 698 2314 917 2364; x_wconf 89' lang='lat' dir='ltr'>passiones:</span> <span class='ocrx_word' id='word_1_343' title='bbox 955 2313 1058 2350; x_wconf 92' lang='lat' dir='ltr'>unde</span> <span class='ocrx_word' id='word_1_344' title='bbox 1093 2311 1129 2348; x_wconf 91' lang='lat' dir='ltr'>in</span> <span class='ocrx_word' id='word_1_345' title='bbox 1168 2313 1199 2348; x_wconf 91' lang='grc' dir='ltr'>ΙΙ</span> <span class='ocrx_word' id='word_1_346' title='bbox 1228 2311 1349 2348; x_wconf 88' lang='lat' dir='ltr'>Ethic.</span> <span class='ocrx_word' id='word_1_347' title='bbox 1370 2309 1391 2332; x_wconf 85' lang='lat'><strong>*</strong></span> 
     </span>
     <span class='ocr_line' id='line_1_57' title="bbox 317 2365 1418 2417; baseline -0.007 -9"><span class='ocrx_word' id='word_1_348' title='bbox 317 2371 454 2409; x_wconf 87' lang='lat' dir='ltr'>dicitur</span> <span class='ocrx_word' id='word_1_349' title='bbox 481 2369 588 2417; x_wconf 92' lang='lat' dir='ltr'>quod</span> <span class='ocrx_word' id='word_1_350' title='bbox 615 2368 806 2417; x_wconf 63' lang='lat' dir='ltr'>difficilius</span> <span class='ocrx_word' id='word_1_351' title='bbox 834 2372 890 2404; x_wconf 89' lang='lat' dir='ltr'>est</span> <span class='ocrx_word' id='word_1_352' title='bbox 906 2372 1038 2403; x_wconf 89' lang='lat' dir='ltr'>contra</span> <span class='ocrx_word' id='word_1_353' title='bbox 1068 2365 1295 2413; x_wconf 83' lang='lat' dir='ltr'>voluptatem</span> <span class='ocrx_word' id='word_1_354' title='bbox 1319 2376 1390 2413; x_wconf 84' lang='lat' dir='ltr'>pu·</span> <span class='ocrx_word' id='word_1_355' title='bbox 1416 2378 1418 2382; x_wconf 57' lang='lat'><strong>⁴</strong></span> 
     </span>
     <span class='ocr_line' id='line_1_58' title="bbox 314 2418 1418 2476; baseline -0.007 -14"><span class='ocrx_word' id='word_1_356' title='bbox 314 2435 572 2476; x_wconf 59' lang='lat' dir='ltr'>gnarffluam</span> <span class='ocrx_word' id='word_1_357' title='bbox 593 2428 725 2459; x_wconf 88' lang='lat' dir='ltr'>contra</span> <span class='ocrx_word' id='word_1_358' title='bbox 745 2421 844 2458; x_wconf 92' lang='lat' dir='ltr'>iram</span> <span class='ocrx_word' id='word_1_359' title='bbox 865 2425 894 2466; x_wconf 63' lang='grc' dir='ltr'>α,</span> <span class='ocrx_word' id='word_1_360' title='bbox 916 2432 1016 2468; x_wconf 90' lang='lat' dir='ltr'>quae</span> <span class='ocrx_word' id='word_1_361' title='bbox 1035 2419 1187 2457; x_wconf 90' lang='lat' dir='ltr'>videtur</span> <span class='ocrx_word' id='word_1_362' title='bbox 1213 2431 1295 2456; x_wconf 92' lang='lat' dir='ltr'>esse</span> <span class='ocrx_word' id='word_1_363' title='bbox 1316 2418 1390 2455; x_wconf 86' lang='lat' dir='ltr'>for-</span> <span class='ocrx_word' id='word_1_364' title='bbox 1417 2443 1418 2468; x_wconf 65' lang='lat'><em>3</em></span> 
     </span>
     <span class='ocr_line' id='line_1_59' title="bbox 314 2472 1419 2526; baseline -0.007 -10"><span class='ocrx_word' id='word_1_365' title='bbox 314 2478 388 2516; x_wconf 93' lang='lat' dir='ltr'>tior</span> <span class='ocrx_word' id='word_1_366' title='bbox 417 2489 534 2526; x_wconf 86' lang='lat' dir='ltr'>quam</span> <span class='ocrx_word' id='word_1_367' title='bbox 563 2476 688 2513; x_wconf 86' lang='lat' dir='ltr'>timor.</span> <span class='ocrx_word' id='word_1_368' title='bbox 718 2476 822 2524; x_wconf 85' lang='lat' dir='ltr'>Ergo</span> <span class='ocrx_word' id='word_1_369' title='bbox 852 2473 1155 2523; x_wconf 85' lang='lat' dir='ltr'>intemperantia,</span> <span class='ocrx_word' id='word_1_370' title='bbox 1181 2485 1280 2522; x_wconf 89' lang='lat' dir='ltr'>quae</span> <span class='ocrx_word' id='word_1_371' title='bbox 1307 2472 1390 2509; x_wconf 92' lang='lat' dir='ltr'>vin·</span> <span class='ocrx_word' id='word_1_372' title='bbox 1417 2473 1419 2522; x_wconf 70' lang='grc' dir='ltr'>ξ</span> 
     </span>
     <span class='ocr_line' id='line_1_60' title="bbox 317 2529 1419 2576; baseline -0.006 -7"><span class='ocrx_word' id='word_1_373' title='bbox 317 2532 412 2570; x_wconf 92' lang='lat' dir='ltr'>citur</span> <span class='ocrx_word' id='word_1_374' title='bbox 440 2543 463 2568; x_wconf 86' lang='lat' dir='ltr'>a</span> <span class='ocrx_word' id='word_1_375' title='bbox 491 2530 762 2575; x_wconf 88' lang='lat' dir='ltr'>delectatione,</span> <span class='ocrx_word' id='word_1_376' title='bbox 792 2529 920 2566; x_wconf 90' lang='lat' dir='ltr'>minus</span> <span class='ocrx_word' id='word_1_377' title='bbox 949 2535 1151 2576; x_wconf 89' lang='lat' dir='ltr'>peccatum</span> <span class='ocrx_word' id='word_1_378' title='bbox 1189 2535 1246 2563; x_wconf 92' lang='lat' dir='ltr'>est</span> <span class='ocrx_word' id='word_1_379' title='bbox 1274 2538 1391 2574; x_wconf 88' lang='lat' dir='ltr'>quam</span> <span class='ocrx_word' id='word_1_380' title='bbox 1418 2536 1419 2566; x_wconf 51' lang='grc' dir='ltr'>ξ</span> 
     </span>
     <span class='ocr_line' id='line_1_61' title="bbox 316 2581 1045 2632; baseline -0.005 -10"><span class='ocrx_word' id='word_1_381' title='bbox 316 2584 508 2631; x_wconf 88' lang='lat' dir='ltr'>timiditas,</span> <span class='ocrx_word' id='word_1_382' title='bbox 530 2595 628 2632; x_wconf 93' lang='lat' dir='ltr'>quae</span> <span class='ocrx_word' id='word_1_383' title='bbox 656 2582 820 2620; x_wconf 90' lang='lat' dir='ltr'>vincitur</span> <span class='ocrx_word' id='word_1_384' title='bbox 849 2594 870 2618; x_wconf 91' lang='lat' dir='ltr'>a</span> <span class='ocrx_word' id='word_1_385' title='bbox 898 2581 1045 2618; x_wconf 91' lang='lat' dir='ltr'>timore.</span> 
     </span>
    </p>

    <p class='ocr_par' dir='ltr' id='par_1_31' title="bbox 317 2633 1422 3010">
     <span class='ocr_line' id='line_1_62' title="bbox 373 2633 1420 2684; baseline -0.004 -9"><span class='ocrx_word' id='word_1_386' title='bbox 373 2640 407 2676; x_wconf 87' lang='lat'>3.</span> <span class='ocrx_word' id='word_1_387' title='bbox 436 2639 680 2684; x_wconf 76' lang='lat' dir='ltr'>PRAETEREA,</span> <span class='ocrx_word' id='word_1_388' title='bbox 718 2637 765 2673; x_wconf 92' lang='lat' dir='ltr'>de</span> <span class='ocrx_word' id='word_1_389' title='bbox 795 2635 940 2672; x_wconf 91' lang='lat' dir='ltr'>ratione</span> <span class='ocrx_word' id='word_1_390' title='bbox 965 2634 1111 2684; x_wconf 88' lang='lat' dir='ltr'>peccati</span> <span class='ocrx_word' id='word_1_391' title='bbox 1140 2641 1196 2670; x_wconf 92' lang='lat' dir='ltr'>est</span> <span class='ocrx_word' id='word_1_392' title='bbox 1220 2633 1327 2681; x_wconf 91' lang='lat' dir='ltr'>quod</span> <span class='ocrx_word' id='word_1_393' title='bbox 1346 2633 1392 2670; x_wconf 89' lang='lat' dir='ltr'>sit</span> <span class='ocrx_word' id='word_1_394' title='bbox 1418 2661 1420 2671; x_wconf 85' lang='grc'><em>,</em></span> 
     </span>
     <span class='ocr_line' id='line_1_63' title="bbox 317 2686 1421 2736; baseline -0.005 -7"><span class='ocrx_word' id='word_1_395' title='bbox 317 2691 590 2733; x_wconf 88' lang='lat' dir='ltr'>voluntarium.</span> <span class='ocrx_word' id='word_1_396' title='bbox 622 2689 699 2727; x_wconf 90' lang='lat' dir='ltr'>Sed</span> <span class='ocrx_word' id='word_1_397' title='bbox 727 2688 908 2726; x_wconf 88' lang='lat' dir='ltr'>timiditas</span> <span class='ocrx_word' id='word_1_398' title='bbox 937 2696 993 2726; x_wconf 91' lang='lat' dir='ltr'>est</span> <span class='ocrx_word' id='word_1_399' title='bbox 1030 2687 1151 2736; x_wconf 87' lang='lat' dir='ltr'>magis</span> <span class='ocrx_word' id='word_1_400' title='bbox 1178 2686 1393 2724; x_wconf 89' lang='lat' dir='ltr'>voluntaria</span> <span class='ocrx_word' id='word_1_401' title='bbox 1419 2709 1421 2724; x_wconf 67' lang='lat'><em>1</em></span> 
     </span>
     <span class='ocr_line' id='line_1_64' title="bbox 319 2739 1421 2796; baseline -0.005 -14"><span class='ocrx_word' id='word_1_402' title='bbox 319 2758 435 2796; x_wconf 91' lang='lat' dir='ltr'>quam</span> <span class='ocrx_word' id='word_1_403' title='bbox 465 2743 774 2793; x_wconf 88' lang='lat' dir='ltr'>intemperantia:</span> <span class='ocrx_word' id='word_1_404' title='bbox 806 2743 931 2779; x_wconf 89' lang='lat' dir='ltr'>nullus</span> <span class='ocrx_word' id='word_1_405' title='bbox 953 2741 1056 2779; x_wconf 90' lang='lat' dir='ltr'>enim</span> <span class='ocrx_word' id='word_1_406' title='bbox 1086 2740 1320 2790; x_wconf 89' lang='lat' dir='ltr'>concupiscit</span> <span class='ocrx_word' id='word_1_407' title='bbox 1338 2740 1394 2777; x_wconf 90' lang='lat' dir='ltr'>in·</span> <span class='ocrx_word' id='word_1_408' title='bbox 1419 2739 1421 2775; x_wconf 76' lang='grc' dir='ltr'>ἓ</span> 
     </span>
     <span class='ocr_line' id='line_1_65' title="bbox 319 2793 1421 2848; baseline -0.005 -12"><span class='ocrx_word' id='word_1_409' title='bbox 319 2806 554 2848; x_wconf 88' lang='lat' dir='ltr'>temperatus</span> <span class='ocrx_word' id='word_1_410' title='bbox 575 2810 679 2842; x_wconf 90' lang='lat' dir='ltr'>esse;</span> <span class='ocrx_word' id='word_1_411' title='bbox 710 2796 825 2845; x_wconf 89' lang='lat' dir='ltr'>aliqui</span> <span class='ocrx_word' id='word_1_412' title='bbox 850 2803 977 2833; x_wconf 89' lang='lat' dir='ltr'>autem</span> <span class='ocrx_word' id='word_1_413' title='bbox 998 2793 1014 2824; x_wconf 72' lang='grc' dir='ltr'><strong>β</strong></span> <span class='ocrx_word' id='word_1_414' title='bbox 1042 2794 1318 2843; x_wconf 91' lang='lat' dir='ltr'>concupiscunt</span> <span class='ocrx_word' id='word_1_415' title='bbox 1338 2794 1394 2831; x_wconf 87' lang='lat' dir='ltr'>fu·</span> <span class='ocrx_word' id='word_1_416' title='bbox 1419 2807 1421 2841; x_wconf 57' lang='lat' dir='ltr'>i</span> 
     </span>
     <span class='ocr_line' id='line_1_66' title="bbox 319 2847 1422 2903; baseline -0.004 -13"><span class='ocrx_word' id='word_1_417' title='bbox 319 2865 406 2903; x_wconf 88' lang='lat' dir='ltr'>gere</span> <span class='ocrx_word' id='word_1_418' title='bbox 435 2852 568 2889; x_wconf 90' lang='lat' dir='ltr'>mortis</span> <span class='ocrx_word' id='word_1_419' title='bbox 595 2851 783 2900; x_wconf 87' lang='lat' dir='ltr'>pericula,</span> <span class='ocrx_word' id='word_1_420' title='bbox 812 2849 917 2898; x_wconf 90' lang='lat' dir='ltr'>quod</span> <span class='ocrx_word' id='word_1_421' title='bbox 946 2849 1109 2898; x_wconf 90' lang='lat' dir='ltr'>pertinet</span> <span class='ocrx_word' id='word_1_422' title='bbox 1136 2847 1193 2895; x_wconf 18' lang='lat' dir='ltr'>ad&gt;</span> <span class='ocrx_word' id='word_1_423' title='bbox 1219 2847 1395 2885; x_wconf 89' lang='lat' dir='ltr'>timidita-</span> <span class='ocrx_word' id='word_1_424' title='bbox 1420 2850 1422 2886; x_wconf 77' lang='grc' dir='ltr'>ἔ</span> 
     </span>
     <span class='ocr_line' id='line_1_67' title="bbox 318 2902 1422 2954; baseline -0.006 -10"><span class='ocrx_word' id='word_1_425' title='bbox 318 2915 409 2945; x_wconf 89' lang='lat' dir='ltr'>tem.</span> <span class='ocrx_word' id='word_1_426' title='bbox 439 2907 541 2954; x_wconf 88' lang='lat' dir='ltr'>Ergo</span> <span class='ocrx_word' id='word_1_427' title='bbox 570 2905 749 2942; x_wconf 88' lang='lat' dir='ltr'>timiditas</span> <span class='ocrx_word' id='word_1_428' title='bbox 778 2911 834 2940; x_wconf 90' lang='lat' dir='ltr'>est</span> <span class='ocrx_word' id='word_1_429' title='bbox 861 2902 1016 2952; x_wconf 91' lang='lat' dir='ltr'>gravius</span> <span class='ocrx_word' id='word_1_430' title='bbox 1044 2909 1246 2951; x_wconf 84' lang='lat' dir='ltr'>peccatum</span> <span class='ocrx_word' id='word_1_431' title='bbox 1276 2914 1393 2951; x_wconf 90' lang='lat' dir='ltr'>quam</span> <span class='ocrx_word' id='word_1_432' title='bbox 1420 2920 1422 2930; x_wconf 59' lang='grc' dir='ltr'><strong><em>ι</em></strong></span> 
     </span>
     <span class='ocr_line' id='line_1_68' title="bbox 318 2959 623 3010; baseline -0.007 -12"><span class='ocrx_word' id='word_1_433' title='bbox 318 2959 623 3010; x_wconf 89' lang='lat' dir='ltr'>intemperantia.</span> 
     </span>
    </p>

    <p class='ocr_par' dir='ltr' id='par_1_32' title="bbox 318 3008 1423 3224">
     <span class='ocr_line' id='line_1_69' title="bbox 374 3008 1423 3060; baseline -0.007 -10"><span class='ocrx_word' id='word_1_434' title='bbox 374 3014 450 3051; x_wconf 81' lang='lat' dir='ltr'>SED</span> <span class='ocrx_word' id='word_1_435' title='bbox 478 3025 626 3052; x_wconf 79' lang='lat' dir='ltr'>CONTRA</span> <span class='ocrx_word' id='word_1_436' title='bbox 654 3023 721 3050; x_wconf 83' lang='lat' dir='ltr'>EST</span> <span class='ocrx_word' id='word_1_437' title='bbox 749 3010 854 3060; x_wconf 92' lang='lat' dir='ltr'>quod</span> <span class='ocrx_word' id='word_1_438' title='bbox 880 3009 1139 3058; x_wconf 90' lang='lat' dir='ltr'>Philosophus</span> <span class='ocrx_word' id='word_1_439' title='bbox 1167 3008 1267 3055; x_wconf 90' lang='lat' dir='ltr'>dicit,</span> <span class='ocrx_word' id='word_1_440' title='bbox 1289 3008 1327 3045; x_wconf 93' lang='lat' dir='ltr'>in</span> <span class='ocrx_word' id='word_1_441' title='bbox 1343 3009 1394 3044; x_wconf 86' lang='grc' dir='ltr'>ΙΙΙ</span> <span class='ocrx_word' id='word_1_442' title='bbox 1421 3033 1423 3036; x_wconf 91' lang='grc'>-</span> 
     </span>
     <span class='ocr_line' id='line_1_70' title="bbox 318 3061 1423 3116; baseline -0.009 -11"><span class='ocrx_word' id='word_1_443' title='bbox 318 3068 439 3105; x_wconf 87' lang='lat' dir='ltr'>Ethic.</span> <span class='ocrx_word' id='word_1_444' title='bbox 467 3067 508 3115; x_wconf 69' lang='lat'>⁹¹²,</span> <span class='ocrx_word' id='word_1_445' title='bbox 539 3067 644 3116; x_wconf 90' lang='lat' dir='ltr'>quod</span> <span class='ocrx_word' id='word_1_446' title='bbox 681 3064 968 3113; x_wconf 84' lang='lat' dir='ltr'>intemperantia</span> <span class='ocrx_word' id='word_1_447' title='bbox 1005 3061 1237 3100; x_wconf 81' lang='lat' dir='ltr'>assimilatur</span> <span class='ocrx_word' id='word_1_448' title='bbox 1270 3062 1396 3111; x_wconf 80' lang='lat' dir='ltr'>magis</span> <span class='ocrx_word' id='word_1_449' title='bbox 1421 3070 1423 3095; x_wconf 60' lang='grc' dir='ltr'>ι</span> 
     </span>
     <span class='ocr_line' id='line_1_71' title="bbox 319 3115 1394 3169; baseline -0.007 -10"><span class='ocrx_word' id='word_1_450' title='bbox 319 3122 534 3158; x_wconf 77' lang='lat' dir='ltr'>voluntario</span> <span class='ocrx_word' id='word_1_451' title='bbox 571 3132 687 3169; x_wconf 86' lang='lat' dir='ltr'>quam</span> <span class='ocrx_word' id='word_1_452' title='bbox 716 3119 906 3156; x_wconf 89' lang='lat' dir='ltr'>timiditas.</span> <span class='ocrx_word' id='word_1_453' title='bbox 945 3117 1047 3165; x_wconf 87' lang='lat' dir='ltr'>Ergo</span> <span class='ocrx_word' id='word_1_454' title='bbox 1082 3116 1168 3165; x_wconf 90' lang='lat' dir='ltr'>plus</span> <span class='ocrx_word' id='word_1_455' title='bbox 1202 3115 1318 3152; x_wconf 90' lang='lat' dir='ltr'>habet</span> <span class='ocrx_word' id='word_1_456' title='bbox 1347 3115 1394 3152; x_wconf 89' lang='lat' dir='ltr'>de</span> 
     </span>
     <span class='ocr_line' id='line_1_72' title="bbox 321 3173 651 3224; baseline -0.003 -12"><span class='ocrx_word' id='word_1_457' title='bbox 321 3176 467 3212; x_wconf 88' lang='lat' dir='ltr'>ratione</span> <span class='ocrx_word' id='word_1_458' title='bbox 495 3173 651 3224; x_wconf 90' lang='lat' dir='ltr'>peccati.</span> 
     </span>
    </p>

    <p class='ocr_par' dir='ltr' id='par_1_33' title="bbox 323 3222 1423 3379">
     <span class='ocr_line' id='line_1_73' title="bbox 375 3222 1395 3274; baseline -0.009 -8"><span class='ocrx_word' id='word_1_459' title='bbox 375 3229 602 3266; x_wconf 63' lang='lat' dir='ltr'>Respounsso</span> <span class='ocrx_word' id='word_1_460' title='bbox 621 3238 808 3264; x_wconf 79' lang='lat' dir='ltr'>DicENDUM</span> <span class='ocrx_word' id='word_1_461' title='bbox 828 3224 935 3274; x_wconf 90' lang='lat' dir='ltr'>quod</span> <span class='ocrx_word' id='word_1_462' title='bbox 955 3235 1075 3260; x_wconf 89' lang='lat' dir='ltr'>unum</span> <span class='ocrx_word' id='word_1_463' title='bbox 1103 3222 1239 3260; x_wconf 91' lang='lat' dir='ltr'>vitium</span> <span class='ocrx_word' id='word_1_464' title='bbox 1269 3229 1395 3271; x_wconf 90' lang='lat' dir='ltr'>potest</span> 
     </span>
     <span class='ocr_line' id='line_1_74' title="bbox 323 3276 1394 3330; baseline -0.007 -11"><span class='ocrx_word' id='word_1_465' title='bbox 323 3281 428 3318; x_wconf 91' lang='lat' dir='ltr'>alteri</span> <span class='ocrx_word' id='word_1_466' title='bbox 456 3280 671 3330; x_wconf 88' lang='lat' dir='ltr'>comparari</span> <span class='ocrx_word' id='word_1_467' title='bbox 700 3279 918 3329; x_wconf 89' lang='lat' dir='ltr'>dupliciter:</span> <span class='ocrx_word' id='word_1_468' title='bbox 948 3290 1027 3315; x_wconf 92' lang='lat' dir='ltr'>uno</span> <span class='ocrx_word' id='word_1_469' title='bbox 1057 3276 1189 3323; x_wconf 91' lang='lat' dir='ltr'>modo,</span> <span class='ocrx_word' id='word_1_470' title='bbox 1215 3288 1261 3312; x_wconf 86' lang='lat' dir='ltr'>ex</span> <span class='ocrx_word' id='word_1_471' title='bbox 1288 3283 1394 3324; x_wconf 88' lang='lat' dir='ltr'>parte</span> 
     </span>
     <span class='ocr_line' id='line_1_75' title="bbox 323 3329 1423 3379; baseline -0.006 -7"><span class='ocrx_word' id='word_1_472' title='bbox 323 3334 506 3372; x_wconf 89' lang='lat' dir='ltr'>materiae</span> <span class='ocrx_word' id='word_1_473' title='bbox 524 3339 541 3362; x_wconf 72' lang='grc' dir='ltr'><strong>Υ</strong></span> <span class='ocrx_word' id='word_1_474' title='bbox 563 3335 626 3371; x_wconf 92' lang='lat' dir='ltr'>vel</span> <span class='ocrx_word' id='word_1_475' title='bbox 647 3333 807 3379; x_wconf 76' lang='lat' dir='ltr'>obiecti:</span> <span class='ocrx_word' id='word_1_476' title='bbox 837 3332 910 3369; x_wconf 92' lang='lat' dir='ltr'>alio</span> <span class='ocrx_word' id='word_1_477' title='bbox 932 3331 1064 3378; x_wconf 87' lang='lat' dir='ltr'>modo,</span> <span class='ocrx_word' id='word_1_478' title='bbox 1086 3342 1132 3367; x_wconf 84' lang='lat' dir='ltr'>ex</span> <span class='ocrx_word' id='word_1_479' title='bbox 1151 3337 1255 3379; x_wconf 89' lang='lat' dir='ltr'>parte</span> <span class='ocrx_word' id='word_1_480' title='bbox 1276 3329 1395 3378; x_wconf 89' lang='lat' dir='ltr'>ipsius</span> <span class='ocrx_word' id='word_1_481' title='bbox 1422 3349 1423 3372; x_wconf 53' lang='lat'>1</span> 
     </span>
    </p>
   </div>
   <div class='ocr_carea' id='block_1_28' title="bbox 1420 2675 1425 3399">
    <p class='ocr_par' dir='ltr' id='par_1_34' title="bbox 1420 2675 1425 3399">
     <span class='ocr_line' id='line_1_76' title="bbox 1420 2675 1425 3399; baseline 0 0"><span class='ocrx_word' id='word_1_482' title='bbox 1420 2675 1425 3399; x_wconf 95' lang='lat' dir='ltr'> </span> 
     </span>
    </p>
   </div>
   <div class='ocr_carea' id='block_1_29' title="bbox 322 3383 1425 3489">
    <p class='ocr_par' dir='ltr' id='par_1_35' title="bbox 322 3383 1425 3489">
     <span class='ocr_line' id='line_1_77' title="bbox 322 3383 1424 3436; baseline -0.006 -11"><span class='ocrx_word' id='word_1_483' title='bbox 322 3387 490 3425; x_wconf 89' lang='lat' dir='ltr'>hominis</span> <span class='ocrx_word' id='word_1_484' title='bbox 508 3387 712 3436; x_wconf 90' lang='lat' dir='ltr'>peccantis.</span> <span class='ocrx_word' id='word_1_485' title='bbox 743 3387 792 3424; x_wconf 85' lang='lat' dir='ltr'>Et</span> <span class='ocrx_word' id='word_1_486' title='bbox 810 3394 973 3434; x_wconf 90' lang='lat' dir='ltr'>utroque</span> <span class='ocrx_word' id='word_1_487' title='bbox 994 3384 1113 3422; x_wconf 91' lang='lat' dir='ltr'>modo</span> <span class='ocrx_word' id='word_1_488' title='bbox 1140 3383 1395 3432; x_wconf 89' lang='lat' dir='ltr'>intemperan-</span> <span class='ocrx_word' id='word_1_489' title='bbox 1422 3401 1424 3430; x_wconf 52' lang='lat' dir='ltr'>l</span> 
     </span>
     <span class='ocr_line' id='line_1_78' title="bbox 322 3437 1425 3489; baseline -0.005 -11"><span class='ocrx_word' id='word_1_490' title='bbox 322 3442 373 3479; x_wconf 91' lang='lat' dir='ltr'>tia</span> <span class='ocrx_word' id='word_1_491' title='bbox 393 3449 448 3478; x_wconf 89' lang='lat' dir='ltr'>est</span> <span class='ocrx_word' id='word_1_492' title='bbox 467 3440 621 3489; x_wconf 88' lang='lat' dir='ltr'>gravius</span> <span class='ocrx_word' id='word_1_493' title='bbox 635 3440 769 3478; x_wconf 90' lang='lat' dir='ltr'>vitium</span> <span class='ocrx_word' id='word_1_494' title='bbox 791 3452 907 3489; x_wconf 91' lang='lat' dir='ltr'>quam</span> <span class='ocrx_word' id='word_1_495' title='bbox 924 3438 1114 3476; x_wconf 84' lang='lat' dir='ltr'>timiditas.</span> <span class='ocrx_word' id='word_1_496' title='bbox 1136 3437 1268 3474; x_wconf 89' lang='lat' dir='ltr'>Primo</span> <span class='ocrx_word' id='word_1_497' title='bbox 1288 3449 1396 3473; x_wconf 90' lang='lat' dir='ltr'>nam·</span> <span class='ocrx_word' id='word_1_498' title='bbox 1422 3439 1425 3473; x_wconf 61' lang='grc' dir='ltr'>ἰ</span> 
     </span>
    </p>
   </div>
   <div class='ocr_carea' id='block_1_30' title="bbox 377 3553 1424 3660">
    <p class='ocr_par' dir='ltr' id='par_1_36' title="bbox 377 3553 1424 3660">
     <span class='ocr_line' id='line_1_79' title="bbox 378 3553 1424 3602; baseline -0.003 -22"><span class='ocrx_word' id='word_1_499' title='bbox 378 3556 405 3588; x_wconf 88' lang='grc' dir='ltr'>α)</span> <span class='ocrx_word' id='word_1_500' title='bbox 425 3558 520 3580; x_wconf 84' lang='lat' dir='ltr'>contra</span> <span class='ocrx_word' id='word_1_501' title='bbox 539 3555 618 3579; x_wconf 84' lang='lat' dir='ltr'>iram.</span> <span class='ocrx_word' id='word_1_502' title='bbox 630 3568 650 3573; x_wconf 97' lang='lat'>-</span> <span class='ocrx_word' id='word_1_503' title='bbox 666 3554 834 3579; x_wconf 78' lang='lat' dir='ltr'>contrarium</span> <span class='ocrx_word' id='word_1_504' title='bbox 853 3553 970 3587; x_wconf 78' lang='lat' dir='ltr'>BFKpA,</span> <span class='ocrx_word' id='word_1_505' title='bbox 989 3557 1085 3579; x_wconf 83' lang='lat' dir='ltr'>contra</span> <span class='ocrx_word' id='word_1_506' title='bbox 1105 3557 1232 3578; x_wconf 82' lang='lat' dir='ltr'>naturam</span> <span class='ocrx_word' id='word_1_507' title='bbox 1252 3553 1282 3577; x_wconf 92' lang='lat' dir='ltr'>L.</span> <span class='ocrx_word' id='word_1_508' title='bbox 1422 3562 1424 3602; x_wconf 67' lang='grc' dir='ltr'>Ι</span> 
     </span>
     <span class='ocr_line' id='line_1_80' title="bbox 378 3589 1159 3624; baseline -0.003 -8"><span class='ocrx_word' id='word_1_509' title='bbox 378 3591 403 3624; x_wconf 74' lang='lat'>¹3)</span> <span class='ocrx_word' id='word_1_510' title='bbox 423 3594 522 3616; x_wconf 85' lang='lat' dir='ltr'>autem.</span> <span class='ocrx_word' id='word_1_511' title='bbox 534 3605 553 3609; x_wconf 98' lang='lat'><em>-</em></span> <span class='ocrx_word' id='word_1_512' title='bbox 571 3590 641 3615; x_wconf 79' lang='lat' dir='ltr'>enim</span> <span class='ocrx_word' id='word_1_513' title='bbox 660 3589 910 3621; x_wconf 70' lang='lat' dir='ltr'>BCDEFGHKLpA</span> <span class='ocrx_word' id='word_1_514' title='bbox 931 3595 956 3614; x_wconf 94' lang='lat' dir='ltr'>et</span> <span class='ocrx_word' id='word_1_515' title='bbox 973 3597 999 3619; x_wconf 84' lang='lat' dir='ltr'>a,</span> <span class='ocrx_word' id='word_1_516' title='bbox 1020 3593 1108 3614; x_wconf 83' lang='lat' dir='ltr'>tamen</span> <span class='ocrx_word' id='word_1_517' title='bbox 1130 3589 1159 3613; x_wconf 80' lang='lat' dir='ltr'>P.</span> 
     </span>
     <span class='ocr_line' id='line_1_81' title="bbox 377 3624 895 3660; baseline -0.008 -8"><span class='ocrx_word' id='word_1_518' title='bbox 377 3629 404 3660; x_wconf 63' lang='grc' dir='ltr'>γ)</span> <span class='ocrx_word' id='word_1_519' title='bbox 424 3627 562 3652; x_wconf 74' lang='lat' dir='ltr'>materiae.</span> <span class='ocrx_word' id='word_1_520' title='bbox 574 3641 592 3644; x_wconf 98' lang='lat'><em>-</em></span> <span class='ocrx_word' id='word_1_521' title='bbox 612 3626 695 3657; x_wconf 83' lang='lat' dir='ltr'>ipsius</span> <span class='ocrx_word' id='word_1_522' title='bbox 717 3624 847 3650; x_wconf 81' lang='lat' dir='ltr'>materiae</span> <span class='ocrx_word' id='word_1_523' title='bbox 866 3625 895 3648; x_wconf 86' lang='lat' dir='ltr'>P.</span> 
     </span>
    </p>
   </div>
   <div class='ocr_carea' id='block_1_31' title="bbox 348 1558 2521 1677">
    <p class='ocr_par' dir='ltr' id='par_1_37' title="bbox 348 1558 2521 1677">
     <span class='ocr_line' id='line_1_82' title="bbox 348 1558 2521 1614; baseline -0.004 -10"><span class='ocrx_word' id='word_1_524' title='bbox 348 1578 358 1592; x_wconf 27' lang='grc' dir='ltr'><strong>ἃ</strong></span> <span class='ocrx_word' id='word_1_525' title='bbox 432 1581 441 1597; x_wconf 62' lang='grc' dir='ltr'>ι</span> <span class='ocrx_word' id='word_1_526' title='bbox 528 1578 551 1603; x_wconf 88' lang='lat' dir='ltr'>D</span> <span class='ocrx_word' id='word_1_527' title='bbox 576 1576 739 1602; x_wconf 69' lang='lat' dir='ltr'>rentium</span> <span class='ocrx_word' id='word_1_528' title='bbox 762 1576 817 1601; x_wconf 78' lang='lat' dir='ltr'>Sic</span> <span class='ocrx_word' id='word_1_529' title='bbox 841 1574 1082 1600; x_wconf 70' lang='lat' dir='ltr'>paoeamrua.</span> <span class='ocrx_word' id='word_1_530' title='bbox 1108 1561 1269 1599; x_wconf 91' lang='lat' dir='ltr'>Videtur</span> <span class='ocrx_word' id='word_1_531' title='bbox 1283 1560 1391 1609; x_wconf 92' lang='lat' dir='ltr'>quod</span> <span class='ocrx_word' id='word_1_532' title='bbox 1416 1562 1419 1614; x_wconf 59' lang='lat' dir='ltr'>y</span> <span class='ocrx_word' id='word_1_533' title='bbox 1445 1571 1521 1608; x_wconf 92' lang='lat' dir='ltr'>que</span> <span class='ocrx_word' id='word_1_534' title='bbox 1551 1571 1595 1596; x_wconf 84' lang='lat' dir='ltr'>ex</span> <span class='ocrx_word' id='word_1_535' title='bbox 1616 1567 1723 1608; x_wconf 90' lang='lat' dir='ltr'>parte</span> <span class='ocrx_word' id='word_1_536' title='bbox 1753 1559 1947 1596; x_wconf 89' lang='lat' dir='ltr'>materiae.</span> <span class='ocrx_word' id='word_1_537' title='bbox 1979 1559 2082 1596; x_wconf 89' lang='lat' dir='ltr'>Nam</span> <span class='ocrx_word' id='word_1_538' title='bbox 2102 1558 2284 1596; x_wconf 88' lang='lat' dir='ltr'>timiditas</span> <span class='ocrx_word' id='word_1_539' title='bbox 2303 1558 2437 1607; x_wconf 83' lang='lat' dir='ltr'>refugit</span> <span class='ocrx_word' id='word_1_540' title='bbox 2456 1572 2521 1609; x_wconf 92' lang='lat' dir='ltr'>pe-</span> 
     </span>
     <span class='ocr_line' id='line_1_83' title="bbox 349 1612 2521 1677; baseline -0.004 -19"><span class='ocrx_word' id='word_1_541' title='bbox 349 1617 434 1659; x_wconf 47' lang='lat' dir='ltr'>Q&gt;</span> <span class='ocrx_word' id='word_1_542' title='bbox 450 1619 707 1677; x_wconf 88' lang='lat' dir='ltr'>timiditas</span> <span class='ocrx_word' id='word_1_543' title='bbox 727 1618 773 1655; x_wconf 90' lang='lat' dir='ltr'>sit</span> <span class='ocrx_word' id='word_1_544' title='bbox 801 1616 926 1655; x_wconf 89' lang='lat' dir='ltr'>maius</span> <span class='ocrx_word' id='word_1_545' title='bbox 945 1615 1082 1653; x_wconf 89' lang='lat' dir='ltr'>vitium</span> <span class='ocrx_word' id='word_1_546' title='bbox 1111 1627 1230 1664; x_wconf 88' lang='lat' dir='ltr'>quam</span> <span class='ocrx_word' id='word_1_547' title='bbox 1255 1613 1391 1651; x_wconf 89' lang='lat' dir='ltr'>intem·</span> <span class='ocrx_word' id='word_1_548' title='bbox 1416 1615 1418 1662; x_wconf 62' lang='grc' dir='ltr'>ζ</span> <span class='ocrx_word' id='word_1_549' title='bbox 1445 1613 1563 1650; x_wconf 90' lang='lat' dir='ltr'>ricula</span> <span class='ocrx_word' id='word_1_550' title='bbox 1592 1612 1748 1660; x_wconf 88' lang='lat' dir='ltr'>mortis,</span> <span class='ocrx_word' id='word_1_551' title='bbox 1777 1612 1827 1649; x_wconf 91' lang='lat' dir='ltr'>ad</span> <span class='ocrx_word' id='word_1_552' title='bbox 1856 1625 1956 1662; x_wconf 90' lang='lat' dir='ltr'>quae</span> <span class='ocrx_word' id='word_1_553' title='bbox 1983 1612 2139 1649; x_wconf 89' lang='lat' dir='ltr'>vitanda</span> <span class='ocrx_word' id='word_1_554' title='bbox 2177 1612 2319 1650; x_wconf 86' lang='lat' dir='ltr'>inducit</span> <span class='ocrx_word' id='word_1_555' title='bbox 2353 1613 2521 1650; x_wconf 85' lang='lat' dir='ltr'>maxima</span> 
     </span>
    </p>
   </div>
   <div class='ocr_carea' id='block_1_32' title="bbox 1444 1665 2522 2575">
    <p class='ocr_par' dir='ltr' id='par_1_38' title="bbox 1444 1665 2522 2575">
     <span class='ocr_line' id='line_1_84' title="bbox 1446 1665 2520 1716; baseline -0.001 -12"><span class='ocrx_word' id='word_1_556' title='bbox 1446 1666 1651 1704; x_wconf 88' lang='lat' dir='ltr'>necessitas</span> <span class='ocrx_word' id='word_1_557' title='bbox 1680 1665 1970 1703; x_wconf 89' lang='lat' dir='ltr'>conservandae</span> <span class='ocrx_word' id='word_1_558' title='bbox 1989 1666 2102 1703; x_wconf 88' lang='lat' dir='ltr'>vitae.</span> <span class='ocrx_word' id='word_1_559' title='bbox 2132 1666 2426 1716; x_wconf 89' lang='lat' dir='ltr'>Intemperantia</span> <span class='ocrx_word' id='word_1_560' title='bbox 2455 1680 2520 1704; x_wconf 88' lang='lat' dir='ltr'>au—</span> 
     </span>
     <span class='ocr_line' id='line_1_85' title="bbox 1445 1719 2519 1769; baseline 0 -12"><span class='ocrx_word' id='word_1_561' title='bbox 1445 1729 1522 1758; x_wconf 93' lang='lat' dir='ltr'>tem</span> <span class='ocrx_word' id='word_1_562' title='bbox 1545 1728 1600 1757; x_wconf 90' lang='lat' dir='ltr'>est</span> <span class='ocrx_word' id='word_1_563' title='bbox 1620 1720 1718 1757; x_wconf 89' lang='lat' dir='ltr'>circa</span> <span class='ocrx_word' id='word_1_564' title='bbox 1743 1719 2026 1767; x_wconf 88' lang='lat' dir='ltr'>delectationes,</span> <span class='ocrx_word' id='word_1_565' title='bbox 2047 1732 2210 1768; x_wconf 90' lang='lat' dir='ltr'>quarum</span> <span class='ocrx_word' id='word_1_566' title='bbox 2233 1720 2422 1769; x_wconf 89' lang='lat' dir='ltr'>appetitus</span> <span class='ocrx_word' id='word_1_567' title='bbox 2441 1733 2519 1757; x_wconf 92' lang='lat' dir='ltr'>non</span> 
     </span>
     <span class='ocr_line' id='line_1_86' title="bbox 1446 1773 2518 1811; baseline 0 0"><span class='ocrx_word' id='word_1_568' title='bbox 1446 1783 1501 1811; x_wconf 93' lang='lat' dir='ltr'>est</span> <span class='ocrx_word' id='word_1_569' title='bbox 1530 1775 1629 1811; x_wconf 92' lang='lat' dir='ltr'>adeo</span> <span class='ocrx_word' id='word_1_570' title='bbox 1668 1773 1905 1810; x_wconf 90' lang='lat' dir='ltr'>necessarius</span> <span class='ocrx_word' id='word_1_571' title='bbox 1941 1774 1991 1810; x_wconf 90' lang='lat' dir='ltr'>ad</span> <span class='ocrx_word' id='word_1_572' title='bbox 2027 1773 2128 1810; x_wconf 89' lang='lat' dir='ltr'>vitae</span> <span class='ocrx_word' id='word_1_573' title='bbox 2163 1773 2518 1811; x_wconf 85' lang='lat' dir='ltr'>conservationem:</span> 
     </span>
     <span class='ocr_line' id='line_1_87' title="bbox 1445 1827 2519 1876; baseline -0.001 -11"><span class='ocrx_word' id='word_1_574' title='bbox 1445 1827 1548 1876; x_wconf 90' lang='lat' dir='ltr'>quia,</span> <span class='ocrx_word' id='word_1_575' title='bbox 1569 1835 1610 1864; x_wconf 91' lang='lat' dir='ltr'>ut</span> <span class='ocrx_word' id='word_1_576' title='bbox 1646 1827 1788 1864; x_wconf 90' lang='lat' dir='ltr'>dictum</span> <span class='ocrx_word' id='word_1_577' title='bbox 1824 1834 1880 1864; x_wconf 90' lang='lat' dir='ltr'>est</span> <span class='ocrx_word' id='word_1_578' title='bbox 1906 1827 1947 1873; x_wconf 67' lang='lat'>²⁸,</span> <span class='ocrx_word' id='word_1_579' title='bbox 1977 1827 2267 1876; x_wconf 89' lang='lat' dir='ltr'>intemperantia</span> <span class='ocrx_word' id='word_1_580' title='bbox 2304 1827 2425 1875; x_wconf 88' lang='lat' dir='ltr'>magis</span> <span class='ocrx_word' id='word_1_581' title='bbox 2463 1835 2519 1864; x_wconf 92' lang='lat' dir='ltr'>est</span> 
     </span>
     <span class='ocr_line' id='line_1_88' title="bbox 1444 1878 2518 1930; baseline 0 -12"><span class='ocrx_word' id='word_1_582' title='bbox 1444 1881 1543 1919; x_wconf 91' lang='lat' dir='ltr'>circa</span> <span class='ocrx_word' id='word_1_583' title='bbox 1562 1881 1750 1930; x_wconf 88' lang='lat' dir='ltr'>quasdam</span> <span class='ocrx_word' id='word_1_584' title='bbox 1772 1881 1961 1929; x_wconf 84' lang='lat' dir='ltr'>appositas</span> <span class='ocrx_word' id='word_1_585' title='bbox 1979 1878 1993 1902; x_wconf 62' lang='grc' dir='ltr'><strong>ὅ</strong></span> <span class='ocrx_word' id='word_1_586' title='bbox 2007 1880 2027 1902; x_wconf 81' lang='grc'><em>*</em></span> <span class='ocrx_word' id='word_1_587' title='bbox 2048 1880 2318 1918; x_wconf 88' lang='lat' dir='ltr'>delectationes</span> <span class='ocrx_word' id='word_1_588' title='bbox 2339 1893 2407 1918; x_wconf 93' lang='lat' dir='ltr'>seu</span> <span class='ocrx_word' id='word_1_589' title='bbox 2428 1893 2518 1918; x_wconf 92' lang='lat' dir='ltr'>con-</span> 
     </span>
     <span class='ocr_line' id='line_1_89' title="bbox 1445 1933 2519 1984; baseline -0.001 -12"><span class='ocrx_word' id='word_1_590' title='bbox 1445 1933 1696 1984; x_wconf 91' lang='lat' dir='ltr'>cupiscentias</span> <span class='ocrx_word' id='word_1_591' title='bbox 1720 1946 1838 1982; x_wconf 89' lang='lat' dir='ltr'>quam</span> <span class='ocrx_word' id='word_1_592' title='bbox 1869 1934 1968 1971; x_wconf 88' lang='lat' dir='ltr'>circa</span> <span class='ocrx_word' id='word_1_593' title='bbox 2002 1934 2328 1983; x_wconf 90' lang='lat' dir='ltr'>concupiscentias</span> <span class='ocrx_word' id='word_1_594' title='bbox 2357 1947 2424 1971; x_wconf 89' lang='lat' dir='ltr'>seu</span> <span class='ocrx_word' id='word_1_595' title='bbox 2455 1935 2519 1972; x_wconf 93' lang='lat' dir='ltr'>de-</span> 
     </span>
     <span class='ocr_line' id='line_1_90' title="bbox 1444 1988 2518 2037; baseline 0 -11"><span class='ocrx_word' id='word_1_596' title='bbox 1444 1988 1665 2026; x_wconf 85' lang='lat' dir='ltr'>lectationes</span> <span class='ocrx_word' id='word_1_597' title='bbox 1700 1988 1903 2025; x_wconf 84' lang='lat' dir='ltr'>naturales.</span> <span class='ocrx_word' id='word_1_598' title='bbox 1940 1988 2096 2035; x_wconf 90' lang='lat' dir='ltr'>Quanto</span> <span class='ocrx_word' id='word_1_599' title='bbox 2126 1996 2254 2025; x_wconf 90' lang='lat' dir='ltr'>autem</span> <span class='ocrx_word' id='word_1_600' title='bbox 2287 1988 2378 2025; x_wconf 92' lang='lat' dir='ltr'>illud</span> <span class='ocrx_word' id='word_1_601' title='bbox 2413 1988 2518 2037; x_wconf 89' lang='lat' dir='ltr'>quod</span> 
     </span>
     <span class='ocr_line' id='line_1_91' title="bbox 1445 2041 2519 2090; baseline -0.001 -11"><span class='ocrx_word' id='word_1_602' title='bbox 1445 2049 1669 2079; x_wconf 89' lang='lat' dir='ltr'>commovet</span> <span class='ocrx_word' id='word_1_603' title='bbox 1697 2042 1745 2079; x_wconf 90' lang='lat' dir='ltr'>ad</span> <span class='ocrx_word' id='word_1_604' title='bbox 1765 2041 2005 2090; x_wconf 92' lang='lat' dir='ltr'>peccandum</span> <span class='ocrx_word' id='word_1_605' title='bbox 2028 2041 2183 2079; x_wconf 92' lang='lat' dir='ltr'>videtur</span> <span class='ocrx_word' id='word_1_606' title='bbox 2202 2054 2284 2078; x_wconf 91' lang='lat' dir='ltr'>esse</span> <span class='ocrx_word' id='word_1_607' title='bbox 2314 2042 2434 2090; x_wconf 88' lang='lat' dir='ltr'>magis</span> <span class='ocrx_word' id='word_1_608' title='bbox 2455 2054 2519 2079; x_wconf 88' lang='lat' dir='ltr'>ne-</span> 
     </span>
     <span class='ocr_line' id='line_1_92' title="bbox 1445 2095 2520 2144; baseline -0.001 -11"><span class='ocrx_word' id='word_1_609' title='bbox 1445 2096 1663 2143; x_wconf 87' lang='lat' dir='ltr'>cessarium,</span> <span class='ocrx_word' id='word_1_610' title='bbox 1684 2103 1788 2132; x_wconf 88' lang='lat' dir='ltr'>tanto</span> <span class='ocrx_word' id='word_1_611' title='bbox 1808 2103 2009 2144; x_wconf 90' lang='lat' dir='ltr'>peccatum</span> <span class='ocrx_word' id='word_1_612' title='bbox 2036 2095 2157 2132; x_wconf 89' lang='lat' dir='ltr'>levius</span> <span class='ocrx_word' id='word_1_613' title='bbox 2178 2103 2244 2133; x_wconf 94' lang='lat' dir='ltr'>est.</span> <span class='ocrx_word' id='word_1_614' title='bbox 2275 2096 2324 2132; x_wconf 91' lang='lat' dir='ltr'>Et</span> <span class='ocrx_word' id='word_1_615' title='bbox 2349 2095 2437 2133; x_wconf 91' lang='lat' dir='ltr'>ideo</span> <span class='ocrx_word' id='word_1_616' title='bbox 2466 2096 2520 2133; x_wconf 93' lang='lat' dir='ltr'>in-</span> 
     </span>
     <span class='ocr_line' id='line_1_93' title="bbox 1444 2148 2520 2199; baseline -0.001 -12"><span class='ocrx_word' id='word_1_617' title='bbox 1444 2148 1696 2199; x_wconf 89' lang='lat' dir='ltr'>temperantia</span> <span class='ocrx_word' id='word_1_618' title='bbox 1735 2156 1790 2185; x_wconf 92' lang='lat' dir='ltr'>est</span> <span class='ocrx_word' id='word_1_619' title='bbox 1824 2148 1978 2197; x_wconf 87' lang='lat' dir='ltr'>gravius</span> <span class='ocrx_word' id='word_1_620' title='bbox 2012 2148 2149 2186; x_wconf 90' lang='lat' dir='ltr'>vitium</span> <span class='ocrx_word' id='word_1_621' title='bbox 2185 2161 2302 2198; x_wconf 89' lang='lat' dir='ltr'>quam</span> <span class='ocrx_word' id='word_1_622' title='bbox 2339 2148 2520 2186; x_wconf 90' lang='lat' dir='ltr'>timiditas</span> 
     </span>
     <span class='ocr_line' id='line_1_94' title="bbox 1445 2201 2347 2252; baseline 0 -12"><span class='ocrx_word' id='word_1_623' title='bbox 1445 2216 1491 2240; x_wconf 83' lang='lat' dir='ltr'>ex</span> <span class='ocrx_word' id='word_1_624' title='bbox 1519 2211 1625 2252; x_wconf 87' lang='lat' dir='ltr'>parte</span> <span class='ocrx_word' id='word_1_625' title='bbox 1654 2201 1792 2240; x_wconf 91' lang='lat' dir='ltr'>obiecti</span> <span class='ocrx_word' id='word_1_626' title='bbox 1822 2202 1902 2239; x_wconf 91' lang='lat' dir='ltr'>sive</span> <span class='ocrx_word' id='word_1_627' title='bbox 1932 2201 2113 2239; x_wconf 86' lang='lat' dir='ltr'>materiae</span> <span class='ocrx_word' id='word_1_628' title='bbox 2143 2202 2347 2240; x_wconf 89' lang='lat' dir='ltr'>moventis.</span> 
     </span>
     <span class='ocr_line' id='line_1_95' title="bbox 1500 2255 2520 2304; baseline 0 -11"><span class='ocrx_word' id='word_1_629' title='bbox 1500 2256 1679 2294; x_wconf 91' lang='lat' dir='ltr'>Similiter</span> <span class='ocrx_word' id='word_1_630' title='bbox 1698 2255 1813 2293; x_wconf 88' lang='lat' dir='ltr'>etiarn</span> <span class='ocrx_word' id='word_1_631' title='bbox 1835 2263 1871 2292; x_wconf 91' lang='lat' dir='ltr'>et</span> <span class='ocrx_word' id='word_1_632' title='bbox 1899 2268 1944 2292; x_wconf 88' lang='lat' dir='ltr'>ex</span> <span class='ocrx_word' id='word_1_633' title='bbox 1973 2263 2080 2304; x_wconf 89' lang='lat' dir='ltr'>parte</span> <span class='ocrx_word' id='word_1_634' title='bbox 2101 2256 2218 2304; x_wconf 92' lang='lat' dir='ltr'>ipsius</span> <span class='ocrx_word' id='word_1_635' title='bbox 2246 2256 2414 2293; x_wconf 92' lang='lat' dir='ltr'>hominis</span> <span class='ocrx_word' id='word_1_636' title='bbox 2433 2268 2520 2304; x_wconf 91' lang='lat' dir='ltr'>pec-</span> 
     </span>
     <span class='ocr_line' id='line_1_96' title="bbox 1446 2308 2520 2359; baseline 0 -12"><span class='ocrx_word' id='word_1_637' title='bbox 1446 2310 1576 2347; x_wconf 90' lang='lat' dir='ltr'>cantis.</span> <span class='ocrx_word' id='word_1_638' title='bbox 1598 2311 1647 2346; x_wconf 92' lang='lat' dir='ltr'>Et</span> <span class='ocrx_word' id='word_1_639' title='bbox 1666 2310 1741 2346; x_wconf 94' lang='lat' dir='ltr'>hoc</span> <span class='ocrx_word' id='word_1_640' title='bbox 1761 2309 1895 2358; x_wconf 89' lang='lat' dir='ltr'>triplici</span> <span class='ocrx_word' id='word_1_641' title='bbox 1915 2308 2072 2346; x_wconf 91' lang='lat' dir='ltr'>ratione.</span> <span class='ocrx_word' id='word_1_642' title='bbox 2095 2309 2225 2346; x_wconf 91' lang='lat' dir='ltr'>Primo</span> <span class='ocrx_word' id='word_1_643' title='bbox 2246 2309 2414 2358; x_wconf 91' lang='lat' dir='ltr'>quidem,</span> <span class='ocrx_word' id='word_1_644' title='bbox 2431 2310 2520 2359; x_wconf 89' lang='lat' dir='ltr'>quia</span> 
     </span>
     <span class='ocr_line' id='line_1_97' title="bbox 1445 2363 2520 2414; baseline -0.001 -13"><span class='ocrx_word' id='word_1_645' title='bbox 1445 2371 1588 2414; x_wconf 89' lang='lat' dir='ltr'>quanto</span> <span class='ocrx_word' id='word_1_646' title='bbox 1618 2363 1677 2400; x_wconf 89' lang='lat' dir='ltr'>ille</span> <span class='ocrx_word' id='word_1_647' title='bbox 1713 2363 1777 2412; x_wconf 93' lang='lat' dir='ltr'>qui</span> <span class='ocrx_word' id='word_1_648' title='bbox 1815 2371 1948 2412; x_wconf 88' lang='lat' dir='ltr'>peccat</span> <span class='ocrx_word' id='word_1_649' title='bbox 1980 2363 2101 2411; x_wconf 89' lang='lat' dir='ltr'>magis</span> <span class='ocrx_word' id='word_1_650' title='bbox 2140 2371 2195 2400; x_wconf 90' lang='lat' dir='ltr'>est</span> <span class='ocrx_word' id='word_1_651' title='bbox 2229 2375 2391 2412; x_wconf 90' lang='lat' dir='ltr'>compos</span> <span class='ocrx_word' id='word_1_652' title='bbox 2429 2376 2520 2400; x_wconf 88' lang='lat' dir='ltr'>suae</span> 
     </span>
     <span class='ocr_line' id='line_1_98' title="bbox 1446 2416 2520 2465; baseline 0 -11"><span class='ocrx_word' id='word_1_653' title='bbox 1446 2417 1596 2463; x_wconf 89' lang='lat' dir='ltr'>mentis,</span> <span class='ocrx_word' id='word_1_654' title='bbox 1617 2425 1721 2454; x_wconf 92' lang='lat' dir='ltr'>tanto</span> <span class='ocrx_word' id='word_1_655' title='bbox 1751 2416 1902 2465; x_wconf 89' lang='lat' dir='ltr'>gravius</span> <span class='ocrx_word' id='word_1_656' title='bbox 1931 2424 2082 2465; x_wconf 90' lang='lat' dir='ltr'>peccat:</span> <span class='ocrx_word' id='word_1_657' title='bbox 2114 2416 2215 2454; x_wconf 92' lang='lat' dir='ltr'>unde</span> <span class='ocrx_word' id='word_1_658' title='bbox 2243 2417 2413 2454; x_wconf 88' lang='lat' dir='ltr'>alienatis</span> <span class='ocrx_word' id='word_1_659' title='bbox 2442 2430 2520 2454; x_wconf 93' lang='lat' dir='ltr'>non</span> 
     </span>
     <span class='ocr_line' id='line_1_99' title="bbox 1445 2470 2520 2521; baseline -0.002 -12"><span class='ocrx_word' id='word_1_660' title='bbox 1445 2473 1682 2521; x_wconf 91' lang='lat' dir='ltr'>imputantur</span> <span class='ocrx_word' id='word_1_661' title='bbox 1709 2478 1877 2520; x_wconf 89' lang='lat' dir='ltr'>peccata.</span> <span class='ocrx_word' id='word_1_662' title='bbox 1914 2470 2094 2507; x_wconf 90' lang='lat' dir='ltr'>Timores</span> <span class='ocrx_word' id='word_1_663' title='bbox 2132 2478 2259 2507; x_wconf 87' lang='lat' dir='ltr'>autem</span> <span class='ocrx_word' id='word_1_664' title='bbox 2290 2479 2326 2507; x_wconf 87' lang='lat' dir='ltr'>et</span> <span class='ocrx_word' id='word_1_665' title='bbox 2354 2470 2520 2507; x_wconf 87' lang='lat' dir='ltr'>tristitiae</span> 
     </span>
     <span class='ocr_line' id='line_1_100' title="bbox 1445 2523 2522 2575; baseline -0.002 -13"><span class='ocrx_word' id='word_1_666' title='bbox 1445 2538 1594 2575; x_wconf 72' lang='lat' dir='ltr'>graves,</span> <span class='ocrx_word' id='word_1_667' title='bbox 1612 2532 1648 2561; x_wconf 92' lang='lat' dir='ltr'>et</span> <span class='ocrx_word' id='word_1_668' title='bbox 1667 2524 1832 2561; x_wconf 85' lang='lat' dir='ltr'>maxime</span> <span class='ocrx_word' id='word_1_669' title='bbox 1853 2524 1890 2560; x_wconf 93' lang='lat' dir='ltr'>in</span> <span class='ocrx_word' id='word_1_670' title='bbox 1910 2523 2086 2572; x_wconf 89' lang='lat' dir='ltr'>periculis</span> <span class='ocrx_word' id='word_1_671' title='bbox 2106 2524 2251 2569; x_wconf 86' lang='lat' dir='ltr'>mortis,</span> <span class='ocrx_word' id='word_1_672' title='bbox 2269 2524 2522 2573; x_wconf 89' lang='lat' dir='ltr'>stupefaciunt</span> 
     </span>
    </p>
   </div>
   <div class='ocr_carea' id='block_1_33' title="bbox 1418 2577 2519 2627">
    <p class='ocr_par' dir='ltr' id='par_1_39' title="bbox 1418 2577 2519 2627">
     <span class='ocr_line' id='line_1_101' title="bbox 1418 2577 2519 2627; baseline -0.003 -10"><span class='ocrx_word' id='word_1_673' title='bbox 1418 2581 1420 2617; x_wconf 60' lang='lat' dir='ltr'>ss</span> <span class='ocrx_word' id='word_1_674' title='bbox 1447 2586 1616 2616; x_wconf 93' lang='lat' dir='ltr'>mentem</span> <span class='ocrx_word' id='word_1_675' title='bbox 1634 2577 1811 2615; x_wconf 91' lang='lat' dir='ltr'>hominis.</span> <span class='ocrx_word' id='word_1_676' title='bbox 1843 2577 1959 2625; x_wconf 91' lang='lat' dir='ltr'>Quod</span> <span class='ocrx_word' id='word_1_677' title='bbox 1985 2590 2062 2614; x_wconf 91' lang='lat' dir='ltr'>non</span> <span class='ocrx_word' id='word_1_678' title='bbox 2083 2577 2169 2614; x_wconf 89' lang='lat' dir='ltr'>facit</span> <span class='ocrx_word' id='word_1_679' title='bbox 2192 2577 2404 2624; x_wconf 90' lang='lat' dir='ltr'>delectatio,</span> <span class='ocrx_word' id='word_1_680' title='bbox 2421 2590 2519 2627; x_wconf 89' lang='lat' dir='ltr'>quae</span> 
     </span>
    </p>
   </div>
   <div class='ocr_carea' id='block_1_34' title="bbox 1447 2630 2520 2950">
    <p class='ocr_par' dir='ltr' id='par_1_40' title="bbox 1447 2630 2031 2681">
     <span class='ocr_line' id='line_1_102' title="bbox 1447 2630 2031 2681; baseline -0.007 -10"><span class='ocrx_word' id='word_1_681' title='bbox 1447 2641 1581 2671; x_wconf 92' lang='lat' dir='ltr'>movet</span> <span class='ocrx_word' id='word_1_682' title='bbox 1609 2632 1658 2669; x_wconf 91' lang='lat' dir='ltr'>ad</span> <span class='ocrx_word' id='word_1_683' title='bbox 1686 2630 2031 2681; x_wconf 90' lang='lat' dir='ltr'>intemperantiam.</span> 
     </span>
    </p>

    <p class='ocr_par' dir='ltr' id='par_1_41' title="bbox 1447 2675 2520 2950">
     <span class='ocr_line' id='line_1_103' title="bbox 1503 2675 2519 2734; baseline -0.003 -11"><span class='ocrx_word' id='word_1_684' title='bbox 1503 2685 1698 2732; x_wconf 90' lang='lat' dir='ltr'>Secundo,</span> <span class='ocrx_word' id='word_1_685' title='bbox 1715 2685 1805 2734; x_wconf 90' lang='lat' dir='ltr'>quia</span> <span class='ocrx_word' id='word_1_686' title='bbox 1820 2675 1963 2733; x_wconf 72' lang='lat' dir='ltr'>quanto</span> <span class='ocrx_word' id='word_1_687' title='bbox 1979 2684 2135 2732; x_wconf 87' lang='lat' dir='ltr'>aliquod</span> <span class='ocrx_word' id='word_1_688' title='bbox 2151 2692 2350 2732; x_wconf 90' lang='lat' dir='ltr'>peccatum</span> <span class='ocrx_word' id='word_1_689' title='bbox 2369 2692 2424 2720; x_wconf 91' lang='lat' dir='ltr'>est</span> <span class='ocrx_word' id='word_1_690' title='bbox 2438 2696 2519 2720; x_wconf 92' lang='lat' dir='ltr'>ma-</span> 
     </span>
     <span class='ocr_line' id='line_1_104' title="bbox 1447 2737 2520 2789; baseline -0.003 -12"><span class='ocrx_word' id='word_1_691' title='bbox 1447 2740 1502 2789; x_wconf 91' lang='lat' dir='ltr'>gis</span> <span class='ocrx_word' id='word_1_692' title='bbox 1522 2739 1795 2785; x_wconf 90' lang='lat' dir='ltr'>voluntarium,</span> <span class='ocrx_word' id='word_1_693' title='bbox 1820 2746 1924 2775; x_wconf 88' lang='lat' dir='ltr'>tanto</span> <span class='ocrx_word' id='word_1_694' title='bbox 1946 2746 2001 2774; x_wconf 92' lang='lat' dir='ltr'>est</span> <span class='ocrx_word' id='word_1_695' title='bbox 2027 2737 2193 2785; x_wconf 89' lang='lat' dir='ltr'>gravius.</span> <span class='ocrx_word' id='word_1_696' title='bbox 2225 2737 2520 2786; x_wconf 89' lang='lat' dir='ltr'>Intemperantia</span> 
     </span>
     <span class='ocr_line' id='line_1_105' title="bbox 1448 2790 2518 2841; baseline -0.004 -10"><span class='ocrx_word' id='word_1_697' title='bbox 1448 2803 1577 2831; x_wconf 89' lang='lat' dir='ltr'>autem</span> <span class='ocrx_word' id='word_1_698' title='bbox 1611 2793 1726 2829; x_wconf 89' lang='lat' dir='ltr'>habet</span> <span class='ocrx_word' id='word_1_699' title='bbox 1755 2793 1839 2841; x_wconf 92' lang='lat' dir='ltr'>plus</span> <span class='ocrx_word' id='word_1_700' title='bbox 1868 2791 1914 2829; x_wconf 93' lang='lat' dir='ltr'>de</span> <span class='ocrx_word' id='word_1_701' title='bbox 1940 2791 2156 2828; x_wconf 89' lang='lat' dir='ltr'>voluntario</span> <span class='ocrx_word' id='word_1_702' title='bbox 2185 2803 2302 2839; x_wconf 90' lang='lat' dir='ltr'>quam</span> <span class='ocrx_word' id='word_1_703' title='bbox 2327 2790 2518 2828; x_wconf 89' lang='lat' dir='ltr'>timiditas.</span> 
     </span>
     <span class='ocr_line' id='line_1_106' title="bbox 1449 2844 2519 2895; baseline -0.005 -10"><span class='ocrx_word' id='word_1_704' title='bbox 1449 2848 1498 2885; x_wconf 91' lang='lat' dir='ltr'>Et</span> <span class='ocrx_word' id='word_1_705' title='bbox 1518 2848 1594 2884; x_wconf 91' lang='lat' dir='ltr'>hoc</span> <span class='ocrx_word' id='word_1_706' title='bbox 1615 2845 1755 2895; x_wconf 90' lang='lat' dir='ltr'>duplici</span> <span class='ocrx_word' id='word_1_707' title='bbox 1775 2845 1932 2882; x_wconf 89' lang='lat' dir='ltr'>ratione.</span> <span class='ocrx_word' id='word_1_708' title='bbox 1962 2845 2048 2882; x_wconf 92' lang='lat' dir='ltr'>Uno</span> <span class='ocrx_word' id='word_1_709' title='bbox 2078 2844 2210 2891; x_wconf 88' lang='lat' dir='ltr'>modo,</span> <span class='ocrx_word' id='word_1_710' title='bbox 2231 2844 2321 2892; x_wconf 89' lang='lat' dir='ltr'>quia</span> <span class='ocrx_word' id='word_1_711' title='bbox 2350 2857 2395 2881; x_wconf 91' lang='lat' dir='ltr'>ea</span> <span class='ocrx_word' id='word_1_712' title='bbox 2421 2857 2519 2892; x_wconf 90' lang='lat' dir='ltr'>quae</span> 
     </span>
     <span class='ocr_line' id='line_1_107' title="bbox 1448 2898 2520 2950; baseline -0.004 -12"><span class='ocrx_word' id='word_1_713' title='bbox 1448 2914 1517 2950; x_wconf 90' lang='lat' dir='ltr'>per</span> <span class='ocrx_word' id='word_1_714' title='bbox 1544 2901 1721 2937; x_wconf 91' lang='lat' dir='ltr'>timorem</span> <span class='ocrx_word' id='word_1_715' title='bbox 1742 2899 1839 2936; x_wconf 91' lang='lat' dir='ltr'>fiunt</span> <span class='ocrx_word' id='word_1_716' title='bbox 1858 2898 2088 2947; x_wconf 91' lang='lat' dir='ltr'>principium</span> <span class='ocrx_word' id='word_1_717' title='bbox 2117 2898 2259 2935; x_wconf 89' lang='lat' dir='ltr'>habent</span> <span class='ocrx_word' id='word_1_718' title='bbox 2278 2898 2326 2934; x_wconf 94' lang='lat' dir='ltr'>ab</span> <span class='ocrx_word' id='word_1_719' title='bbox 2347 2898 2520 2935; x_wconf 84' lang='lat' dir='ltr'>exteriori</span> 
     </span>
    </p>
   </div>
   <div class='ocr_carea' id='block_1_35' title="bbox 1420 2951 2557 3054">
    <p class='ocr_par' dir='ltr' id='par_1_42' title="bbox 1420 2951 2557 3054">
     <span class='ocr_line' id='line_1_108' title="bbox 1420 2951 2518 3004; baseline -0.004 -13"><span class='ocrx_word' id='word_1_720' title='bbox 1420 2967 1423 2976; x_wconf 71' lang='lat'><strong>⁴</strong></span> <span class='ocrx_word' id='word_1_721' title='bbox 1449 2954 1687 3004; x_wconf 87' lang='lat' dir='ltr'>impellente:</span> <span class='ocrx_word' id='word_1_722' title='bbox 1715 2953 1817 2990; x_wconf 91' lang='lat' dir='ltr'>unde</span> <span class='ocrx_word' id='word_1_723' title='bbox 1838 2965 1916 2989; x_wconf 93' lang='lat' dir='ltr'>non</span> <span class='ocrx_word' id='word_1_724' title='bbox 1937 2960 2024 2989; x_wconf 90' lang='lat' dir='ltr'>sunt</span> <span class='ocrx_word' id='word_1_725' title='bbox 2052 2951 2269 3000; x_wconf 89' lang='lat' dir='ltr'>simpliciter</span> <span class='ocrx_word' id='word_1_726' title='bbox 2291 2951 2518 2998; x_wconf 89' lang='lat' dir='ltr'>voluntaria,</span> 
     </span>
     <span class='ocr_line' id='line_1_109' title="bbox 1449 3004 2557 3054; baseline -0.004 -9"><span class='ocrx_word' id='word_1_727' title='bbox 1449 3007 1516 3045; x_wconf 90' lang='lat' dir='ltr'>sed</span> <span class='ocrx_word' id='word_1_728' title='bbox 1531 3007 1658 3054; x_wconf 86' lang='lat' dir='ltr'>mixta,</span> <span class='ocrx_word' id='word_1_729' title='bbox 1675 3014 1717 3043; x_wconf 90' lang='lat' dir='ltr'>ut</span> <span class='ocrx_word' id='word_1_730' title='bbox 1736 3006 1871 3044; x_wconf 89' lang='lat' dir='ltr'>dicitur</span> <span class='ocrx_word' id='word_1_731' title='bbox 1886 3005 1924 3043; x_wconf 93' lang='lat' dir='ltr'>in</span> <span class='ocrx_word' id='word_1_732' title='bbox 1945 3007 1994 3043; x_wconf 94' lang='lat' dir='ltr'>III</span> <span class='ocrx_word' id='word_1_733' title='bbox 2009 3006 2130 3043; x_wconf 86' lang='lat' dir='ltr'>Ethic.</span> <span class='ocrx_word' id='word_1_734' title='bbox 2151 3004 2171 3026; x_wconf 77' lang='lat'>&#39;¹‘</span> <span class='ocrx_word' id='word_1_735' title='bbox 2198 3005 2256 3042; x_wconf 90' lang='lat' dir='ltr'>Ea</span> <span class='ocrx_word' id='word_1_736' title='bbox 2276 3013 2405 3041; x_wconf 90' lang='lat' dir='ltr'>autem</span> <span class='ocrx_word' id='word_1_737' title='bbox 2420 3017 2519 3052; x_wconf 89' lang='lat' dir='ltr'>quae</span> <span class='ocrx_word' id='word_1_738' title='bbox 2549 3017 2557 3024; x_wconf 90' lang='lat'><strong>·</strong></span> 
     </span>
    </p>
   </div>
   <div class='ocr_carea' id='block_1_36' title="bbox 1449 3058 2521 3161">
    <p class='ocr_par' dir='ltr' id='par_1_43' title="bbox 1449 3058 2521 3161">
     <span class='ocr_line' id='line_1_110' title="bbox 1449 3058 2521 3111; baseline -0.005 -13"><span class='ocrx_word' id='word_1_739' title='bbox 1449 3075 1518 3111; x_wconf 91' lang='lat' dir='ltr'>per</span> <span class='ocrx_word' id='word_1_740' title='bbox 1547 3060 1837 3098; x_wconf 91' lang='lat' dir='ltr'>delectationem</span> <span class='ocrx_word' id='word_1_741' title='bbox 1867 3060 1964 3096; x_wconf 90' lang='lat' dir='ltr'>fiunt</span> <span class='ocrx_word' id='word_1_742' title='bbox 1988 3067 2074 3096; x_wconf 89' lang='lat' dir='ltr'>sunt</span> <span class='ocrx_word' id='word_1_743' title='bbox 2099 3058 2319 3107; x_wconf 91' lang='lat' dir='ltr'>simpliciter</span> <span class='ocrx_word' id='word_1_744' title='bbox 2346 3058 2521 3095; x_wconf 90' lang='lat' dir='ltr'>volunta-</span> 
     </span>
     <span class='ocr_line' id='line_1_111' title="bbox 1449 3111 2521 3161; baseline -0.005 -9"><span class='ocrx_word' id='word_1_745' title='bbox 1449 3115 1515 3152; x_wconf 92' lang='lat' dir='ltr'>ria.</span> <span class='ocrx_word' id='word_1_746' title='bbox 1532 3136 1556 3153; x_wconf 82' lang='grc'>-,</span> <span class='ocrx_word' id='word_1_747' title='bbox 1583 3114 1668 3151; x_wconf 89' lang='lat' dir='ltr'>Alio</span> <span class='ocrx_word' id='word_1_748' title='bbox 1698 3114 1829 3160; x_wconf 90' lang='lat' dir='ltr'>modo,</span> <span class='ocrx_word' id='word_1_749' title='bbox 1846 3113 1935 3161; x_wconf 89' lang='lat' dir='ltr'>quia</span> <span class='ocrx_word' id='word_1_750' title='bbox 1964 3125 2010 3149; x_wconf 90' lang='lat' dir='ltr'>ea</span> <span class='ocrx_word' id='word_1_751' title='bbox 2037 3124 2135 3161; x_wconf 91' lang='lat' dir='ltr'>quae</span> <span class='ocrx_word' id='word_1_752' title='bbox 2165 3119 2252 3148; x_wconf 89' lang='lat' dir='ltr'>sunt</span> <span class='ocrx_word' id='word_1_753' title='bbox 2278 3111 2521 3160; x_wconf 89' lang='lat' dir='ltr'>intemperati</span> 
     </span>
    </p>
   </div>
   <div class='ocr_carea' id='block_1_37' title="bbox 1422 3164 2521 3259">
    <p class='ocr_par' dir='ltr' id='par_1_44' title="bbox 1422 3164 2521 3259">
     <span class='ocr_line' id='line_1_112' title="bbox 1422 3164 2519 3216; baseline -0.004 -10"><span class='ocrx_word' id='word_1_754' title='bbox 1422 3205 1423 3216; x_wconf 23' lang='lat'>¹</span> <span class='ocrx_word' id='word_1_755' title='bbox 1450 3177 1536 3206; x_wconf 90' lang='lat' dir='ltr'>sunt</span> <span class='ocrx_word' id='word_1_756' title='bbox 1555 3167 1676 3216; x_wconf 88' lang='lat' dir='ltr'>magis</span> <span class='ocrx_word' id='word_1_757' title='bbox 1696 3166 1910 3204; x_wconf 88' lang='lat' dir='ltr'>voluntaria</span> <span class='ocrx_word' id='word_1_758' title='bbox 1929 3166 1967 3203; x_wconf 92' lang='lat' dir='ltr'>in</span> <span class='ocrx_word' id='word_1_759' title='bbox 1986 3164 2212 3215; x_wconf 89' lang='lat' dir='ltr'>particulari,</span> <span class='ocrx_word' id='word_1_760' title='bbox 2234 3165 2362 3201; x_wconf 89' lang='lat' dir='ltr'>minus</span> <span class='ocrx_word' id='word_1_761' title='bbox 2391 3173 2519 3202; x_wconf 91' lang='lat' dir='ltr'>autem</span> 
     </span>
     <span class='ocr_line' id='line_1_113' title="bbox 1422 3218 2521 3259; baseline -0.005 0"><span class='ocrx_word' id='word_1_762' title='bbox 1422 3245 1423 3254; x_wconf 32' lang='grc' dir='ltr'><strong>κ</strong></span> <span class='ocrx_word' id='word_1_763' title='bbox 1449 3221 1664 3259; x_wconf 91' lang='lat' dir='ltr'>voluntaria</span> <span class='ocrx_word' id='word_1_764' title='bbox 1684 3220 1721 3257; x_wconf 92' lang='lat' dir='ltr'>in</span> <span class='ocrx_word' id='word_1_765' title='bbox 1742 3218 1967 3257; x_wconf 86' lang='lat' dir='ltr'>universali:</span> <span class='ocrx_word' id='word_1_766' title='bbox 1989 3219 2114 3256; x_wconf 91' lang='lat' dir='ltr'>nullus</span> <span class='ocrx_word' id='word_1_767' title='bbox 2131 3218 2233 3255; x_wconf 91' lang='lat' dir='ltr'>enim</span> <span class='ocrx_word' id='word_1_768' title='bbox 2253 3218 2368 3255; x_wconf 88' lang='lat' dir='ltr'>vellet</span> <span class='ocrx_word' id='word_1_769' title='bbox 2386 3218 2521 3255; x_wconf 90' lang='lat' dir='ltr'>intem-</span> 
     </span>
    </p>
   </div>
   <div class='ocr_carea' id='block_1_38' title="bbox 1449 3271 2521 3472">
    <p class='ocr_par' dir='ltr' id='par_1_45' title="bbox 1449 3271 2521 3472">
     <span class='ocr_line' id='line_1_114' title="bbox 1450 3271 2521 3324; baseline -0.004 -12"><span class='ocrx_word' id='word_1_770' title='bbox 1450 3282 1603 3324; x_wconf 90' lang='lat' dir='ltr'>peratus</span> <span class='ocrx_word' id='word_1_771' title='bbox 1637 3287 1738 3319; x_wconf 88' lang='lat' dir='ltr'>esse;</span> <span class='ocrx_word' id='word_1_772' title='bbox 1768 3273 1926 3310; x_wconf 88' lang='lat' dir='ltr'>allicitur</span> <span class='ocrx_word' id='word_1_773' title='bbox 1944 3277 1956 3293; x_wconf 84' lang='lat'>⁸</span> <span class='ocrx_word' id='word_1_774' title='bbox 1984 3280 2114 3309; x_wconf 91' lang='lat' dir='ltr'>tamen</span> <span class='ocrx_word' id='word_1_775' title='bbox 2133 3272 2253 3308; x_wconf 91' lang='lat' dir='ltr'>homo</span> <span class='ocrx_word' id='word_1_776' title='bbox 2279 3284 2302 3308; x_wconf 91' lang='lat' dir='ltr'>a</span> <span class='ocrx_word' id='word_1_777' title='bbox 2327 3271 2521 3320; x_wconf 89' lang='lat' dir='ltr'>singulari-</span> 
     </span>
     <span class='ocr_line' id='line_1_115' title="bbox 1450 3325 2521 3375; baseline -0.003 -10"><span class='ocrx_word' id='word_1_778' title='bbox 1450 3330 1522 3366; x_wconf 93' lang='lat' dir='ltr'>bus</span> <span class='ocrx_word' id='word_1_779' title='bbox 1543 3327 1839 3374; x_wconf 89' lang='lat' dir='ltr'>delectabilibus,</span> <span class='ocrx_word' id='word_1_780' title='bbox 1857 3338 1955 3374; x_wconf 87' lang='lat' dir='ltr'>quae</span> <span class='ocrx_word' id='word_1_781' title='bbox 1976 3325 2271 3375; x_wconf 89' lang='lat' dir='ltr'>intemperatum</span> <span class='ocrx_word' id='word_1_782' title='bbox 2292 3325 2434 3362; x_wconf 90' lang='lat' dir='ltr'>faciunt</span> <span class='ocrx_word' id='word_1_783' title='bbox 2452 3326 2521 3362; x_wconf 90' lang='lat' dir='ltr'>ho-</span> 
     </span>
     <span class='ocr_line' id='line_1_116' title="bbox 1451 3378 2521 3429; baseline -0.003 -11"><span class='ocrx_word' id='word_1_784' title='bbox 1451 3382 1608 3419; x_wconf 91' lang='lat' dir='ltr'>minem.</span> <span class='ocrx_word' id='word_1_785' title='bbox 1638 3382 1800 3429; x_wconf 89' lang='lat' dir='ltr'>Propter</span> <span class='ocrx_word' id='word_1_786' title='bbox 1820 3380 1937 3429; x_wconf 84' lang='lat' dir='ltr'>quod,</span> <span class='ocrx_word' id='word_1_787' title='bbox 1959 3379 2008 3416; x_wconf 91' lang='lat' dir='ltr'>ad</span> <span class='ocrx_word' id='word_1_788' title='bbox 2036 3378 2236 3416; x_wconf 89' lang='lat' dir='ltr'>vitandum</span> <span class='ocrx_word' id='word_1_789' title='bbox 2265 3378 2521 3428; x_wconf 91' lang='lat' dir='ltr'>intemperan-</span> 
     </span>
     <span class='ocr_line' id='line_1_117' title="bbox 1449 3432 2521 3472; baseline -0.004 0"><span class='ocrx_word' id='word_1_790' title='bbox 1449 3435 1541 3472; x_wconf 90' lang='lat' dir='ltr'>tiam</span> <span class='ocrx_word' id='word_1_791' title='bbox 1571 3434 1782 3471; x_wconf 86' lang='lat' dir='ltr'>maximum</span> <span class='ocrx_word' id='word_1_792' title='bbox 1804 3433 2019 3471; x_wconf 90' lang='lat' dir='ltr'>remedium</span> <span class='ocrx_word' id='word_1_793' title='bbox 2047 3440 2102 3469; x_wconf 93' lang='lat' dir='ltr'>est</span> <span class='ocrx_word' id='word_1_794' title='bbox 2129 3440 2171 3469; x_wconf 90' lang='lat' dir='ltr'>ut</span> <span class='ocrx_word' id='word_1_795' title='bbox 2189 3444 2268 3469; x_wconf 94' lang='lat' dir='ltr'>non</span> <span class='ocrx_word' id='word_1_796' title='bbox 2297 3432 2521 3469; x_wconf 89' lang='lat' dir='ltr'>immoretur</span> 
     </span>
    </p>
   </div>
   <div class='ocr_carea' id='block_1_39' title="bbox 1505 3547 2295 3618">
    <p class='ocr_par' dir='ltr' id='par_1_46' title="bbox 1505 3547 2295 3618">
     <span class='ocr_line' id='line_1_118' title="bbox 1505 3547 2104 3582; baseline -0.003 -8"><span class='ocrx_word' id='word_1_797' title='bbox 1505 3549 1530 3581; x_wconf 82' lang='grc' dir='ltr'>δ)</span> <span class='ocrx_word' id='word_1_798' title='bbox 1549 3550 1695 3582; x_wconf 77' lang='lat' dir='ltr'>appositas.</span> <span class='ocrx_word' id='word_1_799' title='bbox 1708 3563 1726 3568; x_wconf 93' lang='lat'>-</span> <span class='ocrx_word' id='word_1_800' title='bbox 1745 3549 1883 3581; x_wconf 78' lang='lat' dir='ltr'>oppositas</span> <span class='ocrx_word' id='word_1_801' title='bbox 1901 3547 2104 3572; x_wconf 86' lang='lat' dir='ltr'>PDEGHlKLa.</span> 
     </span>
     <span class='ocr_line' id='line_1_119' title="bbox 1505 3583 2295 3618; baseline -0.005 -7"><span class='ocrx_word' id='word_1_802' title='bbox 1505 3586 1526 3618; x_wconf 80' lang='grc' dir='ltr'>ε)</span> <span class='ocrx_word' id='word_1_803' title='bbox 1546 3586 1674 3611; x_wconf 79' lang='lat' dir='ltr'>allicitur.</span> <span class='ocrx_word' id='word_1_804' title='bbox 1687 3599 1707 3603; x_wconf 98' lang='lat'><em>-</em></span> <span class='ocrx_word' id='word_1_805' title='bbox 1725 3585 1840 3610; x_wconf 75' lang='lat' dir='ltr'>anicitus</span> <span class='ocrx_word' id='word_1_806' title='bbox 1861 3583 2011 3616; x_wconf 82' lang='lat' dir='ltr'>BEFLpAC</span> <span class='ocrx_word' id='word_1_807' title='bbox 2030 3588 2056 3608; x_wconf 92' lang='lat' dir='ltr'>et</span> <span class='ocrx_word' id='word_1_808' title='bbox 2074 3590 2100 3613; x_wconf 84' lang='lat' dir='ltr'>a,</span> <span class='ocrx_word' id='word_1_809' title='bbox 2119 3583 2226 3608; x_wconf 82' lang='lat' dir='ltr'>illicitus</span> <span class='ocrx_word' id='word_1_810' title='bbox 2246 3583 2295 3615; x_wconf 85' lang='lat' dir='ltr'>pK.</span> 
     </span>
    </p>
   </div>
   <div class='ocr_carea' id='block_1_40' title="bbox 2541 406 2711 434">
    <p class='ocr_par' dir='ltr' id='par_1_47' title="bbox 2541 406 2711 434">
     <span class='ocr_line' id='line_1_120' title="bbox 2541 406 2711 434; baseline 0 -7"><span class='ocrx_word' id='word_1_811' title='bbox 2541 406 2551 417; x_wconf 79' lang='lat'>⁸</span> <span class='ocrx_word' id='word_1_812' title='bbox 2566 406 2590 427; x_wconf 89' lang='lat' dir='ltr'>ln</span> <span class='ocrx_word' id='word_1_813' title='bbox 2606 411 2711 434; x_wconf 67' lang='lat' dir='ltr'>corpore.</span> 
     </span>
    </p>
   </div>
   <div class='ocr_carea' id='block_1_41' title="bbox 2543 671 2624 692">
    <p class='ocr_par' dir='ltr' id='par_1_48' title="bbox 2543 671 2624 692">
     <span class='ocr_line' id='line_1_121' title="bbox 2543 671 2624 692; baseline -0.012 0"><span class='ocrx_word' id='word_1_814' title='bbox 2543 674 2552 682; x_wconf 78' lang='lat'>⁸</span> <span class='ocrx_word' id='word_1_815' title='bbox 2567 671 2624 692; x_wconf 84' lang='lat' dir='ltr'>lbid.</span> 
     </span>
    </p>
   </div>
   <div class='ocr_carea' id='block_1_42' title="bbox 2546 1838 2730 1864">
    <p class='ocr_par' dir='ltr' id='par_1_49' title="bbox 2546 1838 2730 1864">
     <span class='ocr_line' id='line_1_122' title="bbox 2546 1838 2730 1864; baseline -0.011 -4"><span class='ocrx_word' id='word_1_816' title='bbox 2546 1839 2555 1848; x_wconf 79' lang='lat'>⁸</span> <span class='ocrx_word' id='word_1_817' title='bbox 2570 1839 2620 1860; x_wconf 85' lang='grc' dir='ltr'>Αη.</span> <span class='ocrx_word' id='word_1_818' title='bbox 2635 1844 2654 1864; x_wconf 78' lang='lat'>2,</span> <span class='ocrx_word' id='word_1_819' title='bbox 2667 1838 2696 1859; x_wconf 83' lang='lat' dir='ltr'>ad</span> <span class='ocrx_word' id='word_1_820' title='bbox 2711 1844 2730 1859; x_wconf 78' lang='lat'>2.</span> 
     </span>
    </p>
   </div>
   <div class='ocr_carea' id='block_1_43' title="bbox 2547 1922 2758 1948">
    <p class='ocr_par' dir='ltr' id='par_1_50' title="bbox 2547 1922 2758 1948">
     <span class='ocr_line' id='line_1_123' title="bbox 2547 1922 2758 1948; baseline -0.009 -3"><span class='ocrx_word' id='word_1_821' title='bbox 2547 1923 2642 1945; x_wconf 79' lang='lat' dir='ltr'>&#39;Cf.loc.</span> <span class='ocrx_word' id='word_1_822' title='bbox 2648 1923 2685 1945; x_wconf 84' lang='lat' dir='ltr'>cit.</span> <span class='ocrx_word' id='word_1_823' title='bbox 2693 1922 2758 1948; x_wconf 59' lang='lat' dir='ltr'>ibid,</span> 
     </span>
    </p>
   </div>
   <div class='ocr_carea' id='block_1_44' title="bbox 2547 1956 2596 1971">
    <p class='ocr_par' dir='ltr' id='par_1_51' title="bbox 2547 1956 2596 1971">
     <span class='ocr_line' id='line_1_124' title="bbox 2547 1956 2596 1971; baseline 0 0"><span class='ocrx_word' id='word_1_824' title='bbox 2547 1956 2568 1971; x_wconf 80' lang='lat' dir='ltr'>n.</span> <span class='ocrx_word' id='word_1_825' title='bbox 2581 1956 2596 1971; x_wconf 88' lang='grc' dir='ltr'>Ι.</span> 
     </span>
    </p>
   </div>
   <div class='ocr_carea' id='block_1_45' title="bbox 2646 1887 2661 1913">
    <p class='ocr_par' dir='ltr' id='par_1_52' title="bbox 2646 1887 2661 1913">
     <span class='ocr_line' id='line_1_125' title="bbox 2646 1887 2661 1913; baseline 0 0"><span class='ocrx_word' id='word_1_826' title='bbox 2646 1887 2661 1913; x_wconf 80' lang='grc' dir='ltr'><strong>δ</strong></span> 
     </span>
    </p>
   </div>
  </div>
 </body>
</html>
