2768 4198
69 775 78 785 “
92 775 162 795 Num.
178 780 193 795 1.

69 1440 79 1451 ⁸
89 1439 145 1467 Cap.
154 1444 203 1462 vni:
213 1438 278 1460 s.Th.

69 1466 119 1488 lect.
127 1471 189 1487 κω.-
195 1465 230 1487 Ct.
240 1465 278 1487 lib.

70 1492 110 1518 VI,
119 1498 145 1514 ca
164 1508 168 1513 .
180 1498 222 1519 xu,
230 1498 280 1519 n.7;

70 1519 135 1541 s.Th.
153 1522 224 1540 ect.x.

73 1880 82 1889 ⁸
95 1878 165 1900 Num.
181 1884 206 1900 n.

73 2107 83 2117 ⁸
96 2106 172 2128 Etr-tc.
187 2106 226 2127 lib.
241 2105 282 2131 ul,

72 2132 281 2187 {gii’le'issi‘ixsq}

75 2315 84 2324 ·
97 2313 155 2334 lbid.
176 2313 215 2334 lib.
232 2312 283 2339 vu,

74 2345 169 2389 {ffp'rllf
175 2345 234 2388 ’10¹2‘1.
239 2345 285 2388 ²1⁴1.ss

81 2973 90 2982 ⁸
105 2973 154 2994 Art.
170 2971 272 2999 praeced.

85 3178 93 3187 ⁸
101 3177 197 3199 Arintot.
208 3177 265 3200 Cale
286 3193 291 3198 .

83 3209 133 3231 cap.
154 3210 205 3230 vui,
220 3210 242 3225 n.
257 3210 268 3225 2
287 3219 292 3224 .

85 3289 94 3298 ⁸
109 3288 144 3309 De
164 3287 295 3315 Affectilnu.

306 293 380 330 256

304 371 337 402 in
366 371 496 402 materia
525 370 750 411 temperantiae
782 368 826 398 uti
855 366 1048 397 continentia
1079 369 1109 394 et
1136 361 1366 412 incontinentia

304 416 502 456 simpliciter,
518 416 551 446 in
575 415 642 446 aliis
666 421 773 445 autem
797 410 933 442 materiis
956 405 1239 456 secundumfluzfi.
1257 422 1276 427 -
1296 404 1367 434 Aha

305 466 413 490 autem
435 459 513 490 ratio
538 469 575 489 ex
598 468 702 489 rerum
727 464 836 487 natura
860 452 1010 484 sumitur:
1035 460 1117 491 quae
1140 460 1173 480 1n
1196 450 1297 479 littera
1320 458 1367 478 as—

305 504 455 544 signatur.
489 503 573 541 Quia
603 502 720 533 scilicet
750 501 788 530 de
818 498 938 529 ratione
968 494 1180 526 continentiae
1209 499 1255 523 est
1278 491 1367 533 quod

306 555 415 578 contra
437 548 638 578 vehementes
655 546 694 576 sit
717 543 888 585 passiones.
905 540 1116 571 Vehementes
1132 544 1239 568 autern
1263 546 1319 576 per
1334 545 1367 566 se
1393 539 1395 546 ⁸

305 592 410 633 primo
434 599 508 623 sunt
530 591 615 622 solae
632 589 786 620 naturales
810 591 953 626 respectu
970 583 1030 615 cibi
1054 589 1084 614 et
1107 588 1204 622 potus
1230 587 1260 611 et
1274 590 1366 611 vene-

306 646 443 667 reorum.
476 634 678 667 Continentia
706 642 780 672 ergo
810 629 1022 671 principaliter
1046 634 1092 658 est
1116 626 1196 657 circa
1221 625 1306 662 istas,
1338 631 1368 655 et
1393 641 1395 670 ᾗ

306 681 386 712 circa
404 680 480 710 alias
501 678 697 710 secundario.
722 677 762 707 Et
777 676 839 705 hoc
855 681 901 705 est
921 673 1021 704 dictu:
1045 672 1124 703 circa
1140 671 1224 708 istas,
1241 669 1367 711 proprie
1393 672 1395 701 ζ

306 732 336 756 et
351 724 547 765 simpliciter;
571 729 600 752 et
617 721 696 752 circa
711 720 796 756 alias,
813 718 989 749 secundum
1003 716 1081 757 quid
1098 722 1128 747 et
1145 714 1367 747 communiter.
1393 730 1395 734 .

362 769 412 799 IV.
438 768 488 798 Ad
516 766 657 807 primum
687 774 760 805 ergo
787 768 1014 803 argumentum
1037 759 1164 791 Martini
1185 760 1212 796 *,
1237 765 1369 800 negatur
1393 798 1395 810 Α

306 812 508 847 antecedens,
536 809 700 850 loquendo
731 809 769 838 de
800 806 992 838 continentia
1020 815 1076 846 per
1107 814 1139 835 se
1170 810 1200 835 et
1229 803 1366 845 proprie.

306 856 469 893 Quoniam
498 854 566 885 talis
597 863 662 883 non
692 851 850 882 invenitur
881 850 940 881 nisi
969 850 1003 880 in
1032 859 1146 890 genere
1176 854 1207 879 et
1237 847 1368 878 materia
1394 856 1395 866 ¹

304 900 426 930 virtutis
459 897 692 938 temperantiae.
725 914 746 920 -
777 896 828 926 Ad
860 895 1084 936 probationem
1115 899 1223 924 autem
1255 892 1369 924 dicitur

305 944 408 985 quod,
432 943 458 973 si
486 942 557 983 quis
587 941 724 982 patiatur
754 939 1012 980 impugnationes
1042 938 1177 969 iustitiae
1205 947 1223 967 a
1251 947 1367 968 concu-

304 987 455 1029 piscentia
484 986 617 1017 alicuius
648 984 854 1021 delectabilis,
880 991 910 1015 et
934 983 1113 1024 frequenter
1142 982 1262 1018 vincat;
1287 981 1368 1018 talis,

305 1032 331 1063 si
353 1032 428 1062 alias
459 1038 541 1062 caret
568 1030 683 1061 virtute
714 1028 867 1065 iustitiae,
893 1028 1085 1069 inquantum
1114 1033 1234 1057 exercet
1263 1033 1369 1057 actum
1394 1025 1396 1055 l

304 1076 440 1111 iustum,
474 1082 520 1106 est
549 1075 652 1105 iustus
683 1074 790 1114 quoad
820 1080 928 1104 actum
958 1079 988 1103 et
1019 1071 1218 1112 dispositive,
1243 1078 1274 1101 et
1303 1081 1369 1101 non
1395 1076 1396 1079 ’

1395 1118 1397 1163 Jy
1423 1116 1500 1153 tivo,
1518 1116 1687 1147 invenitur.
1711 1116 1762 1152 Et,
1780 1115 1927 1156 quamvis
1943 1125 2010 1146 non
2026 1115 2066 1146 sit
2080 1115 2303 1152 necessarium,
2320 1115 2361 1146 ad
2375 1115 2499 1146 bonita-

305 1121 482 1152 secundum
506 1119 647 1160 aliquem
669 1119 804 1159 gradum
822 1117 975 1153 iustitiae;
999 1117 1192 1157 inquantum
1210 1125 1286 1146 vero
1306 1115 1372 1146 vin-

306 1166 347 1196 cit
377 1174 519 1206 pugnam
546 1174 564 1194 a
592 1162 849 1203 concupiscentia
878 1161 1084 1198 delectabilis,
1110 1168 1156 1191 est
1187 1160 1372 1196 continens;

305 1209 489 1250 simpliciter
518 1207 659 1249 quidem,
684 1207 710 1238 si
733 1207 812 1237 illud
843 1213 889 1237 est
917 1205 1099 1237 delectabile
1129 1205 1306 1235 secundum
1329 1211 1372 1235 ta-

306 1261 410 1290 ctum;
435 1253 612 1284 secundum
640 1251 717 1293 quid
747 1261 841 1287 vero,
866 1251 891 1280 si
921 1258 966 1281 est
996 1250 1084 1281 aliter
1115 1249 1311 1286 delectabile,
1336 1256 1372 1280 ut

307 1305 353 1329 est
376 1308 505 1328 munus.
536 1297 628 1328 Vnde
652 1302 738 1337 patet
760 1305 849 1326 ruere
874 1301 975 1326 totam
999 1294 1149 1325 fabricam
1172 1293 1257 1324 illius
1281 1303 1371 1334 argu-

307 1343 416 1374 menti.
441 1343 481 1372 Et
496 1341 577 1372 forte
594 1350 679 1371 error
698 1340 810 1371 accidit
825 1339 891 1370 istis
915 1339 990 1380 quia
1010 1349 1076 1369 non
1100 1339 1267 1368 advertunt
1283 1338 1372 1379 quod

307 1387 428 1417 faciunt
460 1386 607 1416 homines
638 1395 731 1425 saepe
761 1384 843 1414 iusta
874 1394 970 1424 opera
994 1383 1061 1414 sine
1091 1382 1228 1413 iustitiae
1258 1382 1373 1413 virtute

308 1441 363 1462 seu
387 1430 507 1466 habitu,
532 1437 568 1460 ut
590 1436 676 1470 patet
698 1429 730 1459 in
753 1429 782 1459 V
805 1429 909 1459 Ethic.
926 1429 959 1458 *z
985 1435 1015 1458 et
1038 1427 1140 1458 simile
1164 1433 1210 1457 est
1233 1427 1271 1457 de
1296 1437 1372 1467 ope-

308 1476 395 1506 ribus
418 1474 598 1515 temperatis
622 1481 652 1505 et
676 1473 819 1504 fortibus.

364 1520 415 1550 Ad
431 1519 608 1550 secundum
631 1517 745 1548 dicitur
767 1517 858 1558 quod
881 1516 984 1547 maior
1007 1522 1054 1547 est
1077 1525 1150 1546 vera
1172 1515 1198 1545 si
1220 1515 1374 1556 intelliga-

309 1571 360 1595 tur
383 1573 439 1604 per
461 1573 511 1599 se,
536 1562 653 1594 scilicet
683 1563 737 1592 ubi
765 1561 971 1592 inveniuntur
994 1570 1050 1600 per
1073 1570 1106 1590 se
1130 1559 1292 1600 passiones
1315 1559 1373 1590 im-

309 1608 472 1649 pellentes,
489 1614 547 1638 etc.
572 1607 613 1638 Et
628 1613 704 1638 tunc
720 1613 767 1637 est
784 1615 897 1636 verum
920 1606 1009 1646 quod
1032 1604 1075 1635 ibi
1099 1611 1146 1635 est
1169 1604 1374 1641 continentia,

310 1697 404 1728 ctoris
428 1697 468 1727 ad
491 1695 687 1726 delectabilia
710 1694 884 1725 necessaria
907 1693 1091 1724 naturaliter
1114 1703 1181 1723 non
1200 1699 1247 1723 est
1260 1693 1375 1724 volun-

365 1786 416 1815 Ad
444 1784 582 1825 reliqua,
607 1783 768 1814 sufficiunt
795 1782 972 1813 solutiones
1002 1791 1085 1822 quae
1108 1787 1183 1812 sunt
1205 1781 1238 1811 in
1257 1781 1374 1812 littera:

310 1829 583 1870 qualitercumque
607 1827 729 1863 sentiat,
753 1827 804 1857 vel
827 1826 990 1857 dissentiat
1012 1825 1178 1856 Martinus.

365 1874 403 1904 V.
420 1873 471 1903 Ad
487 1872 664 1903 solutiones
687 1871 884 1902 motivorum
903 1870 1022 1900 litterae
1038 1869 1056 1889 '⁸‘
1079 1869 1286 1905 deveniendo,
1302 1869 1377 1900 dici-

310 1924 360 1948 tur
383 1917 472 1958 quod
495 1916 614 1947 solutio
638 1915 750 1946 motivi
767 1925 804 1945 ex
820 1914 1005 1945 auctoritate
1027 1913 1216 1949 Aristotelis,
1233 1912 1377 1944 confuta·
1402 1934 1404 1941 ,

309 1968 370 1998 tur,
388 1961 463 2002 quia
478 1960 655 1991 voluntarie
677 1959 974 2000 aequivocationem
997 1958 1223 1998 temperantiae
1239 1957 1379 1997 imponit

309 2005 480 2036 Aristoteli.
511 2004 558 2035 De
580 2004 633 2034 illa
657 2013 796 2044 namque
824 2002 1032 2043 temperantia
1055 2002 1308 2042 interpretandus
1332 2010 1379 2034 est
1403 2015 1405 2028 r

308 2050 399 2091 loqui
424 2050 462 2079 de
486 2059 550 2090 qua
581 2048 726 2089 superius
756 2054 954 2083 tractaverat,
979 2053 1010 2077 et
1033 2046 1084 2077 cui
1108 2046 1273 2077 materiam
1302 2047 1378 2077 assi—

309 2100 457 2134 gnaverat
471 2094 502 2123 *z
528 2092 681 2134 alioquin,
699 2102 765 2122 non
782 2101 838 2132 per
854 2091 980 2122 notiora
1004 2091 1191 2122 declarasset
1214 2090 1379 2122 materiam

310 2138 538 2174 continentiae,
570 2137 625 2168 sed
657 2137 804 2177 ignotum
838 2146 895 2176 per
926 2135 1087 2176 ignotius,
1121 2135 1256 2166 dicendo
1289 2136 1379 2176 quod

311 2182 504 2214 continentia
541 2188 587 2212 est
619 2182 705 2212 circa
745 2181 803 2212 illa
835 2182 922 2211 circa
955 2190 1038 2221 quae
1069 2185 1116 2211 est
1145 2181 1360 2220 temperantia
1367 2188 1380 2218 ,·

310 2238 385 2258 nam
413 2237 479 2258 non
509 2226 616 2257 minus
646 2226 795 2266 ignotum
818 2232 865 2256 est
887 2225 968 2256 circa
995 2234 1078 2266 quae
1101 2231 1149 2256 est
1170 2225 1380 2265 temperantia

310 2272 363 2302 illa
386 2271 457 2302 ficta
481 2281 539 2312 pro
563 2271 671 2311 gradu.
696 2288 716 2293 -
741 2269 951 2301 Convincitur
974 2279 1106 2310 quoque
1129 2269 1211 2300 hanc
1234 2279 1302 2300 esse
1323 2270 1379 2300 do-

312 2315 444 2348 ctrinam
467 2315 644 2346 Aristotelis
668 2321 783 2355 aperte,
800 2315 878 2345 dum
902 2313 1021 2345 dicit*:
1047 2314 1160 2355 Neque
1183 2314 1267 2344 enim
1292 2314 1380 2345 circa

312 2362 419 2391 omnia
443 2366 489 2391 est
510 2360 698 2400 simpliciter
721 2360 939 2396 incontinens,
962 2359 1019 2390 sed
1042 2359 1129 2390 circa
1153 2368 1237 2399 quae
1266 2359 1379 2390 intem-

986 285 1252 334 QUAESTIO
1282 284 1400 330 CLV,
1428 282 1727 320 ARTICULUS
1756 283 1806 318 III

1414 366 1563 401 per-atus.
1588 360 1722 391 Constat
1745 370 1885 401 namque
1909 361 2008 401 quod,
2026 361 2052 391 si
2068 362 2106 392 de
2124 362 2367 402 intemperantia
2391 362 2490 402 gradu

1421 403 1496 435 ficto
1525 405 1729 445 loqueretur,
1760 405 1849 446 quod
1873 404 1953 435 falso
1984 405 2128 445 dixisset,
2151 406 2265 447 Neque
2294 407 2378 437 enim
2403 407 2490 437 circa

1422 449 1531 479 omnia
1555 454 1601 479 est
1621 447 1807 489 simpliciter
1829 450 2048 480 incontinens:
2071 450 2226 491 quoniam
2249 450 2492 491 intemperantia

1421 493 1538 532 gradus
1569 493 1721 523 omnibus
1744 492 1827 524 vitiis
1859 494 2040 525 communis
2064 500 2120 531 est,
2145 501 2175 525 et
2198 495 2279 526 circa
2302 495 2412 525 omnia
2435 501 2490 526 est.

1478 536 1604 567 Solutio
1620 547 1696 567 vero
1713 537 1844 568 rationis
1859 537 1980 568 litterae
1999 538 2032 568 in
2048 548 2193 579 corpore,
2207 538 2400 576 confutatur,
2411 549 2492 580 quo-

1422 580 1462 611 ad
1477 581 1630 621 primum,
1647 581 1724 622 quia
1739 581 1964 613 delectationes
1978 589 2100 623 gustus,
2117 589 2154 614 ut
2169 590 2216 614 est
2231 583 2364 624 quidam
2379 590 2491 620 tactus,

1422 626 1481 656 sub
1495 625 1702 656 delectatione
1719 632 1820 658 tactus
1836 627 2160 667 comprehenduntur.
2184 628 2226 659 Et
2240 628 2316 669 quia
2331 628 2364 658 in
2379 628 2492 665 littera,

1422 669 1455 699 in
1471 669 1680 710 responsione
1696 670 1736 700 ad
1751 677 1911 711 quartum,
1929 671 2102 712 explicatur
2117 672 2205 713 prius
2228 672 2318 713 quod
2342 673 2438 704 etiam
2454 673 2494 703 ad

1422 721 1534 755 gustus
1558 714 1782 746 delectationes
1805 716 1930 746 extendi
1953 723 2059 756 potest
2082 716 2287 754 continentia,
2315 718 2494 748 secundum

1422 759 1635 791 Aristotelem.
1652 778 1673 783 -
1698 760 1817 798 Quoad
1844 761 2032 797 secundum,
2056 761 2133 802 quia
2161 761 2362 793 vehementia
2377 761 2493 792 intelli-

1422 805 1525 845 genda
1540 811 1587 835 est
1610 805 1789 835 secundum
1804 804 1979 836 subiectam
2003 805 2178 842 materiam,
2196 805 2315 837 scilicet
2337 806 2419 837 infra
2442 805 2494 836 de-

1422 849 1607 880 lectationes
1630 849 1805 885 humanas,
1830 855 1861 880 et
1887 849 1968 879 infra
1991 849 2193 880 latitudinem
2217 850 2376 881 subiectae
2397 857 2495 881 mate—

1423 894 1486 924 riae
1510 894 1634 930 stando,
1664 901 1700 924 ut
1723 893 1816 924 debet
1839 893 1924 930 stari,
1947 893 2028 924 ratio
2052 894 2160 933 currit,
2177 900 2208 925 et
2226 895 2350 926 nullam
2367 895 2462 926 habet
2478 905 2496 925 a

1423 938 1560 969 Mai-tino
1584 938 1784 974 instantiam;
1809 944 1895 978 patet
1917 937 2094 977 responsio.

1479 983 1520 1013 Et
1535 982 1678 1013 similiter
1694 982 1866 1013 dicendum
1882 989 1929 1013 est
1947 981 1986 1013 de
2003 982 2164 1013 solutione
2179 982 2293 1014 motivi
2309 992 2347 1014 ex
2362 982 2497 1014 difficul-

1423 1034 1501 1058 tate:
1527 1027 1644 1058 scilicet
1667 1027 1757 1068 quod
1782 1027 1820 1056 de
1844 1025 2028 1057 difficultate
2055 1026 2137 1057 infra
2159 1026 2318 1058 humanas
2345 1027 2497 1068 concupi—

1423 1071 1557 1103 scentias
1581 1078 1627 1102 est
1650 1081 1767 1102 sermo.
1784 1071 1825 1102 Et
1840 1070 1884 1101 sic
1900 1070 1980 1102 ratio
1997 1070 2150 1111 expedita,
2168 1081 2243 1101 cum
2269 1071 2412 1102 subiecto
2427 1081 2498 1102 mo-

1424 1168 1490 1192 tem
1506 1168 1613 1192 tamen
1629 1160 1802 1196 doctrinae,
1818 1159 1897 1191 scito
1913 1160 2002 1201 quod
2018 1159 2044 1190 si
2060 1160 2142 1202 quis,
2159 1159 2291 1191 maximi
2306 1159 2499 1191 delectabilis

1424 1215 1567 1246 pugnam
1591 1205 1759 1242 sustinens,
1781 1204 1928 1241 vinceret,
1946 1214 2045 1246 quam
2068 1204 2247 1235 rarissimus
2269 1205 2372 1235 homo
2395 1204 2499 1235 vince-

1424 1257 1485 1287 ret;
1511 1260 1578 1281 non
1598 1257 1766 1290 propterea
1789 1249 1917 1280 haberet
1939 1249 2090 1280 virtutem
2110 1249 2348 1290 perfectissime,
2367 1248 2430 1279 hoc
2453 1255 2500 1280 est

1425 1294 1567 1331 heroice,
1592 1294 1647 1325 sed
1663 1294 1791 1324 haberet
1806 1300 1932 1325 tantum
1948 1301 2055 1325 actum
2076 1294 2260 1330 heroicum;
2285 1292 2367 1324 sicut
2380 1293 2427 1323 vir
2443 1293 2500 1335 qui

1425 1340 1491 1370 sine
1508 1338 1644 1370 iustitiae
1659 1339 1773 1369 virtute
1790 1338 1864 1369 facit
1883 1338 2015 1375 iustum,
2032 1349 2099 1369 non
2115 1338 2176 1368 nisi
2197 1337 2376 1369 secundum
2391 1344 2500 1369 actum

1397 1410 1399 1421 Ι
1425 1385 1528 1415 iustus
1545 1390 1600 1414 est.
1618 1383 1714 1414 Verbi
1738 1383 1845 1423 gratia,
1863 1382 1889 1413 si
1904 1383 1986 1424 quis,
2004 1383 2177 1423 agonizans
2193 1393 2253 1424 pro
2270 1383 2498 1423 consequendo

1426 1438 1524 1469 regno
1548 1427 1646 1458 totius
1671 1427 1756 1458 orbis
1780 1434 1944 1464 terrarum,
1962 1428 2002 1458 ad
2018 1427 2151 1468 aliquod
2174 1427 2298 1458 malum
2321 1427 2500 1467 impellere-

1426 1481 1486 1510 tur,
1507 1479 1585 1513 puta
1609 1473 1648 1502 ad
1672 1472 1843 1502 dicendum
1867 1472 2088 1511 mendacium,
2112 1479 2143 1503 et
2166 1479 2284 1509 tamen,
2301 1472 2501 1512 praevalente

1426 1518 1566 1554 ratione,
1591 1517 1745 1548 vinceret:
1771 1526 1837 1546 non
1862 1523 1942 1547 esset
1964 1516 2031 1552 hic,
2056 1516 2133 1547 alias
2157 1517 2224 1547 sine
2246 1516 2362 1548 virtute
2386 1516 2500 1547 morali

1426 1562 1572 1598 existens,
1592 1568 1723 1602 propter
1746 1560 1833 1591 hunc
1857 1567 1964 1591 actum
1987 1560 2133 1591 heroicae
2156 1560 2290 1598 virtutis,
2306 1561 2361 1591 sed
2381 1560 2501 1592 heroici

309 1652 494 1693 Simpudter
517 1651 567 1682 vel
590 1651 768 1682 secundum
786 1649 863 1691 qnid
899 1650 939 1680 Et
955 1655 1123 1690 propoerea
1144 1648 1292 1680 limitatio
1309 1651 1360 1679 Au
1399 1636 1401 1663 τ
1427 1614 1533 1642 actus;
1559 1612 1590 1636 et
1613 1605 1767 1636 dicendus
1790 1611 1872 1636 esset
1895 1605 2022 1636 heroice
2046 1605 2214 1636 continens
2237 1605 2375 1646 imperii.

1400 1732 1402 1734 Ι
1427 1695 1614 1735 simpliciter
1637 1701 1668 1725 et
1695 1694 1871 1725 secundum
1901 1694 1994 1734 quid,
2020 1693 2218 1730 confutatur,
2243 1701 2274 1725 et
2302 1694 2502 1726 convincitur

310 1741 404 1777 tatia,
429 1741 484 1771 sed
513 1739 723 1775 rationabilis,
743 1740 783 1769 ad
806 1739 868 1769 hoc
892 1745 928 1768 ut
951 1738 990 1768 sit
1013 1736 1207 1768 continentia
1237 1737 1375 1777 proprie.
1400 1735 1403 1777 ἶ
1428 1738 1521 1770 falsa:
1546 1739 1588 1770 ita
1603 1738 1694 1779 quod
1707 1748 1765 1769 nec
1781 1748 1818 1768 ex
1834 1738 2004 1778 multiplici
2022 1738 2254 1778 significatione
2277 1738 2500 1776 continentiae,

1483 1650 1610 1681 Solutio
1643 1650 1775 1680 demum
1805 1649 1919 1680 motivi
1949 1659 1986 1680 ex
2017 1649 2195 1680 Aristotelis
2227 1649 2431 1681 distinctione
2461 1650 2500 1682 de

1427 1793 1486 1814 nec
1507 1783 1549 1813 ad
1573 1783 1730 1813 maiorem
1759 1782 1997 1822 expressionem
2024 1782 2059 1814 fit
2082 1783 2142 1814 ista
2165 1783 2286 1814 additio
2309 1783 2343 1815 in
2367 1783 2502 1815 delecta-

1402 1837 1403 1846 *
1428 1827 1545 1858 bilibus
1576 1834 1660 1858 extra
1691 1833 1813 1858 tactum
1841 1834 1871 1857 et
1900 1833 2049 1866 gustum,
2074 1837 2151 1858 cum
2180 1826 2311 1864 dicitur,
2335 1829 2502 1860 continens

1429 1871 1480 1902 vel
1503 1872 1704 1902 incontinens
1732 1870 1879 1908 honoris,
1905 1871 2006 1908 lucri,
2030 1877 2088 1902 etc.
2114 1871 2198 1902 Nam
2222 1871 2248 1902 si
2271 1881 2309 1903 ex
2331 1871 2503 1913 multiplici

1429 1915 1492 1945 hoc
1515 1921 1597 1945 esset
1620 1913 1860 1954 significatione,
1880 1914 1923 1944 ita
1947 1921 2109 1955 oporteret
2132 1915 2205 1946 addi
2228 1915 2262 1946 in
2285 1925 2351 1946 una
2373 1916 2505 1948 materia

1430 1959 1510 1990 sicut
1532 1959 1566 1989 in
1589 1959 1660 1995 alia,
1684 1965 1720 1990 ut
1743 1958 1965 1999 aequivocatio
1985 1965 2040 1990 aut
2061 1959 2253 1991 incertitudo
2275 1959 2443 1992 vitaretur:
2474 1966 2506 1992 et

1429 2004 1474 2034 sic
1497 2003 1594 2034 etiam
1617 2003 1649 2034 in
1673 2002 1912 2034 delectabilibus
1935 2009 2039 2034 tactus
2055 2010 2086 2035 et
2100 2010 2214 2045 gustus
2238 2010 2367 2045 oportet
2390 2004 2507 2037 adden

1403 2073 1405 2092 ἱ
1431 2047 1570 2089 aliquid,
1593 2054 1626 2079 et
1648 2048 1767 2084 dicere,
1788 2048 1955 2079 continens
1978 2048 2029 2079 vel
2052 2049 2254 2080 incontinens
2277 2049 2420 2088 veneris,
2445 2055 2505 2081 etc.

1431 2092 1472 2124 Et
1503 2092 1530 2123 si
1553 2092 1593 2122 ad
1622 2092 1778 2123 maiorem
1809 2092 2046 2133 expressionem
2076 2092 2154 2124 haec
2183 2091 2272 2125 fieret
2301 2093 2441 2131 additio,
2472 2093 2508 2125 in

1431 2137 1521 2167 omni
1554 2136 1699 2168 similiter
1731 2136 1861 2168 materia
1884 2136 2046 2168 additione
2075 2143 2157 2169 esset
2179 2147 2263 2178 opus
2285 2138 2326 2169 ad
2350 2137 2509 2171 maiorem

1432 2181 1679 2222 expressionem.
1710 2181 1859 2213 Fateatur
1889 2191 1964 2222 ergo
1996 2182 2177 2214 veritatem:
2209 2183 2299 2224 qnod
2322 2182 2444 2214 additio
2473 2182 2508 2215 in

1431 2225 1500 2257 aliis
1524 2226 1664 2257 materiis
1686 2225 1722 2257 fit
1745 2226 1820 2268 quia
1845 2226 1952 2258 solum
1983 2226 2078 2258 habet
2100 2227 2145 2258 ibi
2167 2227 2280 2259 locum
2311 2226 2509 2261 continentia

1431 2271 1611 2302 secundum
1638 2270 1734 2312 quid;
1760 2277 1791 2302 et
1814 2270 1846 2301 in
1871 2270 2002 2302 materia
2032 2271 2269 2303 delectabilium
2293 2278 2395 2304 tactus
2418 2271 2509 2304 nun·

1433 2313 1468 2346 fit
1491 2315 1628 2390 agiditio,
1653 2315 1729 2356 quia
1756 2315 1799 2346 ibi
1823 2322 1870 2346 est
1892 2315 2126 2347 incontinentia
2153 2315 2349 2357 simpliciter.
2382 2317 2423 2349 Et
2445 2316 2509 2349 hnc

1433 2369 1498 2400 qua
1523 2367 1581 2390 rat.

1115 2495 1438 2538 ARTICULUS
1471 2496 1702 2539 TERTIUS

729 2590 885 2621 UTRUM
909 2589 1159 2622 SUBIECTUM
1183 2589 1515 2622 CONTINENTIAE
1540 2590 1607 2622 SIT
1630 2590 1698 2621 V1s
1722 2589 2090 2622 CONCUPISCIBILIS

477 2671 567 2703 Supra,
586 2678 629 2703 qu.
643 2677 696 2699 nui.
717 2675 762 2695 art.
777 2669 801 2701 5,
821 2670 852 2695 ad
874 2669 900 2700 35
920 2670 943 2695 1·
962 2669 1018 2702 11⁸⁶,
1038 2678 1082 2703 qu.
1095 2677 1166 2700 cvm,
1186 2675 1233 2696 art.
1248 2669 1272 2700 3,
1291 2670 1324 2695 ad
1345 2670 1421 2701 23111
1443 2670 1530 2700 Sent„
1551 2670 1611 2696 dist.
1623 2677 1710 2700 xxxm.
1730 2678 1816 2704 qu.11,
1837 2675 1884 2696 art.
1897 2678 1923 2702 4,
1943 2669 1993 2703 qu*
2009 2677 2039 2702 2;
2058 2670 2103 2695 vn
2125 2669 2228 2700 ahie..
2247 2671 2306 2697 lect.
2319 2678 2343 2697 x.

434 2785 438 2793 ,
525 2761 547 2786 D
571 2761 731 2787 Tannum
750 2761 804 2786 sm
826 2761 1067 2787 paocanrrua.
1094 2748 1254 2787 Videtur
1277 2749 1383 2799 quod

344 2796 349 2808 '
384 2797 390 2804 ’
526 2803 738 2840 subiectum
768 2803 1019 2840 continentiae
1043 2803 1090 2840 sit
1116 2803 1176 2840 vis
1205 2802 1384 2852 concupi-

487 2898 573 2946 tis
601 2917 750 2958 oportet
778 2922 860 2947 esse
894 2910 1228 2960 proportionatum
1266 2917 1384 2947 mate-

316 2962 402 3000 riae.
425 2962 502 3000 Sed
531 2963 688 3000 materia
707 2963 972 3011 continentiae,
993 2963 1089 3001 sicut
1112 2963 1255 3001 dictum
1277 2971 1333 3001 est
1350 2963 1382 3011 *‚

317 3023 404 3052 sunt
431 3015 760 3065 concupiscentiae
795 3017 1074 3055 delectabilium
1111 3025 1254 3064 tactus,
1284 3029 1384 3065 quae

317 3068 504 3117 pertinent
523 3070 571 3106 ad
589 3069 670 3107 vim
691 3070 1038 3119 concupiscibilem.
1064 3071 1168 3119 Ergo
1190 3070 1386 3108 continen-

318 3121 368 3158 tia
397 3129 452 3158 est
478 3122 515 3159 in
542 3122 581 3159 vi
610 3122 902 3172 concupiscibili.

373 3186 408 3212 2.
429 3176 666 3224 Primam,
686 3177 852 3225 opposita
880 3183 967 3214 sunt
993 3178 1095 3214 circa
1124 3177 1221 3214 idem
1243 3177 1275 3214 ¹⁸.
1307 3177 1384 3214 Sed

320 3226 589 3266 incontinentia
610 3237 663 3267 est
683 3229 721 3267 in
745 3230 1040 3279 concupiscibili,
1062 3229 1169 3268 cuius
1187 3229 1386 3280 passiones

323 3288 500 3328 superant
517 3282 724 3320 rationem:
756 3283 843 3320 dicit
861 3283 963 3321 enirn
983 3283 1226 3321 Andronicus
1240 3283 1260 3306 *
1279 3283 1386 3333 quod

323 3331 590 3372 incontinentia
609 3343 663 3372 est
691 3336 833 3374 malitia
853 3337 1160 3386 concupiscibilis,
1179 3338 1385 3375 secundum

324 3396 436 3433 quam
456 3386 559 3436 eligit
577 3400 721 3435 pravas
739 3390 1007 3437 delectationes,
1022 3392 1245 3439 prohibente
1273 3391 1385 3428 ratio-

325 3437 413 3474 nali.
443 3438 544 3487 Ergo
565 3448 600 3476 et
624 3443 863 3490 continentia,
883 3444 965 3493 pari
985 3444 1142 3492 ratione,
1163 3451 1219 3482 est
1238 3444 1276 3481 in
1296 3456 1386 3481 con-

327 3489 544 3539 cupiscibili.

382 3544 416 3580 3.
437 3544 668 3592 PRAETEREA,
694 3546 906 3584 subiectum
932 3549 1077 3586 virtutis
1105 3551 1298 3588 humanae
1325 3550 1388 3588 vel

328 3604 382 3633 est
411 3595 517 3643 ratio,
536 3597 598 3634 vel
616 3597 674 3634 vis
702 3599 916 3647 appetitiva,
937 3614 1036 3649 quae
1056 3603 1234 3641 dividitur
1262 3603 1300 3641 in
1319 3616 1388 3641 vo-

1436 2750 1634 2797 luntatem,
1652 2748 1991 2799 concupiscibilem
2006 2756 2043 2786 et
2060 2747 2301 2786 irascibilem.
2323 2748 2403 2786 Sed
2422 2761 2511 2787 con-

1437 2803 1594 2840 tinentia
1612 2815 1693 2840 non
1721 2811 1777 2840 est
1803 2802 1842 2840 in
1870 2802 2036 2840 ratione:
2066 2801 2156 2851 quia
2184 2801 2237 2840 sic
2265 2809 2364 2839 esset
2390 2801 2512 2841 virtus

1438 2856 1711 2894 intellectualis.
1740 2857 1881 2906 Neque
1901 2856 2014 2894 etiam
2043 2863 2099 2893 est
2118 2855 2156 2893 in
2175 2856 2391 2893 voluntate:
2421 2856 2511 2905 quia

1440 2910 1670 2948 continentia
1699 2917 1754 2947 est
1773 2910 1872 2947 circa
1899 2909 2110 2959 passiones,
2130 2921 2230 2958 quae
2257 2920 2338 2946 non
2365 2915 2454 2946 sunt
2471 2909 2512 2948 in

1438 2964 1645 3001 voluntate.
1674 2964 1760 3001 Nec
1789 2963 1903 3001 etiam
1932 2970 1989 3000 est
2015 2963 2054 3001 in
2082 2961 2275 3000 irascibili:
2314 2961 2403 3011 quia
2430 2974 2510 3000 non

1441 3025 1495 3054 est
1522 3017 1678 3066 proprie
1706 3017 1805 3054 circa
1832 3016 2030 3066 passiones
2058 3014 2267 3062 irascibilis,
2296 3022 2338 3052 ut
2367 3014 2511 3052 dictum

1440 3078 1496 3108 est
1514 3070 1545 3108 *.
1577 3071 1680 3119 Ergo
1700 3070 1923 3118 relinquitur
1950 3070 2055 3119 quod
2075 3069 2120 3107 sit
2146 3069 2185 3106 in
2214 3068 2509 3117 concupiscibili.
2539 3074 2550 3085 ⁸

1494 3125 1570 3162 SED
1598 3135 1765 3171 cotv‘raa,
1794 3123 1921 3161 omnis
1948 3122 2069 3160 virtus
2101 3122 2141 3159 in
2177 3121 2303 3170 aliqua
2340 3122 2511 3171 potentia

1441 3178 1602 3215 existens
1622 3177 1744 3215 aufert
1763 3177 1908 3214 malurn
1937 3183 2065 3214 actum
2085 3175 2180 3212 illius
2197 3174 2402 3224 potentiae.
2433 3175 2512 3214 Sed

1441 3230 1673 3268 continentia
1700 3242 1780 3268 non
1808 3230 1929 3268 aufert
1956 3229 2102 3267 malum
2119 3235 2247 3266 actum
2278 3227 2512 3278 concupisci-

1440 3284 1545 3322 bilis:
1583 3284 1695 3321 habet
1723 3283 1825 3321 enim
1851 3283 2044 3321 continens
2078 3282 2398 3330 concupiscentias
2419 3293 2512 3331 pra-

1440 3349 1524 3384 vas,
1549 3344 1591 3374 ut
1619 3337 1877 3387 Philosophus
1905 3335 2012 3383 dicit,
2042 3335 2081 3372 in
2108 3335 2178 3372 VII
2206 3336 2327 3373 Ethic.
2348 3335 2369 3358 ’¹‘
2407 3336 2512 3384 Ergo
2541 3341 2550 3352 ⁸

1443 3390 1674 3429 continentia
1701 3402 1780 3428 non
1809 3397 1866 3427 est
1892 3389 1931 3427 in
1960 3388 2256 3438 concupiscibili.

1496 3445 1723 3481 REsponmzo
1750 3454 1935 3481 nrcauoum
1964 3442 2071 3491 quod
2090 3442 2216 3480 omnis
2241 3441 2361 3479 virtus
2389 3441 2427 3478 in
2447 3440 2512 3479 ali-

1442 3509 1521 3546 quo
1550 3497 1721 3534 subiecto
1751 3495 1913 3534 existens
1931 3495 2018 3533 facit
2044 3495 2135 3533 illud
2156 3495 2307 3533 differre
2337 3507 2359 3532 a
2384 3493 2511 3544 dispo-

1442 3549 1576 3588 sitione
1596 3562 1714 3598 quam
1742 3549 1860 3587 habet
1880 3548 1973 3586 dum
1993 3548 2188 3587 subiicitur
2207 3547 2385 3598 opposito
2403 3546 2510 3585 vitio.

1443 3602 1758 3652 Concupiscibilis
1786 3610 1915 3640 autem
1945 3602 2084 3640 eodem
2113 3602 2233 3640 modo
2263 3613 2304 3639 se
2332 3601 2447 3639 habet
2474 3599 2512 3637 in

2538 3099 2575 3123 ad.
2589 3105 2610 3123 a.

2540 3367 2564 3390 s.
2617 3354 2624 3389 ἶ
2635 3339 2752 3389 ‘1125‘222‘
