2768 4198
64 1078 73 1087 ⁸
87 1076 156 1098 Num.
172 1082 220 1103 seq.

64 1122 74 1132 ⁸
87 1121 157 1143 Num.
172 1127 198 1142 n.

62 1293 72 1303 ⁸
98 1292 194 1314 Deuler.
223 1298 273 1320 cap.

62 1325 142 1346 xxxn,
159 1325 219 1341 vers.
236 1325 274 1348 35;

63 1345 95 1367 ad
104 1335 168 1367 Ro'm.
175 1351 224 1373 eap
231 1352 273 1373 ιιι,

62 1378 121 1394 vers.
138 1378 160 1400 9.

63 1399 153 1426 Ἀροε.
169 1404 219 1426 cap.
238 1404 277 1424 vi,

62 1431 121 1447 vers.
137 1431 202 1453 9,10.

61 2361 73 2373 ⁸
92 2361 158 2383 Rhet.
182 2361 222 2382 lib.
246 2361 276 2388 u,

62 2394 114 2416 cap.
129 2394 152 2415 ιι,
166 2394 189 2410 η,
205 2394 220 2409 ι.

66 2713 73 2721 “
86 2711 156 2734 Num.
171 2717 205 2733 ιιι.

69 3372 79 3381 ”
92 3370 162 3392 Num.
177 3376 208 3392 vr.

305 288 381 334 278

304 366 404 406 gloria
423 373 530 397 autem
552 367 585 397 in
608 377 720 406 genere
745 366 820 397 boni
844 366 928 396 utilis
953 372 983 395 et
1006 364 1206 395 delectabilis.
1230 364 1271 394 Et
1294 363 1370 403 quia

304 411 477 441 honestum
509 418 555 441 est
578 411 760 451 simpliciter
790 410 890 449 magis
918 400 1087 449 appetibile
1118 408 1296 438 secundum
1327 417 1369 443 se,

304 455 377 485 ideo
409 455 545 486 vindicta
575 462 621 486 est
650 454 750 494 magis
778 453 954 493 appetibilis
985 452 1161 482 secundum
1194 461 1242 487 se,
1270 450 1371 491 gloria

305 506 411 529 autem
436 506 482 530 est
505 499 604 539 magis
627 498 804 538 appetibilis
820 497 928 537 quoad
952 506 1021 526 nos.
1046 514 1067 519 -
1091 496 1142 526 Ad
1151 496 1292 535 primam
1314 505 1371 525 au-

305 550 369 573 tem
394 543 615 583 probationem
638 542 670 572 in
695 541 890 582 oppositum,
916 540 1098 571 conceditur
1121 541 1210 580 quod
1233 539 1371 569 vindicta

305 594 351 618 est
374 587 551 627 appetibilis
575 593 704 626 propter
726 586 859 625 gloriam
883 591 918 615 ut
938 583 1045 620 finem,
1062 585 1169 625 quoad
1194 590 1272 614 nos:
1304 593 1370 614 non

304 631 337 661 in
361 641 403 667 se,
428 631 503 672 quia
526 631 696 660 honestum
721 639 786 659 non
810 628 973 659 ordinatur
996 629 1035 658 ad
1060 628 1136 659 utile
1161 635 1215 658 aut
1239 628 1369 658 delecta-

304 675 366 705 bile
383 681 419 705 ut
436 674 542 705 finem.
564 675 603 704 Et
620 680 750 712 negatur
764 673 852 713 quod
870 682 935 702 non
953 682 969 703 e
986 679 1111 703 contra:
1129 672 1191 703 hoc
1207 679 1263 708 est,
1281 672 1369 712 quod

303 719 403 759 gloria
420 729 484 749 non
509 725 555 748 est
578 717 755 758 appetibilis
770 723 900 757 propter
915 716 1097 747 vindictam.
1124 717 1228 747 Immo
1248 716 1370 756 optime

303 763 403 803 gloria
427 762 590 793 ordinatur
612 762 651 791 ad
674 761 846 792 vindictam
870 761 1124 800 perturbantium
1139 760 1370 801 rempublicam

304 814 340 837 ut
358 817 428 837 vere
451 806 557 836 finem.
582 823 603 828 -
626 805 677 835 Ad
700 805 872 836 secundam
890 805 1122 845 probationem,
1140 811 1272 845 negatur
1296 814 1371 835 con-

303 850 475 891 sequentia.
501 849 584 887 Quia
602 859 676 879 eum
700 849 761 879 hoc
784 850 872 890 quod
890 849 1028 880 vindicta
1047 850 1086 880 sit
1109 849 1232 880 malum
1248 859 1371 889 poenae

303 895 442 930 alterius,
468 901 527 925 stat
551 893 639 934 quod
663 893 695 923 in
720 903 753 924 se
777 894 816 924 sit
845 893 959 924 melius
983 904 1081 935 quam
1108 894 1226 934 gloria:
1259 899 1370 933 utpote

302 940 424 969 bonum
448 939 636 974 honestum,
661 944 691 968 et
714 938 814 978 gloria
837 948 914 969 non.
938 956 959 961 -
982 938 1033 969 Ad
1057 939 1183 969 tertiam
1207 938 1370 978 probatio-

302 993 374 1012 nem
400 983 512 1013 dicitur
536 983 625 1023 quod
649 982 854 1013 falsissimum
871 990 918 1013 est
937 983 1026 1023 quod
1043 982 1181 1014 vindicta
1204 992 1370 1023 nunquam

302 1034 347 1057 est
371 1028 454 1057 bona
478 1027 538 1057 nisi
561 1033 691 1067 propter
707 1026 986 1058 circumstantiam.
1010 1027 1174 1065 Quoniam
1194 1027 1371 1057 secundum

302 1072 438 1111 seipsam
462 1078 508 1102 est
531 1072 569 1102 de
592 1081 705 1111 genere
729 1072 908 1102 bonorum:
933 1079 969 1102 ut
992 1082 1078 1102 nunc
1097 1082 1182 1102 nunc
1200 1071 1217 1090 *
1241 1071 1369 1111 patebit.

356 1116 408 1146 VI.
434 1116 485 1146 Ad
500 1115 675 1146 secundum
692 1115 822 1146 dubium
838 1115 855 1135 *
879 1116 1009 1147 dicitur:
1034 1134 1055 1139 —
1072 1123 1107 1147 ut
1123 1116 1269 1156 superius
1286 1122 1372 1156 patet

301 1160 333 1189 in
365 1169 419 1200 qu.
443 1170 538 1196 Lxxx‚
570 1160 656 1200 apud
686 1160 849 1196 Tullium,
881 1160 1102 1191 Andronicum
1138 1167 1168 1191 et
1197 1163 1371 1190 Auctorem

300 1204 471 1235 vindicatio
496 1214 567 1244 pars
587 1204 723 1235 iustitiae
747 1211 802 1240 est,
827 1215 862 1235 ac
886 1215 941 1245 per
964 1204 1036 1241 hoc,
1061 1205 1240 1236 secundum
1263 1214 1295 1235 se
1312 1205 1370 1235 bo-

302 1258 381 1278 num
404 1248 586 1279 honestum.
617 1248 846 1289 Consonatque
870 1249 933 1279 hoc
955 1259 1043 1279 sacro
1068 1249 1223 1290 Eloquio,
1248 1249 1280 1279 in
1304 1259 1371 1290 quo

301 1293 388 1323 Deus
411 1293 583 1323 vindictam
607 1292 665 1323 sibi
690 1300 824 1324 reservat
839 1293 866 1329 *,
890 1300 1043 1334 tanquam
1068 1300 1174 1324 actum
1198 1294 1322 1324 bonum
1342 1299 1373 1324 et

302 1337 523 1368 excellentem:
556 1344 586 1367 et
609 1337 707 1368 sancti
730 1344 882 1378 martyres
905 1338 1101 1369 inducuntur
1123 1338 1294 1368 vindictam
1319 1348 1371 1377 pe-

301 1388 365 1412 tere
389 1392 407 1412 a
430 1382 499 1412 Deo
515 1382 549 1418 *,
574 1381 630 1422 qui
654 1391 719 1412 non
743 1381 803 1412 nisi
827 1382 951 1412 bonum
981 1389 1087 1422 petere
1110 1389 1256 1423 possunt.
1288 1382 1372 1413 Hinc

302 1426 387 1456 enim
419 1425 552 1456 habetur
583 1427 671 1467 quod
699 1426 738 1456 ad
770 1425 1013 1466 significandum
1044 1427 1216 1457 honestum
1248 1427 1372 1457 bonum

301 1480 367 1500 non
392 1477 519 1510 oportet
543 1481 637 1511 supra
660 1470 832 1501 vindictam
857 1481 1018 1511 apponere
1041 1471 1131 1512 quod
1150 1471 1190 1501 sit
1208 1471 1300 1507 iusta,
1318 1471 1373 1501 sed

302 1521 349 1545 sat
373 1521 419 1545 est
442 1514 543 1545 dicere
568 1514 758 1545 vindictam:
784 1515 939 1556 quoniam
960 1515 1135 1546 secundum
1163 1525 1195 1546 se
1219 1514 1373 1555 significat

302 1569 386 1599 opus
408 1559 554 1590 iustitiae.
586 1559 626 1589 Et
649 1559 721 1589 ideo
745 1559 779 1589 in
801 1559 903 1590 littera
927 1570 993 1590 non
1018 1559 1076 1590 nisi
1100 1560 1311 1600 quandoque,
1337 1566 1373 1590 ut

301 1603 440 1643 legentes
464 1604 660 1634 advertenter
683 1603 875 1643 intelligant,
901 1603 1082 1643 adiungitur
1105 1604 1138 1645 ly
1162 1605 1256 1635 iusta.
1286 1603 1372 1635 Cum

301 1647 398 1687 igitur
421 1647 534 1678 dicitur
553 1647 642 1688 quod
665 1647 785 1688 aliquid
805 1648 964 1688 appetitur
986 1648 1045 1678 sub
1070 1648 1191 1678 ratione
1206 1648 1371 1685 vindictae,

302 1692 432 1732 perinde
456 1699 502 1722 est
526 1702 561 1722 ac
580 1691 605 1722 si
630 1691 785 1722 diceretur
803 1693 893 1732 quod
917 1692 1076 1732 appetitur
1091 1693 1150 1723 sub
1167 1692 1289 1722 ratione
1304 1692 1372 1722 vin-

303 1735 403 1766 dictae
426 1736 536 1767 iustae.
563 1736 681 1766 Iniusta
698 1746 838 1776 namque
853 1736 990 1766 vindicta
1006 1746 1072 1766 non
1097 1743 1143 1766 est
1162 1736 1290 1776 proprie
1305 1737 1373 1767 vin-

302 1780 398 1810 dicta:
416 1780 497 1811 sicut
510 1790 566 1810 nec
582 1780 729 1810 indecens
745 1780 916 1820 gratiarum
929 1780 1011 1810 actio
1028 1787 1074 1810 est
1090 1780 1262 1820 gratiarum
1277 1781 1371 1811 actio.

301 1824 358 1854 Est
381 1824 466 1854 enirn
490 1824 522 1864 ly
546 1825 666 1854 iniusta
696 1823 836 1854 conditio
869 1824 1050 1854 diminuens
1073 1823 1264 1860 vindictam,
1290 1834 1372 1864 quae

302 1878 384 1908 opus
409 1867 563 1908 significat
586 1867 732 1898 iustitiae.

357 1913 397 1942 Et
420 1922 456 1942 ex
479 1912 528 1942 his
552 1912 591 1941 ad
614 1911 750 1952 primam
775 1911 987 1942 obiectionem
1011 1911 1126 1942 dicitur
1148 1911 1248 1952 quod,
1273 1921 1373 1952 quan—

300 1963 511 1997 tumcumque
534 1955 605 1996 quis
629 1955 705 1986 sciat
732 1955 934 1995 punitionem
958 1966 1056 1997 quam
1079 1955 1148 1986 vult
1178 1955 1278 1986 facere
1306 1965 1372 1986 esse

299 2000 461 2036 iniustam,
486 2000 560 2040 quia
584 2006 689 2030 tamen
714 1999 833 2039 appetit
855 2000 943 2030 illam
966 2007 1002 2031 ut
1025 1999 1216 2036 vindictam,
1241 1999 1303 2030 hoc
1327 2007 1373 2030 est

300 2051 336 2075 ut
359 2044 498 2075 debitam
523 2054 539 2074 a
563 2054 596 2074 se
619 2044 688 2079 tali,
714 2044 769 2084 qui
793 2054 868 2074 eum
898 2044 1098 2085 parvipendit
1120 2044 1170 2074 vel
1194 2044 1372 2075 secundum

299 2099 367 2119 rem
389 2089 440 2119 vel
463 2088 641 2119 secundum
664 2088 897 2128 apparentiam,
921 2088 994 2119 ideo
1018 2088 1140 2129 appetit
1163 2089 1286 2119 malum
1313 2089 1372 2119 sub

301 2133 423 2164 ratione
445 2133 529 2163 iusti.
555 2132 689 2163 Scientia
713 2133 798 2163 enim
822 2132 993 2164 iniustitiae
1017 2139 1077 2164 stat
1101 2143 1175 2163 cum
1195 2133 1373 2173 ignorantia

301 2178 482 2208 electionis:
510 2177 590 2207 sicut
614 2187 687 2207 cum
711 2177 782 2218 quis
806 2177 907 2208 sciens
932 2177 1176 2208 fornicationem
1210 2187 1277 2207 esse
1301 2187 1373 2218 pec-

302 2229 418 2258 catum,
443 2221 628 2259 fornicatur,
653 2228 683 2252 et
706 2228 786 2252 errat
810 2222 989 2262 appetendo
1015 2222 1137 2252 malum
1168 2222 1227 2252 sub
1251 2222 1372 2252 ratione

301 2266 378 2296 boni
402 2265 598 2306 praeferendi
622 2276 681 2306 pro
705 2273 780 2296 tunc
803 2266 891 2296 bono
915 2266 1062 2303 honesto,
1086 2266 1189 2297 immo
1213 2266 1295 2297 Deo.

358 2310 408 2341 Ad
432 2310 604 2340 secundam
624 2310 737 2341 dicitur
760 2310 859 2351 quod,
877 2317 912 2341 ut
934 2317 1020 2351 patet
1044 2321 1080 2342 ex
1099 2310 1222 2341 ratione
1245 2310 1309 2341 irae
1325 2321 1372 2341 as-

302 2355 423 2394 signata
440 2355 478 2384 ab
495 2354 663 2385 Aristotele
678 2354 704 2390 *,
730 2354 927 2395 impossibile
943 2362 989 2386 est
1005 2355 1120 2386 iratum
1141 2365 1218 2392 esse,
1236 2355 1372 2386 univoce

301 2399 476 2440 loquendo,
494 2399 552 2429 nisi
569 2405 698 2439 propter
721 2409 827 2429 veram
851 2399 900 2429 vel
924 2407 1129 2440 apparentem
1155 2399 1372 2440 parvipensio-

302 2453 386 2474 nem.
412 2444 452 2474 Et
468 2443 500 2473 in
524 2453 598 2473 casu
619 2443 725 2483 posito
740 2443 906 2474 manifeste
922 2451 968 2474 est
991 2454 1147 2485 apparens
1170 2444 1372 2485 parvipensio

302 2487 425 2528 passiva
452 2487 530 2518 dum
555 2487 649 2518 alicui
673 2494 805 2527 negatur
828 2488 1021 2529 obsequium
1045 2489 1085 2519 ad
1108 2488 1209 2519 mala:
1241 2495 1372 2529 apparet

302 2532 387 2562 enim
411 2532 499 2573 quod
531 2532 636 2562 mInus
661 2539 799 2568 ametur,
825 2533 913 2573 quod
939 2533 1043 2563 malus
1066 2533 1259 2570 aestimetur,
1283 2533 1373 2574 quod

301 2587 367 2607 non
390 2575 469 2607 tanti
485 2575 539 2606 fiat
558 2583 592 2606 ut
616 2583 745 2616 propter
764 2587 795 2607 se
811 2576 851 2607 sit
873 2577 1140 2609 committendum
1162 2577 1295 2614 malum,
1313 2585 1371 2609 etc.

302 2622 394 2652 Unde
417 2619 587 2650 ridiculum
612 2627 658 2651 est
681 2631 795 2661 negare
814 2621 845 2651 in
866 2621 1052 2653 huiusmodi
1071 2629 1278 2662 apparentem
1301 2633 1373 2663 par-

301 2665 531 2706 vipensionem.

358 2709 424 2740 VII.
443 2709 493 2739 Ad
509 2710 638 2740 tertium
655 2709 785 2740 dubium
801 2711 818 2730 *
837 2710 952 2742 dicitur
967 2710 1056 2751 quod
1072 2710 1206 2741 intentio
1222 2711 1372 2742 Auctoris

303 2760 349 2784 est
371 2753 471 2794 quod,
488 2754 703 2794 comparando
726 2754 806 2785 iram
826 2754 1100 2795 concupiscentiae
1125 2764 1191 2785 non
1213 2762 1372 2796 quantum

302 2798 342 2828 ad
366 2798 529 2834 substrata,
551 2808 605 2828 seu
631 2798 830 2830 materialiter
847 2799 995 2840 appetita,
1012 2806 1088 2840 puta
1114 2799 1322 2831 concubitum
1342 2807 1373 2831 et

303 2842 425 2872 malurn
445 2852 582 2882 poenae,
608 2843 664 2872 sed
688 2853 784 2882 penes
813 2844 949 2874 rationes
973 2843 1123 2874 formales
1146 2844 1309 2875 bonorum
1332 2845 1371 2875 ad

303 2896 382 2927 quas
405 2885 510 2926 primo
535 2892 564 2916 et
588 2886 760 2917 formaliter
790 2887 961 2928 respiciunt
992 2888 1068 2918 haec
1090 2887 1185 2924 vitia,
1210 2889 1299 2929 quod
1325 2888 1371 2919 ira

303 2937 349 2961 est
373 2930 479 2960 minus
503 2930 600 2960 mala:
626 2931 701 2971 quia
717 2931 762 2962 ira
782 2932 907 2972 respicit
926 2931 1100 2963 formaliter
1123 2932 1247 2963 bonum
1271 2933 1371 2964 hone—

303 2981 399 3010 sturn,
417 2974 492 3025 quia
516 2975 574 3005 sub
599 2975 718 3006 ratione
734 2975 889 3007 vindictae
913 2976 1033 3017 appetit
1056 2976 1213 3018 quidquid
1236 2977 1371 3018 appetit;

304 3018 559 3058 concupiscentia
583 3019 708 3058 respicit
730 3019 905 3051 formaliter
927 3021 1051 3051 bonum
1080 3021 1272 3058 delectabile,
1296 3021 1372 3063 quia

304 3064 362 3093 sub
387 3062 508 3093 ratione
532 3063 722 3093 delectabilis
746 3064 865 3104 appetit
888 3064 1046 3106 quidquid
1069 3065 1199 3105 appetit.

359 3107 410 3137 Ad
427 3108 571 3147 primum
595 3117 670 3148 ergo
694 3107 726 3138 in
751 3109 948 3159 oppositum,
966 3109 1150 3140 conceditur
1173 3110 1263 3151 quod
1287 3110 1369 3140 dele-

305 3150 399 3181 ctatio
423 3150 455 3181 in
479 3151 565 3181 malo
589 3151 716 3182 alterius
732 3159 778 3182 est
794 3152 893 3192 peior.
918 3153 979 3184 Sed
1003 3153 1118 3184 falsum
1136 3161 1182 3185 est
1201 3154 1290 3195 quod
1313 3154 1371 3185 ira-

306 3195 438 3231 cundus,
455 3202 491 3226 ut
514 3195 640 3236 respicit
662 3195 830 3227 formalem
853 3196 1009 3228 rationem
1030 3197 1079 3228 sui
1096 3198 1220 3235 obiecti,
1238 3198 1370 3229 delecte-

306 3245 356 3269 tur
386 3239 417 3268 in
442 3239 527 3270 malo
558 3239 696 3271 alterius.
730 3241 851 3277 Immo,
876 3247 912 3272 ut
934 3241 996 3278 sic,
1022 3242 1193 3273 delectatur
1219 3242 1252 3273 in
1282 3243 1370 3274 bono

306 3281 440 3313 iustitiae
457 3283 636 3324 apparentis
655 3284 714 3315 sibi
730 3292 815 3316 tunc.
839 3302 860 3308 —
884 3286 950 3316 Nec
967 3287 1071 3316 obstat
1086 3287 1175 3327 quod
1192 3287 1268 3318 sciat
1283 3286 1371 3318 illam

308 3335 374 3356 esse
397 3326 564 3358 iniustam:
590 3335 625 3359 ut
648 3334 733 3369 patet
756 3339 792 3359 ex
816 3329 980 3361 dictis*.-
996 3330 1062 3360 Nec
1086 3337 1133 3361 est
1149 3341 1260 3362 verum
1282 3331 1371 3372 quod

308 3369 476 3400 delectari
469 3381 500 3401 m
519 3371 656 3404 vindicta
675 3373 715 3404 sit
731 3373 875 3404 delectari
895 3374 927 3404 in
944 3374 1029 3404 malo
1046 3374 1183 3406 alterius.
1208 3375 1372 3412 Quoniam

307 3413 444 3444 vindicta
458 3414 581 3445 bonum
598 3423 705 3447 sonat:
726 3417 797 3448 licet
817 3418 943 3448 alterius
962 3418 1076 3449 habeat
1091 3419 1225 3459 poenale
1249 3419 1371 3451 malum

308 3466 476 3488 annexum.

364 3501 415 3531 Ad
437 3502 610 3533 secundum
627 3503 740 3534 dicitur
755 3505 867 3545 quod
860 3515 892 3535 m
917 3515 990 3536 casu
1006 3506 1062 3536 illo
1078 3507 1236 3538 secundus
1259 3506 1372 3548 procul

308 3544 407 3576 dubio
431 3545 531 3585 magis
554 3553 673 3596 peccat.
705 3547 766 3578 Sed
789 3558 854 3578 non
878 3559 915 3579 ex
938 3549 999 3580 hoc
1027 3551 1116 3591 quod
1144 3550 1188 3581 ira
1221 3560 1258 3581 ex
1284 3557 1372 3591 parte

307 3588 384 3620 boni
407 3589 569 3630 importati
583 3589 616 3620 in
631 3590 767 3622 vindicta
783 3592 822 3623 sit
845 3593 933 3632 peior
959 3593 1213 3635 concupiscentia
1229 3604 1266 3625 ex
1285 3601 1372 3635 parte

308 3633 384 3664 boni
408 3633 613 3664 delectabilis:
642 3634 696 3664 sed
720 3645 756 3665 ex
779 3635 840 3666 hoc
867 3637 955 3676 quod
979 3644 1086 3677 peccat
1109 3644 1242 3678 utraque
1267 3638 1371 3669 defor-

955 286 1223 334 QUAESTIO
1253 285 1426 331 CLVIII,
1455 287 1754 325 ARTICULUS
1785 287 1836 324 IV

1423 364 1541 401 mitate,
1566 365 1684 396 scilicet
1707 365 1851 397 adulterii
1867 373 1897 397 et
1913 366 2112 404 iracundiae;
2137 366 2259 407 primus
2275 366 2308 396 in
2332 366 2400 396 sola
2424 374 2494 406 pec-

1424 415 1473 438 cat
1497 409 1764 449 concupiscentia.

1480 453 1531 483 Ad
1547 455 1676 484 tertium
1693 454 1808 484 dicitur
1820 454 1909 495 quod
1925 454 2039 495 procul
2055 454 2154 485 dubio
2171 454 2332 485 homicida
2346 463 2403 494 per
2417 453 2496 483 iram

1424 497 1525 537 magis
1549 504 1658 537 peccat
1680 507 1778 537 quam
1802 498 1934 535 adulter,
1960 498 2144 539 simpliciter
2166 499 2342 540 loquendo.
2374 498 2436 528 Sed
2460 507 2496 528 ex

1423 540 1486 571 hoc
1509 551 1575 571 non
1600 541 1733 572 habetur
1757 541 1876 582 aliquid
1901 549 2010 573 contra
2033 545 2218 574 Auctorem.
2244 543 2328 581 Quia
2344 552 2419 573 cum
2434 542 2497 572 hoc

1424 592 1484 615 stat
1508 585 1598 625 quod
1621 595 1658 615 ex
1681 592 1768 625 parte
1792 586 1869 616 boni
1898 587 1957 617 sub
1982 587 2072 618 cuius
2102 587 2224 618 ratione
2247 587 2408 618 homicida
2441 595 2497 626 per

1423 629 1504 659 iram
1528 629 1648 669 appetit
1667 629 1821 665 occidere,
1838 630 1944 661 minus
1969 638 2077 671 peccat
2099 642 2198 672 quam
2214 632 2337 662 adulter
2357 641 2394 661 ex
2409 637 2497 671 parte

1424 673 1501 704 boni
1526 674 1585 704 sub
1609 673 1700 704 cuius
1724 673 1846 704 ratione
1875 674 1995 715 appetit
2018 675 2203 707 adulterari:
2238 676 2313 717 quia
2339 675 2420 706 illud
2442 675 2498 705 bo-

1424 728 1504 748 num
1529 725 1575 748 est
1598 717 1780 754 honestum,
1804 718 1867 748 hoc
1892 719 2083 750 delectabile.
2108 720 2149 751 Et
2172 720 2216 751 sic
2240 719 2405 751 delectatio
2428 718 2497 749 irati

1424 762 1493 792 talis
1518 769 1564 793 est
1587 762 1770 802 simpliciter
1802 761 1892 802 peior
1921 773 2020 804 quam
2051 763 2216 795 delectatio
2246 764 2317 795 talis
2348 762 2497 804 concupi-

1424 807 1554 837 scentis:
1580 807 1635 837 sed
1659 816 1726 837 non
1750 813 1796 838 est
1820 806 1911 847 peior
1930 816 1967 837 ex
1983 814 2070 847 parte
2094 808 2236 839 formalis
2260 808 2348 840 boni.
2370 809 2437 839 Nec
2452 814 2498 838 est

1424 851 1515 892 peior
1538 851 1703 881 delectatio
1727 850 1871 881 iracundi
1894 851 2078 891 simpliciter
2101 859 2132 883 et
2155 852 2300 884 absolute
2323 862 2422 894 quam
2445 853 2498 882 de-

1423 895 1549 927 lectatio
1567 895 1819 935 concupiscentis
1841 895 2025 935 simpliciter
2040 902 2071 926 et
2085 896 2245 927 absolute:
2270 897 2326 927 sed
2348 897 2419 928 talis
2438 896 2497 926 ira-

1425 940 1521 970 cundi
1537 939 1628 980 peior
1643 946 1690 970 est
1705 949 1804 980 quam
1820 939 1890 970 talis
1911 939 2174 980 concupiscentia
2195 942 2242 971 Ac
2261 950 2317 981 per
2332 941 2404 978 hoc,
2420 940 2499 971 nihil

1425 991 1535 1015 contra
1550 987 1726 1015 Auctorem
1742 983 1866 1014 dicitur.
1891 983 1977 1021 Quia
1996 994 2062 1014 non
2079 985 2119 1014 de
2134 984 2190 1015 tali
2205 991 2260 1015 aut
2274 985 2330 1016 tali
2344 985 2498 1016 iracundo

1425 1035 1455 1059 et
1471 1028 1727 1069 concupiscente,
1744 1028 1799 1058 sed
1816 1028 1855 1058 de
1870 1027 2024 1058 iracundo
2049 1035 2079 1059 et
2101 1028 2344 1069 concupiscente
2360 1029 2394 1059 in
2410 1039 2499 1060 com-

1425 1073 1515 1103 muni
1539 1073 1694 1109 absolute,
1711 1072 1890 1103 secundum
1913 1082 2006 1103 suam
2029 1072 2168 1113 speciem
2191 1082 2247 1103 seu
2267 1082 2378 1113 genus,
2393 1073 2499 1114 loqui-

1424 1125 1491 1148 tur:
1517 1117 1598 1148 sicut
1622 1117 1818 1157 comparavit
1840 1116 2038 1147 iracundiam
2061 1116 2198 1148 invidiae
2222 1123 2253 1148 et
2275 1116 2352 1147 odio
2376 1117 2459 1158 simp
2461 1116 2499 1148 li-

1425 1162 1501 1193 citer
1524 1169 1554 1192 et
1578 1161 1741 1198 absolute,
1767 1168 1797 1192 et
1821 1171 1887 1191 non
1911 1161 1965 1192 tali
1988 1161 2039 1191 vel
2062 1161 2116 1192 tali
2138 1161 2166 1192 *.
2194 1161 2236 1192 Et
2258 1161 2292 1191 in
2319 1161 2382 1192 hoc
2409 1160 2538 1192 firma·

1425 1207 1522 1247 pedes
1546 1213 1638 1237 tuos:
1672 1206 1748 1247 quia
1771 1205 1876 1236 solido
1900 1205 2042 1236 inniteris
2066 1205 2294 1242 fundamento,
2320 1212 2350 1237 et
2373 1204 2501 1236 formali

1426 1251 1588 1282 doctrinae
1612 1260 1648 1281 ac
1672 1250 1814 1291 eloquio.
1840 1250 1880 1280 Et
1904 1259 1960 1290 per
1976 1249 2037 1280 hoc
2061 1249 2197 1281 ridiculo
2221 1249 2298 1280 fient
2314 1259 2427 1281 omnes
2451 1260 2500 1281 ca-

1425 1305 1489 1332 suS,
1507 1302 1619 1335 utpote
1639 1301 1723 1325 extra
1746 1294 1966 1334 propositum:
1993 1294 2068 1335 quia
2091 1295 2131 1324 ad
2155 1294 2216 1325 tale
2239 1293 2290 1324 vel
2314 1294 2375 1324 tale
2406 1293 2500 1325 decli-

1427 1346 1503 1370 nant
1527 1349 1627 1370 casus.

1481 1384 1565 1415 VIII.
1589 1383 1640 1414 Ad
1668 1388 1819 1424 quartum
1847 1383 1977 1414 dubium
1996 1382 2014 1402 *
2037 1382 2151 1414 dicitur
2184 1383 2273 1424 quod
2302 1385 2426 1414 Auctor
2454 1383 2500 1414 in-

1425 1428 1526 1459 tendit
1556 1428 1645 1469 quod
1675 1428 1721 1458 ira
1756 1427 1864 1468 quoad
1893 1427 2112 1458 inordinatum
2142 1433 2270 1458 motum
2301 1434 2347 1458 est
2376 1427 2503 1468 gravius

1423 1479 1602 1514 peccatum,
1627 1482 1694 1502 non
1718 1471 1902 1512 simpliciter
1925 1478 2042 1508 tamen,
2067 1472 2122 1502 sed
2146 1472 2324 1502 secundum
2348 1471 2437 1512 quid.
2461 1472 2504 1503 Et

1426 1518 1488 1548 hoc
1503 1516 1657 1557 significat
1672 1526 1729 1556 per
1756 1516 1809 1546 illa
1824 1516 1935 1546 verba:
1960 1516 2054 1547 habet
2073 1516 2238 1557 quandam
2265 1517 2501 1547 excellentiam.

1426 1562 1472 1592 Ita
1487 1562 1576 1602 quod
1592 1561 1660 1602 ipsa
1676 1560 1875 1591 vehementia
1900 1567 1930 1591 et
1951 1560 2119 1591 velocitate
2143 1567 2252 1591 motus
2275 1567 2410 1601 augetur
2432 1571 2503 1602 gra-

1425 1606 1504 1637 vitas
1521 1605 1638 1646 peccati
1656 1605 1730 1641 irae,
1748 1605 1926 1635 secundum
1942 1604 2020 1646 quid
2037 1611 2155 1636 tamen.
2171 1605 2294 1636 Neutro
2311 1615 2386 1645 ergo
2401 1604 2502 1636 modo

1426 1661 1444 1680 a
1467 1650 1605 1681 Martino
1633 1650 1729 1680 allato
1753 1656 1800 1680 est
1822 1649 1962 1689 praecise
1991 1649 2198 1690 exponendus
2223 1651 2362 1686 Auctor,
2387 1650 2443 1680 sed
2467 1656 2503 1680 ut

1426 1694 1547 1725 dictum
1572 1701 1627 1725 est.
1658 1694 1715 1724 Est
1738 1693 1898 1734 siquidem
1925 1693 1971 1724 ira
1994 1703 2031 1724 ex
2054 1693 2254 1724 vehementia
2282 1700 2313 1724 et
2336 1693 2503 1725 velocitate

1426 1739 1551 1778 gravior
1575 1744 1605 1768 et
1628 1738 1736 1778 quoad
1760 1744 1965 1774 nocumenta,
1982 1747 2064 1778 quae
2087 1737 2210 1768 facilius
2235 1747 2272 1768 ex
2291 1737 2355 1768 irae
2377 1738 2501 1779 impetu

1426 1789 1563 1823 possunt
1586 1782 1687 1822 sequi,
1712 1789 1790 1822 puta
1814 1781 2034 1818 contumelias,
2054 1782 2285 1823 percussiones,
2310 1781 2502 1819 homicidia;

1427 1834 1457 1857 et
1480 1833 1639 1867 quantum
1663 1826 1703 1856 ad
1718 1833 1912 1856 nocumenta
1928 1826 1961 1856 in
1985 1826 2114 1867 propria
2136 1835 2284 1866 persona,
2301 1826 2376 1867 quia
2400 1826 2503 1858 aufert

1427 1870 1552 1901 homini
1575 1869 1748 1906 rationem;
1774 1876 1804 1900 et
1827 1876 1986 1910 quantum
2001 1870 2041 1900 ad
2056 1870 2288 1910 turpitudinem
2311 1870 2502 1902 exteriorum

1427 1921 1587 1954 gestuum.
1612 1914 1652 1944 Et
1676 1920 1798 1954 praeter
1821 1913 1908 1950 haec,
1934 1920 1980 1945 est
2004 1914 2183 1945 secundum
2205 1924 2238 1945 se
2262 1914 2392 1945 maioris
2418 1914 2503 1946 inor-

1428 1958 1615 1989 dinationis:
1642 1967 1679 1988 ex
1702 1957 1764 1988 hoc
1780 1958 1851 1998 ipso
1875 1958 1964 1999 quod
1987 1957 2187 1988 vehementia
2210 1964 2242 1989 et
2263 1958 2414 1990 velocitas
2430 1965 2504 1991 nata

1427 2010 1502 2033 sunt
1518 2003 1648 2033 reddere
1671 2009 1778 2033 actum
1801 2001 1962 2042 appetitus
1977 2002 2079 2042 magis
2095 2002 2335 2034 exorbitantem.
2355 2003 2403 2033 Ea
2417 2003 2504 2035 enim

1427 2057 1510 2088 quae
1534 2053 1619 2078 extra
1641 2045 1738 2083 fiunt,
1764 2046 1902 2077 attestari
1931 2046 2079 2078 videntur
2108 2046 2334 2078 exorbitantiae
2363 2046 2505 2079 interiori

1427 2091 1528 2132 ipsius
1552 2098 1661 2122 motus
1693 2090 1854 2132 appetitus
1877 2090 2056 2127 irascibilis,
2081 2091 2137 2132 qui
2160 2097 2207 2122 est
2230 2097 2318 2122 actus
2350 2091 2504 2132 corporis,

1428 2143 1459 2167 et
1490 2136 1523 2166 in
1553 2145 1686 2176 corpore
1719 2145 1794 2166 cum
1824 2135 2091 2166 transmutatione
2121 2135 2279 2176 corporali
2309 2134 2360 2172 fit,
2390 2145 2426 2167 ac
2449 2146 2506 2178 per

1428 2180 1490 2211 hoc
1523 2190 1560 2211 ex
1596 2179 1795 2210 vehementia
1826 2186 1857 2210 et
1886 2179 2053 2211 velocitate
2090 2179 2192 2220 magis
2223 2179 2402 2211 exorbitans
2437 2179 2504 2212 fieri

1428 2231 1522 2255 natus
1546 2231 1602 2255 est.

1483 2269 1535 2299 Ad
1551 2267 1766 2299 obiectionem
1782 2277 1858 2307 ergo
1881 2267 1914 2298 in
1941 2254 2140 2309 oppositum,
2157 2275 2289 2309 negatur
2312 2267 2429 2306 minor,
2446 2268 2504 2300 sci-

1427 2313 1500 2344 licet
1523 2313 1612 2364 quod
1637 2312 1682 2343 ira
1706 2322 1743 2343 ex
1765 2311 1965 2343 vehementia
1989 2319 2020 2343 et
2042 2312 2209 2344 velocitate
2233 2311 2440 2345 diminuatur.
2463 2313 2506 2347 Et

1428 2358 1468 2388 ad
1484 2358 1627 2398 primam
1645 2356 1870 2397 probationem
1889 2356 2003 2387 dicitur
2017 2357 2107 2398 quod
2122 2364 2232 2397 peccat
2246 2357 2423 2389 secundum
2439 2367 2504 2389 non

1427 2411 1559 2433 causam
1585 2407 1620 2432 ut
1636 2411 1780 2432 causam.
1803 2401 1887 2431 Nam
1904 2401 1993 2442 quod
2017 2401 2141 2432 occisor
2157 2411 2194 2432 ex
2209 2401 2255 2432 ira
2272 2401 2379 2433 statim
2403 2401 2504 2442 magis

1428 2446 1467 2477 ab
1490 2445 1622 2476 homine
1638 2451 1804 2476 excusetur
1822 2455 1921 2486 quarn
1936 2445 2059 2476 occisor
2074 2455 2111 2476 ex
2126 2445 2171 2476 ira
2191 2451 2266 2486 post
2281 2452 2419 2487 tempus,
2437 2456 2503 2477 non

1428 2497 1595 2532 propterea
1619 2497 1666 2521 est
1688 2489 1764 2531 quia
1789 2496 1897 2521 motus
1925 2489 1988 2520 irae
2011 2490 2044 2520 in
2068 2490 2174 2531 primo
2198 2489 2239 2521 sit
2267 2489 2374 2522 minus
2401 2490 2505 2531 gravis

1428 2541 1483 2566 aut
1506 2534 1728 2566 deordinatus:
1753 2534 1808 2564 sed
1831 2533 1907 2575 quia
1931 2543 1997 2565 non
2022 2544 2059 2565 ex
2082 2541 2211 2565 maturo
2235 2534 2370 2566 consilio
2395 2541 2426 2566 et
2449 2534 2504 2567 de-

1425 2579 1613 2611 liberatione
1636 2578 1759 2619 primus
1783 2578 1909 2609 occidit.
1934 2578 1980 2610 Ita
2002 2579 2092 2620 quod
2115 2578 2276 2610 excusatio
2293 2585 2324 2610 et
2342 2579 2503 2611 accusatio

1426 2624 1545 2655 horum
1576 2623 1754 2654 consistunt
1776 2622 1809 2653 in
1840 2622 2008 2663 negatione
2033 2630 2063 2654 et
2086 2622 2296 2654 affirmatione
2324 2623 2440 2654 maturi
2473 2630 2505 2656 et

1427 2667 1589 2699 deliberati
1614 2667 1748 2704 consilii,
1772 2677 1854 2708 quae
1878 2674 2021 2708 spectant
2044 2668 2083 2698 ad
2108 2667 2274 2698 modicum
2293 2673 2324 2698 et
2347 2677 2502 2708 magnum

1426 2719 1573 2764 tempus:
1606 2718 1636 2743 et
1659 2722 1725 2742 non
1751 2721 1787 2742 ex
1810 2711 1924 2742 maiori
1946 2711 1997 2742 vel
2020 2711 2136 2743 minori
2170 2711 2411 2743 deordinatione
2434 2721 2504 2744 mo-

1426 2764 1478 2788 tus
1501 2757 1576 2788 irae.
1606 2756 1674 2787 Stat
1696 2756 1782 2787 enim
1813 2756 1903 2797 quod
1925 2756 2145 2787 vehementior
2178 2756 2218 2788 sit
2240 2762 2348 2787 motus
2376 2755 2440 2788 irae
2467 2755 2500 2787 in

1426 2802 1589 2833 occidente
1613 2807 1687 2842 post
1710 2801 1792 2831 duos
1816 2809 1942 2831 menses
1965 2810 2064 2842 quam
2087 2800 2120 2831 in
2144 2800 2309 2832 occidente
2324 2800 2444 2832 statim:
2470 2807 2502 2832 et

1426 2853 1533 2878 tamen
1557 2845 1664 2876 minus
1687 2851 1863 2882 excusatur,
1887 2845 1962 2886 quia
1986 2855 2023 2876 ex
2046 2851 2174 2876 maturo
2198 2844 2333 2876 consilio
2357 2844 2500 2876 occidere

1426 2889 1651 2932 praesumitur.

1482 2934 1533 2965 Ad
1556 2933 1729 2965 secundam
1763 2933 1987 2974 probationem
2011 2932 2126 2964 dicitur
2151 2933 2258 2974 quod,
2283 2933 2356 2964 data
2377 2932 2498 2964 maiore

1424 2979 1458 3010 in
1482 2978 1530 3009 his
1563 2988 1645 3019 quae
1674 2984 1844 3009 causantur
1871 2987 1957 3008 mere
1986 2977 2187 3014 naturaliter,
2215 2983 2348 3017 negatur
2375 2976 2498 3008 minor:

1425 3023 1501 3064 quia
1525 3033 1562 3054 ex
1585 3022 1776 3063 negligentia
1804 3021 1933 3063 spiritus
1957 3028 2104 3052 causatur
2126 3027 2235 3052 motus
2261 3020 2325 3051 irae
2357 3026 2423 3052 tam
2445 3030 2498 3052 ve—

1425 3068 1557 3098 hemens
1581 3073 1611 3097 et
1635 3067 1736 3097 velox.
1761 3066 1870 3098 Potest
1892 3075 2032 3107 namque
2048 3072 2079 3096 et
2094 3065 2188 3096 debet
2209 3064 2355 3106 superior
2373 3065 2499 3096 animae

1425 3122 1498 3152 pars
1521 3110 1691 3152 reprimere
1716 3110 1806 3141 haec:
1839 3117 1869 3141 et
1893 3119 1959 3140 non
1988 3108 2191 3150 reprimendo
2214 3116 2325 3150 auget,
2350 3119 2416 3140 non
2440 3109 2498 3140 mi-

1426 3156 1496 3187 nuit
1519 3161 1696 3196 peccatum.

1481 3200 1532 3231 Ad
1557 3200 1684 3230 tertiam
1708 3197 1851 3229 similiter
1874 3197 2006 3234 dicitur,
2031 3206 2181 3228 concessa
2203 3196 2325 3229 maiore
2349 3197 2388 3228 de
2412 3207 2499 3229 mere

1426 3243 1608 3275 naturaliter
1632 3242 1834 3274 causantibus
1857 3241 2069 3282 ignorantiam
2093 3248 2123 3272 et
2147 3241 2383 3279 obscuritatem,
2408 3242 2498 3284 quod

1426 3288 1503 3319 falsa
1533 3294 1579 3319 est
1608 3287 1714 3318 minor
1737 3286 1770 3317 in
1793 3285 1955 3326 opposito.
1987 3284 2153 3323 Quoniam
2183 3285 2361 3326 ignorantia
2385 3293 2416 3318 et
2438 3286 2498 3318 ob·

1426 3332 1557 3364 scuritas
1579 3331 1613 3362 in
1640 3331 1686 3362 ira
1713 3336 1972 3371 consequuntur,
1997 3339 2063 3360 non
2095 3330 2289 3370 praecedunt
2318 3330 2497 3371 appetitum

1425 3376 1652 3407 inordinatum.
1682 3374 1730 3405 Ex
1758 3373 1820 3405 hoc
1850 3379 1958 3404 autem
1986 3373 2050 3404 iam
2074 3374 2254 3411 didicimus,
2278 3374 2311 3406 in
2335 3385 2390 3416 qu.
2415 3385 2496 3412 ctvr,

1425 3427 1481 3451 art.
1509 3421 1537 3456 3,
1561 3419 1600 3450 ad
1630 3429 1655 3455 1,
1679 3427 1746 3448 non
1770 3417 1882 3454 minui,
1907 3417 1962 3448 sed
1985 3418 2105 3458 gravari
2128 3425 2308 3460 peccatum.

1482 3463 1534 3494 IX.
1559 3463 1594 3493 In
1614 3462 1729 3493 eodem
1752 3461 1884 3492 articulo
1907 3469 2021 3503 quarto
2046 3462 2141 3494 dubia
2164 3462 2268 3494 adhuc
2292 3463 2358 3494 duo
2385 3472 2496 3494 occur-

1425 3514 1510 3538 runt.
1533 3507 1677 3537 Primum
1702 3512 1757 3541 est,
1781 3506 1949 3546 quomodo
1972 3506 2088 3538 invidia
2112 3507 2144 3537 in
2168 3507 2270 3539 littera
2292 3513 2431 3548 ponatur
2450 3506 2497 3537 vi-‘

1425 3551 1507 3582 tium
1530 3557 1674 3591 respectu
1698 3549 1773 3580 mali
1796 3549 1942 3590 proximi,
1968 3561 2042 3582 curn
2066 3551 2244 3583 secundum
2267 3550 2432 3583 veritatem
2455 3550 2497 3582 sit

1425 3601 1568 3635 respectu
1593 3594 1679 3625 boni.
1711 3594 1768 3624 Est
1790 3593 1876 3624 enim
1909 3594 2031 3626 tristitia
2061 3595 2155 3627 alieni
2178 3595 2255 3627 boni
2286 3594 2377 3637 quasi
2401 3594 2495 3626 dimi-

1426 3638 1527 3669 nutivi
1551 3637 1697 3679 propriae
1722 3638 1932 3670 excellentiae.

2527 1170 2587 1193 Ἐἰ
2601 1176 2666 1193 num.
2681 1177 2704 1192 v.

2529 1388 2538 1399 ⁸
2551 1389 2623 1412 Num.
2637 1395 2669 1412 iv.
