2768 4198
987 312 1254 358 QUAESTIO
1285 312 1532 358 CLXXXIX,
1561 313 1859 350 ARTICULUS
1890 313 1920 349 Il
2482 317 2554 363 539

373 400 454 426 rum,
472 390 685 420 abstrahendo
709 390 747 420 ab
764 390 826 420 hoc
848 389 899 419 vel
922 389 978 419 illo
1003 390 1118 420 modo:
1144 390 1199 420 sed
1218 390 1320 429 prima
1344 397 1389 420 est
1405 397 1441 420 ut
1466 390 1469 442 Ἰ
1495 396 1622 429 oportet
1636 390 1723 430 prius
1740 390 1878 431 aliquem
1899 401 1965 421 esse
1981 391 2104 422 bonum
2121 392 2322 428 saecularem,
2337 393 2376 422 ad
2391 393 2452 424 hoc
2468 395 2556 434 quod

373 435 493 474 species
515 433 711 474 imperfecta,
727 434 867 464 secunda
890 441 925 464 ut
949 434 1069 473 species
1085 434 1239 473 perfecta;
1264 441 1341 473 puta
1361 434 1442 464 sicut
1467 443 1469 472 ᾗ
1496 434 1536 464 sit
1559 434 1734 474 religiosus

373 479 554 509 irrationale
569 485 600 508 et
616 478 770 508 rationale
786 485 930 518 respectu
947 477 1103 508 animalis.
1118 495 1139 500 -
1156 478 1314 514 Secundo,
1335 478 1442 518 quoad
1467 473 1469 495 i
1552 478 1604 509 111.
1626 478 1712 509 Cum
1727 479 1775 509 his
1799 485 1906 509 tamen
1921 480 2081 516 omnibus,
2102 490 2176 510 cave
2193 490 2231 510 ne
2248 480 2352 510 subito
2372 481 2412 511 ad
2431 482 2556 521 religio-

374 523 684 573 ordinemtnaturae.
716 522 757 552 Et
781 522 894 552 dicitur
925 523 1013 562 quod
1045 522 1182 552 secunda
1206 529 1252 552 est
1276 522 1362 562 prius
1389 532 1442 551 na-
1468 539 1470 568 ᾖ
1497 532 1571 552 nem
1591 523 1722 563 recipias
1746 533 1801 553 eos
1820 523 1875 563 qui
1900 523 2048 554 diuturna
2068 531 2142 554 sunt
2169 525 2397 555 consuetudine
2422 526 2556 556 adstricti

374 575 459 597 tura:
485 577 560 607 quia
584 566 760 606 perfectum
784 573 830 596 est
854 566 941 606 prius
965 573 1077 596 natura
1100 566 1297 606 imperfecto.
1321 583 1342 588 -
1365 567 1442 596 Ter·
1469 569 1470 605 ξ
1498 567 1682 597 enormibus
1695 567 1786 603 vitiis,
1800 568 1908 607 quales
1924 575 1998 598 sunt
2013 569 2154 604 lenones,
2168 569 2304 599 latrones
2319 576 2350 599 et
2364 569 2557 601 huiusmodi.

374 611 430 646 tio,
455 611 564 651 quoad
587 611 733 640 ordinem
758 610 920 650 temporis.
945 611 986 641 Et
1005 611 1118 641 dicitur
1132 611 1222 651 quod
1238 621 1303 640 non
1328 617 1374 640 est
1390 620 1442 640 ne-
1469 608 1471 643 Ι
1499 611 1662 647 Quoniam
1695 611 1750 641 etsi
1782 611 1934 651 scriptum
1958 612 1997 642 sit
2020 613 2108 652 quod
2133 613 2299 653 publicani
2327 618 2356 643 et
2379 615 2559 644 meretrices

375 655 510 685 cessario
534 655 615 685 inter
634 654 687 684 illa
711 655 791 684 ordo
816 655 979 694 temporis,
1004 655 1058 685 sed
1083 662 1188 694 potest
1211 654 1370 695 quaelibet
1394 664 1443 684 ea-
1469 645 1471 691 i
1493 655 1687 695 praecedent
1712 665 1766 685 vos
1790 657 1821 686 in
1847 666 1948 697 regno
1972 658 2133 687 caelorum
2153 657 2180 694 ¹⁸¹,
2205 658 2357 696 scriptum
2380 665 2426 687 est
2449 658 2558 688 etiam:
2587 664 2639 686 ἐπ’.
2650 671 2710 692 resp.
2721 665 2766 686 ad1

376 709 448 729 rum
465 709 542 749 esse,
560 699 656 728 altera
673 709 738 728 non
755 699 989 738 praeexistente.
1014 700 1089 729 Non
1106 699 1192 729 enirn
1208 706 1335 738 oportet
1357 698 1444 738 prius
1470 692 1472 726 Χ,
1505 699 1611 730 Videte
1640 700 1796 740 quomodo
1826 706 1919 730 caute
1946 701 2114 732 ambuletis
2129 702 2155 732 *.
2188 702 2261 731 Non
2286 708 2331 731 est
2355 708 2460 732 tutum
2485 702 2560 732 tales
2590 711 2768 740 ’Λαεριιειεε

377 753 443 774 esse
467 753 499 773 in
524 750 606 773 statu
631 743 771 782 coniugii
795 753 892 784 quam
917 743 949 773 in
973 749 1056 773 statu
1080 743 1234 782 virginali.
1260 742 1306 772 Ibi
1321 727 1472 782 praece-'l¹
1500 743 1687 773 criminosos
1712 751 1838 783 repente
1863 745 1894 774 in
1919 744 2101 775 societatem
2125 745 2343 781 innocentum,
2367 747 2560 786 quandoque
2588 745 2727 766 v,vers.15.

376 794 470 827 ptum
495 794 541 817 est
564 787 630 828 sine
655 787 803 817 consilio:
838 787 889 818 hic
913 787 1084 818 consilium
1103 787 1199 819 etiam
1223 793 1373 817 servatur.
1404 787 1445 817 Et
1471 783 1473 824 ξ
1499 787 1669 824 iuvenum,
1701 788 1909 820 introducere.
1945 789 2142 819 Timendum
2175 797 2220 820 est
2251 800 2289 820 ne
2321 790 2454 821 doceant
2483 790 2561 820 alios

377 842 434 872 per
457 832 533 861 haec
566 832 736 871 respondet
759 831 875 862 directe
905 838 1093 872 argumento
1124 830 1326 862 concludenti
1357 831 1445 871 quod
1471 830 1474 863 l
1500 832 1593 867 mala,
1619 842 1658 862 ne
1682 840 1888 872 corrumpant
1911 833 2000 869 alios,
2026 842 2085 864 etc.

1152 965 1474 1007 ARTICULUS
1503 965 1803 1007 SECUNDUS

698 1060 854 1091 UTRUM
878 1060 1081 1090 DEBEANT
1106 1059 1254 1097 ALIQUI
1280 1059 1404 1090 voro
1428 1058 1631 1090 OBLIGARI
1657 1059 1714 1089 AD
1740 1059 1983 1090 RELIGIONIS
2008 1060 2248 1091 INGRESSUM

504 1141 596 1173 Supra,
615 1147 659 1173 qu.
677 1147 797 1170 Lxxxvm,
816 1144 863 1165 art.
883 1147 915 1172 93
937 1139 1033 1169 Quodl.
1053 1139 1093 1168 111,
1113 1147 1158 1171 qu.
1178 1147 1202 1169 v,
1222 1143 1268 1164 art.
1293 1145 1318 1168 ¹3
1338 1138 1379 1168 1V,
1400 1145 1447 1170 qu.
1464 1146 1508 1168 111,
1528 1143 1574 1163 art.
1597 1145 1625 1167 η
1648 1138 1723 1163 Cont.
1744 1138 1889 1164 retrahent.
1909 1139 1941 1163 ab
1962 1139 2072 1172 ingress.
2092 1139 2187 1173 Relig„
2203 1148 2257 1172 cap.
2275 1148 2309 1169 ¹1,
2327 1148 2371 1170 xri,
2388 1148 2442 1167 xm.

1475 1216 1477 1228 l

414 1230 477 1275 3:25³
504 1240 570 1278 ,ἐῆν
594 1232 616 1257 D
633 1231 825 1257 SECUNDUM
841 1230 895 1256 stc
910 1228 1153 1255 PROCEDITUR.
1169 1216 1330 1253 Videtur
1345 1216 1450 1264 quod
1475 1240 1477 1291 4
1504 1229 1601 1265 opus
1631 1228 1676 1252 ex
1703 1223 1796 1253 voto
1817 1216 1957 1253 factum
1979 1224 2034 1253 est
2057 1217 2280 1254 laudabilius
2300 1230 2415 1266 quam
2436 1219 2466 1255 si
2486 1219 2564 1256 sine

415 1271 674 1329 ἱξξῖὲέςλΐξθηιοη
703 1273 869 1310 debeant
897 1270 1013 1320 aliqui
1031 1277 1125 1307 voto
1146 1269 1304 1316 obligari
1324 1270 1373 1306 ad
1394 1281 1451 1305 re·
1476 1294 1477 1312 i
1504 1277 1597 1305 voto
1626 1269 1703 1306 fiat.
1726 1270 1828 1306 Tum
1859 1269 1948 1317 quia
1976 1282 2121 1306 vovere
2151 1279 2204 1307 est
2232 1278 2336 1307 actus
2365 1271 2565 1319 religionis,

400 1326 414 1376 ’ἃ
499 1369 516 1377 γ
544 1329 565 1363 6
595 1325 742 1374 ligionis
784 1326 1010 1373 ingressum.
1054 1323 1128 1360 Per
1169 1322 1451 1371 professionem
1476 1325 1478 1365 ξ
1506 1334 1603 1370 quae
1632 1322 1746 1358 habet
1774 1322 1968 1371 quandam
1995 1323 2252 1360 excellentiam
2282 1323 2378 1360 inter
2395 1324 2564 1363 virtutes.

440 1395 450 1407 »-
474 1368 587 1412 ῑ”“’Χκ
597 1379 698 1416 enim
728 1379 864 1426 aliquis
891 1385 985 1414 voto
1015 1375 1186 1424 religioni
1213 1380 1230 1396 ²
1259 1375 1452 1422 adstringi·
1478 1398 1479 1402 =
1506 1375 1611 1410 Turn
1641 1375 1729 1423 quia
1756 1387 1824 1423 per
1851 1383 1985 1411 votum
2006 1375 2176 1412 firmatur
2198 1377 2374 1413 voluntas
2402 1378 2567 1415 hominis

381 1441 453 1470 tur.
476 1431 553 1470 Sed
574 1435 660 1470 a'nte
679 1431 960 1481 professionem
981 1428 1203 1466 conceditur
1222 1440 1346 1465 annus
1365 1439 1452 1476 pro·
1478 1462 1480 1468 ⁴
1507 1427 1555 1464 ad
1584 1427 1731 1464 bonum
1756 1427 1993 1464 faciendum:
2024 1436 2060 1464 et
2083 1428 2176 1465 sicut
2196 1437 2392 1477 peccatum
2414 1437 2468 1466 est
2487 1442 2567 1478 gra-

140 1496 304 1525 ·ffiv-tvm-
380 1486 558 1532 bationis,
583 1486 798 1523 secundum
825 1484 994 1532 regulam
1022 1482 1120 1520 beati
1140 1481 1336 1518 Benedicti
1355 1480 1387 1527 ²⁸,
1418 1487 1454 1517 et
1480 1516 1481 1533 χ
1507 1480 1593 1516 vius
1622 1492 1668 1516 ex
1687 1481 1762 1516 hoe
1790 1480 1894 1528 quod
1914 1481 2084 1528 procedit
2105 1493 2149 1517 ex
2167 1483 2361 1518 voluntate
2382 1483 2569 1520 obstinata

142 1553 153 1564 ·
173 1550 266 1575 war.
293 1551 354 1574 ord.
382 1539 598 1576 secundum
627 1546 808 1576 statutum
840 1535 1051 1574 Innocentii
1076 1535 1127 1571 IV
1146 1534 1178 1571 *z
1212 1534 1279 1583 qui
1298 1532 1313 1563 β
1342 1533 1453 1570 etiam
1480 1560 1481 1566 η
1509 1533 1546 1569 in
1580 1534 1746 1579 malum,
1782 1532 1832 1569 ita
1867 1533 2014 1570 bonum
2049 1546 2146 1581 opus
2179 1542 2234 1571 est
2271 1535 2492 1572 laudabilius
2526 1548 2569 1572 ex

221 1594 354 1630 ‘'n-mn,
382 1592 586 1642 prohibuit,
603 1599 691 1629 ante
706 1603 851 1628 annum
866 1588 1102 1639 probationis
1122 1588 1371 1636 completum,
1388 1599 1455 1623 eos
1509 1586 1584 1622 hoc
1620 1586 1726 1634 quod
1764 1585 1935 1634 procedit
1968 1598 2013 1622 ex
2046 1587 2240 1624 voluntate
2274 1588 2495 1624 confirmata
2532 1589 2570 1624 in

140 1657 196 1682 nu.-
231 1663 296 1686 ,σιμ
324 1663 355 1679 on
383 1658 452 1696 per
469 1645 750 1694 professionem
771 1642 942 1692 religioni
961 1641 1152 1689 adstringi.
1183 1642 1286 1689 Ergo
1305 1641 1456 1678 videtur
1509 1639 1656 1676 bonurn
1685 1651 1754 1688 per
1781 1647 1927 1676 votum.
1959 1639 2008 1675 Et
2035 1639 2122 1676 ideo
2152 1640 2307 1688 obligari
2327 1648 2419 1677 voto
2444 1641 2491 1678 ad
2516 1653 2571 1678 re-

140 1695 358 1761 gdtra-feagsss
384 1699 490 1749 quod
521 1699 643 1736 multo
679 1697 805 1734 minus
841 1696 967 1734 adhuc
1001 1695 1039 1732 in
1068 1695 1221 1732 saeculo
1255 1693 1455 1731 existentes
1508 1692 1654 1740 ligionis
1683 1692 1894 1740 ingressum
1925 1700 1980 1728 est
2008 1693 2218 1731 secundum
2249 1705 2288 1729 se
2318 1694 2516 1731 laudabile.

141 1737 307 1825 „treug-‚m
384 1752 550 1791 debeant
577 1759 672 1788 voto
701 1750 750 1788 ad
781 1750 1004 1798 religionem
1034 1748 1204 1796 obligari.
1481 1751 1482 1798 J
1562 1747 1621 1782 AD
1642 1757 1779 1782 pannum
1801 1757 1898 1782 ERGO
1918 1757 2103 1783 DICENDUM
2132 1748 2235 1795 quod
2265 1747 2404 1795 duplex
2433 1755 2488 1783 est
2517 1759 2572 1783 re-

116 1848 117 1851 *
439 1817 475 1842 2.
505 1806 742 1850 PRAETEREA,
773 1803 982 1852 Gregorius
1011 1801 1110 1847 dicit,
1140 1801 1179 1838 in
1206 1801 1398 1850 Registro,
1420 1807 1456 1836 et
1509 1799 1654 1846 ligionis
1682 1806 1830 1835 votum.
1859 1799 1989 1836 Unum
2019 1800 2210 1846 solemne,
2240 1799 2344 1847 quod
2372 1800 2569 1836 hominem

136 1865 358 1890 “Cn-Dem-
385 1859 547 1896 habetur
582 1858 621 1895 in
656 1856 840 1904 Decretis,
871 1856 954 1894 dist.
984 1855 1091 1892 XLV
1109 1854 1142 1901 *,
1171 1854 1277 1902 quod
1312 1853 1454 1900 Iudaei,
1509 1852 1595 1888 facit
1629 1852 1864 1889 monachum
1900 1853 1961 1888 vel
1995 1853 2146 1888 alterius
2178 1852 2366 1900 religionis
2398 1853 2570 1890 fratrem:

386 1924 461 1949 non
482 1912 531 1958 vi,
551 1911 618 1948 sed
645 1911 763 1948 libera
791 1910 983 1947 voluntate
1012 1914 1052 1945 ut
1078 1912 1349 1944 convertantur
1370 1918 1456 1944 sua·
1509 1906 1615 1954 quod
1630 1913 1790 1942 vocatur
1808 1905 2006 1953 professio.
2029 1906 2076 1942 Et
2096 1906 2167 1942 tale
2181 1913 2317 1942 votum
2335 1906 2447 1943 debet
2466 1918 2571 1955 prae-

385 1965 500 2002 dendi
528 1970 624 2001 sunt.
664 1963 742 2000 Sed
771 1963 929 2012 implere
958 1961 995 2000 id
1034 1961 1138 2010 quod
1166 1967 1351 2007 vovetur,
1391 1973 1454 1996 ne·
1511 1959 1647 1996 cedere
1676 1971 1798 1995 annus
1827 1958 2080 2006 probationis,
2110 1967 2150 1995 ut
2176 1960 2314 2008 probat
2342 1959 2516 1996 obiectio.
2548 1980 2570 1986 -

145 2026 359 2078 {gifffflffffi'
387 2017 569 2056 cessitatis
589 2025 645 2054 est
663 2016 694 2054 ³¹².
725 2017 829 2064 Ergo
850 2029 928 2054 non
949 2022 1036 2053 sunt
1055 2014 1170 2064 aliqui
1194 2013 1387 2062 obligandi
1408 2013 1456 2050 ad
1510 2012 1622 2049 Aliud
1652 2020 1781 2049 autem
1813 2019 1867 2048 est
1895 2020 2030 2048 votum
2060 2012 2230 2061 simplex,
2260 2025 2304 2048 ex
2333 2025 2410 2061 quo
2440 2013 2572 2061 aliquis

145 2087 175 2103 ¹³-
209 2071 214 2076 ”
286 2069 292 2081 ’
354 2069 358 2074 ”
387 2071 578 2119 religionis
607 2071 834 2118 ingressum.
1511 2078 1590 2102 non
1618 2066 1660 2102 fit
1689 2065 1901 2102 monachus
1929 2065 1991 2101 vel
2019 2065 2226 2112 religiosus,
2256 2065 2323 2102 sed
2352 2066 2475 2102 solum
2505 2066 2570 2101 ob-

443 2126 478 2162 3.
495 2125 731 2171 PRAETEREA,
748 2123 874 2160 nullus
894 2122 1007 2160 debet
1027 2121 1131 2158 alteri
1151 2121 1335 2170 praebere
1351 2132 1458 2156 occa·
1483 2125 1485 2160 l
1511 2119 1643 2167 ligatus
1672 2119 1720 2155 ad
1750 2118 1938 2165 religionis
1962 2118 2184 2165 ingressum.
2215 2119 2263 2155 Et
2291 2126 2376 2155 ante
2404 2119 2476 2154 tale
2504 2131 2572 2155 vo-

146 2186 237 2208 ·ven-
254 2192 337 2216 „2³⁴-
388 2178 538 2215 sionem
567 2177 717 2215 ruinae:
747 2176 849 2214 unde
873 2175 998 2213 Exod.
1015 2174 1109 2211 xxi*
1129 2173 1278 2212 dicitur:
1308 2174 1351 2210 Si
1376 2174 1458 2221 quis
1511 2180 1592 2209 tum
1620 2184 1698 2209 non
1728 2179 1879 2220 oportet
1906 2171 2135 2220 praecedere
2163 2171 2395 2220 probationis
2415 2183 2570 2208 annum.

226 2272 229 2273 γ
257 2277 259 2281 .
387 2231 581 2281 aperuerit
606 2231 820 2276 cisternam,
841 2228 1087 2276 cecideritque
1105 2228 1171 2264 bos
1189 2227 1250 2264 vel
1273 2227 1402 2264 asinus
1421 2227 1458 2263 in
1565 2227 1624 2262 AD
1644 2237 1836 2262 SECUNDUM
1855 2236 2040 2262 DlCENDUM
2061 2224 2163 2273 quod
2184 2224 2384 2261 auctoritas
2405 2224 2464 2260 illa
2481 2225 2574 2261 Gre-

244 2292 265 2319 's'
388 2297 473 2324 eam
492 2290 528 2332 Υ,
558 2284 733 2321 dominus
761 2284 944 2321 cisternae
973 2282 1101 2319 reddet
1122 2281 1288 2329 pretium
1316 2281 1459 2316 iumen·
1485 2315 1486 2326 ¹
1513 2278 1606 2327 gorii
1635 2278 1850 2326 intelligitur
1878 2277 1924 2315 de
1944 2277 2125 2314 violentia
2144 2278 2328 2314 absoluta.
2358 2277 2574 2314 Necessitas

388 2345 526 2376 torum.
558 2337 635 2375 Sed
665 2349 710 2374 ex
737 2337 813 2374 hoc
841 2335 946 2385 quod
966 2334 1080 2383 aliqui
1101 2334 1315 2382 obligantur
1334 2333 1382 2370 ad
1403 2345 1460 2369 re·
1486 2362 1487 2367 ,
1514 2339 1642 2368 autem
1678 2343 1776 2380 quae
1807 2343 1851 2367 ex
1880 2330 2109 2378 obligatione
2137 2332 2216 2367 voti
2249 2330 2467 2378 requiritur,
2498 2342 2576 2366 non

389 2392 568 2441 ligionem
606 2403 676 2440 per
702 2398 861 2436 votum,
891 2389 1110 2437 frequenter
1138 2386 1252 2436 aliqui
1281 2394 1395 2423 ruunt
1422 2386 1462 2423 in
1515 2392 1572 2421 est
1600 2384 1804 2421 necessitas
1833 2384 2027 2430 absoluta,
2063 2383 2130 2420 sed
2165 2384 2368 2420 necessitas
2405 2395 2449 2419 ex
2476 2383 2574 2420 fine:

390 2444 698 2494 desperationem
719 2451 756 2480 et
774 2444 812 2481 in
829 2443 1166 2491 diversasspeccata.
1188 2441 1291 2488 Ergo
1310 2439 1463 2477 videtur
1487 2443 1488 2460 ³
1515 2438 1604 2487 quia
1633 2437 1783 2483 scilicet,
1813 2445 1900 2485 post
1927 2444 2083 2483 votum,
2118 2449 2196 2473 non
2224 2443 2348 2485 potest
2376 2435 2507 2484 aliquis
2534 2436 2578 2472 fi-

389 2499 495 2549 quod
524 2510 603 2535 non
623 2497 696 2534 sint
724 2497 838 2546 aliqui
859 2497 905 2534 ad
927 2494 1116 2543 religionis
1135 2494 1347 2542 ingressum
1366 2501 1461 2530 voto
1486 2502 1489 2526 ε
1516 2503 1606 2528 nem
1636 2490 1764 2528 salutis
1794 2490 1975 2539 consequi
2003 2489 2073 2526 nisi
2102 2489 2257 2538 impleat
2283 2497 2429 2526 votum.
2473 2489 2577 2525 Talis

390 2551 598 2600 obligandi.
1487 2542 1489 2567 l
1516 2551 1644 2581 autem
1674 2543 1878 2581 necessitas
1907 2555 1985 2579 non
2014 2550 2069 2579 est
2089 2542 2264 2579 vitanda:
2294 2541 2516 2590 quinimmo,
2538 2549 2578 2577 ut

150 2607 212 2656 J*
222 2611 362 2634 mmm.
445 2606 520 2642 SED
541 2615 688 2641 CONTRA
707 2615 774 2641 Es'r
793 2604 896 2652 quod
916 2601 955 2639 in
980 2601 1134 2638 Psalmo
1153 2599 1174 2621 '⁸‘
1202 2599 1355 2637 dicitur:
1391 2600 1462 2636 Vo-
1487 2601 1489 2614 ²
1515 2597 1750 2646 Augustinus
1779 2596 1878 2642 dicit,
1899 2597 1950 2633 ad
1966 2596 2250 2632 Armentarium
2275 2600 2310 2630 et
2327 2594 2525 2631 Paulinam
2545 2593 2575 2639 ²¹³,
2605 2599 2768 2647 gfplitsfiffxx'

390 2664 492 2703 vete,
530 2663 567 2694 et
601 2656 742 2694 reddite
775 2656 943 2693 Domino
981 2655 1064 2691 Deo
1098 2659 1244 2690 vestro.-
1277 2652 1342 2689 ubi
1374 2651 1463 2689 dicit
1487 2657 1490 2684 5
1511 2651 1611 2699 felix
1644 2656 1698 2687 est
1732 2649 1928 2686 necessitas
1964 2660 2062 2697 quae
2092 2648 2144 2684 ad
2169 2647 2326 2684 meliora
2353 2647 2575 2683 transmittit.
2628 2642 2632 2647 “
2713 2642 2718 2647 ’

150 2711 363 2761 {affl-,3525
393 2713 532 2750 Glossa
549 2710 570 2732 ’¹‘
598 2710 705 2758 quod
741 2709 929 2758 quaedam
960 2712 1049 2745 sunt
1077 2712 1165 2743 vota
1194 2706 1357 2754 propria
1389 2705 1463 2742 sin·
1569 2705 1628 2741 AD
1657 2715 1817 2740 TERTIUM
1851 2713 2035 2739 DicENDUM
2070 2702 2175 2750 quod
2211 2712 2356 2737 vovere
2390 2699 2577 2747 religionis

151 2766 207 2794 ΑΜ
391 2765 586 2816 gulorum,
609 2769 650 2800 ut
666 2763 828 2808 castitas,
857 2761 1058 2811 virginitas
1086 2765 1122 2796 et
1147 2759 1383 2796 huiusmodi:
1412 2758 1464 2795 ad
1516 2757 1728 2805 ingressum
1759 2763 1815 2792 est
1838 2755 2026 2804 quaedam
2049 2753 2287 2790 confirmatio
2306 2752 2509 2790 voluntatis
2529 2752 2576 2788 ad

392 2820 487 2856 haec
523 2829 617 2867 ergo
655 2817 827 2854 vovenda
865 2827 933 2853 nos
970 2814 1113 2851 invitat.
1154 2812 1231 2849 Sed
1270 2812 1463 2861 Scriptura
1488 2825 1490 2834 Α
1517 2810 1687 2847 meliora.
1727 2809 1777 2846 Et
1812 2808 1919 2854 ideo,
1949 2815 2132 2856 quantum
2163 2814 2218 2843 est
2246 2806 2292 2843 de
2321 2818 2376 2852 se,
2407 2818 2485 2842 non
2514 2805 2578 2841 dat

253 2872 268 2898 ³
395 2869 525 2909 sacra⁶
545 2883 625 2908 non
644 2869 777 2907 invitat
796 2869 866 2906 nisi
881 2868 930 2905 ad
945 2867 981 2904 id
997 2866 1103 2915 quod
1124 2873 1179 2902 est
1197 2865 1344 2902 melius.
1359 2865 1463 2912 Ergo
1489 2863 1491 2907 ζ
1517 2862 1665 2900 homini
1694 2861 1937 2899 occasionem
1967 2860 2110 2907 ruinae,
2139 2859 2206 2896 sed
2235 2858 2354 2906 magis
2382 2858 2575 2894 subtrahit.

394 2925 532 2963 melius
561 2932 617 2961 est
645 2923 750 2972 quod
779 2922 913 2971 aliquis
940 2928 1035 2958 voto
1065 2932 1106 2956 se
1135 2919 1276 2966 obliget
1305 2919 1353 2956 ad
1382 2918 1465 2955 reli·
1518 2916 1595 2953 Sed
1624 2916 1654 2952 si
1683 2915 1815 2963 aliquis
1838 2914 1919 2951 voti
1947 2922 2199 2961 transgressor
2218 2912 2369 2960 gravius
2389 2919 2483 2957 ruat,
2503 2911 2577 2947 hoc

394 2978 518 3028 gionis
546 2977 772 3026 ingressum.
1173 3003 1178 3008 .
1518 2981 1597 3006 non
1627 2969 1782 3016 derogat
1810 2967 1966 3005 bonitati
1985 2967 2085 3004 voti:
2116 2966 2209 3003 sicut
2237 2977 2308 3002 nec
2336 2965 2491 3012 derogat
2510 2964 2577 3000 bo-

155 3034 235 3083 213¹&
255 3038 366 3058 ²¹¹¹V¹¹¹‘
450 3033 677 3070 RESPONDEO
715 3040 900 3066 DICENDUM
935 3026 1062 3075 quod,
1102 3026 1196 3062 sicut
1231 3036 1346 3073 supra
1363 3023 1384 3045 ’¹‘
1411 3023 1465 3060 di-
1518 3022 1621 3059 nitati
1649 3021 1827 3070 baptismi
1856 3020 1961 3069 quod
1982 3019 2096 3067 aliqui
2124 3026 2211 3068 post
2237 3017 2468 3066 baptismum
2497 3028 2578 3064 gra-

397 3093 500 3122 ctum
530 3092 597 3131 est,
629 3096 717 3120 cum
746 3082 794 3120 de
812 3089 906 3118 voto
936 3087 1122 3128 ageretur,
1151 3090 1272 3114 unum
1297 3085 1333 3114 et
1360 3076 1464 3114 idem
1491 3101 1493 3115 .
1517 3075 1603 3112 vius
1631 3082 1803 3124 peccant.

3 2823 7 2830 ι
0 2794 5 2811 *¹
0 2653 17 2780 -Ww-s
0 2472 12 2631 <mvsa—xv·—
0 2348 10 2453 ·2-r--
0 2229 9 2335 ψ--νηω-
0 2187 8 2214 ·.-„
0 2129 12 2167 -vv'
0 2106 5 2111 ,
4 2072 5 2075 „
3 2039 11 2050 ,A

1574 3205 1600 3238 δ)
1620 3212 1693 3231 nos...
1718 3212 1805 3230 sacra.
1817 3218 1836 3223 -
1854 3211 1902 3229 nos
1926 3204 2023 3229 invitat
2047 3203 2198 3235 Scriptura.
2212 3202 2267 3227 Sed
2283 3207 2362 3227 sacra
2387 3201 2529 3233 Scriptura
2548 3201 2579 3232 C,

451 3215 480 3246 α)
495 3215 632 3249 ΝΕςίοκί,
644 3228 664 3234 -
681 3213 820 3247 religionis
838 3212 912 3236 PEL.

1522 3241 1619 3266 invitat
1637 3248 1686 3266 nos
1703 3247 1782 3265 sacra
1802 3240 1944 3272 Scriptura
1963 3246 2030 3272 quae
2050 3239 2095 3263 Pa.

453 3249 479 3284 β)
498 3250 552 3283 qui.
563 3263 583 3270 —
601 3257 669 3284 quae
687 3249 850 3281 BEFKLpA.

451 3287 480 3319 γ)
498 3292 567 3311 eam.
578 3298 598 3304 —
615 3292 648 3310 ea
667 3284 843 3310 ABCEFIKL.
1492 3281 1495 3310 Ι

1073 3358 1407 3391 Commeat-‚aria
1429 3355 1682 3388 Cardinalis
1703 3353 1905 3386 Caietam

429 3455 450 3475 u
473 3443 607 3475 articulo
630 3442 772 3473 secundo
788 3438 934 3472 eiusdem
948 3441 1078 3472 ultimae
1102 3437 1306 3480 quaestionis,
1330 3435 1394 3466 hoc
1410 3445 1461 3466 so-
1517 3441 1587 3465 tum
1611 3439 1641 3464 et
1664 3432 1926 3474 promissionem,
1947 3431 2113 3472 praecipue
2132 3431 2193 3462 tale
2216 3437 2328 3461 votum
2353 3440 2424 3461 cum
2456 3437 2578 3460 matura

403 3457 500 3519 Itum
528 3487 732 3518 scribendum
763 3485 914 3522 occurrit,
939 3485 1029 3526 quod
1062 3484 1135 3514 licet
1165 3491 1279 3513 vovere
1303 3480 1464 3520 religionis
1519 3485 1549 3509 et
1565 3478 1706 3508 discussa
1719 3476 1817 3507 animi
1835 3476 1976 3507 libertate
1992 3476 2150 3516 agendum
2166 3481 2226 3505 est:
2243 3475 2346 3505 multo
2366 3474 2465 3515 magis
2481 3483 2577 3515 quam

399 3534 578 3572 ingressum
601 3531 640 3562 sit
664 3530 832 3566 laudabile,
857 3539 924 3560 non
947 3536 1053 3560 tamen
1077 3527 1175 3558 laudo
1199 3525 1288 3567 quod
1304 3524 1402 3555 facilis
1427 3524 1466 3554 sit
1518 3532 1634 3553 vovere
1657 3522 1730 3552 dare
1754 3531 1903 3561 magnam
1933 3519 2084 3560 pecuniae
2108 3529 2284 3555 summam,
2309 3526 2364 3549 aut
2386 3518 2486 3549 facere
2512 3527 2576 3546 ma-

401 3587 536 3618 persona
571 3576 611 3606 ad
639 3575 824 3606 vovendum
854 3573 950 3605 talem
980 3573 1168 3613 ingressum.
1203 3569 1381 3608 Quoniam,
1409 3568 1466 3599 etsi
1519 3567 1638 3598 ximam
1668 3565 1971 3606 peregrinationem;
2001 3570 2121 3606 quanto
2152 3563 2255 3594 maius
2284 3570 2330 3594 est
2359 3562 2477 3603 ingredi
2512 3560 2578 3590 reli-

0 3640 12 3677 ?
402 3631 498 3652 omne
520 3627 635 3651 votum
658 3619 753 3659 exigit
774 3618 852 3655 tria,
877 3617 994 3648 scilicet
1017 3616 1296 3651 deliberationem,
1320 3613 1466 3654 proposi·
1521 3611 1649 3652 gionem
1674 3620 1772 3651 quam
1789 3609 2016 3650 quodcumque
2040 3608 2137 3645 aliud,
2154 3617 2227 3639 cum
2251 3607 2283 3638 in
2299 3607 2360 3637 hoc
2383 3613 2481 3637 cetera
2503 3611 2575 3634 vota
