2768 4198
75 907 85 916 ⁸
94 906 118 928 S.
129 905 172 926 Th.
184 905 236 926 lect.
244 908 276 924 vn

75 969 85 980 ⁸
99 967 164 989 Vers.
179 966 210 987 16.

93 2722 103 2732 ⁴
124 2721 160 2742 Al
183 2719 213 2741 de

94 2747 229 2774 Contempl.,
234 2745 249 2767 li

94 2780 143 2801 cap.
159 2780 180 2794 ν.

251 2746 265 2767 ῦ·

236 2718 285 2750 Ξ

305 291 381 336 430

948 285 1216 334 QUAESTIO
1247 284 1441 330 CLXXX,
1470 284 1770 337 ARTICULUS
1799 284 1849 321 Vl

1121 392 1441 437 ARTICULUS
1472 393 1682 436 SEXTUS

409 496 566 527 UTRUM
591 493 811 525 OPERATIO
837 487 1253 522 CONTEMPLATIONIS
1277 486 1622 518 CONVENIENTER
1645 487 1975 520 DISTINGUATUR
1997 489 2080 520 PER
2103 488 2214 519 TRES
2238 487 2400 524 MOTUS,

984 532 1279 568 CIRCULAREM,
1303 530 1488 562 RECTUM
1512 531 1570 561 ET
1595 531 1825 569 OBLIQUUM

382 619 390 643 I
410 618 492 645 Sent„
511 617 568 641 dist.
587 622 678 644 xxxvn,
697 622 741 646 qu.
760 621 794 644 w,
814 617 860 638 art.
883 620 910 643 13
931 612 972 637 De
1000 611 1089 640 Verit.,
1103 618 1147 643 qu.
1163 617 1216 639 vm,
1235 614 1280 635 art.
1305 608 1343 638 ι5,
1363 609 1395 633 ad
1415 608 1445 640 3;
1466 608 1495 633 In
1516 608 1614 634 Psalm.
1633 609 1744 640 XXVI5
1763 609 1793 634 In
1815 610 1930 644 Dionys.
1950 611 1983 636 de
2002 611 2064 637 Div.
2083 611 2171 641 Nom„
2184 618 2240 644 cap.
2259 618 2294 642 lv,
2313 611 2371 636 lect.
2388 617 2435 635 vu.

343 700 407 745 25⁵(
430 703 463 732 ι,
451 707 502 751 ἦ(
525 699 546 723 D
575 696 717 723 samum
746 696 799 721 SIC
827 694 1068 720 PROCEDlTUR.
1092 682 1252 719 Videtur
1275 682 1380 729 quod

343 720 502 799 §.5¹2⁴
525 738 837 776 inconvenienter
857 737 1029 786 operatio
1050 733 1381 784 contemplationis

332 795 335 801 ’
334 796 453 849 ίγὴν,
464 775 496 833 ’ἦ
510 788 772 840 distinguatur
790 803 859 839 per
878 798 952 827 tres
980 797 1120 835 motus,
1142 788 1379 832 circularem,

334 811 517 879 &QX
546 851 668 882 ectum
706 852 742 881 et
779 844 991 903 obliquum,
1021 855 1056 879 1v
1089 854 1171 902 cap.
1210 842 1256 878 de
1291 841 1379 878 Div.

280 918 286 923 ·
312 902 429 939 Nom.
449 900 469 921 ’¹‘
499 898 781 947 Contemplatio
818 897 921 934 enim
950 897 999 934 ad
1020 901 1038 918 α
1066 895 1233 944 quietem
1271 893 1382 943 perti-

314 962 392 991 net:
432 953 644 990 secundum
679 951 769 988 illud
798 952 887 999 Sap.
912 962 973 987 vlit
996 949 1034 985 *t
1069 951 1223 986 Intrans
1252 948 1289 984 in
1318 947 1382 985 do-

314 1019 418 1044 mum
446 1018 593 1051 meam,
623 1005 886 1054 conquiescam
919 1015 1005 1040 cum
1034 1003 1110 1040 illa.
1149 1002 1226 1040 Sed
1255 1009 1383 1038 motus

314 1060 430 1109 quieti
458 1059 674 1108 opponitur.
706 1059 797 1095 Non
826 1070 915 1106 ergo
941 1056 1184 1106 operationes
1214 1063 1384 1092 contem-

315 1114 477 1163 plativae
505 1113 606 1150 vitae
634 1124 704 1161 per
732 1119 860 1149 motus
890 1110 1075 1159 designari
1107 1110 1259 1147 debent.

370 1179 406 1204 2.
435 1167 676 1224 PRAETEREA,
707 1165 804 1202 actio
841 1163 1160 1212 contemplativae
1196 1163 1298 1200 vitae
1336 1162 1385 1199 ad

316 1220 547 1258 intellectum
575 1219 749 1268 pertinet,
771 1219 983 1256 secundum
1010 1229 1127 1266 quem
1156 1218 1276 1254 homo
1298 1228 1385 1253 cum

318 1273 459 1321 angelis
497 1273 688 1310 convenit.
729 1272 806 1310 Sed
843 1273 881 1309 in
909 1271 1051 1320 angelis
1089 1270 1194 1308 aliter
1222 1269 1387 1318 assignat

317 1326 525 1375 Dionysius
545 1327 616 1363 hos
637 1334 764 1363 motus
785 1338 902 1375 quarn
921 1325 959 1362 in
979 1325 1117 1362 anima.
1139 1324 1236 1361 Dicit
1257 1323 1387 1360 enim*

316 1389 465 1417 motum
494 1379 716 1416 circularem
746 1379 867 1427 angeli
897 1390 979 1416 esse
1009 1378 1222 1415 secundum
1252 1377 1387 1414 illumi-

318 1434 486 1471 nationes
509 1433 661 1482 pulchri
687 1438 723 1469 et
748 1433 848 1470 boni.
880 1434 1032 1470 Motum
1069 1439 1197 1469 autem
1234 1431 1388 1467 circula-

318 1499 398 1524 rem
420 1487 570 1523 animae
591 1486 805 1523 secundum
820 1487 929 1535 plura
950 1485 1187 1523 determinat.
1209 1484 1388 1531 Quorum

318 1541 485 1590 primum
513 1547 570 1576 est
597 1540 769 1577 introitus
804 1540 957 1577 animae
985 1540 1034 1576 ab
1062 1538 1312 1576 exterioribus
1340 1538 1392 1574 ad

318 1595 499 1642 seipsam;
528 1594 739 1630 secundum
771 1601 826 1630 est
854 1592 1046 1642 quaedam
1075 1591 1287 1629 convolutio
1316 1591 1391 1628 vir-

321 1653 439 1684 tutum
459 1647 584 1695 ipsius,
610 1659 679 1695 per
697 1659 813 1695 quam
834 1647 963 1683 anima
991 1646 1170 1682 liberatur
1189 1645 1237 1682 ab
1261 1656 1393 1681 errore

322 1708 358 1737 et
395 1700 442 1737 ab
470 1700 650 1736 exteriori
686 1700 950 1748 occupatione‚·
983 1698 1135 1736 tertium
1173 1705 1300 1735 autem
1339 1705 1394 1734 est

323 1754 410 1790 unio
438 1753 490 1790 ad
509 1765 554 1790 ea
581 1764 679 1801 quae
696 1765 812 1801 supra
840 1765 880 1789 se
906 1758 1003 1790 sunt.
1024 1773 1048 1780 -
1070 1751 1248 1788 Similiter
1277 1750 1391 1788 etiam

321 1806 538 1844 differenter
580 1806 758 1843 describit
801 1814 951 1843 motum
995 1812 1140 1842 rectum
1182 1804 1391 1853 utriusque.

325 1861 427 1896 Nam
457 1867 603 1896 rectum
633 1868 781 1896 motum
804 1859 926 1907 angeli
956 1859 1045 1896 dicit
1069 1870 1150 1895 esse
1180 1859 1393 1895 secundum

323 1913 428 1962 quod
442 1913 615 1961 procedit
630 1913 682 1949 ad
707 1913 957 1950 subiectorum
981 1912 1272 1961 providentiam.
1309 1911 1394 1948 Mo-

323 1975 405 2003 tum
426 1974 554 2003 autem
585 1974 731 2003 rectum
757 1966 908 2003 animae
937 1966 1044 2015 ponit
1063 1965 1101 2002 in
1122 1965 1291 2003 duobus:
1321 1965 1393 2013 pri-

325 2033 389 2057 mo
410 2019 580 2067 quidem,
602 2019 639 2056 in
668 2020 743 2056 hoc
763 2021 868 2069 quod
893 2019 1140 2069 progreditur
1163 2019 1214 2056 ad
1231 2030 1276 2056 ea
1297 2030 1396 2067 quae

322 2078 409 2110 sunt
440 2073 542 2110 circa
571 2073 710 2121 ipsam‚·
745 2074 915 2111 secundo
947 2081 1088 2119 autem,
1118 2073 1155 2109 in
1185 2073 1260 2109 hoc
1289 2072 1395 2120 quod
1421 2084 1422 2096 ¹

324 2128 372 2164 ab
401 2127 649 2163 exterioribus
677 2127 728 2163 ad
753 2127 939 2175 simplices
967 2126 1297 2175 contemplationes
1324 2125 1395 2162 ele-

324 2186 446 2218 vatur.
477 2200 500 2207 -
531 2179 609 2217 Sed
637 2187 672 2217 et
715 2188 864 2218 motum
904 2180 1103 2230 obliquum
1138 2179 1395 2216 diversimode

326 2234 363 2271 in
392 2233 557 2282 utrisque
592 2233 829 2271 determinat.
874 2234 977 2270 Nam
1005 2233 1207 2281 obliquum
1245 2240 1395 2270 motum

326 2287 364 2324 in
393 2286 535 2334 angelis
564 2287 729 2334 assignat
751 2299 794 2323 ex
823 2287 898 2324 hoc
927 2287 1045 2335 quod,
1069 2286 1304 2337 providendo
1333 2286 1398 2323 mi-

328 2352 397 2377 nus
424 2339 654 2385 habentibus,
684 2345 839 2376 manent
856 2340 893 2377 in
915 2340 1102 2377 identitate
1128 2339 1230 2376 circa
1259 2340 1396 2376 Deum.

330 2392 542 2441 Obliquum
570 2400 699 2429 autem
729 2400 878 2430 motum
907 2393 1057 2430 animae
1087 2392 1252 2441 assignat
1277 2405 1321 2429 ex
1350 2405 1397 2429 eo

329 2446 435 2496 quod
462 2446 591 2482 anima
620 2446 854 2483 illuminatur
876 2446 1010 2483 divinis
1035 2446 1310 2496 cognitionibus
1337 2458 1398 2483 ra-

330 2499 554 2536 tionabiliter
582 2505 618 2535 et
642 2499 788 2549 diffuse.
810 2521 834 2528 —
854 2501 945 2537 Non
975 2511 1065 2548 ergo
1094 2499 1274 2537 videntur
1309 2511 1399 2536 con-

330 2553 529 2590 venienter
566 2552 747 2600 assignari
784 2553 1028 2602 operationes
1068 2553 1400 2603 contemplationis

331 2618 399 2655 per
428 2606 568 2643 modos
596 2606 824 2654 praedictos.

387 2661 420 2697 3.
456 2660 698 2703 PRAETEREA,
729 2659 942 2697 Richardus
978 2660 1025 2697 de
1062 2661 1204 2697 Sancto
1232 2659 1386 2697 Victore

331 2713 369 2750 in
398 2712 493 2750 libro
522 2713 568 2749 de
600 2713 805 2762 Contempl.
826 2713 857 2761 *,
887 2713 996 2762 ponit
1015 2714 1153 2751 multas
1182 2713 1273 2750 alias
1292 2713 1401 2751 diffe-

297 2762 471 2803 rentias
519 2774 717 2814 motuum,
766 2767 814 2804 ad
857 2767 1140 2805 similitudinem
1186 2766 1399 2804 volatilium

333 2820 438 2857 caeli.
470 2820 645 2866 Quarum
661 2818 676 2849 β
697 2821 882 2868 quaedam
911 2832 1012 2858 nunc
1039 2821 1091 2858 ad
1115 2820 1252 2858 altiora
1279 2832 1319 2858 se
1345 2826 1400 2858 at-

333 2874 474 2919 tollunt,
505 2885 605 2910 nunc
631 2879 756 2910 autem
785 2874 822 2910 in
852 2874 1035 2922 inferiora
1063 2874 1346 2924 demerguntur,
1367 2880 1403 2911 et

333 2928 403 2964 hoc
429 2927 577 2975 saepius
597 2932 762 2975 repetere
784 2927 976 2972 videntum
1003 2927 1103 2964 aliae
1120 2939 1211 2964 vero
1230 2927 1401 2965 dextror-

333 2993 416 3017 sum
444 2979 505 3017 νεῖ
530 2980 786 3017 sinistrorsum
819 2980 1006 3018 divertunt
1043 2980 1248 3026 multoties,·
1285 2993 1399 3030 quae-

335 3034 422 3070 dam
457 3044 547 3070 vero
584 3039 783 3070 moventur
811 3034 847 3071 in
876 3035 1068 3071 anteriora
1102 3034 1161 3071 vel
1188 3035 1400 3083 posteriora

323 3088 572 3135 frequentem
604 3087 704 3124 aliae
736 3098 827 3124 vero
865 3088 974 3136 quasi
1000 3087 1036 3125 in
1069 3099 1214 3137 gyrum
1251 3094 1400 3126 vertun—

336 3146 406 3186 tur,
435 3140 640 3177 secundum
666 3140 814 3177 latiores
833 3141 892 3177 vel
910 3141 1176 3178 contractiores
1203 3141 1402 3186 circuitus,-

336 3193 520 3241 quaedam
549 3205 639 3230 vero
659 3195 767 3242 quasi
787 3194 1024 3232 immobiliter
1049 3206 1250 3243 suspensae
1269 3195 1305 3233 in
1327 3207 1401 3233 uno

336 3247 417 3283 loco
446 3252 609 3284 manent.
640 3247 742 3295 Ergo
763 3247 914 3285 videtur
933 3249 1038 3297 quod
1067 3261 1146 3286 non
1175 3248 1248 3286 sint
1275 3250 1401 3287 solum

337 3307 410 3336 tres
439 3307 566 3337 motus
596 3300 939 3350 contemplationis.

392 3353 431 3388 ΙΝ
461 3364 694 3391 con-smmum
722 3366 788 3392 EST
816 3354 1018 3392 auctoritas
1047 3355 1221 3404 Dionysii

1488 681 1716 718 RESPONDEO
1731 693 1917 719 mesanum
1937 682 2055 731 quod,
2077 683 2172 720 sicut
2191 696 2307 732 supra
2321 682 2341 704 '¹‘
2361 683 2504 720 dictum

1435 741 1502 781 est,
1532 734 1705 783 operatio
1734 734 1957 781 intellectus,
1978 735 2018 772 in
2045 748 2123 785 qua
2148 737 2420 785 contemplatio
2451 748 2507 772 es-

1435 787 1639 824 sentialiter
1658 788 1839 834 consistit,
1856 795 1984 825 motus
2003 788 2139 826 dicitur
2161 790 2374 827 secundum
2401 789 2508 839 quod

1435 848 1564 878 motus
1593 848 1649 877 est
1667 847 1773 877 actus
1795 842 1966 890 perfecti,
1992 849 2033 878 ut
2060 842 2320 892 Philosophus
2349 843 2448 890 dicit,
2469 842 2508 880 in

1437 896 1486 931 III
1507 895 1553 931 de
1570 894 1712 931 Anima
1731 894 1762 931 ³¹².
1793 894 1896 942 Quia
1916 894 2019 932 enim
2039 900 2054 923 Υ
2083 907 2152 944 per
2171 896 2394 934 sensibilia
2386 909 2425 933 in
2446 908 2509 933 co-

1436 947 1644 996 gnitionem
1674 923 1963 996 intelligibilium
1992 947 2238 997 devenimus,
2268 950 2510 999 operationes

1437 1009 1565 1038 autem
1595 1001 1792 1038 sensibiles
1825 1001 1907 1039 sine
1936 1009 2046 1038 motu
2078 1014 2158 1040 non
2186 1003 2300 1050 fiunt,
2329 1002 2419 1040 inde
2455 1010 2511 1040 est

1437 1056 1543 1103 quod
1574 1054 1689 1092 etiarn
1709 1054 1955 1103 operationes
1973 1054 2224 1103 intelligibiles
2243 1056 2353 1105 quasi
2381 1064 2510 1094 motus

1438 1108 1595 1157 quidam
1624 1107 1900 1155 describuntur,
1923 1116 1959 1146 et
1979 1109 2194 1147 secundum
2223 1109 2510 1147 similitudinem

1440 1162 1681 1200 diversorum
1706 1170 1883 1199 motuum
1915 1174 2047 1199 earum
2067 1160 2081 1184 ⁸
2110 1162 2324 1200 differentia
2343 1163 2511 1211 assigna-

1438 1223 1510 1253 tur.
1550 1216 1592 1252 ln
1622 1215 1791 1252 motibus
1820 1223 1948 1253 autem
1977 1216 2238 1265 corporalibus
2267 1216 2511 1265 perfectiores

1441 1276 1478 1306 et
1495 1268 1610 1318 primi
1629 1276 1716 1306 sunt
1729 1270 1880 1316 locales,
1901 1277 1943 1306 ut
1961 1270 2147 1318 probatur
2161 1270 2200 1308 in
2219 1270 2307 1308 VIII
2321 1270 2471 1319 Physic.
2491 1269 2512 1292 ¹⁸

1441 1323 1490 1359 Et
1523 1321 1610 1359 ideo
1645 1323 1716 1359 sub
1745 1335 1880 1359 eorum
1916 1322 2162 1360 similitudine
2193 1323 2393 1373 potissime
2421 1335 2512 1373 ope-

1441 1375 1606 1412 rationes
1635 1375 1883 1424 intelligibiles
1912 1376 2187 1414 describuntur.
2223 1376 2402 1424 Quorum
2431 1376 2513 1426 qui-

1443 1429 1532 1466 dem
1562 1437 1648 1466 sunt
1676 1437 1751 1466 tres
1780 1429 2035 1467 differentiae:
2066 1442 2157 1468 nam
2177 1429 2335 1480 quidam
2364 1438 2420 1468 est
2441 1431 2514 1468 cir·

1443 1482 1595 1529 cularis,
1616 1484 1829 1520 secundum
1858 1495 1974 1533 quem
1995 1483 2138 1533 aliquid
2166 1491 2347 1522 movetur
2373 1484 2516 1522 unifor-

1445 1536 1555 1573 miter
1583 1536 1682 1574 circa
1714 1536 1817 1574 idem
1847 1545 2042 1583 centrum;
2081 1537 2175 1574 alius
2211 1545 2340 1575 autem
2375 1545 2431 1574 est
2457 1549 2515 1575 re-

1417 1623 1419 1628 ,
1444 1595 1536 1635 ctus,
1566 1590 1780 1627 secundum
1802 1603 1919 1639 quem
1938 1590 2081 1640 aliquid
2109 1590 2282 1639 procedit
2300 1591 2348 1628 ab
2377 1603 2457 1628 uno
2476 1591 2516 1629 in

1446 1643 1568 1689 aliud;
1599 1643 1727 1680 tertius
1756 1652 1884 1681 autem
1916 1651 1971 1681 est
1998 1644 2188 1693 obliquus,
2219 1645 2327 1693 quasi
2356 1656 2516 1694 compo-

1447 1696 1539 1733 situs
1559 1709 1605 1733 ex
1620 1704 1794 1746 utroque.
1816 1698 1865 1734 Et
1883 1697 1971 1735 ideo
1987 1697 2026 1735 in
2046 1697 2331 1746 operationibus
2346 1698 2516 1746 intelligi-

1448 1749 1585 1787 bilibus
1604 1749 1642 1788 id
1661 1750 1768 1798 quod
1787 1750 2007 1800 simpliciter
2030 1751 2146 1788 habet
2173 1751 2472 1790 uniformitatem
2489 1756 2516 1799 ⁸,

1448 1802 1660 1840 attribuitur
1687 1803 1809 1840 motui
1838 1803 2024 1851 circulari3
2054 1804 2226 1853 operatio
2254 1812 2385 1843 autem
2414 1804 2519 1843 intel-

1447 1856 1595 1904 ligibilis
1632 1857 1844 1895 secundum
1881 1869 1999 1906 quarn
2029 1857 2249 1906 proceditur
2285 1858 2334 1896 de
2370 1871 2451 1896 uno
2477 1858 2518 1897 in

1448 1909 1563 1956 aliud,
1593 1909 1804 1948 attribuitur
1824 1910 1946 1948 motui
1967 1919 2090 1956 recto;
2121 1911 2292 1960 operatio
2317 1919 2446 1950 autem
2464 1911 2519 1950 in-

1448 1963 1646 2011 telligibilis
1665 1964 1812 2001 habens
1841 1964 1983 2013 aliquid
2002 1964 2270 2002 uniformitatis
2289 1964 2401 2003 simul
2430 1976 2519 2003 cum

1448 2029 1632 2066 processu
1661 2018 1710 2054 ad
1747 2017 1918 2064 diversa,
1949 2018 2160 2056 attribuitur
2195 2017 2317 2056 motui
2347 2018 2519 2069 obliquo.

2535 690 2544 699 ·
2573 688 2620 716 Qu.
2649 693 2745 712 mxxix.

2533 719 2575 738 art.
2590 721 2606 743 1,
2621 714 2650 737 nd
2663 721 2684 743 3.

2537 898 2749 948 s.⁰⁸l³i1'¹¹1'02÷.¹‘2²;1‘

1504 2073 1562 2108 An
1592 2082 1729 2108 ramum
1758 2083 1857 2108 eaeo
1887 2082 2072 2110 monimum
2102 2071 2207 2120 quod
2227 2079 2355 2109 motus
2385 2084 2521 2121 corpo-
2559 2096 2561 2098 ν

1450 2125 1545 2162 rales
1575 2124 1778 2162 exteriores
1806 2133 2055 2174 opponuntur
2082 2125 2197 2174 quieti
2231 2125 2521 2175 contemplatio·

1450 2179 1520 2226 nis,
1550 2190 1649 2227 quae
1679 2178 1893 2226 intelligitur
1912 2190 1995 2216 esse
2015 2179 2063 2216 ab
2084 2178 2333 2217 exterioribus
2357 2191 2521 2229 occupa·

1450 2232 1630 2270 tionibus.
1670 2231 1748 2269 Sed
1777 2240 1904 2270 motus
1933 2232 2222 2280 intelligibilium
2251 2233 2520 2282 operationum

1451 2286 1501 2323 ad
1528 2285 1652 2334 ipsam
1681 2285 1850 2333 quietern
1880 2285 2213 2335 contemplationis
2241 2286 2441 2335 pertinent.

1505 2341 1565 2376 An
1593 2350 1785 2376 SECUNDUM
1805 2350 1990 2377 montinum
2009 2339 2117 2388 quod
2136 2340 2258 2376 homo
2278 2340 2462 2378 convenit
2483 2339 2523 2379 in

1451 2391 1644 2429 intellectu
1673 2404 1763 2429 cum
1782 2392 1925 2440 angelis
1943 2392 1982 2430 in
2009 2405 2167 2441 genere,
2197 2393 2266 2430 sed
2292 2393 2352 2430 vis
2380 2393 2522 2431 intelle·

1453 2446 1553 2483 ctiva
1573 2453 1628 2482 est
1646 2446 1768 2482 multo
1797 2445 1906 2483 altior
1925 2446 1963 2483 in
1991 2447 2128 2495 angelo
2152 2458 2270 2495 quarn
2293 2446 2332 2483 in
2350 2446 2522 2485 homine.

1453 2500 1502 2537 Et
1529 2499 1617 2537 ideo
1647 2499 1720 2536 alio
1742 2500 1860 2536 modo
1882 2507 2034 2548 oportet
2052 2500 2124 2537 hos
2153 2495 2282 2537 motus
2310 2500 2351 2538 in
2378 2499 2524 2538 anima-

1453 2551 1560 2590 bus<
1597 2561 1632 2589 et
1668 2553 1705 2590 in
1743 2552 1885 2601 angelis
1919 2553 2132 2601 assignare,
2167 2553 2381 2591 secundum
2418 2553 2525 2602 quod

1453 2606 1712 2644 diversimode
1741 2619 1782 2643 se
1810 2607 1954 2644 habent
1986 2607 2034 2645 ad
2063 2606 2376 2645 uniformitatem.
2415 2607 2525 2645 Intel-

1390 2689 1399 2707 ,
1426 2693 1427 2698 ,
1452 2661 1570 2698 lectus
1600 2660 1701 2697 enim
1720 2660 1843 2708 angeli
1869 2660 1985 2697 habet
2005 2660 2264 2709 cognitionem
2292 2660 2524 2699 uniformem

1453 2714 1666 2751 secundum
1687 2714 1785 2751 duo:
1814 2713 1942 2763 primo
1962 2714 2133 2763 quidem,
2154 2713 2244 2763 quia
2262 2726 2342 2751 non
2362 2713 2525 2762 acquirit

1452 2767 1721 2816 intelligibilem
1750 2767 1950 2805 veritatem
1980 2779 2026 2805 ex
2054 2767 2236 2805 varietate
2262 2779 2390 2805 rerum
2419 2779 2525 2805 com-

1454 2821 1686 2870 positarum;
1717 2821 1901 2867 secundo,
1923 2822 2013 2869 quia
2034 2833 2114 2858 non
2142 2820 2309 2869 intelligit
2325 2820 2526 2859 veritatem

1454 2875 1723 2923 intelligibilem
1745 2874 1955 2912 discursive
1974 2874 2005 2922 ⁸³,
2027 2875 2094 2912 sed
2115 2873 2275 2924 simplici
2298 2873 2444 2911 intuitu.
2467 2875 2526 2913 In·
2553 2877 2564 2888 ⁸

1453 2929 1622 2966 tellectus
1648 2940 1743 2966 vero
1773 2927 1924 2965 animae
1945 2940 1967 2965 a
1987 2927 2228 2966 sensibilibus
2247 2927 2368 2964 rebus·
2390 2927 2528 2977 accipit

1454 2981 1725 3030 intelligibilem
1744 2981 1966 3027 veritatem;
1995 2989 2033 3019 et
2052 2994 2141 3018 curn
2162 2980 2332 3030 quodam
2353 2980 2527 3019 discursu

1454 3035 1610 3073 rationis
1630 3041 1648 3063 η
1678 3047 1764 3072 eam
1794 3035 1973 3084 intelligit.

1510 3089 1558 3126 Et
1586 3088 1673 3126 ideo
1703 3088 1911 3138 Dionysius
1948 3095 2099 3126 motum
2133 3086 2356 3124 circularem
2394 3085 2432 3125 in
2461 3099 2527 3124 an-

1455 3142 1545 3191 gelis
1583 3142 1748 3190 assignat
1784 3142 2012 3191 inquantum
2049 3140 2289 3178 uniformiter
2322 3147 2358 3177 et
2390 3140 2528 3178 indesi—

1456 3203 1601 3243 nenter,
1623 3197 1769 3244 absque
1788 3194 1975 3244 principio
1996 3201 2033 3231 et
2051 3194 2141 3239 fine,
2163 3193 2356 3231 intuentur
2375 3194 2526 3232 Deum:

1456 3249 1552 3287 sicut
1579 3257 1708 3286 motus
1736 3247 1947 3295 circularis,
1978 3259 2110 3284 carens
2143 3247 2330 3297 principio
2364 3254 2402 3284 et
2436 3247 2527 3294 fine,

1456 3302 1696 3340 uniformiter
1723 3309 1780 3339 est
1807 3302 1906 3338 circa
1933 3300 2038 3338 idem
2068 3308 2253 3338 centrum.
2284 3321 2308 3329 ·-
2337 3302 2379 3338 ln
2400 3300 2529 3338 anima

1224 3384 1232 3393 .
1455 3368 1567 3402 ver0,
1597 3363 1804 3404 antequam
1842 3354 1891 3395 ad
1920 3353 2031 3391 istam
2059 3354 2360 3392 uniformitatem
2393 3365 2529 3403 perve-

393 3466 420 3498 α.)
440 3466 515 3492 ad.-
534 3471 638 3493 tantum
657 3468 695 3493 ad
713 3469 771 3495 Pla.

394 3501 419 3534 β)
441 3502 602 3532 Quarum—
616 3503 734 3533 Quorum
750 3504 809 3528 ΡΗ·
803 3512 871 3536 ,pro
883 3505 1018 3535 attollunt,
1029 3506 1165 3531 extollunt
1178 3506 1256 3536 PHa3
1275 3513 1322 3538 pro
1334 3506 1406 3531 aIiae

341 3538 424 3570 primo
443 3538 500 3562 loco
518 3538 574 3563 alia
593 3538 683 3568 Pnsc,
702 3540 782 3564 altero
801 3540 856 3565 alia
876 3540 1106 3571 PABCDEFH1K;
1126 3549 1173 3574 pro
1191 3547 1341 3573 suspensae,
1360 3548 1405 3566 su-

340 3580 436 3605 spensa
455 3573 487 3603 H,
506 3580 630 3605 suspense
649 3575 676 3599 P.

395 3610 421 3642 γ)
441 3609 518 3634 enim.
531 3616 630 3634 -vero
650 3609 707 3634 Psc
726 3614 794 3639 eta,
815 3617 865 3634 non
886 3612 918 3640 Κ
938 3616 1002 3643 spat
1021 3619 1075 3637 vac.
1095 3611 1123 3637 F.

1514 3468 1540 3502 ὃ)
1558 3475 1661 3494 earum.
1672 3481 1692 3487 —
1709 3475 1802 3493 eorum
1820 3467 1953 3499 BDFt-tpc
1972 3472 1998 3492 et
2015 3475 2041 3493 a.

1513 3504 1536 3537 ε)
1555 3503 1807 3537 uniformitatem·
1826 3502 2019 3536 informitatem
2039 3503 2154 3536 FpABC.

1511 3539 1538 3572 ζ)
1557 3539 1736 3564 animabus.-
1753 3538 1915 3564 animalibus
1940 3539 2148 3572 ABDEFLpCK,
2173 3539 2323 3565 hominibus
2348 3539 2433 3564 PHsK
2459 3543 2486 3563 et
2503 3545 2529 3563 a.

1511 3575 1538 3607 η)
1557 3574 1680 3600 rationis.
1692 3588 1712 3594 -
1731 3574 1814 3606 ipsius
1834 3575 1914 3607 FIpK,
1935 3575 2006 3600 illius
2025 3575 2141 3600 rationis
2159 3575 2189 3606 E,
2210 3575 2323 3600 rationis
2343 3574 2427 3607 ipsius
2447 3574 2492 3599 Pa.
