2768 4198
308 290 380 335 184

1000 279 1266 328 QUAESTIO
1297 277 1378 323 CL,
1409 273 1706 312 ARTICULUS
1738 273 1768 308 ll

302 379 338 399 ex
354 374 442 408 potu,
461 368 514 397 sed
538 377 574 397 ex
589 367 659 407 ipso
680 372 750 396 actu
766 370 892 404 potente
916 360 1076 395 inebriare,
1097 357 1224 397 cognito
1249 363 1279 386 et
1297 365 1354 384 vo·
1379 356 1382 406 ff
1408 363 1492 384 rum:
1518 352 1672 393 quoniam
1689 360 1792 381 carere
1817 360 1876 380 usu
1893 350 2024 380 rationis
2049 351 2261 382 communiter
2278 351 2354 381 ebrii
2380 351 2482 382 incur-

301 412 357 443 lito
374 411 497 447 directe,
515 411 569 452 qui
594 410 722 440 ebrietas
739 407 859 438 dicitur.
884 406 965 435 Nam
985 403 1066 433 sicut
1089 401 1258 432 fornicator
1281 409 1354 439 pro-

301 457 366 496 prie
383 456 434 486 ille
457 462 503 486 est
525 455 580 495 qui
596 454 652 484 scit
674 454 753 483 hanc
770 450 933 481 mulierem
957 457 1021 477 non
1038 456 1103 476 esse
1128 454 1219 475 suam
1243 450 1273 473 et
1288 442 1355 472 vult

302 500 348 531 uti
368 500 430 536 illa,
447 500 534 540 quod
559 505 603 528 est
619 495 780 530 fornicari;
806 494 847 524 ita
863 492 966 523 ebrius
990 497 1036 520 est
1055 489 1110 530 qui
1126 488 1183 519 scit
1198 488 1284 517 hunc
1300 496 1356 526 po-

300 587 443 618 inebriari
466 593 557 617 sonat
579 593 683 616 actum
700 581 862 613 moralem.
888 580 934 609 Ex
952 579 1014 608 hoc
1038 577 1132 613 enim,
1150 583 1303 615 tanquam
1319 583 1356 623 ex

300 632 420 662 intento
438 641 492 671 per
507 640 539 660 se
556 636 586 659 et
602 629 723 662 directe,
740 632 774 655 ut
792 625 824 654 in
844 622 986 663 sequenti
1002 621 1102 652 littera
1119 620 1242 655 dicitur,
1259 624 1356 667 sumit

300 676 436 715 speciem
452 673 605 705 ebrietatis
625 671 751 702 vitium:
777 678 842 698 non
858 677 894 697 ex
911 666 1034 696 defectu
1059 669 1283 704 consequente,
1301 672 1355 702 qui

299 719 445 749 indirecte
469 724 499 748 et
520 717 552 747 in
576 726 631 746 sua
660 723 751 745 causa
782 718 904 742 tantum
928 717 974 740 est
996 709 1123 740 volitus.

65 769 73 778 ·
89 767 157 788 Num.
174 772 196 788 Ν
225 766 273 787 Du·
355 763 406 793 VI.
422 762 472 792 Ad
489 760 661 791 secundum
677 757 811 787 dubium
826 756 843 774 *
861 754 974 784 dicitur
989 753 1077 794 quod
1092 751 1244 782 inebriare
1263 760 1296 780 se
1320 759 1356 779 ex

63 794 122 815 bium
137 782 228 814 deinde.

1246 879 1296 886 w

298 806 448 837 industria
472 811 507 834 ut
530 809 630 834 careat
653 811 711 832 usu
735 799 873 835 rationis,
890 798 1014 828 videtur
1037 807 1103 827 esse
1126 796 1218 826 valde
1239 803 1357 834 pauco-

1408 404 1482 428 runt
1505 396 1605 436 magis
1628 405 1727 435 quam
1743 400 1903 434 appetant.
1929 394 1963 424 In
1980 395 2097 436 quibus
2122 402 2229 426 tamen
2253 395 2412 436 appetitus
2437 396 2481 426 di—

1408 448 1490 471 recte
1514 440 1613 470 tendit
1632 439 1671 469 ad
1688 438 1858 468 carentiam
1877 449 1955 469 usus
1971 439 2111 476 rationis,
2130 447 2160 471 et
2183 441 2223 470 ad
2244 440 2305 470 hoc
2333 440 2480 471 ebrietate

1410 490 1543 516 utuntur
1558 490 1712 523 tanquam
1734 483 1947 514 instrumento
1964 483 2150 522 delectabili,
2166 484 2280 515 vitium
2295 484 2367 525 plus
2384 494 2482 525 quam

301 552 370 575 tum
387 554 452 574 esse
469 542 687 573 inebriativum
702 547 732 570 et
754 537 822 568 vult
836 537 891 566 illo
915 535 971 571 uti,
988 534 1076 574 quod
1092 539 1138 563 est
1157 530 1303 562 inebriari
1321 536 1356 560 ut
1381 533 1383 578 j
1410 530 1590 559 humanum
1612 527 1747 563 videtur,
1772 533 1803 558 et
1825 528 1865 558 ad
1889 528 2085 559 bestialitatis
2105 528 2181 560 vitia
2205 529 2377 569 pertinere:
2401 529 2481 559 velle

1411 582 1548 612 namque
1572 571 1688 601 directe
1704 580 1737 601 se
1760 571 1883 611 privare
1907 582 1968 603 usu
1985 572 2115 603 rationis
2135 573 2179 604 nil
2202 573 2290 604 aliud
2314 580 2360 604 est
2383 583 2481 614 quarn

1410 617 1488 647 velle
1513 626 1546 646 se
1577 615 1677 646 facere
1709 615 1889 647 irrationale
1921 626 1956 647 ac
1989 617 2119 648 brutum
2152 617 2270 648 animal
2303 628 2362 658 pro
2395 625 2480 649 tunc.

1410 664 1531 692 Auctor
1555 667 1662 690 autern
1679 660 1718 690 de
1734 660 1881 691 ebrietate
1905 667 1941 691 ut
1964 668 2010 692 est
2033 661 2214 693 humanum
2236 662 2360 698 vitium,
2376 663 2481 703 loqui-

1410 712 1479 741 tur,
1504 705 1683 735 secundum
1705 704 1738 734 id
1761 705 1850 745 quod
1885 706 2098 736 communiter
2121 706 2155 737 in
2177 706 2364 737 hominibus
2394 707 2480 738 inve-

1411 749 1505 779 nitur.
1541 748 1676 779 Constat
1699 758 1839 789 namque
1862 750 1952 790 quod
1985 750 2199 781 communiter
2228 751 2335 782 nullus
2366 751 2481 782 directe

1410 794 1479 824 vult
1502 803 1534 823 se
1558 793 1681 833 privare
1704 803 1764 823 usu
1785 793 1925 824 rationis.

1057 947 1376 990 ARTICULUS
1407 946 1709 989 SECUNDUS

890 1044 1043 1075 UTRUM
1067 1041 1276 1073 EBRIETAS
1300 1041 1367 1072 sn·
1392 1040 1632 1073 PECCATUM
1655 1042 1868 1073 MORTALE

453 1127 466 1140 ⁸
508 1127 540 1155 Μ,
561 1133 604 1158 qu.
624 1132 739 1153 Lxxxvm.
759 1129 804 1148 art.
825 1123 848 1152 5,
868 1123 898 1147 ad
922 1130 948 1153 ις
969 1122 987 1146 ll
1009 1121 1091 1150 Seni„
1111 1120 1168 1145 dist.
1188 1127 1254 1150 mv,
1274 1128 1319 1152 qu.
1339 1127 1376 1151 ln,
1397 1125 1444 1146 art.
1462 1119 1479 1144 6
1486 1127 1493 1150 ;
1514 1120 1556 1145 De
1574 1120 1657 1150 Malo,
1678 1129 1724 1154 qu.
1742 1128 1770 1151 ιι,
1789 1126 1836 1146 art.
1855 1121 1880 1151 8,
1901 1122 1932 1146 ad
1953 1120 1982 1150 3:
2003 1129 2047 1154 qu.
2066 1130 2111 1154 vn,
2131 1127 2178 1147 an.
2198 1131 2223 1154 4.
2243 1124 2275 1148 ad
2299 1131 2326 1154 ις

696 1183 700 1187 ,
739 1159 782 1184 Ad
800 1159 886 1187 Rom..
906 1166 961 1190 cap.
979 1165 1032 1186 xm.
1051 1157 1110 1181 lect.
1129 1163 1171 1185 111;
1191 1156 1199 1179 I
1219 1155 1256 1180 ad
1278 1156 1347 1185 Gor„
1368 1163 1423 1188 cap.
1443 1163 1467 1187 v,
1488 1157 1547 1181 lect.
1565 1163 1609 1187 1113
1627 1157 1672 1181 Ad
1692 1157 1791 1187 Galat„
1812 1164 1867 1189 cap.
1886 1164 1909 1186 v,
1929 1157 1988 1182 lect.
2006 1165 2032 1182 v.

56 1411 96 1444 ’Jn
103 1410 209 1458 Append.
216 1410 265 1432 Ser.

57 1437 116 1462 LIV.
131 1443 144 1458 a
154 1453 159 1458 .
173 1437 223 1458 XLI
237 1436 266 1457 de

55 1464 134 1485 Sanct.
162 1474 177 1479 -
204 1463 265 1484 Inter

57 1490 118 1517 opp,
133 1491 193 1517 Aug.
293 1456 471 1501 mortale,
499 1455 532 1491 si
565 1454 611 1491 sit
637 1453 797 1490 assidua.
840 1451 915 1488 Sed
945 1450 1142 1487 assiduitas
1172 1450 1351 1499 importat

293 1507 609 1545 circumstantiam
634 1518 730 1555 quae
754 1517 832 1542 non
851 1504 961 1541 trahit
979 1504 1018 1540 in
1047 1503 1159 1540 aliam
1180 1503 1348 1551 speciem

291 1561 444 1610 peccati,
463 1569 498 1597 et
525 1561 576 1597 sic
604 1572 681 1596 non
696 1565 819 1608 potest
846 1558 883 1594 in
911 1557 1099 1594 infinitum
1129 1569 1348 1605 aggravare,

291 1622 330 1650 ut
350 1614 396 1650 de
424 1614 558 1650 veniali
584 1613 692 1650 faciat
720 1612 897 1648 mortale:
927 1611 1022 1647 sicut
1046 1622 1090 1647 ex
1114 1622 1229 1660 supra
1247 1610 1268 1632 *
1296 1611 1350 1648 di-

291 1667 356 1704 ctis
385 1674 496 1715 patet.
526 1667 639 1714 Ergo,
656 1665 685 1703 si
714 1665 805 1702 alias
835 1664 995 1701 ebrietas
1024 1676 1102 1701 non
1132 1671 1188 1701 est
1214 1676 1350 1713 pecca-

289 1728 368 1757 tum
398 1720 568 1767 mortale,
590 1732 659 1756 nec
679 1719 752 1755 hoc
773 1717 884 1755 etiam
914 1717 1033 1754 modo
1055 1717 1123 1754 erit
1146 1725 1348 1766 peccatum

290 1774 457 1810 mortale.

56 1621 65 1630 ⁸
87 1620 111 1642 1¹²
139 1619 196 1646 11⁸⁶,
225 1626 262 1647 qu.

55 1652 166 1672 Lxxxvm,
185 1649 226 1668 art.
243 1653 261 1675 5.

341 1838 376 1863 2.
397 1827 627 1872 PRAETEREA,
655 1824 897 1872 Augustinus,
919 1823 957 1860 in
987 1824 1125 1861 eodem
1155 1836 1347 1872 sermone,

288 1879 391 1916 dicit:
424 1878 573 1920 Quoties
599 1877 732 1926 aliquis
759 1878 796 1914 in
825 1878 907 1914 cibo
935 1883 1004 1914 aut
1021 1883 1116 1926 potu
1134 1878 1224 1927 plus
1251 1879 1348 1916 acci-

280 1933 337 1980 pit
364 1943 476 1980 quam
505 1943 650 1968 necesse
676 1937 739 1976 est,
764 1931 815 1967 ad
841 1931 985 1968 minuta
1017 1937 1176 1980 peccata
1205 1932 1352 1969 noverit

280 1986 477 2033 pertinere.
507 1985 666 2021 Peccata
691 1992 818 2021 autern
849 1984 992 2022 minuta
1014 1985 1190 2023 dicuntur
1217 1985 1348 2023 venia-

285 2038 343 2075 lia.
373 2039 472 2086 Ergo
502 2037 673 2086 ebrietas,
695 2050 792 2087 quae
813 2046 988 2075 causatur
1016 2050 1062 2075 ex
1091 2039 1347 2077 immoderato

284 2098 389 2140 potu,
411 2099 465 2128 est
491 2098 689 2139 peccatum
717 2090 876 2128 veniale.

340 2146 373 2181 3.
395 2145 624 2186 PRAETEREA,
646 2145 788 2181 nullum
811 2152 1011 2193 peccatum
1033 2145 1194 2182 mortale
1220 2153 1276 2183 est
1295 2145 1347 2182 fa-

286 2197 459 2234 ciendum
479 2205 632 2246 propter
651 2197 892 2235 medicinam.
920 2198 996 2235 Sed
1017 2198 1132 2246 aliqui
1153 2199 1346 2248 superflue

285 2251 418 2287 bibunt
441 2251 651 2287 secundum
681 2251 875 2288 consilium
898 2251 1124 2299 medicinae,
1144 2259 1184 2289 ut
1213 2260 1347 2301 postea

284 2315 351 2352 per
365 2303 552 2340 vomitum
572 2312 794 2352 purgentur;
824 2312 859 2341 et
880 2317 924 2341 ex
943 2306 1019 2342 hoc
1038 2306 1234 2355 superfluo
1253 2313 1348 2356 potu

285 2356 452 2405 sequitur
479 2357 649 2394 ebrietas.
681 2359 781 2406 Ergo
819 2358 979 2395 ebrietas
1015 2371 1094 2396 non
1123 2367 1179 2396 est
1213 2371 1348 2408 pecca-

285 2417 364 2446 tum
394 2410 563 2447 mortale.

338 2463 411 2499 SED
440 2474 584 2500 CONTRA
613 2475 677 2500 EST
704 2465 806 2512 quod
833 2464 870 2501 in
904 2466 1120 2502 Canonibus
1150 2466 1347 2515 Apostolo-

51 2520 126 2542 ·C³n·
142 2526 256 2547 mmm·
285 2527 368 2552 rum
388 2515 407 2537 '⁵‘
435 2516 586 2564 legitur:
613 2518 818 2567 Episcopus
850 2524 917 2555 aut
945 2520 1148 2568 presbyter
1174 2525 1242 2556 aut
1268 2519 1348 2556 dia·

284 2580 398 2605 conus
425 2569 531 2606 aleae
557 2576 624 2607 aut
658 2572 826 2609 ebrietati
851 2572 1081 2619 deserviens,
1110 2578 1177 2610 aut
1203 2573 1349 2610 desinat

284 2628 349 2658 aut
374 2623 590 2670 deponatur.
612 2624 869 2662 Subdiaconus
896 2631 1021 2663 autem
1046 2632 1112 2663 aut
1138 2626 1255 2663 lector
1282 2632 1348 2663 aut

284 2681 414 2712 cantor
431 2676 566 2713 similia
574 2678 738 2725 faciens,
754 2685 821 2715 aut
837 2679 981 2716 desinat
998 2685 1066 2717 aut
1082 2680 1348 2717 communione

278 2729 458 2776 privetur.
491 2730 666 2767 Similiter
685 2737 719 2768 et
737 2732 864 2769 laicus.
888 2733 964 2770 Sed
984 2734 1077 2770 tales
1096 2745 1246 2782 poenae
1268 2746 1346 2771 non

285 2781 501 2829 infliguntur
530 2783 599 2820 nisi
627 2796 695 2832 pro
724 2793 880 2833 peccato
902 2786 1064 2824 mortali.
1096 2787 1198 2835 Ergo
1229 2787 1348 2824 ebrie-

284 2842 340 2871 tas
369 2843 424 2872 est
452 2844 650 2883 peccatum
680 2840 850 2876 mortale.

339 2888 562 2926 RESPONDEO
582 2902 765 2928 mcENDUM
784 2893 888 2940 quod
909 2893 1019 2942 culpa
1036 2893 1236 2941 ebrietatis,
1253 2893 1348 2931 sicut

54 2948 240 2999 ‘An-pgueced-
287 2939 427 2978 dictum
466 2942 575 2989 est*,
611 2944 777 2981 consistit
811 2945 849 2982 in
884 2946 1135 2983 immoderato
1157 2952 1174 2968 ²
1202 2959 1274 2984 usu
1313 2954 1348 2984 et

287 2994 591 3043 concupiscentia
610 2996 698 3034 vini.
730 2998 814 3034 Hoc
834 3007 961 3036 autem
983 2999 1163 3048 contingit
1183 3013 1266 3038 esse
1285 3000 1348 3038 tri-

287 3046 438 3094 pliciter.
469 3048 555 3085 Uno
584 3050 715 3097 modo,
736 3051 789 3088 sic
809 3052 913 3100 quod
942 3052 1083 3090 nesciat
1102 3061 1238 3102 potum
1265 3066 1346 3091 esse

288 3098 582 3138 immoderatum
601 3110 637 3139 et
656 3103 838 3142 inebriare
858 3113 1064 3154 potentem.
1087 3107 1136 3143 Et
1155 3107 1208 3144 sic
1228 3107 1347 3144 ebrie-

289 3160 343 3188 tas
363 3161 485 3201 potest
512 3155 630 3204 accipi
645 3154 660 3185 β
680 3156 759 3193 sine
787 3167 956 3206 peccato,
977 3167 1018 3196 ut
1037 3160 1180 3197 dictum
1201 3168 1257 3198 est
1270 3160 1301 3197 ⁵¹⁸.
1322 3181 1347 3189 -

289 3205 372 3241 Alio
401 3208 531 3255 modo,
552 3208 604 3245 sic
623 3210 727 3257 quod
756 3211 886 3260 aliquis
905 3213 1086 3262 percipiat
1104 3221 1239 3262 potum
1265 3226 1347 3251 esse

151 3271 167 3296 γ
290 3257 592 3317 immoderatum,
613 3274 691 3299 non
710 3271 837 3302 tamen
867 3265 1038 3303 aestimet
1066 3274 1201 3316 potum
1230 3279 1312 3305 esse
1331 3272 1348 3295 Υ

291 3310 472 3348 inebr1are
500 3321 705 3361 potentem.
744 3317 792 3354 Et
819 3317 871 3355 sic
905 3319 1065 3356 ebrietas
1102 3327 1227 3369 potest
1265 3333 1348 3358 esse

293 3374 378 3399 cum
406 3373 559 3411 peccato
587 3369 736 3406 veniali.
758 3391 780 3397 -
801 3371 931 3408 Tertio
961 3373 1092 3421 modo,
1113 3381 1238 3423 potest
1258 3386 1348 3411 con-

55 3186 64 3195 ⁸
79 3185 136 3206 Ibid.

1404 1236 1548 1284 tingere
1568 1235 1582 1258 ὅ
1610 1237 1717 1286 quod
1745 1237 1881 1285 aliquis
1910 1238 2008 1275 bene
2037 1238 2211 1275 advertat
2237 1246 2374 1287 potum
2395 1251 2478 1278 esse

1405 1289 1705 1328 immoderatum
1743 1295 1779 1328 et
1816 1290 2089 1338 inebriantem,
2121 1299 2157 1328 et
2193 1299 2323 1329 tamen
2359 1293 2478 1343 magis

1338 1364 1350 1370 —
1404 1344 1487 1380 vult
1507 1343 1728 1381 ebrietatem
1756 1343 1948 1381 incurrere
1968 1357 2086 1394 quam
2115 1357 2138 1382 a
2158 1352 2253 1394 potu
2273 1345 2475 1385 abstinere.

1406 1397 1455 1434 Et
1482 1398 1565 1435 talis
1592 1397 1745 1447 proprie
1775 1397 1910 1435 dicitur
1938 1398 2084 1436 ebrius:
2115 1399 2204 1448 quia
2232 1399 2392 1437 moralia
2421 1413 2478 1438 re-

1405 1449 1548 1499 cipiunt
1576 1451 1744 1500 speciem
1781 1463 1860 1488 non
1889 1451 1937 1488 ab
1972 1451 2029 1488 his
2067 1464 2166 1500 quae
2198 1464 2268 1501 per
2300 1452 2478 1492 accidens

1406 1504 1588 1542 eveniunt
1615 1512 1766 1553 praeter
1802 1504 2071 1552 intentionem,
2102 1506 2169 1543 sed
2198 1506 2247 1543 ab
2286 1519 2332 1543 eo
2370 1507 2477 1556 quod

1405 1565 1461 1594 est
1478 1569 1549 1606 per
1582 1570 1622 1595 se
1651 1558 1850 1595 intentum.
1891 1558 1940 1595 Et
1968 1558 2021 1595 sic
2057 1559 2219 1596 ebrietas
2249 1567 2305 1597 est
2340 1572 2476 1609 pecca-

1404 1618 1485 1648 tum
1507 1611 1678 1648 mortale.
1711 1611 1812 1659 Quia
1841 1611 2054 1649 secundum
2082 1613 2169 1660 hoc,
2191 1613 2312 1650 horno
2339 1615 2476 1652 volens

1405 1672 1440 1701 et
1468 1664 1591 1702 sciens
1619 1664 1744 1714 privat
1778 1678 1819 1702 se
1846 1677 1920 1702 usu
1949 1665 2125 1714 rationis,
2153 1678 2231 1715 quo
2261 1667 2475 1706 secundum

1402 1718 1582 1755 virtutem
1603 1726 1783 1767 operatur
1802 1726 1838 1755 et
1861 1727 2018 1767 peccata
2047 1719 2228 1757 declinat:
2258 1728 2296 1757 et
2316 1720 2369 1758 sic
2387 1733 2475 1770 pec-

1404 1779 1464 1809 cat
1492 1771 1713 1819 mortaliter,
1743 1771 1912 1821 periculo
1937 1772 2122 1821 peccandi
2148 1786 2189 1810 se
2219 1774 2473 1812 committens.

1403 1825 1502 1862 Dicit
1531 1825 1631 1862 enirn
1660 1825 1902 1872 Ambrosius,
1923 1825 1962 1863 in
1990 1825 2085 1863 libro
2111 1826 2158 1864 de
2184 1827 2416 1865 Patriarchis
2434 1827 2473 1865 *τ

1410 1879 1609 1916 Vitandam
1628 1878 1786 1915 dicimus
1804 1879 2032 1926 ebrietatem,
2047 1891 2121 1928 per
2139 1891 2255 1928 quam
2281 1881 2442 1919 crimina
2462 1885 2474 1903 ⁸

1403 1943 1539 1970 cavere
1575 1943 1650 1969 non
1682 1944 1907 1980 possumus.-
1946 1944 2037 1970 nam
2075 1944 2174 1981 quae
2208 1934 2328 1971 sobrii
2366 1946 2474 1972 cave-

1402 1998 1487 2023 mus
1502 2014 1512 2031 ‚
1549 1997 1622 2034 per
1667 1986 1882 2023 ebrietatem
1924 1986 2144 2036 ignorantes
2195 1987 2472 2025 committimus.

1402 2038 1514 2077 Unde
1549 2038 1731 2086 ebrietas,
1762 2051 1831 2087 per
1858 2051 1898 2076 se
1927 2039 2147 2088 loquendo,
2180 2047 2235 2077 est
2271 2048 2474 2089 peccatum

1403 2092 1575 2130 mortale.

1454 2147 1514 2183 An
1542 2156 1680 2182 ramum
1709 2157 1808 2182 ERGO
1834 2157 2021 2183 mcENDUM
2041 2146 2149 2196 quod
2168 2145 2369 2185 assiduitas
2388 2147 2476 2186 facit

1402 2199 1627 2236 ebrietatem
1657 2211 1738 2235 esse
1767 2207 1969 2248 peccatum
1998 2200 2178 2247 mortale,
2212 2212 2291 2237 non
2319 2208 2476 2250 propter

1402 2253 1525 2290 solam
1553 2252 1792 2290 iterationem
1812 2260 1930 2297 actus,
1951 2253 2021 2290 sed
2038 2252 2129 2302 quia
2147 2265 2227 2290 non
2245 2261 2372 2303 potest
2390 2266 2475 2292 esse

1402 2306 1509 2355 quod
1526 2306 1646 2343 homo
1676 2305 1827 2343 assidue
1856 2305 2063 2343 inebrietur
2091 2306 2183 2355 quin
2202 2306 2325 2344 sciens
2347 2315 2384 2344 et
2403 2319 2473 2345 vo-

1401 2360 1483 2396 lens
1503 2359 1726 2396 ebrietatem
1747 2358 1912 2396 incurrat
1925 2388 1934 2406 ,
1956 2359 2050 2397 dum
2070 2359 2264 2397 multoties
2283 2361 2474 2409 experitur

1401 2412 1660 2450 fortitudinem
1687 2411 1778 2459 vini,
1809 2419 1846 2449 et
1873 2425 1982 2450 suam
2011 2412 2247 2450 habilitatem
2276 2413 2325 2451 ad
2355 2413 2474 2451 ebrie-

1401 2474 1531 2504 tatem.
2181 2501 2183 2503 .

1454 2520 1514 2556 An
1542 2530 1734 2556 SECUNDUM
1770 2530 1955 2556 mcENDuM
1988 2518 2095 2567 quod
2127 2519 2214 2568 plus
2247 2531 2401 2556 sumere
2434 2519 2474 2557 in

1402 2572 1488 2610 cibo
1507 2573 1570 2610 vel
1589 2579 1683 2621 potu
1703 2584 1820 2621 quarn
1840 2584 1998 2609 necesse
2018 2572 2075 2619 sit,
2091 2572 2254 2621 pertinet
2272 2572 2321 2610 ad
2335 2572 2472 2610 vitium

1401 2627 1522 2674 gulae,
1553 2638 1652 2675 quae
1682 2638 1761 2662 non
1794 2637 1948 2674 semper
1975 2633 2030 2662 est
2062 2634 2264 2674 peccatum
2298 2627 2470 2664 mortale.

1401 2679 1478 2717 Sed
1508 2679 1593 2728 plus
1613 2691 1764 2716 sumere
1784 2678 1822 2716 in
1842 2686 1936 2728 potu
1956 2678 2119 2716 scienter
2138 2690 2260 2728 usque
2282 2679 2331 2716 ad
2351 2678 2473 2723 ebrie-

1400 2741 1530 2780 tatem,
1552 2733 1626 2770 hoc
1655 2739 1711 2770 est
1738 2740 1940 2782 peccatum
1983 2732 2157 2770 mortale.
2196 2731 2309 2770 Unde
2342 2734 2473 2782 Augu—

1402 2786 1521 2824 stinus
1551 2785 1650 2833 dicit,
1681 2786 1719 2823 in
1749 2786 1784 2822 X
1809 2786 1975 2834 Confess.
1996 2785 2036 2823 *τ
2069 2785 2243 2823 Ebrietas
2279 2785 2394 2836 longe
2420 2791 2476 2823 est

1401 2852 1425 2877 a
1453 2851 1530 2886 me,
1558 2839 1795 2877 misereberis
1831 2851 1879 2877 ne
1905 2839 2180 2889 appropinquet
2205 2837 2219 2866 ‘
2246 2839 2341 2876 mihi
2348 2852 2360 2876 .·
2387 2850 2472 2877 cra-

1395 2893 1490 2942 pula
1519 2898 1645 2930 autem
1673 2904 1960 2942 nonnumquam
1988 2892 2173 2942 subrepsit
2196 2903 2306 2930 servo
2335 2897 2411 2929 tuo.

1456 2949 1514 2983 An
1533 2958 1695 2984 TERTIUM
1722 2957 1908 2984 mCENDUM
1933 2945 2050 2996 quod,
2074 2945 2170 2983 sicut
2197 2945 2341 2983 dictum
2371 2953 2427 2984 est
2439 2945 2472 2994 ²¹⁸,

1403 3000 1510 3037 cibus
1540 3008 1575 3037 et
1602 3007 1716 3049 potus
1746 3007 1801 3037 est
1827 2999 2090 3038 moderandus
2123 2998 2338 3036 secundum
2367 2998 2473 3048 quod

1403 3053 1585 3103 competit
1606 3052 1776 3103 corporis
1795 3052 2014 3090 valetudini.
2044 3053 2094 3090 Et
2118 3051 2206 3090 ideo
2236 3051 2331 3089 sicut
2352 3064 2473 3102 quan-

1402 3107 1530 3156 doque
1560 3106 1743 3155 contingit
1769 3113 1811 3143 ut
1840 3105 1946 3143 cibus
1973 3106 2036 3143 vel
2064 3112 2179 3155 potus
2207 3105 2270 3154 qui
2304 3113 2360 3142 est
2388 3118 2473 3143 mo-

1402 3161 1555 3198 deratus
1585 3171 1697 3207 sano,
1728 3159 1774 3197 sit
1801 3158 2018 3209 superfluus
2055 3158 2232 3205 infirm03
2271 3158 2322 3196 ita
2358 3159 2472 3197 etiam

1401 3221 1527 3263 potest
1557 3226 1576 3250 e
1597 3225 1786 3251 converso
1823 3211 2042 3261 contingere
2076 3218 2118 3248 ut
2145 3211 2205 3248 ille
2234 3212 2299 3260 qui
2329 3220 2384 3250 est
2413 3225 2474 3250 su-

1402 3267 1573 3317 perfluus
1608 3279 1722 3314 sano,
1760 3266 1807 3304 sit
1843 3265 2064 3304 moderatus
2102 3264 2269 3302 infirmo.
2314 3266 2363 3303 Et
2397 3266 2474 3303 hoc

1402 3320 1534 3367 modo,
1556 3331 1644 3358 cum
1667 3319 1802 3369 aliquis
1830 3319 1993 3357 multum
2019 3318 2186 3355 comedit
2212 3319 2275 3355 vel
2303 3318 2398 3356 bibit
2416 3331 2474 3356 se-

1403 3373 1574 3411 cundum
1603 3372 1804 3410 consilium
1837 3371 2050 3409 medicinae
2083 3371 2132 3409 ad
2166 3371 2356 3409 vomitum
2385 3384 2474 3421 pro-

347 3491 372 3523 αι)
392 3492 573 3520 immoderato.
586 3509 605 3514 -
624 3497 776 3524 inordinato
795 3500 867 3526 PGa.

346 3525 371 3559 β)
390 3528 482 3560 accipi.
495 3543 512 3548 —
530 3537 584 3555 esse
602 3531 629 3555 P.

345 3569 362 3594 γ
380 3569 442 3588 esse.
454 3577 473 3582 -
490 3564 551 3589 Om.
570 3566 598 3590 Ρ.

345 3596 370 3630 ὀ)
389 3599 550 3632 contingere.
562 3614 582 3620 -
599 3607 653 3626 esse
672 3602 765 3628 PGLa.

1456 3504 1478 3536 ε)
1497 3504 1622 3529 crimina.
1633 3517 1652 3522 -
1670 3503 1737 3528 vitia
1750 3502 1825 3533 PGa3
1840 3509 1888 3535 pro
1900 3509 1978 3535 quae,
1991 3503 2037 3535 qui
2050 3502 2232 3536 BDEFHKp1;
2247 3511 2294 3537 pro
2307 3503 2473 3532 ebrietatem.

1403 3539 1595 3565 ebrletudinem
1615 3538 1731 3572 ΑΒΕρΚ.
1750 3537 1915 3564 ebetudinem
1936 3538 1965 3562 L.

1455 3574 1481 3607 ζ)
1501 3574 1706 3607 appropinquet.
1718 3587 1738 3593 -
1755 3573 1861 3599 eveniat
1880 3573 1957 3599 BFK.

2504 1834 2513 1842 ο

2532 1832 2569 1854 De
2585 1831 2714 1860 Abraham,

2502 1858 2542 1908 'cii'
2557 1859 2716 1908 ’ὲίῗμέἑὶὲ

2502 1911 2624 1940 dicebant,
2649 1919 2712 1935 enus.

2502 1938 2554 1967 XV,
2569 1945 2608 1968 qu.
2624 1945 2639 1962 ι.

2500 2799 2511 2811 Ι

2525 2799 2583 2827 cup.
2597 2804 2660 2822 xxxi.

2525 2954 2572 2982 Qu.
2588 2959 2651 2980 mi,
2670 2957 2712 2976 m.
