<?xml version="1.0" encoding="UTF-8"?>
<!DOCTYPE html PUBLIC "-//W3C//DTD XHTML 1.0 Transitional//EN"
    "http://www.w3.org/TR/xhtml1/DTD/xhtml1-transitional.dtd">
<html xmlns="http://www.w3.org/1999/xhtml" xml:lang="en" lang="en">
 <head>
  <title>
</title>
<meta http-equiv="Content-Type" content="text/html;charset=utf-8" />
  <meta name='ocr-system' content='tesseract 3.04.00' />
  <meta name='ocr-capabilities' content='ocr_page ocr_carea ocr_par ocr_line ocrx_word'/>
</head>
<body>
  <div class='ocr_page' id='page_1' title='image "./operaomniaiussui10thom/operaomniaiussui10thom_0119.png"; bbox 0 0 2768 4198; ppageno 0'>
   <div class='ocr_carea' id='block_1_1' title="bbox 52 550 231 579">
    <p class='ocr_par' dir='ltr' id='par_1_1' title="bbox 52 550 231 579">
     <span class='ocr_line' id='line_1_1' title="bbox 52 550 231 579; baseline -0.011 -6"><span class='ocrx_word' id='word_1_1' title='bbox 52 551 73 563; x_wconf 67' lang='lat'>‘³</span> <span class='ocrx_word' id='word_1_2' title='bbox 87 550 196 573; x_wconf 74' lang='lat' dir='ltr'>Conclus-</span> <span class='ocrx_word' id='word_1_3' title='bbox 210 556 231 579; x_wconf 84' lang='lat'>3.</span> 
     </span>
    </p>
   </div>
   <div class='ocr_carea' id='block_1_2' title="bbox 965 255 2492 304">
    <p class='ocr_par' dir='ltr' id='par_1_2' title="bbox 965 255 2492 304">
     <span class='ocr_line' id='line_1_2' title="bbox 965 255 2492 304; baseline -0.005 -9"><span class='ocrx_word' id='word_1_4' title='bbox 965 258 1234 304; x_wconf 86' lang='lat' dir='ltr'>QUAESTIO</span> <span class='ocrx_word' id='word_1_5' title='bbox 1265 258 1442 304; x_wconf 79' lang='lat' dir='ltr'>cxxxl,</span> <span class='ocrx_word' id='word_1_6' title='bbox 1471 255 1770 293; x_wconf 81' lang='lat' dir='ltr'>ARTlcULUs</span> <span class='ocrx_word' id='word_1_7' title='bbox 1800 255 1831 291; x_wconf 91' lang='lat'>11</span> <span class='ocrx_word' id='word_1_8' title='bbox 2444 263 2492 299; x_wconf 90' lang='lat'>77</span> 
     </span>
    </p>
   </div>
   <div class='ocr_carea' id='block_1_3' title="bbox 981 383 1812 417">
    <p class='ocr_par' dir='ltr' id='par_1_3' title="bbox 981 383 1812 417">
     <span class='ocr_line' id='line_1_3' title="bbox 981 383 1812 417; baseline -0.002 0"><span class='ocrx_word' id='word_1_9' title='bbox 981 385 1316 417; x_wconf 78' lang='lat' dir='ltr'>Commentaria</span> <span class='ocrx_word' id='word_1_10' title='bbox 1339 383 1589 417; x_wconf 75' lang='lat' dir='ltr'>Cardinalis</span> <span class='ocrx_word' id='word_1_11' title='bbox 1613 383 1812 417; x_wconf 77' lang='lat' dir='ltr'>Caietam</span> 
     </span>
    </p>
   </div>
   <div class='ocr_carea' id='block_1_4' title="bbox 52 465 2495 558">
    <p class='ocr_par' dir='ltr' id='par_1_4' title="bbox 52 465 2495 558">
     <span class='ocr_line' id='line_1_4' title="bbox 323 465 2495 512; baseline -0.005 -7"><span class='ocrx_word' id='word_1_12' title='bbox 323 484 344 504; x_wconf 71' lang='lat' dir='ltr'>n</span> <span class='ocrx_word' id='word_1_13' title='bbox 360 473 494 504; x_wconf 88' lang='lat' dir='ltr'>articulo</span> <span class='ocrx_word' id='word_1_14' title='bbox 510 472 653 504; x_wconf 85' lang='lat' dir='ltr'>secundo</span> <span class='ocrx_word' id='word_1_15' title='bbox 669 471 816 503; x_wconf 74' lang='lat' dir='ltr'>eiusdem</span> <span class='ocrx_word' id='word_1_16' title='bbox 833 468 1040 512; x_wconf 81' lang='lat' dir='ltr'>quaestionis,</span> <span class='ocrx_word' id='word_1_17' title='bbox 1054 468 1087 499; x_wconf 92' lang='lat' dir='ltr'>in</span> <span class='ocrx_word' id='word_1_18' title='bbox 1103 468 1313 509; x_wconf 83' lang='lat' dir='ltr'>responsione</span> <span class='ocrx_word' id='word_1_19' title='bbox 1328 467 1367 497; x_wconf 89' lang='lat' dir='ltr'>ad</span> <span class='ocrx_word' id='word_1_20' title='bbox 1391 467 1394 505; x_wconf 63' lang='grc' dir='ltr'>Ι,</span> <span class='ocrx_word' id='word_1_21' title='bbox 1413 474 1467 498; x_wconf 32' lang='lat' dir='ltr'>‘est</span> <span class='ocrx_word' id='word_1_22' title='bbox 1490 469 1648 508; x_wconf 88' lang='lat' dir='ltr'>appetitus</span> <span class='ocrx_word' id='word_1_23' title='bbox 1673 477 1866 508; x_wconf 86' lang='lat' dir='ltr'>magnorum</span> <span class='ocrx_word' id='word_1_24' title='bbox 1889 476 2037 508; x_wconf 87' lang='lat' dir='ltr'>operum,</span> <span class='ocrx_word' id='word_1_25' title='bbox 2062 465 2156 496; x_wconf 89' lang='lat' dir='ltr'>habet</span> <span class='ocrx_word' id='word_1_26' title='bbox 2179 475 2239 506; x_wconf 93' lang='lat' dir='ltr'>pro</span> <span class='ocrx_word' id='word_1_27' title='bbox 2255 475 2383 496; x_wconf 83' lang='lat' dir='ltr'>excessu</span> <span class='ocrx_word' id='word_1_28' title='bbox 2408 474 2495 504; x_wconf 83' lang='lat' dir='ltr'>prae-</span> 
     </span>
     <span class='ocr_line' id='line_1_5' title="bbox 52 485 1366 558; baseline -0.003 -12"><span class='ocrx_word' id='word_1_29' title='bbox 52 525 62 535; x_wconf 90' lang='lat'>·</span> <span class='ocrx_word' id='word_1_30' title='bbox 75 524 111 546; x_wconf 81' lang='lat' dir='ltr'>De</span> <span class='ocrx_word' id='word_1_31' title='bbox 126 523 264 546; x_wconf 64' lang='lat' dir='ltr'>Ambitione.</span> <span class='ocrx_word' id='word_1_32' title='bbox 295 485 476 558; x_wconf 83' lang='lat' dir='ltr'>Iprimum,</span> <span class='ocrx_word' id='word_1_33' title='bbox 490 517 627 548; x_wconf 87' lang='lat' dir='ltr'>dubium</span> <span class='ocrx_word' id='word_1_34' title='bbox 642 515 779 546; x_wconf 82' lang='lat' dir='ltr'>occurrit</span> <span class='ocrx_word' id='word_1_35' title='bbox 794 525 832 546; x_wconf 86' lang='lat' dir='ltr'>ex</span> <span class='ocrx_word' id='word_1_36' title='bbox 845 514 993 550; x_wconf 85' lang='lat' dir='ltr'>Martino,</span> <span class='ocrx_word' id='word_1_37' title='bbox 1008 513 1126 544; x_wconf 84' lang='lat' dir='ltr'>ibidem</span> <span class='ocrx_word' id='word_1_38' title='bbox 1140 513 1167 550; x_wconf 86' lang='grc'>*,</span> <span class='ocrx_word' id='word_1_39' title='bbox 1181 512 1213 543; x_wconf 88' lang='lat' dir='ltr'>in</span> <span class='ocrx_word' id='word_1_40' title='bbox 1226 523 1281 554; x_wconf 88' lang='lat' dir='ltr'>qu.</span> <span class='ocrx_word' id='word_1_41' title='bbox 1290 523 1312 542; x_wconf 93' lang='lat'>11</span> <span class='ocrx_word' id='word_1_42' title='bbox 1321 511 1366 548; x_wconf 86' lang='lat'>**,</span> 
     </span>
    </p>
   </div>
   <div class='ocr_carea' id='block_1_5' title="bbox 292 557 1395 600">
    <p class='ocr_par' dir='ltr' id='par_1_5' title="bbox 292 557 1395 600">
     <span class='ocr_line' id='line_1_6' title="bbox 292 557 1395 600; baseline -0.006 -6"><span class='ocrx_word' id='word_1_43' title='bbox 292 562 472 594; x_wconf 85' lang='lat' dir='ltr'>discedente</span> <span class='ocrx_word' id='word_1_44' title='bbox 495 562 534 592; x_wconf 86' lang='lat' dir='ltr'>ab</span> <span class='ocrx_word' id='word_1_45' title='bbox 557 562 616 592; x_wconf 90' lang='lat' dir='ltr'>hac</span> <span class='ocrx_word' id='word_1_46' title='bbox 640 559 812 596; x_wconf 91' lang='lat' dir='ltr'>solutione,</span> <span class='ocrx_word' id='word_1_47' title='bbox 837 565 1005 600; x_wconf 88' lang='lat' dir='ltr'>propterea</span> <span class='ocrx_word' id='word_1_48' title='bbox 1029 558 1104 599; x_wconf 88' lang='lat' dir='ltr'>quia</span> <span class='ocrx_word' id='word_1_49' title='bbox 1121 557 1286 598; x_wconf 90' lang='lat' dir='ltr'>distinguit</span> <span class='ocrx_word' id='word_1_50' title='bbox 1300 567 1367 588; x_wconf 90' lang='lat' dir='ltr'>ma·</span> <span class='ocrx_word' id='word_1_51' title='bbox 1392 572 1395 596; x_wconf 60' lang='lat' dir='ltr'>l</span> 
     </span>
    </p>
   </div>
   <div class='ocr_carea' id='block_1_6' title="bbox 290 602 1367 648">
    <p class='ocr_par' dir='ltr' id='par_1_6' title="bbox 290 602 1367 648">
     <span class='ocr_line' id='line_1_7' title="bbox 290 602 1367 648; baseline -0.006 -10"><span class='ocrx_word' id='word_1_52' title='bbox 290 606 533 648; x_wconf 83' lang='lat' dir='ltr'>gnanimitatem</span> <span class='ocrx_word' id='word_1_53' title='bbox 549 605 583 636; x_wconf 89' lang='lat' dir='ltr'>in</span> <span class='ocrx_word' id='word_1_54' title='bbox 599 605 716 636; x_wconf 88' lang='lat' dir='ltr'>multas</span> <span class='ocrx_word' id='word_1_55' title='bbox 733 603 1027 644; x_wconf 85' lang='lat' dir='ltr'>magnanimitates:</span> <span class='ocrx_word' id='word_1_56' title='bbox 1053 610 1132 643; x_wconf 85' lang='lat' dir='ltr'>puta</span> <span class='ocrx_word' id='word_1_57' title='bbox 1146 602 1179 633; x_wconf 87' lang='lat' dir='ltr'>in</span> <span class='ocrx_word' id='word_1_58' title='bbox 1196 612 1267 633; x_wconf 86' lang='lat' dir='ltr'>eam</span> <span class='ocrx_word' id='word_1_59' title='bbox 1284 611 1367 643; x_wconf 88' lang='lat' dir='ltr'>quae</span> 
     </span>
    </p>
   </div>
   <div class='ocr_carea' id='block_1_7' title="bbox 290 647 1395 692">
    <p class='ocr_par' dir='ltr' id='par_1_7' title="bbox 290 647 1395 692">
     <span class='ocr_line' id='line_1_8' title="bbox 290 647 1395 692; baseline -0.005 -10"><span class='ocrx_word' id='word_1_60' title='bbox 290 651 385 682; x_wconf 90' lang='lat' dir='ltr'>habet</span> <span class='ocrx_word' id='word_1_61' title='bbox 407 661 467 692; x_wconf 89' lang='lat' dir='ltr'>pro</span> <span class='ocrx_word' id='word_1_62' title='bbox 491 650 617 682; x_wconf 89' lang='lat' dir='ltr'>obiecto</span> <span class='ocrx_word' id='word_1_63' title='bbox 641 659 709 680; x_wconf 87' lang='lat' dir='ltr'>rem</span> <span class='ocrx_word' id='word_1_64' title='bbox 732 648 972 684; x_wconf 80' lang='lat' dir='ltr'>honorabilem,</span> <span class='ocrx_word' id='word_1_65' title='bbox 997 653 1075 687; x_wconf 85' lang='lat' dir='ltr'>puta</span> <span class='ocrx_word' id='word_1_66' title='bbox 1099 647 1304 687; x_wconf 62' lang='lat' dir='ltr'>dignitatem</span> <span class='ocrx_word' id='word_1_67' title='bbox 1337 653 1368 677; x_wconf 89' lang='lat' dir='ltr'>et</span> <span class='ocrx_word' id='word_1_68' title='bbox 1393 649 1395 651; x_wconf 85' lang='lat'>&#39;</span> 
     </span>
    </p>
   </div>
   <div class='ocr_carea' id='block_1_8' title="bbox 291 691 1367 737">
    <p class='ocr_par' dir='ltr' id='par_1_8' title="bbox 291 691 1367 737">
     <span class='ocr_line' id='line_1_9' title="bbox 291 691 1367 737; baseline -0.005 -10"><span class='ocrx_word' id='word_1_69' title='bbox 291 705 362 727; x_wconf 85' lang='lat' dir='ltr'>eam</span> <span class='ocrx_word' id='word_1_70' title='bbox 385 706 468 737; x_wconf 88' lang='lat' dir='ltr'>quae</span> <span class='ocrx_word' id='word_1_71' title='bbox 492 695 586 726; x_wconf 88' lang='lat' dir='ltr'>habet</span> <span class='ocrx_word' id='word_1_72' title='bbox 610 704 669 735; x_wconf 88' lang='lat' dir='ltr'>pro</span> <span class='ocrx_word' id='word_1_73' title='bbox 691 694 817 724; x_wconf 89' lang='lat' dir='ltr'>obiecto</span> <span class='ocrx_word' id='word_1_74' title='bbox 833 693 1002 729; x_wconf 81' lang='lat' dir='ltr'>honorem,</span> <span class='ocrx_word' id='word_1_75' title='bbox 1027 692 1109 724; x_wconf 90' lang='lat' dir='ltr'>sicut</span> <span class='ocrx_word' id='word_1_76' title='bbox 1131 692 1185 722; x_wconf 87' lang='lat' dir='ltr'>illa</span> <span class='ocrx_word' id='word_1_77' title='bbox 1208 702 1272 733; x_wconf 91' lang='lat' dir='ltr'>qua</span> <span class='ocrx_word' id='word_1_78' title='bbox 1295 691 1367 732; x_wconf 90' lang='lat' dir='ltr'>quis</span> 
     </span>
    </p>
   </div>
   <div class='ocr_carea' id='block_1_9' title="bbox 291 736 1395 781">
    <p class='ocr_par' dir='ltr' id='par_1_9' title="bbox 291 736 1395 781">
     <span class='ocr_line' id='line_1_10' title="bbox 291 736 1395 781; baseline -0.005 -10"><span class='ocrx_word' id='word_1_79' title='bbox 291 740 380 781; x_wconf 89' lang='lat' dir='ltr'>cupit</span> <span class='ocrx_word' id='word_1_80' title='bbox 402 740 562 771; x_wconf 89' lang='lat' dir='ltr'>honorem</span> <span class='ocrx_word' id='word_1_81' title='bbox 585 749 662 770; x_wconf 85' lang='lat' dir='ltr'>suae</span> <span class='ocrx_word' id='word_1_82' title='bbox 686 738 831 779; x_wconf 84' lang='lat' dir='ltr'>dignitati</span> <span class='ocrx_word' id='word_1_83' title='bbox 855 737 1009 768; x_wconf 86' lang='lat' dir='ltr'>debitum.</span> <span class='ocrx_word' id='word_1_84' title='bbox 1043 737 1085 768; x_wconf 89' lang='lat' dir='ltr'>Et</span> <span class='ocrx_word' id='word_1_85' title='bbox 1107 736 1180 767; x_wconf 91' lang='lat' dir='ltr'>ideo</span> <span class='ocrx_word' id='word_1_86' title='bbox 1205 736 1368 767; x_wconf 89' lang='lat' dir='ltr'>concludit</span> <span class='ocrx_word' id='word_1_87' title='bbox 1394 750 1395 754; x_wconf 64' lang='lat'><em>=</em></span> 
     </span>
    </p>
   </div>
   <div class='ocr_carea' id='block_1_10' title="bbox 290 780 1369 1046">
    <p class='ocr_par' dir='ltr' id='par_1_10' title="bbox 290 780 1368 870">
     <span class='ocr_line' id='line_1_11' title="bbox 290 780 1368 826; baseline -0.005 -10"><span class='ocrx_word' id='word_1_88' title='bbox 290 785 381 826; x_wconf 91' lang='lat' dir='ltr'>quod</span> <span class='ocrx_word' id='word_1_89' title='bbox 404 794 462 815; x_wconf 89' lang='lat' dir='ltr'>nec</span> <span class='ocrx_word' id='word_1_90' title='bbox 486 783 618 815; x_wconf 81' lang='lat' dir='ltr'>ambitio</span> <span class='ocrx_word' id='word_1_91' title='bbox 642 793 700 814; x_wconf 90' lang='lat' dir='ltr'>nec</span> <span class='ocrx_word' id='word_1_92' title='bbox 723 782 942 824; x_wconf 89' lang='lat' dir='ltr'>praesumptio</span> <span class='ocrx_word' id='word_1_93' title='bbox 968 781 1096 812; x_wconf 86' lang='lat' dir='ltr'>cuilibet</span> <span class='ocrx_word' id='word_1_94' title='bbox 1114 780 1368 821; x_wconf 83' lang='lat' dir='ltr'>magnanimitati</span> 
     </span>
     <span class='ocr_line' id='line_1_12' title="bbox 291 829 555 870; baseline 0 -10"><span class='ocrx_word' id='word_1_95' title='bbox 291 829 479 870; x_wconf 87' lang='lat' dir='ltr'>opponitur,</span> <span class='ocrx_word' id='word_1_96' title='bbox 495 835 555 860; x_wconf 88' lang='lat' dir='ltr'>etc.</span> 
     </span>
    </p>

    <p class='ocr_par' dir='ltr' id='par_1_11' title="bbox 291 871 1369 1046">
     <span class='ocr_line' id='line_1_13' title="bbox 347 871 1368 913; baseline -0.004 -9"><span class='ocrx_word' id='word_1_97' title='bbox 347 873 398 904; x_wconf 89' lang='lat' dir='ltr'>Ad</span> <span class='ocrx_word' id='word_1_98' title='bbox 421 873 485 904; x_wconf 89' lang='lat' dir='ltr'>hoc</span> <span class='ocrx_word' id='word_1_99' title='bbox 508 872 622 904; x_wconf 86' lang='lat' dir='ltr'>dicitur</span> <span class='ocrx_word' id='word_1_100' title='bbox 644 872 735 913; x_wconf 93' lang='lat' dir='ltr'>quod</span> <span class='ocrx_word' id='word_1_101' title='bbox 757 872 816 903; x_wconf 90' lang='lat' dir='ltr'>iste</span> <span class='ocrx_word' id='word_1_102' title='bbox 831 872 933 903; x_wconf 90' lang='lat' dir='ltr'>homo</span> <span class='ocrx_word' id='word_1_103' title='bbox 949 872 981 902; x_wconf 89' lang='lat' dir='ltr'>in</span> <span class='ocrx_word' id='word_1_104' title='bbox 997 871 1060 902; x_wconf 92' lang='lat' dir='ltr'>hoc</span> <span class='ocrx_word' id='word_1_105' title='bbox 1075 871 1201 902; x_wconf 88' lang='lat' dir='ltr'>videtur</span> <span class='ocrx_word' id='word_1_106' title='bbox 1217 871 1368 911; x_wconf 87' lang='lat' dir='ltr'>deceptus</span> 
     </span>
     <span class='ocr_line' id='line_1_14' title="bbox 291 914 1368 959; baseline -0.004 -10"><span class='ocrx_word' id='word_1_107' title='bbox 291 918 381 959; x_wconf 91' lang='lat' dir='ltr'>quod</span> <span class='ocrx_word' id='word_1_108' title='bbox 405 917 570 958; x_wconf 87' lang='lat' dir='ltr'>distinguit</span> <span class='ocrx_word' id='word_1_109' title='bbox 591 917 888 958; x_wconf 83' lang='lat' dir='ltr'>magnanimitatem</span> <span class='ocrx_word' id='word_1_110' title='bbox 907 919 940 947; x_wconf 94' lang='lat' dir='ltr'>in</span> <span class='ocrx_word' id='word_1_111' title='bbox 963 916 1094 957; x_wconf 83' lang='lat' dir='ltr'>species,</span> <span class='ocrx_word' id='word_1_112' title='bbox 1111 915 1166 946; x_wconf 91' lang='lat' dir='ltr'>ubi</span> <span class='ocrx_word' id='word_1_113' title='bbox 1190 916 1283 946; x_wconf 89' lang='lat' dir='ltr'>debet</span> <span class='ocrx_word' id='word_1_114' title='bbox 1305 914 1368 945; x_wconf 90' lang='lat' dir='ltr'>dis-</span> 
     </span>
     <span class='ocr_line' id='line_1_15' title="bbox 292 961 1369 1003; baseline -0.004 -9"><span class='ocrx_word' id='word_1_115' title='bbox 292 962 395 1003; x_wconf 84' lang='lat' dir='ltr'>tingui</span> <span class='ocrx_word' id='word_1_116' title='bbox 427 962 459 993; x_wconf 93' lang='lat' dir='ltr'>in</span> <span class='ocrx_word' id='word_1_117' title='bbox 483 969 591 994; x_wconf 90' lang='lat' dir='ltr'>actum</span> <span class='ocrx_word' id='word_1_118' title='bbox 615 969 651 993; x_wconf 90' lang='lat' dir='ltr'>ut</span> <span class='ocrx_word' id='word_1_119' title='bbox 682 969 728 993; x_wconf 91' lang='lat' dir='ltr'>est</span> <span class='ocrx_word' id='word_1_120' title='bbox 757 961 838 993; x_wconf 87' lang='lat' dir='ltr'>circa</span> <span class='ocrx_word' id='word_1_121' title='bbox 862 961 1042 997; x_wconf 89' lang='lat' dir='ltr'>obiectum,</span> <span class='ocrx_word' id='word_1_122' title='bbox 1067 967 1099 991; x_wconf 88' lang='lat' dir='ltr'>et</span> <span class='ocrx_word' id='word_1_123' title='bbox 1125 967 1231 991; x_wconf 89' lang='lat' dir='ltr'>actum</span> <span class='ocrx_word' id='word_1_124' title='bbox 1263 966 1299 990; x_wconf 93' lang='lat' dir='ltr'>ut</span> <span class='ocrx_word' id='word_1_125' title='bbox 1322 966 1369 990; x_wconf 89' lang='lat' dir='ltr'>est</span> 
     </span>
     <span class='ocr_line' id='line_1_16' title="bbox 292 1004 1369 1046; baseline -0.004 -8"><span class='ocrx_word' id='word_1_126' title='bbox 292 1007 372 1038; x_wconf 77' lang='lat' dir='ltr'>drea</span> <span class='ocrx_word' id='word_1_127' title='bbox 396 1007 570 1043; x_wconf 88' lang='lat' dir='ltr'>materiam,</span> <span class='ocrx_word' id='word_1_128' title='bbox 596 1014 631 1038; x_wconf 88' lang='lat' dir='ltr'>ut</span> <span class='ocrx_word' id='word_1_129' title='bbox 654 1006 686 1037; x_wconf 88' lang='lat' dir='ltr'>in</span> <span class='ocrx_word' id='word_1_130' title='bbox 706 1007 808 1038; x_wconf 86' lang='lat' dir='ltr'>littera</span> <span class='ocrx_word' id='word_1_131' title='bbox 826 1005 871 1037; x_wconf 88' lang='lat' dir='ltr'>fit.</span> <span class='ocrx_word' id='word_1_132' title='bbox 896 1005 1140 1046; x_wconf 80' lang='lat' dir='ltr'>Magnanimitas</span> <span class='ocrx_word' id='word_1_133' title='bbox 1156 1004 1316 1046; x_wconf 88' lang='lat' dir='ltr'>siquidem</span> <span class='ocrx_word' id='word_1_134' title='bbox 1332 1011 1369 1035; x_wconf 88' lang='lat' dir='ltr'>ut</span> 
     </span>
    </p>
   </div>
   <div class='ocr_carea' id='block_1_11' title="bbox 1393 510 1396 1038">
    <p class='ocr_par' dir='ltr' id='par_1_12' title="bbox 1393 510 1396 1038">
     <span class='ocr_line' id='line_1_17' title="bbox 1393 510 1396 1038; baseline 0 0"><span class='ocrx_word' id='word_1_135' title='bbox 1393 510 1396 1038; x_wconf 95' lang='lat' dir='ltr'> </span> 
     </span>
    </p>
   </div>
   <div class='ocr_carea' id='block_1_12' title="bbox 1421 509 2497 821">
    <p class='ocr_par' dir='ltr' id='par_1_13' title="bbox 1421 509 2497 821">
     <span class='ocr_line' id='line_1_18' title="bbox 1421 509 2495 553; baseline -0.003 -11"><span class='ocrx_word' id='word_1_136' title='bbox 1421 512 1655 552; x_wconf 58' lang='lat' dir='ltr'>sumptionem:</span> <span class='ocrx_word' id='word_1_137' title='bbox 1680 520 1712 543; x_wconf 85' lang='lat' dir='ltr'>et</span> <span class='ocrx_word' id='word_1_138' title='bbox 1734 513 1879 553; x_wconf 84' lang='lat' dir='ltr'>ipsamet,</span> <span class='ocrx_word' id='word_1_139' title='bbox 1903 518 1935 543; x_wconf 89' lang='lat' dir='ltr'>et</span> <span class='ocrx_word' id='word_1_140' title='bbox 1958 521 2024 542; x_wconf 89' lang='lat' dir='ltr'>non</span> <span class='ocrx_word' id='word_1_141' title='bbox 2048 510 2119 547; x_wconf 85' lang='lat' dir='ltr'>alia,</span> <span class='ocrx_word' id='word_1_142' title='bbox 2144 517 2180 541; x_wconf 93' lang='lat' dir='ltr'>ut</span> <span class='ocrx_word' id='word_1_143' title='bbox 2200 509 2359 550; x_wconf 82' lang='lat' dir='ltr'>appetitus</span> <span class='ocrx_word' id='word_1_144' title='bbox 2376 517 2422 540; x_wconf 91' lang='lat' dir='ltr'>est</span> <span class='ocrx_word' id='word_1_145' title='bbox 2438 509 2495 539; x_wconf 91' lang='lat' dir='ltr'>ho-</span> 
     </span>
     <span class='ocr_line' id='line_1_19' title="bbox 1422 552 2496 597; baseline -0.003 -10"><span class='ocrx_word' id='word_1_146' title='bbox 1422 557 1519 592; x_wconf 85' lang='lat' dir='ltr'>noris,</span> <span class='ocrx_word' id='word_1_147' title='bbox 1545 557 1640 588; x_wconf 87' lang='lat' dir='ltr'>habet</span> <span class='ocrx_word' id='word_1_148' title='bbox 1663 567 1722 597; x_wconf 89' lang='lat' dir='ltr'>pro</span> <span class='ocrx_word' id='word_1_149' title='bbox 1747 567 1875 588; x_wconf 90' lang='lat' dir='ltr'>excessu</span> <span class='ocrx_word' id='word_1_150' title='bbox 1900 555 2126 591; x_wconf 87' lang='lat' dir='ltr'>ambitionem;</span> <span class='ocrx_word' id='word_1_151' title='bbox 2160 561 2191 585; x_wconf 90' lang='lat' dir='ltr'>et</span> <span class='ocrx_word' id='word_1_152' title='bbox 2215 552 2368 590; x_wconf 86' lang='lat' dir='ltr'>similiter,</span> <span class='ocrx_word' id='word_1_153' title='bbox 2391 561 2426 584; x_wconf 92' lang='lat' dir='ltr'>ut</span> <span class='ocrx_word' id='word_1_154' title='bbox 2450 561 2496 584; x_wconf 90' lang='lat' dir='ltr'>est</span> 
     </span>
     <span class='ocr_line' id='line_1_20' title="bbox 1421 598 2495 642; baseline -0.003 -11"><span class='ocrx_word' id='word_1_155' title='bbox 1421 601 1581 642; x_wconf 89' lang='lat' dir='ltr'>appetitus</span> <span class='ocrx_word' id='word_1_156' title='bbox 1605 601 1733 641; x_wconf 86' lang='lat' dir='ltr'>gloriae,</span> <span class='ocrx_word' id='word_1_157' title='bbox 1758 602 1853 633; x_wconf 88' lang='lat' dir='ltr'>habet</span> <span class='ocrx_word' id='word_1_158' title='bbox 1876 611 1935 642; x_wconf 89' lang='lat' dir='ltr'>pro</span> <span class='ocrx_word' id='word_1_159' title='bbox 1959 610 2087 632; x_wconf 86' lang='lat' dir='ltr'>excessu</span> <span class='ocrx_word' id='word_1_160' title='bbox 2111 599 2241 630; x_wconf 86' lang='lat' dir='ltr'>inanem</span> <span class='ocrx_word' id='word_1_161' title='bbox 2264 598 2410 639; x_wconf 88' lang='lat' dir='ltr'>gloriam.</span> <span class='ocrx_word' id='word_1_162' title='bbox 2436 598 2495 628; x_wconf 81' lang='lat' dir='ltr'>Ea·</span> 
     </span>
     <span class='ocr_line' id='line_1_21' title="bbox 1422 643 2495 687; baseline -0.003 -11"><span class='ocrx_word' id='word_1_163' title='bbox 1422 646 1495 676; x_wconf 90' lang='lat' dir='ltr'>dem</span> <span class='ocrx_word' id='word_1_164' title='bbox 1519 645 1678 686; x_wconf 90' lang='lat' dir='ltr'>siquidem</span> <span class='ocrx_word' id='word_1_165' title='bbox 1695 653 1740 676; x_wconf 92' lang='lat' dir='ltr'>est</span> <span class='ocrx_word' id='word_1_166' title='bbox 1764 645 2151 687; x_wconf 75' lang='lat' dir='ltr'>magnanimitas&#39;habens</span> <span class='ocrx_word' id='word_1_167' title='bbox 2175 654 2234 685; x_wconf 92' lang='lat' dir='ltr'>pro</span> <span class='ocrx_word' id='word_1_168' title='bbox 2250 643 2313 674; x_wconf 91' lang='lat' dir='ltr'>fine</span> <span class='ocrx_word' id='word_1_169' title='bbox 2329 653 2413 684; x_wconf 91' lang='lat' dir='ltr'>opus</span> <span class='ocrx_word' id='word_1_170' title='bbox 2430 653 2495 673; x_wconf 83' lang='lat' dir='ltr'>ma-</span> 
     </span>
     <span class='ocr_line' id='line_1_22' title="bbox 1421 688 2495 731; baseline -0.003 -11"><span class='ocrx_word' id='word_1_171' title='bbox 1421 700 1540 731; x_wconf 90' lang='lat' dir='ltr'>gnum,</span> <span class='ocrx_word' id='word_1_172' title='bbox 1565 697 1596 720; x_wconf 93' lang='lat' dir='ltr'>et</span> <span class='ocrx_word' id='word_1_173' title='bbox 1625 700 1683 730; x_wconf 90' lang='lat' dir='ltr'>pro</span> <span class='ocrx_word' id='word_1_174' title='bbox 1708 690 1838 721; x_wconf 84' lang='lat' dir='ltr'>materia</span> <span class='ocrx_word' id='word_1_175' title='bbox 1861 691 2019 721; x_wconf 90' lang='lat' dir='ltr'>honorem</span> <span class='ocrx_word' id='word_1_176' title='bbox 2043 696 2074 721; x_wconf 90' lang='lat' dir='ltr'>et</span> <span class='ocrx_word' id='word_1_177' title='bbox 2100 689 2254 730; x_wconf 88' lang='lat' dir='ltr'>gloriam,</span> <span class='ocrx_word' id='word_1_178' title='bbox 2279 695 2426 729; x_wconf 86' lang='lat' dir='ltr'>recteque</span> <span class='ocrx_word' id='word_1_179' title='bbox 2456 688 2495 717; x_wconf 84' lang='lat' dir='ltr'>ad</span> 
     </span>
     <span class='ocr_line' id='line_1_23' title="bbox 1422 732 2497 776; baseline -0.004 -10"><span class='ocrx_word' id='word_1_180' title='bbox 1422 735 1532 766; x_wconf 87' lang='lat' dir='ltr'>omnia</span> <span class='ocrx_word' id='word_1_181' title='bbox 1555 735 1632 765; x_wconf 90' lang='lat' dir='ltr'>haec</span> <span class='ocrx_word' id='word_1_182' title='bbox 1655 744 1688 764; x_wconf 87' lang='lat' dir='ltr'>se</span> <span class='ocrx_word' id='word_1_183' title='bbox 1710 734 1822 766; x_wconf 85' lang='lat' dir='ltr'>habet:</span> <span class='ocrx_word' id='word_1_184' title='bbox 1847 745 1882 766; x_wconf 89' lang='lat' dir='ltr'>ac</span> <span class='ocrx_word' id='word_1_185' title='bbox 1906 746 1962 776; x_wconf 92' lang='lat' dir='ltr'>per</span> <span class='ocrx_word' id='word_1_186' title='bbox 1984 735 2057 772; x_wconf 89' lang='lat' dir='ltr'>hoc,</span> <span class='ocrx_word' id='word_1_187' title='bbox 2082 745 2119 765; x_wconf 89' lang='lat' dir='ltr'>ex</span> <span class='ocrx_word' id='word_1_188' title='bbox 2133 733 2290 774; x_wconf 87' lang='lat' dir='ltr'>cuiusque</span> <span class='ocrx_word' id='word_1_189' title='bbox 2302 733 2420 764; x_wconf 89' lang='lat' dir='ltr'>horum</span> <span class='ocrx_word' id='word_1_190' title='bbox 2445 732 2497 762; x_wconf 91' lang='lat' dir='ltr'>de-</span> 
     </span>
     <span class='ocr_line' id='line_1_24' title="bbox 1421 777 2495 821; baseline -0.004 -10"><span class='ocrx_word' id='word_1_191' title='bbox 1421 780 1505 811; x_wconf 83' lang='lat' dir='ltr'>fectu</span> <span class='ocrx_word' id='word_1_192' title='bbox 1526 779 1751 819; x_wconf 86' lang='lat' dir='ltr'>corrumpitur.</span> <span class='ocrx_word' id='word_1_193' title='bbox 1774 779 1885 810; x_wconf 90' lang='lat' dir='ltr'>Unum</span> <span class='ocrx_word' id='word_1_194' title='bbox 1901 787 1948 811; x_wconf 88' lang='lat' dir='ltr'>est</span> <span class='ocrx_word' id='word_1_195' title='bbox 1963 790 2039 821; x_wconf 86' lang='lat' dir='ltr'>ergo</span> <span class='ocrx_word' id='word_1_196' title='bbox 2056 779 2200 810; x_wconf 90' lang='lat' dir='ltr'>medium</span> <span class='ocrx_word' id='word_1_197' title='bbox 2215 777 2495 819; x_wconf 85' lang='lat' dir='ltr'>magnanimitatis,</span> 
     </span>
    </p>
   </div>
   <div class='ocr_carea' id='block_1_13' title="bbox 1394 824 2496 866">
    <p class='ocr_par' dir='ltr' id='par_1_14' title="bbox 1394 824 2496 866">
     <span class='ocr_line' id='line_1_25' title="bbox 1394 824 2496 866; baseline -0.003 -11"><span class='ocrx_word' id='word_1_198' title='bbox 1394 834 1395 839; x_wconf 58' lang='lat'>¹</span> <span class='ocrx_word' id='word_1_199' title='bbox 1422 824 1633 856; x_wconf 85' lang='lat' dir='ltr'>constitutum</span> <span class='ocrx_word' id='word_1_200' title='bbox 1657 833 1695 854; x_wconf 91' lang='lat' dir='ltr'>ex</span> <span class='ocrx_word' id='word_1_201' title='bbox 1718 833 1812 854; x_wconf 86' lang='lat' dir='ltr'>causa</span> <span class='ocrx_word' id='word_1_202' title='bbox 1836 824 1969 865; x_wconf 87' lang='lat' dir='ltr'>integra:</span> <span class='ocrx_word' id='word_1_203' title='bbox 1994 825 2101 866; x_wconf 87' lang='lat' dir='ltr'>plures</span> <span class='ocrx_word' id='word_1_204' title='bbox 2124 830 2233 855; x_wconf 88' lang='lat' dir='ltr'>autem</span> <span class='ocrx_word' id='word_1_205' title='bbox 2252 829 2328 854; x_wconf 88' lang='lat' dir='ltr'>sunt</span> <span class='ocrx_word' id='word_1_206' title='bbox 2351 832 2496 853; x_wconf 83' lang='lat' dir='ltr'>excessus</span> 
     </span>
    </p>
   </div>
   <div class='ocr_carea' id='block_1_14' title="bbox 1422 867 2497 1034">
    <p class='ocr_par' dir='ltr' id='par_1_15' title="bbox 1422 867 2497 1034">
     <span class='ocr_line' id='line_1_26' title="bbox 1422 867 2496 910; baseline -0.003 -10"><span class='ocrx_word' id='word_1_207' title='bbox 1422 869 1622 900; x_wconf 88' lang='lat' dir='ltr'>diversorum</span> <span class='ocrx_word' id='word_1_208' title='bbox 1655 868 1914 900; x_wconf 89' lang='lat' dir='ltr'>concurrentium</span> <span class='ocrx_word' id='word_1_209' title='bbox 1948 869 1988 900; x_wconf 88' lang='lat' dir='ltr'>ad</span> <span class='ocrx_word' id='word_1_210' title='bbox 2020 869 2250 910; x_wconf 85' lang='lat' dir='ltr'>perfectionem</span> <span class='ocrx_word' id='word_1_211' title='bbox 2281 867 2366 899; x_wconf 87' lang='lat' dir='ltr'>illius</span> <span class='ocrx_word' id='word_1_212' title='bbox 2400 867 2496 898; x_wconf 89' lang='lat' dir='ltr'>unius</span> 
     </span>
     <span class='ocr_line' id='line_1_27' title="bbox 1422 912 2495 954; baseline -0.003 -10"><span class='ocrx_word' id='word_1_213' title='bbox 1422 913 1529 945; x_wconf 88' lang='lat' dir='ltr'>medii.</span> <span class='ocrx_word' id='word_1_214' title='bbox 1562 913 1595 945; x_wconf 83' lang='lat' dir='ltr'>si</span> <span class='ocrx_word' id='word_1_215' title='bbox 1618 922 1695 943; x_wconf 93' lang='lat' dir='ltr'>vero</span> <span class='ocrx_word' id='word_1_216' title='bbox 1724 920 1827 944; x_wconf 86' lang='lat' dir='ltr'>essent</span> <span class='ocrx_word' id='word_1_217' title='bbox 1857 913 1996 944; x_wconf 88' lang='lat' dir='ltr'>diversae</span> <span class='ocrx_word' id='word_1_218' title='bbox 2019 913 2295 954; x_wconf 85' lang='lat' dir='ltr'>magnanimitates</span> <span class='ocrx_word' id='word_1_219' title='bbox 2317 912 2495 943; x_wconf 89' lang='lat' dir='ltr'>secundum</span> 
     </span>
     <span class='ocr_line' id='line_1_28' title="bbox 1422 957 2497 999; baseline -0.002 -10"><span class='ocrx_word' id='word_1_220' title='bbox 1422 958 1571 999; x_wconf 88' lang='lat' dir='ltr'>speciem,</span> <span class='ocrx_word' id='word_1_221' title='bbox 1596 967 1663 988; x_wconf 89' lang='lat' dir='ltr'>non</span> <span class='ocrx_word' id='word_1_222' title='bbox 1688 964 1768 988; x_wconf 88' lang='lat' dir='ltr'>esset</span> <span class='ocrx_word' id='word_1_223' title='bbox 1792 957 1935 988; x_wconf 89' lang='lat' dir='ltr'>medium</span> <span class='ocrx_word' id='word_1_224' title='bbox 1959 968 2082 996; x_wconf 89' lang='lat' dir='ltr'>unum,</span> <span class='ocrx_word' id='word_1_225' title='bbox 2107 959 2161 989; x_wconf 90' lang='lat' dir='ltr'>sed</span> <span class='ocrx_word' id='word_1_226' title='bbox 2185 957 2345 999; x_wconf 85' lang='lat' dir='ltr'>quaelibet</span> <span class='ocrx_word' id='word_1_227' title='bbox 2368 957 2497 988; x_wconf 83' lang='lat' dir='ltr'>haberet</span> 
     </span>
     <span class='ocr_line' id='line_1_29' title="bbox 1422 1002 1699 1034; baseline -0.004 0"><span class='ocrx_word' id='word_1_228' title='bbox 1422 1013 1519 1034; x_wconf 91' lang='lat' dir='ltr'>suum</span> <span class='ocrx_word' id='word_1_229' title='bbox 1543 1002 1699 1033; x_wconf 89' lang='lat' dir='ltr'>medium.</span> 
     </span>
    </p>
   </div>
   <div class='ocr_carea' id='block_1_15' title="bbox 1064 2010 1734 2518">
    <p class='ocr_par' dir='ltr' id='par_1_16' title="bbox 1064 2010 1734 2518">
     <span class='ocr_line' id='line_1_30' title="bbox 1064 2010 1734 2518; baseline 0 1680"><span class='ocrx_word' id='word_1_230' title='bbox 1064 2010 1734 2518; x_wconf 95' lang='lat' dir='ltr'> </span> 
     </span>
    </p>
   </div>
  </div>
 </body>
</html>
