2768 4198
80 1164 88 1173 ·
103 1162 138 1184 Cf.
154 1168 217 1190 corp.
233 1166 274 1184 art.

75 2046 185 2068 'At-istut.
195 2046 224 2067 de
230 2046 285 2067 Ani-

73 2079 120 2099 ma,
132 2073 171 2094 lib.
183 2073 214 2094 111
233 2079 259 2094 ca
278 2089 283 2093 .

73 2089 228 2148 1001&¹
239 2099 260 2120 Τ
278 2115 283 2120 ·

327 331 402 377 348

323 409 490 445 relatione,
516 417 612 449 quam
643 406 702 437 soli
731 405 853 436 homini
883 403 1043 444 propriam
1073 401 1163 437 dicit,
1189 401 1336 430 reducere
1359 399 1392 429 in

322 454 417 484 aliam
440 454 598 484 humanae
622 450 764 482 utilitatis
788 448 935 489 speciem,
956 446 1073 477 scilicet
1095 445 1128 475 in
1153 445 1318 475 sanitatem
1343 453 1390 474 ce-

322 497 412 534 rebri,
430 504 466 528 ut
481 504 567 537 patet
590 496 642 531 ibi,
667 495 708 525 ita
726 494 814 534 quod
831 492 938 532 posuit
961 498 1107 520 naturam
1127 489 1249 519 dedisse
1268 488 1390 518 homini

322 542 418 572 talem
448 541 661 571 sensationem
692 545 821 578 propter
850 536 1032 570 sanitatem3
1065 534 1108 564 ita
1137 533 1227 563 licuit
1257 532 1389 562 Auctori
1415 548 1416 551 =

322 585 537 626 cognitionem
561 583 741 614 sensitivam
766 582 871 610 datam
895 578 1019 609 homini
1044 578 1139 607 etiam
1162 584 1293 617 propter
1309 576 1389 616 seip-
1414 578 1416 615 J
1442 580 1570 613 oportet
1600 575 1755 605 contraria
1784 577 1912 614 sentire,
1937 580 1976 609 ad
2002 581 2157 611 utendum
2182 588 2289 611 autem
2320 581 2515 612 delectabilia

321 640 398 666 sam,
419 630 566 660 reducere
583 627 677 658 etiam
694 626 726 655 in
743 623 935 663 obsequium
953 621 1145 661 cognitionis
1169 620 1387 651 intellectivae.

321 675 365 704 lta
381 674 468 714 quod
486 674 544 703 sub
560 672 614 702 illo
632 670 775 700 membro
792 666 1032 707 comprehendit
1047 672 1220 705 utrumque
1237 665 1389 704 cognitio·
1414 685 1415 692 1
1520 706 1526 711 ι
1561 706 1567 712 .
1608 706 1614 712 .
1726 707 1732 713 ⁸

1413 711 1415 717 ⁸
1440 713 1584 737 consistit
1607 717 1638 736 in
1663 710 1796 738 tactibus
1815 716 1846 739 et
1868 711 2000 742 osculis:
2025 712 2078 743 illa
2102 713 2219 744 scilicet
2239 724 2322 754 quae
2342 714 2514 755 consequi—

320 718 368 748 nis
392 718 554 748 sensitivae
574 716 605 745 in
622 714 752 744 homine
776 712 873 742 finem
890 711 1075 751 proprium:
1100 710 1216 740 scilicet
1239 709 1386 749 seipsam,

321 770 351 793 et
374 761 595 792 intellectivam
620 757 845 797 cognitionem.

375 807 425 836 Ad
448 806 479 835 id
496 811 602 834 autem
619 802 707 842 quod
731 801 770 831 ad
787 799 990 840 propositum
1014 798 1190 838 applicatur
1207 798 1245 828 de
1262 797 1387 827 vidente
1412 817 1414 821 ψ

320 858 354 880 ut
377 850 494 884 videat,
519 855 594 878 etc.:
619 846 732 876 dicitur
754 845 857 885 quod,
882 853 938 884 per
961 853 993 873 se
1017 843 1197 883 loquendo,
1222 842 1328 871 videre
1352 849 1387 871 ut

318 904 427 924 sensus
452 893 564 922 habeat
587 891 666 920 hanc
690 899 780 919 suam
805 888 1032 929 perfectionem
1056 897 1138 928 quae
1162 893 1208 916 est
1226 886 1341 922 videre,
1358 893 1388 916 et
1412 919 1413 929 γ

318 938 459 968 similiter
478 936 585 967 audire
603 942 637 965 ut
654 934 781 964 auditus
805 933 918 963 habeat
941 942 1033 962 suam
1057 931 1283 972 perfectionem
1304 940 1386 971 quae

318 989 363 1013 est
379 981 496 1017 audire,
515 980 641 1010 nullum
665 985 830 1018 peccatum
855 985 902 1008 est
910 986 917 1013 ;
943 977 998 1006 sed
1021 976 1100 1007 illud
1124 983 1170 1006 est
1193 986 1302 1006 vacare
1318 985 1385 1015 per-

317 1026 455 1062 fectioni,
479 1025 542 1055 hoc
565 1022 749 1054 recreationi
773 1029 912 1052 naturae.
942 1022 1003 1052 Sed
1028 1031 1083 1061 per
1106 1020 1250 1051 accidens
1274 1027 1320 1050 est
1343 1019 1386 1049 ibi
1411 1033 1413 1043 ι

317 1077 500 1111 peccatum:
526 1069 551 1099 si
576 1068 692 1098 scilicet
719 1066 891 1107 impeditur
918 1066 1018 1096 homo
1043 1073 1210 1105 propterea
1233 1075 1250 1094 a
1274 1064 1386 1095 debitis
1411 1082 1413 1109 ς

317 1114 561 1154 cogitationibus
570 1122 578 1149 ;
604 1119 640 1143 ut
661 1111 860 1152 Augustinus
885 1110 960 1141 dicit
983 1110 1021 1140 de
1045 1110 1113 1140 visu
1138 1110 1223 1140 canis
1247 1116 1320 1149 post
1342 1109 1385 1139 le-
1411 1115 1412 1125 ¹

316 1169 426 1200 porem
442 1158 469 1188 *.
494 1158 535 1188 Et
550 1156 765 1188 universaliter
788 1155 942 1195 contingit
964 1162 1130 1195 peccatum
1147 1154 1178 1184 in
1196 1154 1385 1194 applicando

316 1213 445 1234 sensum
469 1203 508 1232 ad
532 1201 733 1232 sentiendum
758 1207 887 1240 propter
911 1199 1024 1229 sentire
1048 1206 1103 1229 aut
1127 1198 1314 1228 sensationis
1334 1199 1386 1228 de·
1411 1231 1412 1235 Ἰ
1455 1239 1461 1245 .

1411 1243 1412 1263 1
1436 1246 1543 1271 sitate:
1570 1242 1651 1271 sicut
1673 1241 1730 1282 qui
1753 1243 1874 1282 appetit
1896 1243 2058 1274 moechari
2083 1251 2118 1276 ut
2141 1245 2272 1277 furetur.

314 1247 533 1282 lectationem‚
559 1246 584 1276 si
609 1244 843 1276 circumstantia
866 1244 973 1284 aliqua
996 1244 1101 1274 debita
1124 1243 1220 1279 desit,
1245 1250 1301 1274 aut
1324 1243 1386 1273 dis-

316 1292 508 1323 conveniens
531 1297 727 1331 apponatur,
753 1299 789 1319 ex
813 1299 966 1330 persona,
990 1288 1075 1324 loco,
1100 1295 1259 1328 tempore,
1285 1298 1384 1328 quan·
1411 1287 1412 1295 ¹

315 1337 411 1373 titate,
437 1343 494 1366 etc.

371 1381 424 1411 111.
450 1380 482 1410 In
501 1378 709 1419 responsione
726 1378 765 1408 ad
782 1377 923 1418 primum
946 1377 1088 1407 eiusdem
1105 1377 1234 1407 secundi
1252 1376 1412 1430 articuli&
1438 1427 1469 1450 et
1492 1420 1599 1461 quoad
1620 1420 1682 1450 hoc
1709 1430 1775 1450 non
1799 1428 1846 1451 est
1869 1428 2034 1461 peccatum
2062 1423 2116 1463 qu·
2202 1431 2215 1455 t
2273 1424 2311 1455 rt
2409 1425 2427 1434 ,γ

1684 1443 1691 1456 ,
2038 1446 2044 1458 ,
2108 1434 2137 1454 ia
2161 1434 2200 1454 na
2216 1434 2272 1454 ura
2286 1434 2295 1455 1
2311 1435 2345 1455 er
2367 1435 2512 1456 animum

315 1425 450 1455 dubium
475 1423 612 1454 occurrit
634 1423 714 1453 circa
738 1421 943 1452 differentiam
968 1421 1000 1451 in
1024 1421 1125 1452 littera
1149 1421 1286 1461 positam
1307 1421 1387 1451 inter

315 1470 424 1510 gulam
448 1468 671 1508 luxuriamque
695 1477 731 1497 ex
755 1477 828 1503 una,
846 1473 877 1497 et
900 1466 1114 1497 curiositatem
1139 1475 1175 1496 ex
1199 1466 1259 1495 alia
1279 1473 1384 1505 parte:
1410 1492 1411 1498 ,

315 1514 469 1555 quoniam
494 1520 548 1543 aut
565 1512 662 1548 nulla,
676 1519 730 1542 aut
746 1511 824 1541 falsa
839 1511 972 1542 videtur.
991 1511 1074 1541 Nam
1091 1521 1146 1550 per
1163 1520 1256 1541 usum
1273 1520 1383 1541 rerum

315 1558 517 1599 tangibilium
548 1566 721 1597 possumus
753 1556 818 1586 duo
850 1555 1039 1595 intelligere:
1064 1555 1114 1585 vel
1138 1554 1385 1595 applicationem

315 1613 420 1633 rerum
451 1601 651 1641 tangibilium
681 1601 720 1630 ad
751 1607 889 1636 tactum;
921 1600 970 1630 vel
1000 1599 1246 1639 applicationem
1278 1610 1383 1630 rerum

314 1646 515 1687 tangibilium
541 1646 579 1675 ad
603 1645 663 1675 alia
686 1655 791 1684 opera.
817 1645 857 1674 Et
873 1643 898 1674 si
915 1644 1019 1684 primo
1044 1644 1144 1674 modo
1167 1644 1383 1684 intelligimus,
1409 1673 1411 1681 ,

314 1699 390 1722 tunc
421 1690 595 1720 differentia
618 1696 664 1719 est
687 1689 790 1719 nulla:
816 1688 890 1728 quia
921 1688 1015 1718 etiam
1046 1687 1210 1718 curiositas
1234 1696 1280 1718 est
1304 1688 1384 1718 circa
1409 1687 1411 1715 ἑ

314 1733 559 1775 applicationem
583 1741 684 1764 tactus
709 1740 738 1763 et
762 1733 909 1762 omnium
942 1742 1094 1762 sensuum
1118 1733 1157 1762 ad
1182 1733 1383 1762 sentiendum

314 1790 371 1810 sua
388 1779 555 1815 sensibilia,
574 1785 609 1808 ut
626 1778 657 1808 in
675 1777 775 1807 littera
793 1777 914 1808 dicitur.
930 1794 950 1800 -
968 1777 999 1807 Si
1020 1778 1160 1807 secundo
1178 1777 1288 1812 modo,
1305 1776 1383 1807 falsa
1408 1804 1410 1816 ἱ

314 1831 360 1854 est
383 1823 571 1853 differentia:
597 1822 671 1860 quia
702 1831 759 1851 nec
787 1821 911 1851 luxuria
935 1831 992 1852 nec
1015 1821 1089 1860 gula
1113 1828 1160 1851 est
1183 1821 1262 1851 circa
1287 1831 1382 1851 usum

313 1867 523 1908 tangibilium,
548 1877 614 1907 quo
639 1865 820 1895 venduntur
844 1872 874 1895 et
898 1873 1058 1901 emuntur,
1084 1872 1114 1895 et
1137 1865 1196 1895 alia
1220 1865 1321 1895 multa
1345 1866 1383 1895 de

313 1912 357 1942 eis
380 1911 470 1942 fiunt.

367 1956 417 1986 Ad
442 1956 502 1986 hoc
526 1955 639 1985 dicitur
662 1953 750 1993 quod
775 1964 879 1983 sermo
904 1954 1023 1984 litterae
1048 1953 1189 1983 formalis
1214 1960 1270 1989 est,
1289 1961 1319 1984 et
1342 1954 1381 1983 de

312 2010 371 2030 usu
396 1999 595 2039 tangibilium
619 2005 776 2038 quatenus
799 1997 960 2038 tangibilia
984 2007 1077 2028 sensu
1103 2004 1204 2028 tactus
1225 2004 1254 2028 et
1270 2004 1381 2037 gustus

312 2051 346 2074 ut
370 2051 416 2074 est
438 2044 567 2084 quidam
585 2042 718 2073 tactus*
734 2049 818 2078 sunt,
835 2042 1027 2081 intelligitur.
1053 2042 1250 2072 Huiusmodi
1273 2049 1381 2073 autem
1407 2079 1408 2082 Ἰ

312 2099 388 2119 usus
411 2089 444 2118 in
467 2088 623 2123 venereis,
649 2087 720 2117 cibo
752 2094 896 2128 potuque
927 2087 1079 2118 consistit.
1112 2087 1158 2116 lta
1181 2087 1270 2127 quod
1294 2086 1380 2117 diffe-

311 2133 408 2163 rentia
439 2132 581 2163 consistit
611 2131 643 2162 in
674 2131 750 2167 hoc,
776 2132 864 2172 quod
894 2131 968 2171 gula
1000 2141 1054 2162 seu
1085 2131 1210 2162 luxuria
1239 2139 1382 2162 versatur

311 2177 391 2208 circa
405 2177 645 2207 delectationem
663 2175 862 2216 tangibilium
881 2185 963 2216 quae
981 2175 1124 2206 consistit
1136 2176 1167 2206 in
1183 2186 1241 2206 usu
1256 2186 1379 2212 eorum,

311 2222 372 2252 hoc
396 2228 442 2252 est
472 2221 504 2251 in
529 2220 740 2261 applicatione
772 2230 883 2251 eorum
909 2220 948 2250 ad
972 2230 1123 2250 venereos
1148 2227 1236 2250 actus
1261 2230 1315 2250 seu
1341 2221 1380 2251 ad

311 2267 545 2296 comedendum
569 2272 599 2296 et
622 2265 812 2295 bibendum:
838 2265 1003 2295 curiositas
1031 2274 1106 2295 vero
1136 2272 1278 2295 versatur
1300 2265 1380 2296 circa

311 2310 551 2341 delectationem
583 2310 774 2346 eorundem,
796 2309 912 2340 scilicet
935 2309 1135 2349 tangibilium
1159 2317 1189 2341 et
1213 2309 1309 2340 etiam
1333 2319 1380 2340 re-

309 2354 473 2395 liquorum
507 2354 720 2389 sensibilium,
751 2354 867 2385 scilicet
900 2354 1118 2394 gustabilium‚
1153 2354 1379 2391 odorabilium,

310 2398 498 2429 audibilium
522 2409 557 2429 ac
579 2398 766 2435 visibilium,
791 2409 874 2439 quae
898 2399 1040 2429 consistit
1062 2399 1094 2429 in
1119 2398 1300 2438 cognitione
1325 2409 1378 2430 eo—

310 2443 455 2474 rundem.
488 2443 642 2474 Curiosus
672 2443 756 2473 enim
781 2443 903 2484 quaerit
931 2453 1121 2483 cognoscere
1145 2453 1180 2474 ac
1205 2443 1380 2474 discernere

983 323 1251 370 QUAESTIO
1282 321 1472 367 CLXVII,
1504 322 1801 360 ARTICULUS
1832 324 1862 359 II

1445 398 1619 428 sensibilia:
1645 399 1826 430 luxuriosus
1850 408 1958 431 autem
1981 411 2016 432 ac
2039 403 2172 442 gulosus
2203 404 2326 444 quaerit
2349 403 2394 434 uti
2419 403 2514 434 sensi-

1444 441 1569 472 bilibus.
1597 443 1698 480 Unde,
1722 450 1758 474 ut
1780 445 1980 484 Augustinus
2003 448 2113 478 docuit
2136 448 2249 478 allatus
2272 448 2304 478 in
2327 448 2439 485 littera,
2459 458 2514 478 vo-

1416 477 1418 511 1'
1441 486 1615 526 luptuosus
1638 488 1761 528 quaerit
1776 490 1935 520 sensibilia
1951 501 2032 532 quae
2049 492 2214 528 delectant,
2232 492 2376 523 curiosus
2392 492 2516 533 quaerit

1443 529 1602 560 sensibilia
1624 532 1719 561 etiam
1744 532 1769 562 si
1794 533 1980 566 molestant:
2006 536 2161 576 quoniam
2185 537 2224 566 ad
2253 537 2515 577 cognoscendum

1441 618 1509 648 sola
1534 618 1738 650 conveniunt.

1497 662 1537 692 Et
1552 662 1625 692 hinc
1641 663 1738 694 habes
1753 664 1870 704 primo,
1883 667 1985 706 qualis
2002 676 2048 699 est
2064 669 2229 699 delectatio
2246 669 2416 700 libidinosa
2432 679 2514 710 quae

1439 757 1603 800 'tur-usum
1619 751 1829 791 tangibilium.
1855 754 1910 784 Illa
1925 756 2083 796 siquidem
2100 758 2232 788 carnalis
2248 758 2414 789 delectatio
2431 769 2513 799 quae

1439 804 1471 824 1n
1495 795 1551 825 illo
1577 805 1637 825 usu
1661 796 1717 836 qui
1741 798 1920 828 secundum
1950 810 2043 831 suam
2070 809 2217 832 naturam
2245 803 2392 843 praevius
2421 810 2513 834 natus

1439 846 1486 868 est
1509 848 1576 869 esse
1600 840 1639 869 ad
1663 841 1881 879 concubitum,
1899 843 1995 874 etiam
2014 845 2039 875 si
2062 845 2095 875 in
2111 845 2164 876 illa
2188 847 2323 884 sistatur,
2341 854 2388 878 est
2410 848 2515 878 libidi-

1439 891 1535 912 nosa:
1562 890 1597 914 ut
1620 884 1701 914 clare
1726 892 1813 925 patet
1828 896 1865 916 ex
1889 887 2062 919 differentia
2077 889 2116 919 ad
2141 891 2384 922 delectationem
2409 892 2512 923 curio-

1439 937 1516 963 sam,
1535 937 1617 968 quae
1633 937 1714 960 esset
1730 930 1755 959 si
1773 930 1980 967 delectaretur
1998 933 2030 963 in
2048 933 2255 965 discernendo
2272 937 2370 967 molle
2386 947 2404 967 a
2420 937 2512 972 dure,

1439 972 1578 1002 calidum
1602 983 1620 1002 a
1643 972 1775 1012 frigido,
1801 984 1949 1015 asperum
1975 987 1992 1007 a
2015 978 2095 1014 leni,
2118 985 2149 1009 et
2175 979 2358 1019 cognitione
2388 991 2511 1012 eorum.

1439 1016 1574 1047 Constat
1597 1027 1737 1058 namque
1760 1020 1850 1059 quod
1873 1021 2040 1053 delectatio
2064 1032 2178 1053 eorum
2201 1024 2257 1064 qui
2280 1024 2313 1055 in
2342 1025 2460 1056 osculis
2484 1033 2514 1056 et

1437 1061 1571 1091 tactibus
1589 1062 1792 1100 delectantur,
1811 1074 1877 1095 non
1901 1073 1947 1097 est
1971 1065 2051 1097 circa
2067 1066 2284 1107 cognitionem
2305 1069 2511 1101 sensibilium.

1493 1105 1600 1136 Habes
1620 1107 1771 1144 secundo,
1789 1109 1879 1148 quod
1902 1109 1927 1139 si
1952 1110 2041 1150 virgo
2066 1117 2151 1142 tanta
2176 1112 2357 1144 curiositate
2381 1121 2513 1145 tentare-

1437 1155 1489 1179 tur
1512 1150 1551 1180 ad
1576 1150 1740 1182 sciendum
1764 1152 1841 1193 quid
1865 1163 2037 1185 venereum
2061 1165 2144 1195 opus
2169 1163 2263 1194 esset,
2287 1165 2323 1188 ut
2345 1165 2513 1199 propterea

1437 1194 1517 1224 illud
1539 1202 1711 1235 appeteret,
1728 1197 1897 1237 dupliciter
1915 1206 2069 1238 peccaret,
2086 1200 2205 1232 scilicet
2219 1209 2331 1242 stupro
2355 1209 2388 1233 et
2409 1203 2513 1234 curio—

1494 1286 1600 1317 1v.1n
1625 1287 1740 1316 eodem
1764 1287 1897 1317 articulo
1928 1289 2086 1325 secundo,
2107 1289 2140 1320 in
2165 1291 2374 1331 responsione
2400 1292 2441 1322 ad
2464 1302 2511 1322 se-

1438 1332 1595 1367 cundum,
1621 1331 1701 1361 circa
1724 1331 1954 1371 inspectionem
1988 1334 2260 1373 spectaculorum,
2283 1336 2512 1367 advertendum

1438 1376 1527 1416 quod
1551 1383 1745 1406 concurrunt
1775 1375 1819 1406 ibi
1850 1377 1960 1408 multa.
1997 1377 2122 1409 Scilicet
2149 1380 2394 1420 repraesentatio
2425 1381 2512 1422 ipsa:

1437 1465 1572 1495 delectat
1594 1465 1850 1504 repraesentatio,
1872 1473 1906 1496 ut
1930 1466 2116 1498 Aristoteles
2141 1468 2218 1499 dixit
2231 1468 2258 1499 ¹⁸¹.
2284 1469 2346 1500 Res
2365 1473 2511 1510 praesen-

1437 1516 1533 1540 tatae:
1555 1516 1586 1540 et
1602 1510 1711 1549 quoad
1726 1509 1799 1546 hoc,
1812 1509 1898 1541 iuxta
1915 1520 2025 1542 earum
2040 1512 2227 1552 qualitatem
2243 1521 2319 1545 sunt
2333 1514 2512 1547 iudicanda.

1436 1554 1520 1584 Nam
1544 1554 1569 1584 si
1593 1561 1866 1594 repraesentantur
1888 1556 2050 1586 luxuriosa
2075 1564 2130 1588 aut
2153 1558 2301 1595 crudelia,
2324 1559 2419 1590 bonis
2441 1568 2512 1591 mo-

1436 1598 1523 1629 ribus
1547 1599 1767 1634 adversantur,
1792 1599 1867 1640 quia
1896 1599 2058 1631 inductiva
2087 1611 2124 1631 ex
2153 1609 2265 1633 natura
2293 1613 2350 1634 sua
2373 1610 2449 1636 sunt
2471 1605 2512 1636 ad

1435 1643 1521 1679 vitia,
1539 1649 1574 1673 ut
1598 1642 1849 1683 Chrysostomus
1874 1643 1905 1674 in
1937 1644 2039 1675 littera
2064 1645 2156 1676 dicit:
2188 1646 2270 1678 sicut
2293 1658 2309 1678 e
2334 1655 2461 1685 contra,
2485 1649 2511 1680 si

1435 1694 1709 1727 repraesentantur
1731 1687 1783 1728 pia
1808 1694 1863 1719 aut
1890 1688 2011 1726 divina,
2038 1698 2218 1721 consonant
2239 1691 2364 1732 pietatis
2388 1699 2420 1723 et
2441 1692 2511 1724 reli·

1435 1731 1539 1771 gionis
1562 1731 1741 1762 virtutibus.
1773 1732 1814 1762 Et
1841 1733 1996 1773 quoniam
2026 1735 2241 1766 communiter
2270 1736 2325 1777 qui
2355 1737 2512 1769 intersunt

1435 1776 1621 1806 huiusmodi
1646 1777 1845 1816 spectaculis,
1862 1777 2082 1809 delectationis
2105 1789 2200 1810 causa
2223 1781 2358 1817 adsunt;
2383 1781 2467 1819 ideo,
2484 1782 2510 1813 si

1434 1820 1612 1850 indecentia
1627 1827 1702 1850 sunt
1717 1830 1800 1861 quae
1816 1830 2099 1862 repraesentantur,
2117 1834 2182 1855 non
2198 1832 2388 1856 excusantur
2403 1836 2423 1856 a
2437 1836 2511 1867 pec—

1435 1871 1505 1895 cato
1529 1864 1681 1900 videntes,
1698 1865 1773 1895 dato
1789 1866 1878 1906 quod
1902 1866 1934 1896 in
1951 1867 2079 1898 veritate
2094 1868 2162 1899 sola
2185 1879 2241 1900 eos
2265 1871 2510 1910 repraesentatio

1436 1908 1612 1939 delectaret.
1639 1909 1679 1938 Et
1698 1909 1777 1939 ratio
1795 1916 1841 1939 est
1864 1910 1940 1950 quia
1957 1911 2067 1941 saltem
2092 1912 2168 1943 dant
2184 1913 2328 1944 exteriori
2345 1921 2417 1946 actu
2433 1925 2510 1957 ope-

1435 1963 1503 1982 ram
1527 1953 1570 1983 rei
1593 1953 1728 1989 illicitae,
1746 1953 1862 1984 scilicet
1885 1955 2059 1985 delectabili
2083 1957 2278 1996 praesentiae
2301 1958 2340 1988 de
2363 1957 2510 1990 indecen-

1433 1997 1537 2027 tibus:
1563 1997 1739 2037 praesentia
1755 1997 1914 2038 siquidem
1933 1999 1986 2030 illa
2009 2000 2144 2030 exterior
2159 2007 2270 2042 suapte
2294 2009 2407 2034 natura
2420 2013 2510 2034 com—

1435 2041 1574 2072 muniter
1596 2041 1631 2072 fit
1654 2043 1693 2072 ad
1717 2042 1940 2074 delectandum
1970 2044 2114 2075 animum
2138 2054 2204 2076 non
2232 2045 2273 2077 de
2295 2047 2364 2078 sola
2387 2057 2510 2088 repra&

1434 2086 1622 2122 sentatione,
1639 2087 1694 2117 sed
1719 2087 1758 2116 de
1780 2088 2028 2128 repraesentatis,
2046 2096 2082 2120 ut
2105 2097 2200 2129 patet.
2223 2091 2348 2122 Praeter
2371 2091 2434 2124 hoc
2456 2103 2511 2129 au-

1406 2137 1408 2150 2
1435 2137 1510 2167 tem,
1527 2131 1653 2171 gravius
1677 2139 1809 2171 peccant
1831 2131 1889 2162 viri
1912 2142 2037 2172 graves:
2063 2134 2184 2165 ratione
2213 2136 2351 2166 scandali
2380 2143 2411 2168 et
2433 2137 2510 2169 mali

1435 2175 1581 2216 exempli.
1607 2175 1799 2207 Gravissime
1823 2183 1930 2207 autem
1954 2177 2067 2215 clerici,
2083 2178 2231 2220 religiosi,
2252 2179 2432 2212 sacerdotes
2454 2184 2511 2213 aut

1434 2219 1601 2260 pontifices
1624 2220 1657 2251 in
1679 2220 1741 2251 hoc
1766 2220 1994 2262 delinquerent.
2234 2256 2240 2258 ,
2484 2235 2496 2239 ”

1490 2265 1532 2296 Et
1554 2265 1627 2296 licet
1649 2265 1688 2295 ad
1704 2265 1881 2296 indecentia
1904 2267 2082 2306 spectacula
2098 2268 2301 2308 praecognita
2324 2269 2433 2300 nullus
2455 2269 2508 2301 de-

1434 2310 1530 2346 beret,
1548 2310 1643 2340 etiam
1659 2310 1818 2347 invitatus,
1836 2311 1896 2345 ire;
1921 2310 1947 2341 si
1963 2318 2079 2347 tamen,
2097 2311 2223 2344 futurae
2243 2313 2440 2346 indecentiae
2454 2324 2508 2346 ne—

1435 2354 1528 2390 scius,
1545 2364 1578 2385 se
1602 2354 1645 2385 ibi
1669 2354 1832 2392 invenerit,
1855 2365 1912 2386 nec
1936 2355 2018 2387 exire
2043 2363 2165 2396 potest;
2189 2357 2330 2389 imitetur
2354 2358 2508 2400 Alypium

1435 2399 1613 2430 claudendo
1638 2399 1751 2430 oculos
1765 2398 1791 2436 *,
1809 2406 1844 2430 ut
1867 2399 1911 2430 sic
1935 2407 1966 2430 et
1989 2399 2130 2441 seipsum
2154 2409 2265 2439 servet,
2287 2409 2326 2438 et,
2349 2410 2507 2444 quantum

1433 2443 1465 2473 in
1490 2453 1522 2474 se
1546 2450 1602 2478 est,
1617 2443 1697 2474 alios
1720 2443 1782 2474 hoc
1806 2443 1890 2475 facto
1914 2451 2053 2476 moneat.

2538 1474 2599 1498 τε.
2613 1475 2662 1504 η.
2675 1476 2697 1498 ς.

2536 2427 2544 2436 ·
2563 2425 2600 2448 cr.
2619 2426 2680 2455 Aug.
2702 2426 2749 2448 ιοο.

2534 2451 2573 2475 cit.
2588 2451 2612 2474 in
2626 2458 2674 2481 urg.
2688 2457 2709 2475 ι.
