2768 4198
922 280 1191 326 QUAESTIO
1221 281 1430 330 CLXXIV,
1460 282 1758 320 ARTICULUS
1787 282 1837 319 VI

272 360 363 392 rediti
394 360 569 401 prophetae
602 359 751 390 audiendi
775 358 837 389 sint
865 359 899 388 in
923 359 970 389 his
995 369 1077 400 quae
1103 360 1214 391 dicunt
1238 371 1270 391 se
1295 371 1331 391 ex
1355 374 1358 404 i

257 404 368 445 spiritu
384 404 570 446 prophetiae
587 404 712 434 habere.
735 403 777 434 Et
791 402 916 433 videtur
931 403 1020 444 quod
1038 403 1081 434 sic
1097 404 1124 435 *.
1150 405 1238 435 Tum
1255 405 1331 446 quia
1356 416 1357 450 i

257 450 346 480 aliter
368 449 402 479 in
424 458 543 479 vanum
568 448 694 478 daretur
717 447 904 488 prophetiae
928 447 1074 487 spiritus,
1099 459 1181 489 quae
1206 450 1245 479 ad
1270 449 1330 480 uti·
1356 454 1358 461 ¹

257 494 378 525 litatem
394 493 553 524 Ecclesiae
568 499 722 533 tanquam
737 491 834 522 finem
849 492 1014 523 ordinatur
1029 492 1064 522 *:
1090 500 1121 523 et
1143 492 1231 524 fieret
1255 504 1329 524 con·
1356 491 1358 529 ἐ

2392 298 2463 332 401

1388 363 1473 403 quod
1488 363 1603 394 bonum
1621 369 1678 400 est,
1695 369 1799 394 tenete
1808 372 1821 401 ,·
1844 364 1885 394 ab
1901 365 1990 394 omni
2000 365 2105 404 specie
2119 365 2207 395 mala
2223 365 2380 395 abstinete
2396 375 2461 396 vos.

1389 407 1451 438 Ubi
1468 408 1511 438 sic
1527 407 1668 438 venerari
1684 408 1867 448 prophetias
1885 409 1979 439 docet
1994 415 2030 439 ut
2045 408 2150 448 primo
2167 409 2341 448 probemus
2354 409 2462 439 omnia

1389 462 1472 492 quae
1489 452 1614 482 dicunt:
1633 459 1663 482 et
1678 453 1710 482 in
1727 452 1785 483 hac
1802 453 1998 483 discussione
2014 453 2187 484 includitur
2201 453 2356 493 assignata
2374 454 2465 491 ratio,

1389 503 1425 527 ut
1441 496 1559 527 scilicet
1575 503 1657 527 certa
1673 505 1912 538 praeponantur
1927 497 2063 534 incertis,
2085 497 2140 528 ubi
2156 498 2336 537 periculum
2360 498 2464 528 immi-

16 404 27 413 ·
40 402 78 424 cf:
93 407 156 424 uum.
173 407 201 423 vi.

18 492 28 502 ⁴
37 491 47 512 1
57 490 91 512 ad
100 490 165 517 Cor„
179 495 229 517 etp.

17 523 51 539 xu
74 522 133 539 vere.
148 522 162 544 7
178 522 229 544 sqq.

18 545 29 556 ·
42 533 110 566 t’rers.
124 549 162 565 ιο.
258 545 306 569 tra
328 538 407 568 illud
423 534 582 577 Apostoli,
600 536 612 566 1
635 535 679 567 ad
699 536 806 567 Ἠιεεε.
824 545 844 565 v
860 536 896 566 *;
921 536 1111 576 Prophetias
1130 539 1228 569 nolite
1242 547 1332 578 sper·
1355 533 1358 574 l
1390 547 1454 571 net.
1479 539 1601 570 Deinde
1621 541 1660 571 ad
1677 541 1865 572 electionem
1890 542 1966 572 boni
1982 551 2042 572 nos
2067 541 2163 582 cogit.
2186 541 2228 572 Et
2251 543 2383 572 demum
2400 553 2465 572 non

259 592 346 613 nere.
370 600 392 605 —
415 582 504 612 Tum
528 581 604 621 quia
627 581 712 611 Isaac
737 580 876 611 obedivit
900 588 1069 621 praecepto
1090 583 1235 613 Abrahae
1252 583 1333 613 circa
1356 588 1358 606 ³
1390 585 1499 615 solum
1515 586 1553 615 ab
1570 585 1758 616 abstinentia
1778 586 1863 623 mali,
1882 587 1936 616 sed
1965 586 2061 617 etiarn
2091 587 2130 617 ab
2158 585 2207 616 his
2235 596 2319 628 quae
2349 587 2467 617 habent

19 626 231 653 ’Gn-0⁸⁹·nss·
260 633 398 668 mortem
422 625 471 656 sui
493 625 593 666 ipsius
611 624 638 661 *‚
663 635 745 665 quae
770 631 835 655 erat
858 633 968 656 contra
993 636 1090 656 omne
1113 627 1173 658 ius.
1198 645 1219 650 —
1243 627 1332 658 Tum
1356 623 1359 652 l
1391 629 1465 660 mali
1490 629 1647 669 speciem,
1679 631 1856 660 cavendum
1880 630 2042 671 praecipit.
2073 633 2119 661 Ac
2145 630 2171 660 si
2194 638 2301 671 aperte
2331 631 2463 661 diceret:

18 671 105 720 23⁸2
119 675 174 724 gg·-
193 675 209 696 ¹,
259 670 335 711 quia
358 670 475 700 mulier
497 668 664 699 fornicaria
680 679 763 710 quae
787 670 897 710 genuit
914 680 950 701 ex
967 670 1050 701 Osee
1065 671 1224 712 Propheta
1235 672 1262 708 *,
1280 682 1332 702 ex·
1394 687 1408 702 «
1422 674 1529 704 Nolite
1546 684 1692 714 spernere
1709 675 1879 714 prophetas
1892 675 1948 716 qui
1965 676 2004 705 de
2021 685 2107 706 novo
2123 683 2295 715 apparent:
2319 683 2465 706 verunta-

260 721 368 745 cusata
391 721 438 744 est
461 724 479 743 a
501 713 723 744 fornicatione.
1362 723 1363 736 ¹

317 759 352 789 ln
376 757 566 798 oppositum
589 764 698 788 autem
722 765 768 788 est
791 759 880 799 quod
905 759 1032 790 daretur
1054 769 1111 799 per
1125 759 1188 790 hoc
1212 760 1262 790 via
1285 760 1333 790 in·
1361 784 1363 786 >

260 803 458 838 obedientiis,
483 809 515 833 et
537 802 754 843 impudicitiis,
779 810 810 834 et
831 803 900 834 aliis
923 804 1135 844 singularibus
1155 806 1333 836 excessibus
1361 803 1363 846 ξ

260 847 432 878 hominum
461 846 592 877 illorum
623 847 679 888 qui
709 848 848 879 dicerent
876 858 908 879 se
938 848 1015 879 haec
1038 856 1160 889 patrare
1185 859 1222 880 ex
1244 850 1333 881 iussu
1360 847 1363 870 ἵ

261 891 447 923 huiusmodi
471 891 711 932 prophetarum.

1391 728 1466 748 men
1497 725 1597 748 estote
1614 719 1785 758 prudentes
1807 726 1838 749 et
1854 719 1947 755 cauti,
1966 729 2023 749 nec
2048 720 2086 750 ad
2111 720 2243 756 malurn,
2262 730 2319 750 nec
2335 721 2374 749 ad
2394 730 2465 760 spe—

1392 762 1472 793 ciem
1489 762 1564 792 mali
1581 770 1711 802 propter
1735 772 1790 793 eos
1821 763 1992 799 declinetis,
2011 764 2065 794 sed
2089 764 2213 794 bonum
2237 765 2464 795 tantummodo

1392 807 1628 847 amplectamini
1644 819 1672 838 ».
1697 806 1833 838 Constat
1857 807 1942 838 enim
1966 809 2090 838 bonum
2107 815 2137 839 et
2153 809 2276 839 malurn
2295 809 2328 838 in
2345 808 2466 839 actibus

1392 851 1540 882 humanis
1565 851 1743 882 secundum
1766 851 2023 883 conformitatem
2040 859 2070 883 et
2096 851 2333 884 difformitatem
2357 853 2396 883 ad
2420 852 2465 883 di·
2500 859 2505 864 '

1361 923 1362 926 ,
1391 896 1480 926 vinas
1501 896 1734 936 humanasque,
1752 896 1921 936 praecipue
1939 897 2172 934 ecclesiasticas,
2190 897 2274 937 leges
2291 897 2420 928 attendi.

29 2681 43 2695 ⁸
63 2681 76 2705 1
90 2681 132 2705 Ad
144 2681 227 2705 Thou.
234 2699 244 2711 ,

21 2712 84 2737 eno.
97 2715 120 2731 v.

27 2765 45 2779 ¹·
57 2765 124 2791 vu.
137 2771 169 2795 ιι.
181 2771 219 2790 a.

3 3689 5 3697 ⁴
0 3638 4 3659 ’·’
0 3430 13 3629 cmm-‘¹⁷⁸‘
0 3385 3 3411 ‘-

315 936 355 967 V.
379 936 431 967 Ad
454 936 550 967 huius
574 936 775 973 evidentiam,
801 936 967 968 sciendum
983 944 1031 968 est
1053 938 1152 978 quod,
1177 948 1253 969 cum
1277 939 1335 969 du-
1360 927 1363 962 l

260 981 358 1022 plices
386 981 449 1012 sint
472 987 561 1012 actus
588 980 739 1012 humani:
770 981 902 1022 quidam
933 989 1109 1022 spectantes
1138 983 1178 1013 ad
1207 983 1335 1023 publica

260 1025 374 1062 officia,
399 1033 430 1056 et
454 1026 638 1066 praesertim
655 1025 871 1063 ecclesiastica,
898 1034 933 1057 ut
956 1027 1146 1067 praedicare,
1168 1028 1334 1064 celebrare,
1362 1032 1363 1037 ¹

260 1070 431 1101 sententias
454 1070 534 1101 ferre
557 1070 590 1100 in
613 1070 743 1107 iudicio,
760 1077 791 1102 et
806 1070 938 1102 similia:
963 1089 984 1094 -
1009 1078 1039 1102 et
1062 1071 1143 1102 circa
1167 1072 1244 1102 haec
1269 1082 1335 1102 non

260 1121 402 1146 versatur
417 1124 566 1155 praesens
581 1114 744 1155 quaestio:
769 1115 926 1156 quoniam
950 1115 1031 1146 clara
1054 1115 1149 1146 huius
1175 1116 1335 1157 quaestio·
1363 1121 1365 1131 ⁸

261 1159 310 1190 nis
340 1159 460 1190 solutio
489 1159 623 1190 habetur
647 1159 758 1196 Extra,
782 1159 823 1190 de
844 1159 1001 1197 Haeret.,
1028 1170 1096 1200 cap.
1116 1160 1198 1191 Cum
1223 1171 1265 1191 ex
1289 1162 1335 1191 in-

262 1205 388 1242 iuncto,
414 1203 469 1234 ubi
498 1203 613 1234 dicenti
638 1214 670 1234 se
694 1203 843 1234 invisibili
866 1204 1019 1234 missione
1047 1215 1064 1234 a
1089 1204 1158 1234 Deo
1183 1205 1336 1241 missum,

262 1248 389 1290 publica
412 1247 490 1279 fides
513 1255 655 1288 negatur,
681 1248 740 1278 nisi
764 1248 918 1279 miraculo
942 1249 993 1278 vel
1012 1248 1140 1288 speciali
1157 1249 1337 1290 Scripturae

259 1293 456 1335 testimonio.
471 1293 505 1323 id
528 1292 706 1323 confirmet.
731 1292 815 1323 Hinc
839 1292 927 1323 enim
949 1299 1036 1333 patet
1059 1293 1159 1334 quod,
1184 1303 1337 1334 quacum-

262 1348 326 1379 que
350 1347 486 1378 persona
504 1337 715 1378 prophetante
738 1337 778 1367 de
802 1347 900 1373 novo,
924 1347 990 1367 non
1015 1344 1090 1367 sunt
1112 1337 1232 1377 publici
1249 1344 1340 1368 actus

262 1381 417 1423 dirigendi
445 1381 623 1412 secundum
653 1381 738 1412 illius
766 1381 987 1422 prophetiam,
1012 1382 1169 1422 quoniam
1196 1381 1338 1413 Ecclesia
1363 1403 1365 1417 2

261 1426 360 1458 fidem
383 1427 427 1457 eis
450 1426 613 1466 publicam
637 1432 744 1466 negat,
770 1426 829 1456 nisi
853 1426 985 1467 aliquod
1010 1426 1170 1457 dictorum
1195 1426 1338 1457 testimo-

263 1471 395 1503 niorum
421 1469 588 1502 efficaciter
614 1470 746 1501 adesset.
769 1487 791 1494 —
816 1469 879 1501 Alii
902 1479 978 1501 vero
1002 1477 1090 1502 actus
1114 1470 1248 1501 humani
1276 1469 1340 1511 pri-

262 1522 411 1547 vatarum
439 1521 515 1546 sunt
537 1523 758 1556 personarum.
790 1515 831 1546 Et
860 1514 894 1545 in
917 1515 966 1545 his
994 1515 1257 1555 distinguendum
1281 1521 1338 1546 est.
1364 1520 1366 1554 ᾖ
1394 1515 1501 1555 phetia
1524 1515 1617 1546 datur
1641 1515 1680 1545 ad
1704 1515 1883 1552 utilitatem,
1908 1516 1994 1546 iuxta
2018 1523 2125 1547 tamen
2149 1517 2368 1548 conditionem
2393 1528 2467 1558 pro—

263 1559 431 1600 Quoniam
452 1559 587 1601 quidam
602 1558 783 1599 diriguntur
805 1559 844 1590 ab
869 1559 1055 1590 huiusmodi
1079 1559 1245 1600 prophetis
1262 1570 1340 1590 con—
1364 1567 1366 1578 ³

264 1604 410 1637 formiter
431 1605 472 1635 ad
494 1603 687 1635 universales
710 1603 870 1634 Ecclesiae
894 1604 1028 1644 regulas.
1059 1604 1100 1635 Et
1122 1604 1155 1634 in
1179 1604 1238 1641 his,
1263 1604 1339 1646 quia
1365 1629 1366 1644 ἢ

265 1649 403 1687 nullum-
417 1647 596 1690 periculum
619 1654 675 1684 est,
700 1647 834 1690 quilibet
857 1655 964 1688 potest
988 1650 1019 1679 in
1043 1658 1103 1679 suo
1117 1658 1214 1680 sensu
1238 1649 1340 1679 abun-

231 1712 238 1719 ·
265 1694 347 1727 dare
362 1693 398 1730 ¹⁸⁸,
423 1699 460 1724 ut
482 1692 597 1732 dirigat
619 1702 696 1723 suos
719 1699 807 1724 actus
838 1694 1017 1724 secundum
1041 1693 1206 1724 arbitrium
1228 1693 1339 1724 huius-

240 1869 250 1883 *
266 1871 333 1913 sire
359 1872 393 1904 in
416 1871 546 1903 veritate
569 1871 610 1902 sit
632 1871 691 1902 ista
715 1870 920 1909 difformitas‚
945 1871 1010 1902 sive
1039 1872 1175 1902 habeant
1203 1871 1342 1911 speciem

267 1915 490 1957 difformitatis.
514 1915 556 1946 Et
578 1915 612 1946 in
626 1915 694 1946 istis
717 1915 903 1946 huiusmodi
929 1916 1103 1957 prophetae
1120 1926 1177 1946 nec
1192 1915 1342 1946 audiendi
1367 1939 1368 1942 ,

267 1969 326 1994 nec
349 1961 481 1992 fovendi
503 1966 578 1991 sunt
600 1961 710 2001 aliquo
734 1961 845 1997 modo,
870 1960 947 1997 nisi,
972 1967 1007 1991 ut
1031 1961 1153 1992 dictum
1176 1968 1240 1996 est,
1264 1959 1342 1990 fides
1367 1967 1369 1972 ⁸

268 2004 398 2049 publica
421 2005 460 2036 ab
483 2004 625 2035 Ecclesia
649 2004 692 2035 eis
717 2004 895 2036 deberetur:

310 2049 544 2081 ‘Manifestatur
566 2056 677 2080 autern
699 2049 762 2080 hoc
783 2049 918 2088 ratione,
939 2056 970 2080 et
986 2049 1181 2080 auctoritate.
1206 2048 1342 2080 Ratione

268 2094 411 2138 quidem,
435 2093 591 2135 quoniam
614 2100 697 2124 recta
713 2093 793 2124 ratio
810 2094 905 2135 exigit
921 2101 956 2125 ut
972 2094 1005 2125 in
1021 2094 1194 2125 directione
1210 2101 1342 2125 actuum

270 2147 456 2173 nostrorum
485 2145 608 2170 certum
636 2146 852 2179 praeponatur
882 2139 999 2176 dubio,
1030 2139 1140 2180 quoad
1167 2138 1343 2170 bonitatem

268 2184 319 2216 vel
342 2183 506 2215 malitiam.
536 2182 672 2215 Constat
695 2190 803 2214 autem
826 2183 915 2225 quod
938 2183 1080 2224 regulare
1104 2189 1192 2214 actus
1216 2189 1343 2213 nostros

271 2228 478 2262 conformiter
507 2227 548 2258 ad
578 2227 700 2258 divinas
731 2227 1019 2269 ecclesiasticasque
1046 2228 1131 2268 leges
1160 2234 1191 2258 et
1219 2237 1342 2262 mores,

269 2275 395 2306 bonum
418 2272 533 2314 procul
557 2272 658 2303 dubio
681 2279 745 2304 est:
771 2279 802 2303 et
825 2272 982 2303 declinare
1005 2272 1044 2302 ab
1067 2271 1130 2302 illis
1157 2271 1280 2302 malurn
1303 2271 1344 2302 si—

270 2318 387 2350 militer
410 2317 524 2358 procul
547 2317 647 2348 dubio
671 2325 727 2348 est.
751 2319 803 2348 An
826 2323 935 2348 autem
958 2317 1045 2347 Deus
1069 2316 1102 2347 in
1125 2317 1255 2347 veritate
1270 2316 1342 2346 illu-
1369 2311 1371 2333 ²

270 2362 438 2397 minaverit
456 2361 643 2392 huiusmodi
663 2361 845 2403 prophetas,
862 2369 893 2393 et
911 2368 1103 2402 potestatem
1119 2361 1240 2392 dederit
1258 2370 1344 2401 prae-

270 2406 408 2449 cipiendi
436 2407 626 2447 oppositum
653 2413 708 2438 aut
735 2406 940 2447 dispensandi
962 2406 995 2436 in
1018 2405 1223 2442 huiusmodi,
1256 2405 1344 2435 nulla

270 2451 408 2484 evidenti
431 2451 618 2483 certitudine
642 2458 766 2482 constat
789 2451 898 2482 nobis:
922 2449 1069 2492 quamvis
1088 2450 1149 2491 ipsi
1173 2450 1236 2482 hoc
1260 2450 1343 2480 dice-

271 2503 341 2528 rent
357 2503 395 2527 ‘et
416 2496 564 2527 iurarent.
597 2495 640 2526 Et
662 2495 706 2527 sic
729 2496 807 2532 hoc,
831 2502 986 2539 tanquam
1009 2494 1165 2526 incertum
1190 2502 1221 2526 et
1244 2494 1344 2525 ambi—

270 2551 384 2583 guum,
407 2539 672 2581 postponendum
695 2547 742 2571 est
765 2547 866 2571 certae
889 2547 921 2571 et
943 2539 1101 2571 infallibili
1116 2539 1243 2580 regulae
1265 2538 1344 2569 divi-

271 2592 332 2617 nae
359 2595 417 2616 seu
448 2585 625 2622 humanae,
649 2595 714 2626 qua
737 2585 1049 2625 irreprehensibiliter
1078 2584 1231 2615 hactenus
1255 2590 1344 2614 actus

272 2637 401 2662 nostros
415 2629 641 2670 regulavimus

325 2674 526 2706 Auctoritate
548 2682 638 2704 vero:
674 2683 750 2704 nam
772 2673 891 2704 Paulus
914 2673 1106 2714 Apostolus,
1132 2672 1186 2703 ubi
1209 2682 1306 2713 supra
1316 2672 1343 2708 *,

272 2729 347 2751 cum
371 2717 507 2755 dixisset,
530 2718 720 2759 Prophetias
743 2717 841 2748 nolite
862 2727 1026 2759 spernere,
1048 2717 1154 2748 statim
1182 2717 1346 2748 subiunxit

270 2763 330 2795 tria
353 2763 547 2794 documenta
570 2762 610 2793 ad
633 2762 705 2799 hoc,
723 2761 830 2793 dicens
851 2761 885 2792 *t
914 2761 1030 2793 Omnia
1060 2767 1168 2792 autem
1186 2761 1345 2802 probate;

1448 939 1608 977 Quocirca
1631 949 1699 970 non
1722 948 1912 971 excusantur
1936 941 1992 981 qui
2017 951 2052 971 ex
2071 941 2160 972 iussu
2184 942 2234 972 vel
2258 941 2382 972 licentia
2406 941 2464 971 hu-

1391 984 1532 1015 iusmodi
1553 984 1792 1024 prophetarum,
1811 985 1972 1015 credentes
1989 995 2044 1015 eos
2064 985 2182 1025 Spiritu
2203 986 2326 1017 afflatos
2345 986 2464 1022 divino,

1392 1029 1513 1069 aliquid
1537 1028 1743 1060 committunt
1767 1039 1804 1059 ex
1820 1039 1879 1060 suo
1901 1039 2015 1069 genere
2035 1030 2158 1060 malum
2181 1031 2231 1060 vel
2254 1030 2372 1061 habens
2397 1040 2466 1070 spe-

1393 1073 1473 1104 ciem
1498 1073 1590 1103 mali:
1616 1080 1652 1103 ut
1676 1072 1795 1103 faciunt
1818 1073 1849 1103 hi
1874 1074 1929 1114 qui
1959 1074 2156 1113 amplexibus
2181 1085 2235 1105 seu
2259 1075 2466 1115 impudicitiis

1392 1123 1559 1157 propterea
1583 1127 1716 1157 operam
1732 1117 1817 1153 dant,
1843 1117 1970 1148 delicias
1994 1128 2196 1159 pompasque
2211 1127 2388 1155 assumunt,
2407 1129 2464 1149 no-

1363 1179 1364 1182 =
1391 1162 1502 1192 vitates
1519 1162 1703 1201 singulares,
1721 1172 1799 1202 quas
1816 1164 1998 1192 nescierunt
2014 1168 2129 1202 patres
2145 1173 2255 1193 eorum
2272 1163 2298 1199 *,
2320 1164 2378 1193 sub
2396 1173 2465 1204 spe-

1392 1206 1439 1236 cie
1463 1205 1635 1237 sanctitatis
1659 1206 1877 1236 introducunt.
1902 1207 1976 1236 Non
1995 1214 2069 1237 sunt
2084 1207 2169 1237 enirn
2188 1208 2265 1238 haec
2281 1208 2339 1238 nisi
2357 1209 2467 1238 carnis

1393 1260 1503 1290 opera,
1529 1257 1559 1280 et
1583 1250 1686 1280 aliena
1703 1260 1720 1280 a
1728 1250 1897 1290 fructibus
1912 1252 2056 1291 spiritus,
2075 1259 2109 1282 ut
2125 1258 2211 1291 patet
2227 1252 2270 1282 ad
2287 1252 2393 1283 Galat.
2407 1264 2427 1282 v
2438 1252 2464 1283 *.

1393 1294 1434 1324 Et
1457 1301 1639 1334 propterea,
1664 1293 1690 1324 si
1715 1301 1883 1335 propterea
1906 1302 1995 1326 actus
2019 1295 2095 1326 fiant
2119 1296 2238 1336 peccati
2262 1297 2405 1327 mortalis
2430 1307 2466 1327 ex

1393 1348 1453 1368 suo
1483 1348 1613 1378 genere,
1638 1346 1770 1378 peccant
1801 1339 1914 1379 procul
1943 1339 2041 1369 dubio
2071 1341 2245 1372 mortaliter
2274 1341 2350 1371 tales
2379 1348 2466 1371 actus

1393 1381 1554 1418 facientes,
1578 1389 1691 1422 utpote
1711 1392 1777 1413 non
1796 1383 1951 1414 excusati:
1977 1384 2131 1424 quoniam
2149 1386 2230 1415 iuris
2244 1385 2354 1422 divini,
2373 1386 2466 1425 quale

1364 1437 1365 1460 1
1393 1427 1455 1457 hoc
1480 1434 1536 1463 est,
1562 1427 1750 1468 ignorantia
1776 1438 1839 1458 non
1865 1433 2000 1458 excusat
2014 1427 2041 1458 *.

1449 1471 1503 1502 VI.
1529 1471 1580 1501 Ad
1597 1471 1739 1511 primum
1756 1481 1830 1511 ergo
1854 1471 1886 1502 in
1903 1471 2092 1512 oppositum
2107 1473 2124 1492 *
2148 1472 2263 1503 dicitur
2286 1474 2374 1514 quod
2394 1483 2466 1514 pro-

1394 1560 1518 1600 phetae.
1549 1560 1633 1590 Nam
1662 1560 1830 1600 prophetia
1861 1561 2092 1601 prophetarum
2121 1568 2324 1601 receptorum
2346 1562 2385 1592 ab
2409 1562 2468 1593 Ec-

1395 1605 1505 1641 clesia,
1531 1604 1624 1635 datur
1647 1605 1687 1635 ad
1712 1604 1881 1636 utilitatem
1913 1612 1947 1636 ut
1974 1605 2053 1646 quid
2076 1606 2252 1637 necessario
2277 1606 2469 1646 amplecten-

1365 1686 1367 1693 .
1394 1650 1484 1680 dum.
1510 1648 1681 1689 Prophetia
1703 1659 1779 1680 vero
1803 1649 2033 1690 prophetarum
2053 1660 2120 1680 non
2137 1657 2339 1691 receptorum
2355 1651 2393 1681 ab
2410 1651 2469 1681 Ec-

1366 1727 1367 1730 *
1395 1693 1498 1730 clesia,
1524 1693 1616 1724 datur
1639 1694 1679 1723 ad
1703 1693 1873 1724 utilitatem
1897 1701 2050 1735 tanquam
2074 1694 2194 1735 aliquid
2220 1695 2309 1736 prius
2333 1695 2469 1735 proban-

265 1736 357 1771 modi
378 1737 620 1779 prophetarum.
644 1754 666 1760 -
685 1737 826 1775 Quidam
850 1747 926 1768 vero
951 1737 1130 1778 diriguntur
1153 1737 1342 1768 difformiter
1365 1732 1367 1750 ¹

265 1781 558 1815 nd¹ecclesiasticos
582 1791 706 1819 mores,
731 1782 796 1813 sive
820 1792 1010 1814 communes
1037 1782 1138 1814 totius
1161 1782 1339 1818 Ecclesiae,
1366 1805 1367 1810 ,

210 1837 225 1850 ”’
243 1837 249 1843 ’
265 1827 332 1864 dte
354 1827 530 1868 peculiares
557 1826 692 1858 alicuius
715 1827 894 1867 religionis,
918 1834 950 1858 et
974 1827 1180 1858 huiusmodi:
1205 1833 1237 1858 et
1259 1827 1339 1863 hoc,

1395 1738 1475 1769 dum
1491 1744 1521 1769 et
1537 1737 1783 1775 discutiendum,
1801 1745 1984 1779 antequam,
2002 1748 2077 1769 cum
2101 1739 2244 1779 periculo
2266 1739 2385 1780 aliquo,
2401 1749 2470 1770 am-

1395 1783 1562 1823 plectatur.
1580 1783 1646 1813 Nec
1664 1783 1725 1813 hoc
1742 1789 1790 1814 est
1805 1792 1959 1823 spernere
1968 1784 2168 1824 prophetias,
2182 1784 2236 1814 sed
2257 1794 2309 1814 eas
2317 1785 2468 1824 probare.

1450 1827 1502 1858 Ad
1525 1827 1703 1858 secundum
1723 1827 1838 1858 dicitur
1854 1828 2033 1868 dupliciter.
2059 1828 2177 1864 Primo,
2195 1829 2285 1868 quod
2302 1829 2386 1859 Isaac
2403 1839 2469 1859 non

1396 1872 1626 1912 cooperabatur
1643 1871 1738 1902 morti
1754 1882 1840 1909 suae,
1858 1873 1912 1902 sed
1928 1872 2083 1913 patienter
2099 1873 2253 1903 tolerabat
2268 1872 2370 1903 illam:
2389 1873 2470 1903 sicut

1396 1923 1548 1957 martyres
1582 1923 1727 1957 potentes
1759 1916 1889 1946 evadere
1922 1924 1952 1947 et
1981 1923 2086 1947 tamen
2120 1924 2234 1957 sponte
2264 1917 2469 1957 suscipientes

1397 1961 1594 2002 martyrium.
1621 1961 1661 1991 Et
1684 1968 1852 2001 propterea
1871 1960 1948 2001 ipse,
1974 1960 2160 1992 certitudine
2178 1961 2378 1992 adhaesionis
2403 1969 2469 1992 tan-

1397 2012 1467 2036 tum
1486 2012 1596 2036 tenens
1620 2013 1742 2046 patrem
1763 2015 1859 2036 suum
1882 2005 2071 2046 inspiratum
2088 2016 2106 2035 a
2122 2006 2202 2042 Deo,
2219 2005 2346 2036 nullum
2362 2013 2468 2037 actum

1396 2049 1470 2080 fecit
1499 2060 1536 2080 ex
1565 2059 1624 2080 suo
1649 2059 1762 2090 genere
1791 2051 1970 2081 mortalem.
1995 2068 2016 2073 -
2040 2050 2163 2080 Dicitur
2193 2051 2350 2086 secundo,
2381 2051 2470 2090 quod

1397 2094 1560 2125 Abraham
1585 2102 1650 2126 erat
1673 2095 1737 2125 iam
1761 2095 1916 2135 propheta
1940 2102 2084 2135 receptus
2107 2094 2140 2124 in
2164 2095 2318 2131 Ecclesia,
2343 2105 2380 2125 ex
2403 2105 2469 2136 quo

1396 2139 1461 2169 iam
1485 2138 1761 2170 circumcisionem
1785 2147 1969 2180 acceperant
1985 2149 2003 2169 a
2018 2139 2099 2176 Deo,
2119 2139 2190 2179 ipso
2207 2139 2364 2170 mediante
2378 2139 2405 2170 *.
2430 2140 2471 2170 Et

1397 2191 1564 2224 propterea
1588 2183 1669 2214 sicut
1693 2193 1769 2221 nos,
1795 2184 1956 2214 credentes
1986 2183 2146 2214 doctrinae
2171 2184 2398 2224 prophetarum
2424 2194 2470 2214 re-

1398 2235 1565 2268 ceptorum
1590 2228 1622 2258 in
1647 2228 1805 2265 Ecclesia,
1829 2228 1912 2259 licite
1941 2228 2037 2259 talem
2061 2228 2183 2258 cultum
2208 2228 2416 2268 reprobamus
2441 2235 2471 2258 et

1397 2273 1495 2303 talem
1514 2271 1662 2312 amplecti
1686 2279 1848 2308 tenemur;
1873 2272 1916 2303 ita
1940 2272 2024 2303 isaac
2048 2273 2214 2302 tenebatur
2237 2273 2361 2303 credere
2385 2282 2470 2302 reve-

1398 2317 1509 2347 lationi
1534 2316 1632 2347 factae
1657 2317 1736 2357 patri
1761 2327 1831 2348 suo.
1855 2318 1931 2347 Non
1947 2323 1993 2348 est
2008 2324 2117 2347 autem
2140 2317 2243 2347 simile
2260 2317 2298 2347 de
2314 2317 2380 2348 istis
2397 2327 2470 2356 pro-

1398 2361 1502 2402 phetis
1526 2361 1564 2391 de
1588 2361 1706 2402 quibus
1734 2362 1914 2402 loquimur,
1940 2361 1994 2402 qui
2020 2361 2149 2391 diversis
2169 2368 2322 2401 apparent
2346 2369 2471 2401 tempo—

1398 2406 1502 2437 ribus:
1527 2406 1683 2446 quoniam
1708 2406 1752 2436 eis
1777 2416 1843 2436 non
1867 2412 2014 2436 tenemur
2037 2406 2172 2436 credere.

1455 2451 1506 2481 Ad
1530 2450 1691 2486 ultimum,
1717 2450 1755 2480 de
1780 2450 1911 2481 muliere
1935 2450 2109 2480 fornicante
2133 2449 2227 2485 Osee,
2248 2449 2362 2480 dicitur
2381 2451 2469 2490 quod

1399 2495 1436 2533 si,
1461 2501 1497 2526 ut
1519 2494 1613 2525 multi
1637 2501 1761 2535 putant,
1786 2504 1858 2525 vere
1878 2494 2067 2526 concubitus
2088 2493 2273 2525 fornicarius
2290 2505 2327 2524 ex
2341 2504 2401 2524 suo
2416 2504 2468 2534 ge-

1399 2549 1472 2570 nere
1495 2539 1549 2570 ille
1571 2538 1648 2576 fuit;
1674 2549 1749 2570 cum
1773 2539 1888 2570 mulier
1901 2539 1955 2569 illa
1978 2538 2134 2579 peccatrix
2153 2545 2243 2574 esset,
2261 2549 2327 2568 non
2343 2545 2472 2578 oportet

1398 2584 1541 2614 laborare
1569 2584 1609 2614 ad
1637 2585 1853 2614 excusandum
1883 2583 1985 2623 ipsam
2009 2593 2026 2613 a
2050 2589 2190 2623 peccato.
2223 2582 2358 2613 Constat
2385 2582 2470 2613 enim

1399 2629 1498 2670 quod,
1515 2628 1541 2659 si
1557 2628 1643 2660 aliud
1660 2639 1726 2659 non
1750 2627 1891 2658 interfuit
1907 2637 1966 2658 nos
1989 2627 2098 2661 latens.
2123 2633 2268 2657 excusata
2291 2637 2357 2657 non
2376 2626 2436 2656 fuit
2452 2638 2469 2656 a

1399 2680 1529 2714 peccato
1553 2673 1698 2703 mortali:
1731 2672 1811 2703 sicut
1835 2682 1892 2702 nec
1915 2671 2010 2702 hodie
2027 2678 2225 2703 excusaretur
2247 2680 2469 2712 quaecumque

1399 2717 1514 2749 mulier
1529 2717 1714 2758 permittens
1727 2727 1760 2747 se
1777 2716 1925 2756 cognosci
1942 2727 1960 2746 a
1974 2725 2182 2756 quocumque
2197 2714 2394 2746 sanctissimo
2410 2714 2468 2745 ho-

1399 2762 1503 2799 mine,
1529 2769 1560 2792 et
1587 2762 1742 2802 propheta
1766 2767 1929 2801 reputato,
1955 2760 2009 2801 qui
2035 2769 2100 2791 non
2125 2766 2205 2790 esset
2226 2769 2302 2790 suus
2326 2759 2466 2789 maritus.

419 3647 529 3688 Suum:
548 3661 649 3686 Tutor..
670 3661 700 3686 D.
720 3661 836 3686 Tnouu
854 3660 887 3687 T.
905 3661 959 3687 vn.

2288 3656 2316 3681 51

2494 1167 2592 1189 ’Ierenn
2600 1173 2650 1195 cap.
2660 1173 2709 1189 xix.

2494 1200 2554 1215 vers.
2562 1200 2584 1220 4.

2495 1256 2504 1265 ⁸
2519 1254 2584 1277 Vera.
2601 1261 2624 1283 ¹9
2640 1261 2692 1283 sqq.

2495 1421 2504 1429 ⁸
2509 1420 2544 1441 Cf.
2551 1419 2643 1451 deReg.
2650 1420 2707 1448 Iura,

2494 1452 2542 1473 reg.
2555 1453 2607 1474 xm,
2624 1453 2647 1468 in
2666 1447 2710 1469 Se-

2495 1476 2544 1494 xto.

2496 1501 2505 1510 ⁸
2519 1499 2590 1521 Num.
2605 1505 2635 1522 iv.

2498 2142 2508 2152 ¹·
2518 2141 2575 2163 Gen.
2589 2147 2639 2169 cap.
2652 2148 2709 2169 xvn,

2497 2174 2557 2190 vers.
2572 2174 2597 2197 ²3
2612 2174 2664 2196 sqq.
