2768 4198
43 654 52 663 ⁸
72 653 127 674 Loc.
148 652 199 679 cit.‚
215 653 253 674 lin.

42 685 75 706 22,
91 685 125 703 24-

138 765 152 788 η

141 857 154 883 θ

286 312 360 337 212
962 295 1229 343 QUAEsrio
1259 295 1396 342 CL111,
1426 295 1725 333 ARTICULUS
1754 295 1789 332 v

283 388 471 429 quantum
488 379 536 416 ad
551 380 637 427 hoc,
654 378 808 428 ponitur
828 375 1163 415 inconsideratio.-
1181 374 1350 420 Quartus
1374 397 1376 447 4
1404 381 1601 411 causatur:
1631 373 1860 422 inquantum
1882 374 2027 411 emollit
2047 366 2116 411 ‘cor
2143 375 2310 412 hominis
2331 382 2367 410 et
2389 373 2478 410 effe-

283 441 414 470 autem
436 440 541 470 actus
571 440 626 468 est
645 439 893 480 praeceptum
923 428 1079 465 rationis
1109 428 1156 464 de
1184 428 1347 474 agendo.
1374 454 1375 459 ,

1403 426 1591 463 minatum
1623 427 1759 474 reddit,
1780 427 1995 464 secundum
2023 427 2116 465 illud
2136 429 2238 465 Osee
2259 440 2294 465 iv
2313 427 2353 463 *ε
2382 428 2478 464 For-

285 487 402 533 Quod
431 485 442 510 ῑ
471 486 585 523 etiam
621 484 825 533 impeditur
852 494 920 531 per
948 481 1158 517 luxuriam:
1188 480 1347 528 inquan-
1374 469 1376 537 ξ
1403 479 1553 526 nicatio,
1574 486 1610 516 et
1626 481 1758 517 vinum
1787 486 1823 517 et
1849 481 2019 527 ebrietas,
2040 482 2166 529 aufert
2185 487 2201 503 ἰ
2229 493 2308 518 cor.
2331 481 2379 517 Et
2402 481 2476 517 Ve-

283 548 364 576 tum
402 539 541 576 scilicet
577 539 696 575 homo
725 535 930 584 impeditur
959 546 1003 570 ex
1033 535 1177 582 impetu
1207 545 1346 569 concu-
1373 540 1375 583 g
1402 533 1524 580 getius
1549 533 1648 579 dicit,
1669 533 1707 569 in
1727 533 1888 570 libro'de
1905 535 1965 571 Re
1982 535 2150 572 Militari
2166 534 2197 582 ³¹²,
2228 535 2333 584 quod
2353 534 2478 570 minus

282 592 486 642 piscentiae
516 604 563 628 ne
600 597 809 637 exequatur
842 588 879 624 id
913 588 1017 636 quod
1057 586 1225 623 decrevit
1264 598 1347 623 esse
1402 592 1562 622 mortem
1600 586 1732 622 metuit
1766 587 1833 635 qui
1867 587 1994 624 minus
2034 589 2257 626 deliciarum
2298 588 2404 625 novit
2439 589 2477 623 in

282 646 509 683 faciendum.
548 643 658 681 Unde
687 641 887 678 Terentius
918 640 1016 686 dicit,
1043 640 1081 677 in
1109 641 1295 676 Eunucho
1314 639 1345 686 ²¹²,
1373 688 1374 691 Ἰ
1400 639 1488 675 vita.
1529 639 1614 675 Nec
1652 647 1820 687 oportet,
1860 640 1956 676 sicut
1993 653 2108 690 saepe
2137 640 2151 663 λ
2181 642 2323 678 dictum
2354 648 2410 677 est
2434 640 2476 687 *,

283 700 329 736 de
358 698 528 746 quodam
548 695 612 745 qui
633 696 782 732 dicebat
803 706 843 730 se
875 705 1113 730 recessurum
1134 694 1182 729 ab
1204 692 1344 729 amica:
1402 692 1507 741 quod
1536 692 1636 728 filiae
1655 692 1734 729 vitii
1764 692 1933 742 capitalis
1963 705 2051 730 cum
2071 707 2118 731 eo
2139 694 2176 731 in
2198 695 2357 732 materia
2387 706 2477 730 con-

281 753 392 789 Haec
418 751 533 787 verba
564 760 639 785 una
662 748 764 796 falsa
794 746 994 783 lacrimula
1023 746 1225 795 restringet
1243 751 1272 782 η.
1372 763 1374 781 ε
1400 745 1567 782 veniant.

334 806 391 841 Ex
418 811 523 852 parte
553 809 679 838 autem
700 800 917 846 voluntatis,
939 799 1187 848 consequitur
1208 799 1346 847 duplex
1454 801 1514 835 Αι)
1546 810 1708 836 TERTIUM
1728 810 1915 835 memnon
1942 801 2047 847 quod
2072 812 2184 837 amor
2212 800 2271 838 sui
2290 807 2477 850 quantum

280 866 384 895 actus
414 855 657 894 inordinatus
698 854 875 901 Quorum
904 866 1004 890 unus
1024 851 1036 874 θ
1067 860 1122 889 est
1157 852 1346 901 appetitus
1372 852 1374 866 ³
1401 851 1449 888 ad
1479 864 1749 900 quaecumque
1787 852 1891 888 bona
1920 863 2020 900 quae
2054 853 2124 890 sibi
2152 853 2288 902 aliquis
2324 853 2476 903 appetit,

237 907 376 948 *finis
400 911 446 946 Et
466 916 651 957 quantum
673 907 721 944 ad
740 908 826 954 hoc,
843 907 998 956 ponitur
1011 919 1123 943 amor
1140 918 1210 952 suz,
1227 918 1346 955 quan·
1373 954 1374 957 Ἰ
1402 912 1458 942 est
1486 917 1696 942 commune
1717 904 1947 954 principium
1966 914 2227 954 peccatorum.
2260 907 2337 944 Sed
2358 918 2477 955 quan-

140 1456 149 1472 ῑ

39 1561 48 1570 ⁸
63 1560 96 1607 (31³3
115 1566 161 1607 ,1v,
181 1565 201 1580 n.
223 1559 248 1584 ὃς

38 1593 73 1635 iit.
86 1603 123 1634 lib'.
137 1590 249 1660 {⁰122}ssss

38 1645 70 1665 xl,
84 1646 106 1661 n.
121 1646 148 1666 43
167 1646 184 1660 s.
205 1639 226 1660 T
245 1655 249 1660 ,

39 1666 82 1687 lect
104 1672 133 1687 xi.

37 1694 49 1705 ¹'
63 1693 89 1714 D.
104 1693 153 1721 438.

37 1931 46 1941 ⁸
60 1930 87 1952 D.
103 1931 151 1958 387.

39 1986 50 1996 ⁵
62 1986 107 2013 Qu.
123 1992 201 2008 cxi-111.

36 2649 45 2659 ³
68 2648 104 2668 De
125 2646 247 2673 Luxuria,

36 2680 168 2722 5³ut'iditclus.
182 2705 201 2727 5.

37 2738 45 2747 ·
59 2736 134 2758 Ethic.
145 2735 184 2756 lib.
196 2734 246 2757 VII.

36 2769 118 2811 ἓῗψπῖ
126 2767 184 2810 ‘1232
199 2767 219 2809 .“.’
237 2772 246 2776 ”

35 2817 46 2828 ·
60 2816 167 2838 Conclus.
183 2815 204 2836 6.

278 973 358 1001 tum
379 962 518 999 scilicet
537 962 585 998 ad
606 961 896 999 delectationem
917 973 1032 1009 quam
1053 960 1266 997 inordinate
1282 972 1347 1008 ap·
1373 962 1374 995 l
1401 966 1484 996 tum
1513 959 1563 996 ad
1592 959 1667 995 hoc
1696 958 1909 1008 specialiter
1938 960 2044 1007 quod
2074 959 2207 1008 aliquis
2237 960 2380 1010 appetit
2408 959 2479 997 sibi

277 1017 382 1066 petit:
423 1023 458 1052 et
485 1027 554 1064 per
582 1015 803 1064 oppositum
831 1014 984 1063 ponitur
1012 1015 1140 1051 odium
1169 1014 1262 1060 Dei,
1292 1013 1346 1051 in·
1373 1020 1374 1059 ᾗ
1403 1012 1639 1049 delectabilia
1660 1011 1795 1059 carnis,
1817 1011 1970 1060 ponitur
1989 1025 2101 1053 amor
2120 1013 2178 1050 sui
2197 1013 2276 1050 filia
2294 1013 2476 1050 luxuriae.

277 1077 462 1119 quantum
492 1068 630 1105 scilicet
663 1069 840 1117 prohibet
876 1068 1166 1105 delectationem
1207 1079 1347 1104 concu-
1454 1068 1514 1103 AD
1542 1077 1717 1108 QUARTUM
1739 1077 1926 1103 DICENDUM
1955 1066 2062 1113 quod
2091 1066 2152 1108 illa
2181 1079 2281 1115 quae
2311 1066 2478 1104 Isidorus

276 1124 406 1173 pitam.
436 1142 461 1150 -
490 1122 597 1158 Alius
626 1128 755 1159 autem
785 1129 840 1158 est
868 1122 1057 1170 appetitus
1087 1133 1222 1158 eorum
1247 1133 1347 1169 quae
1373 1124 1374 1129 ’
1401 1119 1532 1168 ponit,
1562 1127 1650 1156 sunt
1677 1119 1835 1169 quidam
1874 1119 2078 1156 inordinati
2117 1127 2224 1157 actus
2261 1120 2477 1167 exteriores,

277 1185 364 1214 sunt
391 1176 439 1213 ad
468 1175 599 1212 finem.
630 1176 679 1212 Et
707 1183 893 1224 quantum
923 1176 971 1212 ad
999 1175 1086 1222 hoc,
1107 1174 1262 1224 ponitur
1289 1175 1347 1221 af·
1403 1181 1439 1210 et
1465 1173 1672 1223 praecipue
1702 1173 1752 1210 ad
1779 1172 2014 1210 locutionem
2044 1173 2288 1222 pertinentes.
2325 1174 2367 1210 In
2402 1185 2479 1222 qua

265 1232 393 1280 fectus
418 1229 625 1277 praesentis
658 1228 816 1275 saeculi,
847 1228 885 1265 in
923 1241 1000 1278 quo
1035 1228 1175 1265 scilicet
1213 1228 1347 1276 aliquis
1374 1235 1375 1251 l
1403 1234 1458 1264 est
1472 1227 1613 1276 aliquid
1629 1226 1888 1264 inordinatum
1909 1226 2218 1276 quadrupliciter.
2239 1227 2328 1265 Uno
2345 1227 2477 1274 modo,

276 1284 358 1321 vult
395 1282 466 1319 frui
502 1283 717 1330 voluptate:
756 1289 791 1318 et
828 1294 896 1330 per
935 1282 1156 1331 oppositum
1194 1282 1349 1331 ponitur
1374 1309 1375 1314 ,
1400 1288 1558 1329 propter
1594 1280 1806 1318 materiam.
1846 1281 1895 1317 Et
1923 1280 1976 1317 sic
2004 1289 2202 1329 ponuntur
2235 1281 2476 1330 turpiloquia.

277 1336 484 1386 desperatio
500 1336 632 1384 futuri
657 1335 810 1381 saeculi,
840 1335 930 1383 quia
958 1337 1051 1373 dum
1073 1335 1184 1372 nimis
1205 1335 1348 1373 detine·
1374 1343 1375 1356 ³
1403 1334 1505 1381 Quia
1533 1334 1636 1371 enim
1665 1346 1715 1370 ex
1742 1334 1975 1371 abundantia
2003 1335 2128 1372 cordis
2155 1347 2197 1372 os
2224 1334 2408 1383 loquitur,
2437 1341 2480 1371 ut

277 1399 337 1427 tur
365 1389 577 1426 carnalibus
607 1388 930 1435 delectationibus,
962 1402 1040 1426 non
1074 1396 1180 1426 curat
1211 1401 1347 1438 perve-
1374 1392 1375 1416 l
1402 1387 1538 1424 dicitur
1557 1387 1692 1425 Matth.
1714 1386 1809 1435 xl1*,
1835 1387 2030 1435 luxuriosi,
2052 1400 2219 1437 quorum
2240 1400 2308 1425 cor
2327 1395 2383 1425 est
2401 1395 2478 1425 tur·
2507 1403 2517 1412 ·

278 1444 359 1481 nire
389 1443 437 1480 ad
465 1442 688 1491 spirituales,
719 1443 786 1479 sed
815 1442 956 1480 fastidit
984 1455 1048 1479 eas
1067 1448 1087 1479 ‘.
1401 1441 1515 1490 pibus
1545 1440 1863 1490 concupiscentiis
1883 1442 2056 1490 plenum,
2078 1442 2125 1479 de
2154 1441 2252 1479 facili
2281 1442 2329 1479 ad
2355 1440 2479 1491 turpia

331 1499 389 1533 AD
419 1508 556 1533 PRiMUM
579 1507 678 1532 ERGO
699 1507 884 1533 mCENDUM
913 1497 1029 1545 quod,
1059 1495 1155 1532 sicut
1174 1495 1347 1532 Philoso-
1374 1494 1375 1525 ἶ
1402 1495 1522 1532 verba
1550 1502 1819 1543 prorumpunt.
1851 1516 1874 1522 -
1906 1495 2100 1542 Secundo,
2122 1507 2167 1533 ex
2189 1502 2296 1544 parte
2326 1506 2476 1533 causae.

278 1551 376 1600 phus
406 1549 505 1596 dicit,
526 1549 564 1586 in
583 1549 633 1586 Vl
654 1549 774 1586 Ethic.
795 1549 831 1596 ²⁸,
860 1549 1153 1598 intemperantia
1179 1549 1346 1586 maxime
1373 1550 1376 1595 i
1403 1548 1507 1595 Quia
1536 1549 1640 1586 enim
1670 1548 1816 1585 luxuria
1845 1549 2234 1587 inconsiderationem
2264 1557 2300 1586 et
2332 1547 2478 1598 praeci-

279 1603 487 1651 corrumpit
514 1603 755 1652 prudentiam
778 1602 809 1639 ²¹⁸.
847 1603 896 1639 Et
926 1603 1013 1640 ideo
1041 1603 1133 1639 vitia
1171 1603 1348 1651 opposita
1402 1602 1628 1650 pitationem
1667 1610 1816 1649 causat,
1847 1614 2089 1650 consequens
2126 1611 2182 1640 est
2219 1602 2326 1652 quod
2368 1601 2479 1640 faciat

278 1656 502 1706 prudentiae
531 1656 698 1692 maxime
719 1656 892 1693 oriuntur
912 1668 957 1693 ex
986 1657 1145 1703 luxuria,
1166 1668 1265 1705 quae
1293 1663 1349 1692 est
1373 1671 1376 1689 ι
1402 1668 1655 1704 prorumpere
1685 1656 1723 1692 in
1742 1656 1862 1692 verba
1891 1656 2024 1692 leviter
2053 1664 2089 1693 et
2113 1656 2394 1694 inconsiderate
2423 1655 2478 1694 di-

278 1710 484 1759 praecipua
512 1703 825 1757 intemperantiae
855 1709 1012 1758 species.
1402 1717 1482 1756 cta,
1513 1721 1612 1758 quae
1642 1709 1819 1746 dicuntur
1845 1709 2032 1746 scurrilia.
2064 1731 2088 1738 -
2116 1709 2261 1757 Tertio,
2292 1717 2476 1758 quantum

330 1767 389 1800 An
418 1775 607 1800 SECUNDUM
637 1774 821 1799 morannum
850 1763 955 1812 quod
985 1761 1195 1799 constantia
1224 1762 1262 1798 in
1291 1774 1347 1798 ar·
1401 1762 1449 1799 ad
1479 1762 1610 1800 finem.
1651 1762 1752 1809 Quia
1791 1762 1893 1799 enim
1931 1763 2147 1800 luxuriosus
2183 1763 2476 1801 delectationem

278 1817 360 1853 duis
391 1824 426 1852 et
454 1815 679 1852 terribilibus
708 1816 862 1864 ponitur
889 1828 977 1864 pars
997 1815 1236 1852 fortitudinis.
1269 1816 1346 1853 Sed
1401 1815 1572 1864 quaerit,
1613 1816 1727 1852 etiam
1756 1821 1774 1843 μ
1815 1816 1936 1853 verba
1979 1829 2048 1853 sua
2090 1817 2138 1854 ad
2182 1817 2476 1855 delectationem

277 1869 526 1906 constantiam
555 1869 698 1905 habere
727 1869 765 1905 in
794 1869 1021 1906 abstinendo
1047 1880 1069 1905 a
1090 1868 1345 1905 delectationi·
1401 1868 1573 1905 ordinat:
1612 1876 1648 1905 et
1686 1868 1738 1905 sic
1775 1869 1992 1918 prorumpit
2030 1870 2067 1906 in
2102 1871 2220 1907 verba
2259 1871 2417 1908 ludicra.
2452 1892 2477 1899 -

276 1924 346 1959 bus
366 1923 526 1971 pertinet
546 1922 593 1958 ad
615 1921 885 1959 continentiam
905 1922 936 1969 ²¹⁶,
967 1934 1064 1971 quae
1084 1921 1239 1970 ponitur
1257 1934 1346 1970 pars
1402 1922 1562 1969 Quarto,
1584 1930 1771 1970 quantum
1793 1922 1842 1959 ad
1867 1923 2094 1960 sententiam
2113 1925 2337 1971 verborum,
2359 1935 2476 1971 quam

275 1975 558 2024 temperantiae,
579 1983 620 2012 ut
648 1987 763 2024 supra
782 1975 802 1996 ²¹⁶
831 1975 974 2012 dictum
1005 1983 1070 2012 est.
1102 1976 1151 2012 Et
1174 1975 1262 2013 ideo
1291 1975 1346 2012 in·
1399 1976 1580 2024 pervertit
1600 1975 1758 2023 luxuria,
1779 1984 1936 2025 propter
1957 1977 2178 2014 caecitatem
2199 1977 2338 2014 mentis
2359 1989 2476 2025 quarn

275 2029 485 2066 constantia
520 2041 620 2076 quae
656 2029 690 2064 ei
729 2029 955 2078 opponitur,
994 2028 1150 2078 ponitur
1186 2029 1263 2066 filia
1292 2029 1346 2066 lu-
1401 2037 1541 2066 causat.
1582 2030 1631 2066 Et
1665 2029 1718 2065 sic
1746 2029 1961 2079 prorumpit
1995 2030 2034 2067 in
2062 2030 2308 2079 stultiloquia:
2345 2037 2478 2080 utpote

273 2083 412 2120 xuriae.
1372 2075 1373 2108 ἕ
1401 2095 1490 2120 cum
1519 2083 1597 2120 suis
1624 2082 1753 2120 verbis
1781 2084 1946 2132 praefert
1980 2084 2249 2122 delectationes
2279 2097 2375 2134 quas
2412 2096 2478 2134 ap-

328 2137 376 2173 Et
404 2144 534 2172 tamen
564 2134 677 2171 etiam
706 2134 830 2184 prima
859 2135 1111 2172 inconstantia
1136 2147 1181 2172 ex
1200 2135 1346 2173 luxuria
1400 2136 1504 2185 petit,
1524 2136 1833 2186 quibuscumque
1862 2137 1944 2174 aliis
1974 2138 2099 2175 rebus.

326 2249 352 2281 ζ)
375 2249 492 2280 Quod.-
512 2249 565 2279 Qui
584 2249 630 2274 Pa.
1457 2251 1475 2282 ι)
1495 2257 1549 2275 eas.
1567 2264 1587 2269 —
1605 2250 1666 2275 Om.
1687 2250 1734 2275 Pa.

326 2285 353 2317 η)
372 2285 557 2317 restringet.—
576 2284 611 2309 Et
630 2287 759 2317 quantum
779 2284 815 2309 ad
828 2284 877 2309 hoc
891 2284 1006 2316 ponitur
1025 2284 1206 2310 inconstantia
1230 2285 1300 2310 addit
1317 2285 1347 2314 L,
1456 2286 1482 2318 κ)
1502 2286 1632 2319 aufert.-·
1650 2287 1779 2319 auserunt
1799 2285 1896 2310 PDHa.

274 2322 311 2346 Et
323 2324 451 2353 quantum
470 2320 507 2345 ad
519 2320 568 2345 hoc
580 2320 696 2352 ponitur
715 2320 876 2345 instabilitas
891 2320 960 2345 addit
979 2321 1016 2352 H,
1039 2321 1077 2345 Et
1095 2324 1224 2353 quantum
1243 2321 1281 2345 ad
1298 2320 1348 2346 hoc
1373 2322 1375 2353 ξ
1455 2319 1484 2354 λ)
1504 2328 1592 2353 saepe.
1609 2334 1628 2340 -
1646 2328 1730 2353 supra
1749 2321 1781 2351 K.
1799 2328 1883 2353 supra
1901 2321 2016 2353 (dictum
2036 2324 2076 2346 est
2094 2322 2186 2355 saepe)
2204 2322 2236 2347 L.
2290 2321 2292 2324 '

275 2360 314 2382 est
332 2356 447 2381 caecitas
466 2355 562 2380 mentis
581 2356 645 2387 (sec.
663 2363 743 2380 manu
764 2355 956 2388 inconstantia)
977 2356 1046 2380 addit
1066 2364 1157 2389 margo
1175 2356 1205 2380 E.
1373 2358 1375 2392 ς
1456 2357 1484 2390 μ)
1504 2357 1594 2382 etiam.
1607 2370 1626 2375 ·-
1644 2360 1671 2382 et
1689 2353 1924 2387 ABCDEFHKLa,
1945 2365 2000 2382 orn.
2019 2357 2048 2382 P.

327 2390 352 2424 θ)
373 2398 449 2416 unus.
462 2404 480 2410 —
499 2399 580 2416 unum
600 2391 701 2416 AEIsC.

954 2472 1290 2504 Commeat-‚aria
1313 2471 1568 2504 cardinalis
1590 2472 1794 2505 Caietam

306 2561 326 2580 N
351 2550 482 2581 articulo
506 2550 620 2591 quinto
646 2550 788 2580 eiusdem
811 2550 1347 2592 centesimaequinquagesimaeter-
1370 2551 1373 2586 ἶ
1399 2551 1541 2592 singula:
1574 2552 1692 2582 horum
1716 2562 1791 2582 vero
1822 2552 1956 2583 nomina
1986 2552 2161 2584 formaliter
2187 2554 2364 2595 important
2387 2561 2476 2586 actus

279 2563 367 2625 Itiae
391 2594 596 2635 quaestionis,
622 2595 748 2625 adverte
773 2595 838 2625 duo
864 2605 900 2625 ex
923 2595 1072 2632 Martino‚
1098 2595 1216 2626 ibidem
1231 2596 1256 2626 *.
1282 2595 1346 2626 Pri·
1370 2611 1372 2640 {
1399 2596 1566 2627 exteriores
1591 2596 1761 2633 humanos,
1789 2604 1823 2628 ut
1846 2604 1948 2637 patet;
1973 2598 2171 2639 turpiloquia
2195 2598 2291 2635 enim,
2317 2599 2474 2636 scurrilia,

275 2649 366 2669 mum
377 2639 394 2658 *
409 2645 455 2669 est
470 2640 559 2679 quod
576 2639 732 2669 Martinus
748 2649 813 2669 non
831 2639 940 2670 suffert
955 2639 1202 2670 inconstantiam
1218 2650 1284 2670 esse
1297 2650 1344 2671 ra·
1370 2652 1372 2668 ι
1399 2640 1519 2671 ludicra
1537 2648 1568 2671 et
1588 2641 1786 2682 stultiloquia
1807 2641 1961 2673 exteriora
1977 2650 2103 2674 sonant.
2120 2643 2162 2674 Et
2173 2650 2341 2684 propterea
2353 2646 2476 2675 Auctor

275 2683 370 2715 tionis
393 2683 522 2719 vitium,
547 2684 602 2714 sed
625 2683 800 2724 appetitus,
826 2694 862 2714 ac
885 2683 978 2714 illum
1002 2684 1068 2715 vitii
1092 2685 1228 2725 gradum
1247 2694 1345 2725 quem
1398 2695 1435 2716 ex
1458 2685 1661 2716 interioribus
1685 2686 1787 2716 reddit
1809 2687 1928 2717 horum
1952 2687 2119 2718 rationem.

275 2728 459 2758 Aristoteles
482 2728 606 2758 vocat*
631 2729 903 2759 incontinentiam.
1454 2730 1547 2761 Unde
1578 2737 1664 2770 patet
1692 2731 1858 2772 responsio
1887 2732 1927 2762 ad
1955 2731 2092 2772 primam
2118 2732 2352 2764 obiectionem:
2385 2733 2475 2775 quod

329 2773 474 2803 Alterum
485 2772 503 2791 *
519 2779 565 2803 est
580 2772 613 2802 in
629 2772 835 2812 responsione
853 2773 891 2803 ad
907 2780 1067 2813 quartum,
1081 2773 1114 2803 in
1126 2783 1190 2814 qua
1206 2773 1345 2814 imponit
1370 2776 1371 2794 ἒ
1398 2774 1524 2811 scilicet,
1538 2775 1614 2815 quia
1628 2775 1752 2806 luxuria
1769 2775 1874 2816 primo
1891 2776 1973 2816 parit
1989 2777 2265 2808 deordinationem
2277 2777 2363 2808 intus
2376 2787 2475 2819 quam

274 2817 406 2847 Auctori
430 2817 519 2857 quod
542 2817 596 2847 illa
619 2824 803 2848 enumerata
823 2818 861 2847 ab
883 2818 1005 2848 Isidoro
1030 2818 1140 2849 dicunt
1156 2824 1281 2849 tantum
1297 2818 1344 2848 in·
1370 2840 1371 2843 ,
1398 2819 1457 2849 hos
1482 2827 1579 2856 actus,
1605 2819 1678 2850 ideo
1703 2830 1739 2850 ex
1763 2820 1811 2851 his
1836 2830 1918 2862 quae
1935 2820 2020 2852 intus
2037 2828 2111 2852 sunt
2126 2821 2206 2860 ratio
2230 2821 2263 2852 in
2287 2821 2388 2853 littera
2405 2822 2474 2853 red-

274 2861 435 2892 ordinatos
466 2867 554 2892 actus
584 2861 760 2892 exteriores
796 2862 836 2892 Et
865 2862 983 2902 arguit,
1013 2870 1082 2893 tum
1116 2862 1191 2903 quia
1219 2863 1343 2894 luxuria
1398 2863 1482 2894 ditur
1515 2864 1726 2901 exteriorum
1761 2873 1792 2896 et
1824 2875 1890 2896 non
1929 2865 2044 2897 dicitur
2084 2867 2174 2908 quod
2213 2873 2288 2898 sunt
2321 2867 2474 2898 exteriora

273 2906 377 2946 primo
402 2905 493 2945 ponit
516 2905 785 2936 inordinationem
800 2906 833 2936 in
859 2907 979 2938 actibus
1003 2907 1203 2938 interioribus
1226 2907 1343 2948 quibus
1369 2924 1370 2930 ι
1397 2914 1533 2939 tantum.

274 2949 521 2980 subordinantur
548 2957 636 2980 actus
661 2950 711 2980 isti
735 2951 913 2982 exteriores.
945 2952 1034 2982 Tum
1062 2951 1136 2992 quia
1168 2952 1343 2982 desiderare
1452 2953 1501 2983 Ad
1527 2954 1706 2984 secundum
1729 2953 1846 2985 dicitur
1870 2955 1959 2996 quod
1984 2954 2070 2986 aliud
2095 2961 2142 2986 est
2165 2955 2418 2996 turpiloquium,
2443 2962 2474 2986 et

273 2994 375 3025 dicere
401 2994 448 3024 vel
471 2994 579 3025 audire
599 2994 741 3034 turpiter,
760 2995 928 3026 scurriliter
953 3003 982 3027 et
1006 2996 1135 3032 ludicre,
1162 3003 1235 3027 sunt
1255 3003 1342 3028 actus
1369 2990 1370 3004 ¹
1397 2997 1483 3027 aliud
1508 3005 1554 3029 est
1579 2998 1754 3029 desiderare
1779 2999 2026 3040 turpiloquium.
2052 2999 2085 3030 Si
2110 2999 2250 3030 Isidorus
2267 2999 2403 3036 dixisset,
2420 2999 2474 3031 de-

273 3038 435 3069 interiores
458 3038 555 3078 geniti
579 3049 596 3069 a
620 3039 754 3076 luxuria,
779 3040 887 3081 eisque
911 3040 1160 3071 subordinantur
1179 3048 1268 3072 actus
1292 3051 1342 3071 ex·
1396 3042 1551 3073 siderium
1571 3044 1772 3084 turpiloquii,
1796 3045 1997 3082 scurrilium,
2015 3051 2086 3081 etc„
2111 3050 2218 3075 actum
2234 3043 2417 3075 interiorem
2433 3044 2473 3075 si-

274 3083 401 3113 teriores
426 3083 591 3114 nominati.
626 3084 722 3123 Ergo,
748 3094 822 3115 cum
851 3092 995 3115 auctores
1020 3092 1146 3127 ponunt
1175 3085 1251 3116 haec
1275 3096 1342 3116 esse
1368 3093 1369 3107 ³
1395 3086 1588 3126 gnificasset:
1615 3087 1696 3118 sicut
1720 3087 1893 3128 Gregorius
1917 3087 2103 3129 significavit
2118 3088 2270 3129 affectum
2288 3090 2474 3130 praesentis

273 3126 350 3157 filias
369 3127 520 3164 luxuriae,
546 3128 646 3168 magis
662 3128 834 3159 dicendum
850 3136 896 3159 est
919 3129 1007 3170 quod
1032 3129 1213 3170 intelligunt
1237 3131 1276 3161 de
1295 3131 1341 3161 in·
1368 3130 1369 3133 ’
1393 3132 1516 3162 saeculi
1532 3139 1563 3162 et
1578 3132 1832 3173 desperationem
1846 3132 1973 3174 futuri.
1998 3133 2060 3164 Sed
2083 3133 2314 3174 turpiloquium
2331 3139 2389 3165 eet.
2414 3142 2472 3174 po-

274 3172 438 3202 terioribus
463 3172 584 3203 actibus
608 3172 728 3212 primo,
754 3180 784 3204 et
808 3181 1039 3214 consequenter
1063 3174 1101 3205 de
1125 3175 1339 3206 exterioribus.
1367 3215 1369 3217 v
1394 3176 1466 3212 suit,
1484 3186 1568 3217 quae
1590 3177 1758 3209 exteriores
1782 3184 1870 3208 actus
1893 3184 1969 3208 sunt
1990 3177 2135 3208 humani.
2160 3177 2235 3208 Ideo
2259 3177 2309 3209 isti
2324 3185 2400 3209 sunt
2422 3177 2471 3208 in·

330 3216 366 3247 11.
391 3217 440 3246 Ad
464 3216 604 3256 primum
629 3217 747 3248 horum
778 3228 844 3248 non
869 3225 997 3259 oportet
1020 3218 1109 3250 aliter
1132 3220 1339 3260 respondere:
1367 3227 1369 3244 ³
1393 3220 1570 3261 telligendi,
1596 3221 1622 3251 si
1646 3221 1822 3252 formaliter
1845 3229 1875 3253 et
1899 3221 2062 3253 moraliter
2085 3231 2191 3252 sermo
2216 3221 2472 3263 interpretandus

275 3259 349 3299 quia
372 3261 514 3300 quaestio
539 3261 577 3291 de
601 3262 764 3292 vocabulis
789 3269 878 3293 esset.
1367 3248 1369 3295 i
1394 3273 1440 3296 est
1464 3266 1645 3302 doctorum.
1671 3266 1718 3296 Ex
1733 3266 1794 3297 hoc
1818 3273 1926 3297 autem
1942 3266 2032 3307 quod
2056 3273 2145 3297 actus
2170 3266 2338 3298 exteriores
2362 3267 2471 3298 oriun-

330 3305 379 3333 Ad
404 3305 525 3335 obiecta
547 3313 654 3336 autem
678 3307 819 3337 secundo
841 3307 932 3344 loco,
958 3307 1071 3338 dicitur
1101 3308 1226 3348 primo,
1252 3310 1341 3350 quod
1394 3317 1446 3340 tur
1465 3320 1502 3340 ex
1525 3310 1740 3347 interioribus,
1758 3320 1823 3341 non
1849 3311 1993 3352 sequitur
2016 3311 2105 3352 quod
2125 3311 2257 3342 nomine
2277 3311 2471 3342 exteriorum

276 3350 395 3378 Auctor
418 3359 482 3379 non
506 3350 656 3390 apposuit
679 3351 711 3392 ly
727 3357 865 3389 tantum,
885 3353 939 3382 sed
962 3362 1097 3392 arguens
1113 3352 1283 3393 imposuit:
1305 3361 1341 3385 ut
1366 3364 1368 3369 ’
1394 3354 1608 3395 intelligantur
1623 3354 1797 3391 interiores,
1811 3354 1871 3386 nisi
1893 3362 1928 3386 ut
1944 3365 2066 3386 causae.
2097 3354 2158 3386 Sed
2179 3362 2305 3387 tantum
2327 3355 2471 3397 sequitur

276 3398 361 3431 patet
383 3392 415 3421 in
438 3393 548 3424 littera.
1366 3422 1367 3427 ,
1393 3399 1482 3440 quod
1507 3399 1724 3439 intelligantur
1738 3405 1826 3430 actus
1849 3398 2017 3430 exteriores
2037 3399 2180 3437 humani,
2206 3410 2262 3431 seu
2278 3400 2468 3431 voluntarii:

330 3435 451 3466 Dicitur
474 3438 623 3474 secundo,
649 3440 737 3479 quod
760 3440 839 3471 inter
862 3440 941 3471 filias
965 3441 1106 3472 luxuriae
1128 3442 1299 3482 assignatas
1323 3453 1339 3473 a
1393 3443 1548 3484 alioquin,
1574 3453 1640 3474 non
1670 3449 1774 3474 essent
1797 3443 1903 3474 vitiosi
1927 3444 1977 3474 vel
2001 3443 2146 3475 virtuosi.
2175 3445 2248 3476 Hoc
2271 3445 2358 3476 enim
2382 3454 2469 3476 com-

275 3479 438 3520 Gregorio,
464 3488 494 3511 et
516 3482 685 3521 assignatas
709 3484 747 3514 ab
772 3484 903 3521 Isidoro,
929 3493 974 3516 est
998 3486 1073 3516 haec
1093 3486 1259 3517 manifesta
1279 3487 1338 3517 dif-
1366 3485 1367 3526 J
1393 3497 1491 3518 mune
1508 3495 1554 3518 est
1570 3487 1722 3518 omnibus
1738 3487 1873 3528 peccatis
1894 3488 2140 3519 consistentibus
2159 3489 2191 3519 in
2216 3497 2287 3520 actu
2305 3489 2466 3520 exteriori:

275 3523 418 3560 ferentia,
444 3526 532 3565 quod
555 3526 679 3556 illarum
704 3529 834 3558 nomina
858 3529 1031 3561 formaliter
1054 3530 1228 3570 important
1251 3538 1340 3562 actus
1365 3528 1367 3570 Ι
1394 3539 1429 3562 ut
1458 3538 1546 3572 patet
1569 3532 1608 3562 de
1632 3532 1805 3571 adulteri0‚
1830 3532 1932 3570 furto,
1958 3533 2083 3574 rapina,
2110 3533 2295 3566 homicidio.
2320 3534 2468 3565 Perversa

275 3578 329 3598 seu
355 3568 577 3609 dispositiones
600 3570 761 3601 interiores
777 3572 883 3608 animi,
904 3581 939 3604 ut
958 3581 1044 3614 patet
1060 3574 1264 3606 discurrendo
1284 3586 1340 3616 per
1364 3581 1366 3615 ξ
1393 3586 1468 3617 ergo
1493 3582 1540 3607 est
1562 3575 1777 3616 interpretatio
1801 3577 1938 3608 Martini.

942 3671 1786 3699 W—

2507 441 2515 449 ·
2531 438 2597 461 Vers.
2613 446 2637 461 ιι.

2604 497 2619 514 κ

2508 542 2515 551 “
2532 540 2588 568 Cap.
2605 547 2630 562 ιιι

2603 643 2621 669 λ

2506 680 2518 726 ἒ
2520 678 2629 727 1918ᾳῇ
2638 683 2719 726 qxvm,

2531 1401 2598 1424 Ven.
2613 1408 2649 1430 ³4·
