2768 4198
130 1578 142 1590 ⁸
155 1577 222 1601 Vere.
236 1584 262 1602 ω
275 1585 328 1608 sqq.

987 304 1254 350 QUAESTIO
1284 307 1531 357 CLXXXIX,
1560 311 1854 350 ARTICULUS
1883 314 1933 351 Vl

2472 324 2542 371 547

1197 416 1517 459 ARTICULUS
1546 419 1754 462 SEXTUS

418 493 573 524 UTRUM
597 494 797 526 PROPTER
816 495 1067 534 ossanuluM
1090 499 1328 531 PARENTUM
1352 502 1554 534 DEBEANT
1573 505 1719 542 Amoui
1744 506 1936 538 RETRAHI
1956 509 2010 540 AB
2035 510 2239 543 INGRESSU
2263 513 2504 546 REL1GioNis

651 564 743 597 Supra.
763 572 807 597 qu.
827 572 861 595 cr,
882 571 928 592 art.
947 575 972 598 4.
992 568 1023 592 ad
1042 575 1073 599 4;
1093 569 1126 593 IV
1146 570 1229 599 sent„
1250 571 1308 596 dist.
1327 579 1435 601 xxxvm.
1455 580 1498 605 qu.
1517 581 1544 603 11.
1564 579 1610 599 art.
1629 582 1654 606 4,
1674 576 1723 607 qul¹
1744 583 1767 605 2,
1787 577 1818 601 ad
1839 584 1866 608 23
1889 578 1984 607 Quodl.
2004 579 2043 609 111,
2062 587 2106 612 qu.
2124 588 2158 609 vr,
2178 586 2225 607 art.
2245 589 2274 613 2;

1128 605 1223 635 Quodl.
1241 607 1272 636 X,
1293 614 1336 639 qu.
1354 615 1379 637 v,
1399 613 1445 633 art.
1469 616 1495 639 1;
1517 609 1546 633 In
1566 609 1674 640 Mami„
1694 618 1750 644 cap.
1769 619 1802 636 rv.

402 688 463 725 „afli
485 688 556 731 ‘fui
584 682 607 706 n
626 682 768 708 snx'rum
796 684 850 709 Slc
877 685 1116 712 moer-:mrum
1147 677 1306 713 Videtur
1331 679 1436 726 quod

398 711 740 782 kfflpropter
775 726 1004 774 obsequium
1035 737 1236 776 parentum
1273 731 1438 768 debeant

390 775 422 831 ,s
484 794 510 829 ἱ(
524 778 551 818 ‘6
570 777 698 826 ¹aliqui
715 779 852 815 retrahi
873 781 920 816 ab
937 780 1107 828 ingressu
1123 783 1324 830 religionis.
1346 784 1437 820 Non

428 842 439 854 κ
461 829 490 868 1'
504 837 516 862 τ’
540 819 686 867 enim
725 831 809 868 licet
843 834 1143 880 praetermittere
1172 835 1210 872 id
1248 837 1352 884 quod
1383 845 1439 873 est

372 882 616 928 necessitatis,
646 891 687 920 ut
714 884 781 921 fiat
809 884 847 922 id
876 888 981 933 quod
1003 895 1058 923 est
1077 893 1094 909 α
1122 888 1281 926 liberum
1301 891 1438 927 volun-

370 935 447 971 tati.
478 935 555 972 Sed
585 937 745 985 obsequi
766 939 986 985 parentibus
1007 941 1105 977 cadit
1124 942 1195 977 sub
1215 942 1437 979 necessitate

371 989 562 1036 praecepti
591 990 697 1038 quod
727 990 838 1027 datur
866 991 913 1028 de
941 992 1194 1031 honoratione
1221 1003 1437 1043 parentum,

407 686 411 698 ἱ

409 702 417 710 r

369 1042 494 1078 Exod.
510 1054 557 1078 xx
572 1041 606 1078 *ε
628 1042 731 1079 unde
754 1051 790 1079 et
804 1045 1010 1092 Apostolus
1032 1046 1129 1093 dicit,
1147 1049 1159 1083 l
1177 1048 1227 1084 ad
1244 1049 1280 1084 T
1276 1048 1437 1085 im.v’¹⁸*:
1464 1062 1465 1075 ¹

371 1095 413 1131 Si
439 1106 514 1143 qua
542 1095 657 1132 vidua
673 1096 782 1143 filios
810 1103 877 1133 aut
894 1104 1043 1146 nepotes
1070 1100 1190 1145 habet,
1219 1101 1338 1138 discat
1356 1102 1438 1150 pri-

370 1159 476 1186 mum
505 1149 659 1185 domum
679 1160 788 1186 suam
808 1161 955 1200 regere,
975 1157 1011 1188 et
1027 1159 1197 1190 mutuam
1216 1154 1336 1191 vicem
1356 1156 1437 1192 red-

369 1201 459 1238 dere
489 1201 723 1250 parentibus.
768 1203 918 1251 Ingredi
956 1211 1084 1241 autem
1122 1206 1342 1254 religionem
1382 1216 1438 1245 est

369 1253 535 1304 libemss}
551 1255 752 1293 voluntati.
783 1256 884 1304 Ergo
905 1256 1057 1294 videtur
1076 1259 1180 1308 quod
1202 1272 1280 1296 non
1301 1261 1439 1298 debeat

369 1303 506 1356 aliquis
533 1308 835 1356 praetermittere
863 1318 1065 1359 parentum
1091 1312 1322 1360 obsequium
1349 1325 1438 1362 pro-

369 1369 454 1409 pter
482 1360 671 1409 religionis
699 1362 925 1411 ingressum.

424 1426 460 1451 2.
498 1414 742 1463 PRAETEREA,
782 1415 907 1454 maior
938 1416 1091 1454 videtur
1128 1430 1211 1455 esse
1254 1418 1437 1456 subiectio

368 1466 437 1505 filii
466 1467 515 1505 ad
543 1476 721 1517 parentes
750 1481 867 1519 quam
887 1469 988 1507 servi
1017 1470 1066 1508 ad
1095 1470 1318 1508 dominum:
1349 1472 1439 1522 quia

369 1520 500 1558 filiatio
531 1529 587 1558 est
614 1522 816 1566 naturalis;
853 1522 1012 1565 servitus
1045 1531 1174 1561 autem
1209 1536 1254 1560 ex
1282 1526 1438 1563 maledi-

371 1574 496 1611 ctione
516 1575 676 1623 peccati,
694 1583 737 1612 ut
754 1583 859 1625 patet
881 1576 975 1613 Gen.
992 1588 1028 1613 rx
1046 1575 1078 1614 *.
1109 1578 1186 1614 Sed
1205 1590 1340 1615 servus
1359 1591 1437 1616 non

370 1634 496 1676 potest
530 1629 828 1677 praetermittere
865 1629 1093 1678 obsequium
1134 1631 1280 1668 domini
1313 1632 1371 1668 sui
1399 1640 1440 1669 ut

370 1680 595 1728 religionem
614 1681 846 1730 ingrediatur
874 1690 939 1720 aut
967 1695 1118 1720 sacrum
1140 1684 1315 1722 ordinem
1335 1698 1440 1723 assu-

370 1742 470 1772 mat:
500 1734 597 1772 sicut
623 1735 786 1772 habetur
804 1735 843 1772 in
862 1736 1046 1784 Decretis,
1067 1737 1150 1775 dist.
1177 1738 1275 1784 LIV,
1296 1739 1339 1775 Si
1362 1751 1439 1776 ser-

368 1798 450 1825 vus.
484 1787 588 1836 Ergo
617 1789 737 1826 multo
768 1789 894 1826 minus
922 1789 1023 1827 filius
1050 1798 1175 1839 potest
1207 1791 1438 1840 obsequium

370 1840 487 1890 patris
515 1841 812 1891 praetermittere
833 1850 874 1879 ut
892 1842 1122 1891 ingrediatur
1150 1843 1384 1892 religionem.

425 1894 460 1932 3.
489 1894 734 1942 PRAETEREA,
764 1895 901 1932 maiori
930 1895 1059 1933 debito
1089 1896 1277 1948 obligatur
1304 1897 1438 1946 aliquis

308 1959 310 1961 ·
369 1947 591 1996 parentibus
612 1960 728 1997 quam
749 1948 806 1985 his
827 1948 965 1997 quibus
986 1949 1100 1986 debet
1117 1950 1334 1998 pecuniam.
1361 1952 1438 1989 Sed

129 2111 199 2160 :Lav-
205 2111 268 2160 xsln'
273 2112 342 2140 eplet.

130 2154 152 2176 ·⁸
169 2164 226 2187 em.
247 2164 342 2194 ιεςω.

227 2215 244 2250 β

129 2486 220 2510 ‘vem
235 2492 268 2510 υ.

130 2598 142 2608 ·
164 2596 290 2618 Comi.
318 2596 343 2617 ἀι

130 2622 228 2650 flattu„
243 2628 294 2651 etp.
309 2628 342 2644 m.

130 2807 206 2856 :dqu-
219 2813 250 2835 cr,
265 2811 307 2830 m.
322 2813 342 2833 2,

133 3203 143 3213 ⁸
156 3201 222 3224 Vere.
238 3202 260 3224 8.

369 1998 420 2037 illi
449 2000 514 2049 qui
544 2001 685 2038 debent
712 2001 916 2049 pecuniam
940 2002 1140 2051 aliquibus,
1171 2015 1249 2040 non
1277 2013 1439 2052 possunt

370 2053 593 2102 religionem
621 2054 789 2102 ingredi:
820 2055 909 2092 dicit
938 2055 1038 2092 enim
1069 2056 1286 2104 Gregorius,
1308 2057 1347 2095 in
1364 2059 1439 2095 Re-

368 2107 454 2158 gist.
474 2106 507 2155 ⁴⁸,
537 2114 573 2144 et
592 2107 753 2144 habetur
771 2107 810 2145 in
829 2108 1014 2155 Decretis,
1044 2108 1127 2146 dist.
1149 2110 1233 2146 LIII
1253 2109 1304 2157 *ἢ
1334 2112 1440 2160 quod

368 2161 402 2197 si
427 2160 468 2197 hi
494 2161 561 2209 qui
585 2166 672 2197 sunt
698 2161 906 2199 rationibus
927 2161 1090 2210 publicis
1117 2160 1291 2213 obligati,
1321 2175 1439 2212 quan-

369 2213 492 2262 doque
511 2211 527 2243 β
554 2214 824 2252 monasterium
852 2220 1004 2264 petunt,
1039 2215 1142 2252 nullo
1176 2216 1288 2253 modo
1324 2218 1438 2254 susci-

363 2267 497 2317 piendi
520 2273 618 2312 sunt,
649 2267 722 2304 nisi
741 2267 852 2316 prius
879 2280 904 2305 a
928 2268 1088 2318 negotiis
1110 2269 1272 2318 publicis
1294 2270 1441 2316 suerint

369 2320 541 2357 absoluti.
581 2321 684 2368 Ergo
718 2320 872 2358 videtur
909 2321 1014 2369 quod
1052 2322 1172 2358 multo
1209 2322 1335 2359 minus
1371 2323 1439 2360 filii

369 2381 531 2423 possunt
554 2373 776 2422 religionem
797 2374 952 2422 ingredi,
981 2374 1249 2423 praetermisso
1278 2383 1439 2424 paterno

370 2426 573 2476 obsequio.

425 2480 500 2517 SED
521 2491 669 2517 coum
687 2491 754 2517 EST
782 2480 888 2529 quod
914 2480 1049 2518 Matth.
1072 2492 1109 2517 iv
1127 2480 1148 2502 '¹‘
1176 2480 1312 2518 dicitur
1334 2482 1439 2531 quod

370 2533 534 2570 Iacobus
564 2540 600 2570 et
627 2533 807 2580 loannes,
837 2533 974 2570 relictis
1001 2534 1140 2570 retibus
1167 2540 1204 2570 et
1224 2540 1356 2582 patre,
1383 2546 1439 2571 se-

370 2586 447 2623 cuti
471 2592 559 2623 sunt
585 2585 808 2623 Dominum.
835 2587 902 2623 Ex
919 2598 1006 2635 quo,
1035 2593 1077 2622 ut
1104 2585 1271 2624 Hilarius
1301 2587 1388 2624 dicit
1406 2587 1438 2634 *,

370 2639 563 2684 docemur,
589 2639 778 2676 Christum
814 2640 994 2684 secuturi,
1028 2645 1064 2675 et
1097 2639 1304 2676 saecularis
1340 2640 1441 2677 vitae

369 2691 618 2730 sollicitudine
645 2697 681 2728 et
702 2697 888 2740 paternae
914 2692 1048 2729 domus
1077 2692 1343 2730 consuetudine
1363 2705 1438 2730 non

371 2745 501 2782 teneri.

425 2799 653 2836 REsponnt-:o
672 2809 858 2835 monimum
878 2797 997 2846 quod,
1017 2797 1112 2834 sicut
1131 2797 1275 2846 supra*
1295 2798 1438 2835 dictum

371 2859 448 2898 est,
478 2863 566 2888 cum
606 2851 653 2888 de
691 2850 830 2899 pietate
863 2858 1054 2899 ageretur,
1086 2858 1263 2899 parentes
1297 2851 1440 2888 habent

372 2905 559 2942 rationem
579 2903 766 2952 principii,
786 2903 1011 2952 inquantum
1031 2903 1270 2941 huiusmodi:
1297 2911 1333 2940 et
1352 2904 1438 2942 ideo

360 2971 441 3008 yper
468 2970 510 2994 se
539 2957 591 2994 eis
621 2957 802 2994 convenit
833 2965 875 2993 ut
901 2956 1070 2993 filiorum
1100 2969 1230 2993 curam
1258 2957 1436 2995 habeant.

372 3012 422 3049 Et
449 3018 606 3060 propter
632 3010 726 3055 hoc,
756 3022 834 3046 non
862 3009 991 3046 liceret
1018 3009 1129 3046 alicui
1156 3009 1255 3046 filios
1283 3010 1439 3047 habenti

371 3064 595 3112 religionem
615 3063 772 3111 ingredi,
802 3062 962 3100 omnino
989 3062 1257 3111 praetermissa
1286 3075 1377 3100 cura
1394 3064 1438 3100 fi-

371 3117 524 3163 liorum,
553 3117 661 3163 idest,
691 3128 768 3153 non
797 3115 953 3164 proviso
982 3115 1142 3164 qualiter
1170 3115 1322 3152 educari
1349 3128 1438 3164 pos-

372 3170 446 3207 sint
464 3175 498 3206 Y:
528 3169 664 3207 dicitur
692 3169 795 3206 enim
825 3170 838 3205 Ι
864 3169 916 3205 ad
946 3169 1041 3205 Tim.
1062 3180 1086 3204 v
1104 3168 1135 3214 ³¹²,
1166 3169 1273 3216 quod
1300 3168 1335 3205 si
1357 3170 1439 3217 quis

371 3234 529 3259 suorum
557 3234 691 3259 curam
721 3234 795 3259 non
823 3222 953 3267 habet,
971 3221 1094 3269 fidem
1123 3221 1296 3270 negavit,
1325 3227 1362 3257 et
1387 3228 1440 3258 est

372 3275 515 3323 infideli
540 3275 712 3312 deterior.
756 3276 830 3312 Per
858 3274 1032 3311 accidens
1058 3282 1187 3310 tamen
1220 3274 1438 3322 parentibus

374 3327 556 3365 convenit
580 3335 623 3364 ut
650 3340 673 3364 a
699 3328 786 3364 filiis
809 3327 1056 3364 adiuventur:
1090 3327 1314 3375 inquantum
1343 3327 1438 3363 scili-

373 3389 432 3418 cet
460 3388 547 3418 sunt
574 3380 612 3417 in
640 3380 864 3417 necessitate
893 3381 1020 3428 aliqua
1048 3379 1250 3417 constituti.

427 3435 477 3470 Et
512 3433 601 3469 ideo
640 3433 847 3469 dicendum
884 3442 939 3470 est
976 3434 1101 3483 quod,
1139 3432 1358 3481 parentibus
1399 3432 1438 3469 in

374 3486 596 3524 necessitate
631 3485 873 3522 existentibus
915 3486 967 3523 ita
1000 3486 1106 3536 quod
1142 3485 1194 3522 eis
1231 3485 1437 3522 commode

427 3600 454 3632 α)
475 3603 523 3625 est.
535 3613 553 3618 -
571 3596 636 3624 Om.
652 3598 802 3632 ABFILpC.

427 3634 452 3667 β)
473 3635 497 3660 si
514 3634 567 3660 hi...
585 3633 753 3666 quandoque.
765 3648 785 3653 -
803 3633 857 3659 hi...
876 3633 983 3666 quando
1001 3635 1047 3660 Pa.

1493 679 1598 717 aliter
1634 693 1750 729 quam
1788 695 1855 730 per
1893 685 2119 734 obsequium
2154 687 2319 724 filiorum
2357 691 2549 728 subveniri

1493 744 1570 769 non
1590 734 1721 781 possit,
1738 747 1815 771 non
1835 736 1919 772 licet
1942 738 2037 784 filiis,
2052 741 2320 787 praetermisso
2348 751 2547 790 parentum

1493 785 1690 834 obsequio,
1712 787 1932 835 religionem
1960 790 2108 828 intrare.
2139 793 2177 828 Si
2201 805 2295 830 vero
2323 807 2400 831 non
2421 796 2548 834 sintin

1492 838 1553 874 tali
1582 840 1802 876 necessitate
1838 850 1879 878 ut
1910 843 2076 880 filiorum
2105 845 2290 894 obsequio
2313 849 2474 885 multum
2495 850 2549 886 in-

1493 890 1660 938 digeant,
1690 902 1868 941 possunt,
1898 897 2164 943 praetermisso
2202 908 2401 947 parentum
2437 903 2547 939 obse-

1492 943 1595 991 quio,
1616 944 1683 981 filii
1711 946 1931 994 religionem
1960 949 2108 996 intrare,
2140 951 2252 988 etiam
2282 962 2411 990 contra
2443 967 2549 1003 prae-

1493 1004 1646 1044 ceptum
1674 1007 1896 1047 parentum:
1940 1002 2028 1050 quia
2055 1011 2141 1051 post
2173 1016 2293 1041 annos
2322 1007 2547 1054 pubertatis,

1493 1050 1649 1096 quilibet
1681 1051 1866 1099 ingenuus
1903 1053 2112 1092 libertatem
2141 1057 2254 1093 habet
2287 1066 2471 1105 quantum
2501 1061 2549 1097 ad

1493 1113 1537 1138 ea
1573 1115 1671 1151 quae
1699 1104 1887 1152 pertinent
1924 1108 1972 1143 ad
2010 1108 2296 1156 dispositionem
2330 1112 2385 1147 sui
2419 1121 2547 1160 status,

1492 1156 1711 1203 praesertim
1746 1157 1783 1194 in
1811 1158 1869 1194 his
1903 1172 2000 1208 quae
2033 1169 2120 1197 sunt
2147 1162 2265 1199 divini
2293 1164 2484 1214 obsequii;
2513 1174 2549 1203 et

1492 1209 1617 1257 magis
1641 1215 1693 1246 est
1720 1210 2050 1259 obtemperandum
2072 1214 2180 1251 Patri
2194 1215 2402 1264 spirituum,
2432 1223 2473 1254 ut
2497 1219 2549 1255 vi-

1491 1271 1644 1307 vamus,
1673 1274 1786 1311 quam
1818 1266 2037 1312 parentibus
2073 1268 2215 1313 carnis,
2249 1276 2289 1305 ut
2325 1271 2547 1318 Apostolus,

1491 1314 1591 1351 Heh.
1612 1314 1706 1361 x11*,
1727 1315 1826 1353 dicit.
1847 1317 1957 1355 Unde
1977 1318 2178 1366 Dominus,
2198 1328 2239 1357 ut
2256 1321 2388 1369 legitur
2415 1324 2547 1361 Matth.

1492 1378 1553 1403 vm
1571 1367 1592 1388 '¹‘
1621 1375 1656 1404 et
1684 1369 1776 1405 Luc.
1806 1381 1840 1406 1x
1863 1369 1922 1416 **‚
1953 1372 2192 1420 reprehendit
2226 1373 2449 1423 discipulum
2487 1377 2550 1424 qui

1493 1419 1648 1457 nolebat
1673 1432 1761 1458 eum
1785 1421 1909 1459 statim
1938 1424 2043 1471 sequi
2063 1425 2195 1462 intuitu
2221 1434 2400 1474 paternae
2429 1430 2550 1478 sepul-

1492 1479 1620 1509 turae:
1650 1479 1759 1510 erant
1775 1475 1874 1511 enim
1897 1476 1964 1512 alii
1974 1488 2047 1524 per
2065 1489 2156 1525 quos
2175 1478 2266 1516 illud
2291 1492 2383 1528 opus
2406 1482 2552 1530 impleri

1489 1530 1648 1573 poterat,
1673 1533 1713 1563 ut
1742 1527 2038 1576 Chrysostomus
2068 1529 2154 1567 dicit
2170 1531 2202 1568 ³¹².

1546 1580 1605 1615 An
1625 1590 1762 1616 ΡκιΜυΜ
1782 1591 1881 1617 ERGO
1901 1593 2085 1620 DtCENDUM
2106 1584 2212 1630 quod
2234 1593 2479 1634 praeceptum
2504 1587 2551 1624 de

1492 1631 1745 1669 honoratione
1774 1642 1975 1682 parentum
2005 1647 2083 1672 non
2111 1638 2235 1674 solum
2257 1650 2297 1674 se
2317 1639 2482 1676 extendit
2503 1639 2552 1677 ad

1494 1685 1706 1734 corporalia
1735 1687 1929 1735 obsequia,
1960 1688 2028 1725 sed
2057 1689 2167 1726 etiam
2195 1690 2486 1739 ad'spiritualia‚
2517 1701 2553 1730 et

1493 1739 1540 1774 ad
1569 1738 1822 1776 reverentiam
1852 1740 2116 1779 exhibendam.
2160 1743 2208 1779 Et
2235 1743 2322 1780 ideo
2360 1744 2473 1782 etiam
2502 1745 2552 1782 illi

1493 1791 1558 1839 qui
1579 1799 1666 1828 sunt
1683 1791 1722 1828 in
1748 1791 1926 1840 religione
1954 1793 2111 1842 implere
2129 1804 2288 1844 possunt
2306 1805 2549 1847 praeceptum

1494 1845 1540 1882 de
1569 1845 1821 1882 honoratione
1850 1854 2060 1894 parentum,
2089 1860 2159 1896 pro
2180 1848 2232 1885 eis
2254 1850 2411 1897 orando,
2441 1857 2478 1887 et
2497 1851 2550 1888 eis

1494 1898 1746 1935 reverentiam
1776 1906 1812 1934 et
1840 1899 2017 1936 auxilium
2042 1900 2314 1949 impendendO,
2340 1903 2548 1941 secundum

1494 1951 1598 2000 quod
1627 1951 1821 1999 religiosos
1850 1953 1968 1989 decet.
2000 1953 2099 1999 Quia
2128 1954 2239 1991 etiam
2259 1955 2309 1991 illi
2329 1955 2394 2004 qui
2412 1956 2449 1993 in
2469 1969 2549 1994 sae-

1493 2005 1578 2041 culo
1607 2003 1752 2050 vivunt,
1784 2004 2041 2042 diversimode
2069 2015 2244 2055 parentes
2270 2009 2470 2054 honorant,
2493 2022 2549 2046 se-

1494 2058 1663 2095 eundum
1694 2069 1827 2094 eorum
1858 2058 2129 2096 conditionem.

1546 2112 1604 2147 AD
1625 2121 1815 2148 SECUNDUM
1840 2122 2024 2148 DICENDUM
2051 2113 2168 2160 quod,
2198 2114 2287 2160 quia
2316 2114 2475 2151 servitus
2495 2123 2549 2152 est

1492 2163 1531 2200 in
1558 2175 1726 2212 poenam
1755 2164 1899 2212 peccati
1928 2164 2090 2211 inducta,
2121 2165 2206 2202 ideo
2236 2178 2303 2215 per
2330 2167 2548 2204 servitutem

1493 2217 1635 2265 aliquid
1654 2216 1834 2254 adimitur
1852 2217 1997 2254 homini
2017 2218 2122 2266 quod
2142 2218 2231 2255 alias
2251 2219 2284 2255 ei
2304 2228 2546 2269 competeret,

1492 2282 1539 2307 ne
1573 2269 1713 2307 scilicet
1749 2269 1865 2306 libere
1901 2270 1947 2307 de
1976 2282 2044 2306 sua
2072 2283 2236 2319 persona
2273 2272 2391 2320 possit
2423 2273 2548 2321 dispo-

1493 2335 1605 2360 nere:
1634 2334 1766 2359 servus
1794 2322 1895 2359 enim
1916 2323 1954 2359 id
1973 2324 2074 2371 quod
2090 2329 2153 2369 est,
2173 2325 2316 2361 domini
2341 2331 2395 2362 est
2410 2325 2441 2362 ²¹².
2472 2326 2548 2363 Sed

1492 2375 1592 2413 filius
1621 2387 1699 2412 non
1718 2375 1856 2423 patitur
1876 2375 2145 2412 detrimentum
2166 2389 2211 2413 ex
2228 2378 2303 2413 hoc
2331 2378 2435 2426 quod
2462 2379 2549 2415 sub-

1491 2429 1610 2466 iectus
1640 2436 1694 2465 est
1722 2428 1838 2476 patri,
1877 2429 1967 2477 quin
2003 2428 2122 2477 possit
2149 2429 2197 2466 de
2225 2442 2292 2466 sua
2318 2443 2483 2478 persona
2509 2431 2549 2468 li-

1492 2483 1581 2519 bere
1621 2481 1822 2530 disponere
1860 2482 2121 2519 transferendo
2158 2495 2199 2519 se
2236 2482 2284 2520 ad
2322 2483 2548 2531 obsequium

1491 2534 1585 2572 Dei:
1615 2534 1720 2582 quod
1749 2534 1913 2571 maxime
1941 2534 2101 2582 pertinet
2128 2535 2177 2572 ad
2204 2535 2370 2572 hominis
2390 2537 2547 2574 bonum.

1545 2589 1604 2624 AD
1632 2598 1795 2624 TERTIUM
1827 2599 2010 2624 DlCENDUM
2043 2588 2148 2635 quod
2183 2587 2243 2624 ille
2275 2588 2339 2636 qui
2368 2596 2424 2625 est
2455 2590 2548 2626 obli-

1492 2647 1600 2688 gatus
1629 2640 1677 2677 ad
1706 2639 1844 2687 aliquid
1874 2647 2039 2685 certum,
2078 2652 2154 2676 non
2183 2648 2308 2688 potest
2334 2640 2424 2678 illud
2452 2641 2547 2679 licite

1491 2693 1802 2743 praetermittere,
1823 2692 1996 2729 facultate
2019 2700 2183 2730 exstante
2202 2691 2226 2729 ὅ.
2256 2694 2305 2729 Et
2323 2693 2410 2730 ideo
2433 2694 2463 2730 si
2483 2695 2548 2733 ali-

1492 2746 1577 2796 quis
1606 2746 1652 2783 sit
1679 2745 1865 2792 obligatus
1898 2753 1939 2781 ut
1966 2745 2074 2782 alicui
2109 2745 2294 2782 rationem
2322 2753 2457 2795 ponat,
2486 2749 2547 2784 vel

1491 2807 1532 2836 ut
1561 2806 1706 2836 certum
1731 2798 1901 2835 debitum
1922 2798 2064 2844 reddat,
2094 2810 2172 2835 non
2199 2805 2324 2846 potest
2349 2799 2423 2835 hoc
2451 2799 2547 2837 licite

1491 2851 1790 2901 praetermittere
1809 2859 1850 2887 ut
1865 2850 2085 2898 religionem
2099 2851 2338 2899 ingrediatur.
2361 2851 2400 2888 Si
2419 2859 2547 2889 tamen

1493 2905 1631 2942 debeat
1664 2904 1831 2952 aliquam
1869 2903 2072 2952 pecuniam
2107 2911 2143 2940 et
2175 2916 2252 2940 non
2280 2904 2419 2941 habeat
2446 2905 2545 2942 unde

1492 2957 1646 3004 reddat,
1684 2965 1834 2994 tenetur
1868 2957 1990 2993 facere
2028 2956 2130 3005 quod
2159 2964 2302 3005 potest:
2337 2965 2379 2993 ut
2409 2957 2547 2994 scilicet

1492 3010 1603 3047 cedat
1631 3010 1743 3046 bonis
1763 3009 1838 3046 suis
1867 3009 2053 3046 creditori.
2082 3010 2242 3057 Propter
2260 3009 2461 3058 pecuniam
2481 3023 2545 3047 au-

1491 3071 1569 3100 tem
1606 3075 1772 3112 persona
1799 3062 1905 3099 liberi
1933 3061 2116 3108 hominis,
2150 3062 2360 3099 secundum
2388 3061 2470 3099 iura
2498 3063 2546 3099 ci-

1491 3115 1581 3152 vilia
1599 3116 1630 3162 *,
1660 3128 1738 3152 non
1766 3115 1962 3163 obligatur,
1991 3114 2057 3151 sed
2086 3115 2209 3151 solum
2239 3127 2318 3150 res:
2347 3114 2435 3162 quia
2462 3127 2545 3163 per-

1464 3159 1467 3196 l
1492 3181 1586 3205 sona
1605 3168 1711 3217 liberi
1730 3167 1895 3204 hominis
1914 3173 2067 3216 superat
2086 3179 2233 3203 omnem
2253 3168 2545 3204 aestimationem

1485 3221 1672 3270 pecuniae
1685 3220 1715 3257 ²¹².
1736 3220 1847 3257 Unde
1867 3228 1990 3268 potest
2009 3220 2117 3266 licite,
2134 3219 2305 3256 exhibitis
2325 3220 2436 3256 rebus
2456 3221 2544 3266 suis,

1492 3274 1711 3321 religionem
1741 3273 1889 3319 intrare,
1910 3285 1980 3309 nec
2008 3281 2155 3309 tenetur
2182 3272 2220 3309 in
2243 3273 2395 3309 saeculo
2422 3285 2545 3310 rema-

1492 3339 1581 3363 nere
1609 3334 1650 3362 ut
1677 3333 1855 3374 procuret
1881 3325 1985 3362 unde
2014 3325 2183 3362 debitum
2208 3325 2348 3362 reddat.
2378 3346 2401 3353 -
2431 3325 2545 3362 Filius

1491 3387 1620 3416 autem
1647 3391 1726 3415 non
1753 3385 1901 3415 tenetur
1929 3378 1976 3415 ad
2005 3378 2158 3426 aliquod
2186 3378 2347 3426 speciale
2376 3378 2545 3425 debitum

1491 3431 1606 3480 patri:
1641 3431 1710 3468 nisi
1743 3431 1837 3467 forte
1871 3430 1909 3466 in
1942 3442 2030 3467 casu
2058 3430 2307 3477 necessitatis,
2336 3438 2377 3466 ut
2405 3431 2543 3468 dictum

1492 3492 1548 3521 est
1565 3483 1597 3520 ²¹⁸.

1544 3597 1571 3631 γ)
1585 3597 1700 3630 possim.
1710 3609 1730 3617 -
1743 3599 1858 3629 possunt
1876 3595 1923 3629 pc,
1943 3595 2054 3621 debeant
2072 3595 2103 3625 D.
2117 3598 2229 3628 possent
2246 3596 2322 3620 ceteri
2341 3600 2366 3620 et
2383 3602 2408 3620 a.

1545 3632 1570 3666 δ)
1589 3634 1724 3658 exstante.
1736 3645 1755 3651 —
1772 3631 1918 3656 exsistente
1937 3630 2008 3656 pua.

2577 1336 2585 1345 ⁸
2600 1335 2664 1357 Vm.
2680 1343 2702 1365 9.

2577 1389 2585 1398 ·
2600 1388 2666 1410 ven.
2680 1395 2710 1414 ιι,
2725 1395 2758 1410 22.

2579 1416 2597 1425 ⁸·
2611 1414 2677 1436 Vers.
2692 1421 2726 1443 59,
2742 1416 2768 1437 60

2578 1537 2766 1560 ⁸H0mi1.xxvl

2577 1564 2604 1585 al.
2629 1564 2738 1591 XXVIII,
2762 1572 2768 1586 ι

2578 1590 2660 1612 Matth.

2574 3132 2581 3139 ·
2598 3129 2655 3151 Cod.
2672 3129 2711 3154 lv,
2720 3135 2742 3154 x,
2753 3128 2768 3149 d

2576 3156 2652 3183 Obtig.
2657 3155 2768 3177 etAction,

2573 3188 2601 3203 η.

2573 3231 2582 3239 ⁸
2590 3230 2625 3251 Cf.
2634 3229 2684 3257 Dig.
2694 3229 2719 3254 L,
2728 3234 2768 3249 xvi]

2573 3256 2602 3277 de
2614 3256 2660 3277 div.
2672 3261 2722 3282 reg.
2734 3254 2768 3275 Iur

2572 3284 2630 3308 ant,
2648 3281 2694 3307 106,
2710 3280 2753 3307 176.

2572 3482 2581 3491 ⁸
2594 3481 2618 3502 ln
2632 3485 2736 3507 corpore.
