2768 4198
81 545 91 554 ⁴
118 543 155 564 Cf.
184 541 277 569 prolog.
288 556 294 567 ,

81 569 214 591 Comment.

81 595 151 647 2255
162 601 181 643 ἓ

81 654 144 670 num>
161 654 176 670 Ι.

83 949 94 960 ·
107 948 175 976 thid„
189 954 253 970 num.
270 953 296 970 ιιι

89 2046 99 2056 ·
112 2045 170 2074 Cap.
184 2050 249 2068 ιιιιι.

1006 271 1276 319 QUAESTIO
1305 272 1444 318 CXLI,
1474 269 1774 308 ARTlCULUS
1805 269 1835 304 11

2447 264 2516 301 123

1006 399 1341 432 Commentaria
1363 398 1616 431 cardinalis
1638 396 1843 430 Caietam

366 506 479 528 ΕΡΤΙΜΑ
502 505 574 536 pars
597 494 694 525 huius
717 493 788 524 libri
807 493 858 524 hic
881 493 1006 532 incipit,
1024 493 1056 523 in
1073 503 1138 533 qua
1155 493 1193 523 de
1215 500 1392 532 temperan-

379 541 407 571 ‘a
430 547 580 571 tractatur
595 539 622 570 *.
654 539 695 569 Et
718 538 874 579 quoniam
897 537 1052 568 Martinus
1077 537 1252 568 antedictus
1271 536 1307 555 **
1330 536 1393 566 edi-

182 599 296 643 {kuffitlll’
323 586 369 616 dit
384 585 480 616 etiam
495 590 665 616 tractatum
680 583 719 614 de
731 582 967 623 Temperantia,
981 582 1036 612 ubi
1052 582 1231 612 doctrinam
1246 580 1395 612 Auctoris

323 640 361 661 ex
376 629 545 670 proposito
569 628 757 668 impugnat;
777 627 861 663 ideo,
879 626 960 657 sicut
983 627 1016 656 in
1040 633 1173 657 tractatu
1197 626 1235 656 de
1257 625 1395 656 Fortitu-
1422 643 1424 662 ἵ

323 674 396 705 dine
420 674 524 704 eidem
547 672 789 713 respondimus,
814 671 856 702 ita
880 681 1012 712 quoque
1042 671 1074 701 in
1098 670 1255 711 praesenti
1285 670 1396 700 divum
1422 684 1426 709 ς

323 719 488 750 ”rhomam
511 718 550 748 ab
573 717 642 748 eius
666 716 797 748 obiectis
821 716 902 747 tueri
925 715 1132 746 intendimus,

327 817 375 880 In
399 807 506 847 primo
522 806 656 838 articulo
673 805 870 847 quaestionis
886 803 1400 845 centesimaequadragesimaepri-

355 861 436 888 mae,
461 859 549 887 nota,
573 851 607 882 in
631 860 765 891 corpore
788 850 924 888 articuli,
941 850 1030 890 quod
1055 859 1130 880 cum
1153 849 1197 879 ibi
1219 848 1298 888 legis
1318 855 1397 878 tem-

324 896 501 936 perantiam
524 896 597 926 ideo
622 906 690 926 esse
712 895 863 926 virtutem
882 895 959 935 quia
976 893 1108 924 inclinat
1125 893 1165 924 ad
1181 893 1315 928 bonum,
1332 902 1398 923 non
1425 903 1426 910 ³

324 940 413 972 aliter
426 941 614 981 intelligitur
629 950 729 982 quam
745 939 892 980 superius
907 939 925 958 *
948 939 1071 969 dictum
1088 945 1143 974 est,
1161 937 1216 968 ubi
1232 937 1338 978 posita
1354 944 1400 967 est

325 984 500 1016 differentia
522 985 604 1016 inter
628 984 831 1026 prudentiam
854 983 1073 1023 iustitiamque
1097 992 1134 1013 ex
1158 991 1232 1018 una,
1257 988 1287 1012 et
1310 981 1399 1012 forti-

325 1029 470 1060 tudinem
488 1040 524 1060 ac
539 1029 782 1070 temperantiam
807 1039 844 1059 ex
866 1028 928 1059 alia
947 1034 1050 1068 parte:
1075 1026 1192 1057 scilicet
1215 1025 1306 1066 quod
1329 1025 1400 1055 illae

326 1074 441 1105 directe
466 1074 586 1105 faciunt
608 1075 733 1105 bonum
756 1073 898 1109 rationis,
914 1073 991 1103 istae
1015 1073 1139 1102 bonum
1159 1069 1290 1100 rationis
1306 1076 1400 1100 tuen-

325 1126 377 1150 tur
401 1126 511 1150 contra
542 1119 731 1159 passionum
761 1118 912 1158 impetus.
943 1115 1100 1147 Inclinant
1129 1124 1205 1154 ergo
1229 1123 1343 1144 omnes
1367 1113 1400 1143 in

326 1165 460 1200 bonum,
477 1161 532 1194 sed
555 1163 785 1194 diversimode:
810 1162 884 1192 illae
907 1161 1024 1192 directe
1048 1159 1194 1190 faciendo
1213 1158 1304 1194 illud,
1323 1158 1401 1188 istae

1107 1337 1427 1380 ARTlCULUS

1419 490 1423 542 Ι
1449 491 1568 522 tuendo
1602 490 1696 520 idem.
1731 489 1816 519 Nam
1847 487 2074 529 temperantia,
2108 485 2326 517 modificando
2359 486 2523 527 passiones

1450 534 1716 575 concupiscibilis,
1740 534 1860 564 bonam
1883 532 2083 563 voluntatem
2107 531 2256 568 custodit,
2277 531 2374 570 fovet,
2395 531 2522 572 implet;

1451 587 1481 611 et
1504 590 1561 620 per
1583 579 1670 615 haec,
1695 578 1795 609 facere
1819 577 2066 618 quodammodo
2090 576 2214 607 dicitur.

1508 625 1542 654 ln
1558 624 1673 655 eodem
1690 623 1834 660 articulo,
1847 622 1880 652 in
1893 621 2102 663 responsione
2118 621 2157 651 ad
2174 621 2328 662 primum,
2342 627 2419 651 nota
2435 620 2524 661 quod

1452 676 1542 700 caute
1565 671 1687 699 Auctor
1705 667 1859 708 loquitur,
1885 667 1991 697 dicens
2009 667 2099 709 quod
2127 666 2340 707 temperantia
2364 675 2427 696 non
2451 674 2524 695 con-

1424 746 1425 756 ,
1452 715 1614 745 trariatur
1640 713 1840 743 inclinationi
1871 717 2011 742 naturae
2035 712 2206 742 humanae.
2241 710 2406 748 Quoniam
2434 719 2524 740 secus

1452 766 1499 789 est
1515 758 1553 788 de
1569 757 1828 788 inclinationibus
1852 756 2116 796 complexionum
2139 755 2385 786 individualium
2401 754 2524 795 aliquo-

1452 813 1524 834 rum
1555 801 1737 832 hominum.
1770 801 1990 832 Contrariatur
2019 801 2177 842 siquidem
2201 800 2411 841 temperantia
2434 805 2525 830 natu-

1452 847 1510 878 rali
1532 846 1730 877 inclinationi
1752 845 1838 876 illius
1866 845 1923 886 qui
1953 853 2046 876 natus
2070 852 2116 876 est
2139 846 2179 876 ad
2202 845 2441 881 luxuriandum,
2466 851 2524 875 etc.

1453 891 1548 922 Nasci
1572 901 1712 931 namque
1727 890 1888 931 quosdam
1903 890 2086 926 iracundos,
2102 890 2262 931 quosdam
2286 889 2526 930 intemperatos,

1425 939 1427 970 ζ
1453 939 1612 977 quosdam
1636 935 1793 970 bestiales,
1811 934 1931 965 clarum
1955 941 2016 964 est:
2041 934 2124 965 sicut
2146 934 2307 975 quosdam
2330 933 2526 974 contempla-

1454 981 1547 1015 tivos,
1571 979 1732 1020 quosdam
1755 979 1903 1019 pictores,
1927 985 1986 1009 etc.

1511 1025 1546 1055 In
1570 1024 1686 1054 eodem
1710 1023 1858 1059 articulo,
1884 1022 1916 1053 in
1940 1022 2149 1062 responsione
2173 1023 2214 1053 ad
2237 1023 2377 1059 tertium,
2400 1023 2527 1053 adverte

1454 1069 1554 1109 quod,
1572 1068 1647 1108 quia
1674 1068 1712 1097 de
1736 1067 1827 1098 nullo
1852 1074 1947 1097 restat
1966 1068 2055 1097 dono
2080 1067 2291 1103 tractandum,
2308 1068 2381 1098 ideo
2405 1070 2528 1098 Auctor

1453 1113 1486 1143 in
1511 1112 1670 1153 principio
1702 1118 1854 1143 tractatus
1878 1111 1975 1142 huius
2006 1111 2133 1152 expedit
2156 1121 2189 1142 se
2214 1112 2252 1142 de
2277 1113 2527 1152 corresponden-

1453 1157 1496 1188 tia
1520 1157 1598 1187 doni
1622 1156 1662 1187 ad
1685 1156 1836 1187 virtutem
1860 1155 2099 1196 temperantiae.

1457 1336 1761 1379 SECUNDUS

924 1441 1081 1473 UTRUM
1105 1440 1421 1471 TEMPERANTIA
1444 1439 1512 1471 SIT
1535 1438 1752 1470 SPEClALlS
1776 1439 1935 1469 VIRTUS

525 1534 617 1566 Supra,
637 1539 682 1565 qu.
700 1538 811 1561 cxxxvu,
830 1537 878 1556 art.
902 1537 929 1560 ις
948 1530 1021 1560 infra,
1041 1535 1088 1555 art.
1108 1538 1134 1561 4,
1153 1529 1185 1554 ad
1209 1537 1236 1559 13
1257 1528 1280 1553 1⁸
1300 1528 1356 1558 11³⁸.
1376 1536 1421 1561 qu.
1441 1535 1490 1557 m.
1510 1533 1557 1552 art.
1579 1527 1609 1558 3,
1629 1535 1661 1559 4;
1681 1527 1711 1552 111
1733 1527 1817 1557 Sent„
1837 1527 1897 1552 dist.
1916 1534 2002 1557 xxxxii,
2021 1535 2066 1560 qu.
2086 1535 2103 1557 ι,
2122 1533 2170 1552 art.
2194 1535 2214 1556 1,
2235 1527 2284 1560 qu⁸
2305 1527 2334 1557 ’,ἔς

1181 1565 1214 1590 de
1232 1564 1339 1594 Vir-tut„
1359 1572 1404 1596 qu.
1422 1571 1440 1594 ι,

541 1670 564 1695 n
580 1669 774 1695 SECUNDUM
794 1668 848 1693 stc
863 1666 1106 1693 PRocEmTUR.
1122 1654 1281 1692 Videtur
1296 1653 1402 1703 quod
1428 1657 1432 1665 ’

478 1752 495 1774 θ
541 1710 793 1760 temperantia
809 1722 888 1747 non
902 1709 949 1747 sit
963 1708 1137 1758 specialis
1153 1707 1283 1745 virtus.
1305 1707 1404 1745 Dicit

347 1796 367 1813 ,v
487 1765 646 1802 enirn
675 1763 928 1812 Augustinus,
959 1763 996 1800 in
1026 1763 1123 1799 libro
1152 1762 1199 1798 de
1225 1762 1405 1798 Moribus

347 1812 359 1823 ⁶
388 1813 481 1848 *⁷''5flt
498 1812 530 1855 *s
577 1819 665 1856 ccle.
681 1818 713 1866 *,
734 1818 841 1866 quod
862 1818 910 1854 ad
930 1815 1223 1864 temperantiam
1243 1814 1406 1864 pertinet

330 1873 411 1910 Deo
439 1884 520 1910 sese
548 1873 740 1922 integrum
769 1871 1106 1918 incorruptumque
1128 1880 1294 1906 servare.
1327 1867 1404 1905 Sed

327 1927 403 1964 hoc
432 1925 613 1963 convenit
641 1925 747 1962 omni
771 1923 913 1961 virtuti.
943 1923 1046 1971 Ergo
1076 1921 1328 1971 temperantia
1349 1929 1406 1958 est
1430 1926 1432 1944 ¹

327 1980 447 2017 virtus
475 1978 675 2027 generalis.
1430 1967 1433 2024 ἶ

385 2045 420 2071 2.
442 2034 679 2078 PRAETEREA,
704 2030 932 2068 Ambrosius
953 2028 1054 2077 dicit,
1084 2029 1122 2066 in
1142 2030 1156 2066 1
1177 2029 1223 2065 de
1246 2028 1355 2077 Offic.
1371 2027 1403 2074 *,
1431 2051 1433 2074 ,

330 2086 436 2136 quod
465 2087 503 2123 in
532 2085 780 2135 temperantia
808 2084 979 2121 maxime
1006 2082 1258 2131 tranquillitas
1285 2081 1408 2119 animi
1431 2078 1433 2122 ξ

329 2146 519 2190 spectatur
532 2145 570 2176 et
581 2140 788 2188 quaeritur.
810 2137 888 2175 Sed
903 2138 978 2174 hoc
993 2136 1157 2186 pertinet
1176 2136 1226 2173 ad
1246 2147 1405 2172 omnem
1431 2129 1433 2171 Ϊ

329 2195 523 2232 virtutem.
561 2193 664 2242 Ergo
692 2190 945 2241 temperantia
973 2197 1030 2227 est
1055 2189 1243 2238 generalis
1271 2188 1403 2226 virtus.
1431 2191 1433 2239 j

387 2249 422 2286 3.
451 2247 694 2291 PRAETEREA,
724 2245 875 2282 Tullius
904 2243 1014 2288 dicit,
1043 2241 1082 2279 in
1113 2243 1125 2279 1
1155 2243 1202 2279 de
1234 2242 1343 2291 Offic.
1364 2242 1404 2287 ³¹²,
1431 2245 1433 2293 j

331 2301 438 2353 quod
455 2301 636 2338 decorum
654 2300 704 2336 ab
721 2299 875 2335 honesto
896 2297 1025 2346 nequit
1039 2296 1226 2345 separari,
1245 2304 1280 2332 et
1300 2296 1404 2345 quod

330 2356 427 2393 iusta
455 2353 584 2391 omnia
612 2352 752 2390 decora
778 2357 877 2388 sunt.
916 2351 995 2389 Sed
1029 2350 1214 2387 decorum
1250 2350 1405 2399 proprie
1432 2363 1434 2389 i

331 2407 592 2446 consideratur
626 2406 664 2443 in
702 2404 975 2455 temperantia,
1003 2411 1046 2441 ut
1078 2403 1222 2441 ibidem
1259 2403 1405 2441 dicitur.
1432 2415 1434 2434 {

330 2462 433 2510 Ergo
462 2459 715 2510 temperantia
744 2471 822 2496 non
852 2467 909 2496 est
936 2457 1110 2508 specialis
1137 2457 1271 2494 virtus.
1432 2452 1435 2516 ᾗ

296 2561 301 2566 η
385 2515 460 2552 SED
488 2526 637 2552 CONTRA
664 2525 732 2550 EST
765 2512 870 2562 quod
898 2511 1170 2560 Philosophus,
1200 2510 1239 2548 in
1269 2512 1300 2548 II
1321 2511 1341 2532 *
1370 2518 1407 2547 et

291 2581 304 2619 ᾖ
331 2569 382 2607 111
402 2567 422 2590 ’¹‘
448 2568 584 2614 Ethic„
613 2566 722 2616 ponit
750 2579 837 2604 eam
867 2565 1072 2616 specialem
1101 2564 1294 2602 virtutem.

385 2623 614 2660 Respounsso
643 2632 831 2658 mensuum
859 2620 978 2668 quod,
1000 2618 1216 2656 secundum
1247 2630 1408 2655 consue·
1434 2630 1436 2654 ι

330 2675 503 2714 tudinem
523 2676 718 2712 humanae
738 2673 954 2721 locutionis,
975 2671 1102 2721 aliqua
1121 2671 1281 2709 nomina
1302 2684 1407 2708 com-
1434 2680 1436 2711 ε

331 2730 464 2767 munia
493 2728 769 2777 restringuntur
796 2727 847 2765 ad
876 2739 922 2764 ea
956 2738 1057 2777 quae
1086 2733 1174 2763 sunt
1201 2725 1409 2775 praecipua
1434 2727 1436 2746 ³

331 2783 428 2822 inter
456 2783 518 2820 illa
546 2794 646 2831 quae
675 2782 747 2819 sub
767 2781 830 2818 tali
852 2779 1127 2818 communitate
1148 2779 1406 2816 continentur:

331 2837 428 2875 sicut
457 2848 602 2874 nomen
635 2835 748 2873 Urbis
779 2834 962 2883 accipitur
994 2832 1299 2870 antonomastice
1336 2845 1407 2881 pro

333 2892 474 2929 Roma.
505 2890 568 2928 Sic
591 2889 703 2938 igitur
731 2901 876 2926 nomen
904 2886 1181 2936 temperantiae
1210 2885 1410 2935 dupliciter
1435 2902 1436 2925 ς

333 2944 455 2994 accipi
483 2950 620 2994 potest.
655 2943 744 2980 Uno
773 2942 916 2988 modo,
945 2940 1161 2978 secundum
1192 2940 1409 2977 communi-

332 3006 449 3036 tatem
489 3010 581 3035 suae
619 2995 917 3046 significationis.
956 2996 1006 3032 Et
1030 3000 1047 3016 ²
1076 2993 1129 3031 sie
1156 2993 1409 3042 temperantia
1435 3009 1436 3012 ¹

334 3065 413 3090 non
442 3059 499 3089 est
523 3051 644 3088 virtus
673 3050 858 3100 specialis,
888 3049 957 3086 sed
985 3046 1191 3097 generalis:
1222 3046 1312 3095 quia
1340 3060 1409 3085 no·
1435 3048 1437 3053 '

334 3119 427 3144 men
445 3104 719 3155 temperantiae
739 3103 925 3152 significat
952 3102 1149 3151 quandam
1178 3101 1407 3149 temperiem,

334 3159 431 3199 idest
449 3158 771 3205 moderationem,
792 3169 910 3207 quam
930 3156 1024 3193 ratio
1045 3154 1153 3205 ponit
1171 3154 1210 3191 in
1229 3154 1409 3191 humanis

335 3212 622 3262 operationibus
647 3220 684 3249 et
702 3211 964 3262 passionibus;
995 3209 1100 3259 quod
1120 3215 1176 3245 est
1200 3220 1409 3245 commune
1436 3212 1437 3228 ¹

335 3266 374 3304 in
403 3266 509 3304 omni
535 3266 673 3304 virtute
702 3265 849 3303 morali.
880 3287 904 3294 -
933 3263 1071 3301 Differt
1103 3271 1234 3300 tamen
1262 3261 1409 3299 ratione

335 3319 587 3368 temperantia
613 3332 637 3356 a
663 3319 881 3357 fortitudine
917 3317 1031 3355 etiam
1059 3316 1275 3354 secundum
1303 3316 1408 3365 quod

336 3381 499 3421 utraque
527 3372 688 3411 sumitur
715 3381 758 3411 ut
775 3373 895 3410 virtus
918 3370 1150 3409 communis.
1180 3370 1285 3407 Nam
1313 3377 1408 3406 tem-

337 3426 509 3476 perantia
537 3426 691 3464 retrahit
718 3427 766 3464 ab
785 3426 844 3464 his
863 3438 964 3475 quae
984 3425 1121 3462 contra'
1135 3423 1323 3461 rationem
1343 3435 1409 3472 ap-

338 3479 498 3530 petitum
526 3478 711 3516 alliciunt:
739 3480 918 3517 fortitudo
939 3486 1068 3517 autern
1098 3477 1258 3527 impellit
1286 3476 1335 3514 ad
1365 3489 1410 3513 ea
1436 3518 1437 3521 Ἴ

395 3613 422 3644 ²)
444 3612 487 3637 Et.
500 3625 519 3631 -
537 3611 600 3645 Om.
619 3610 777 3643 ABEHpCD
798 3615 823 3635 et
841 3617 868 3636 a.

1460 1569 1507 1588 art.
1530 1570 1570 1594 12,
1589 1564 1621 1588 ad
1642 1563 1684 1588 23.

1456 1653 1679 1690 sustinenda
1707 1653 1768 1689 vel
1802 1652 2058 1701 aggredienda
2093 1661 2250 1701 propter
2278 1664 2377 1701 quae
2411 1653 2532 1689 horno

1458 1707 1591 1756 refugit
1619 1708 1767 1744 bonurn
1797 1706 1966 1743 rationis.
2489 1747 2494 1754 ³

1513 1760 1552 1796 Si
1577 1772 1670 1797 vero
1697 1760 1960 1796 consideretur
1982 1758 2288 1796 antonomastice
2317 1766 2533 1807 temperan-

1456 1815 1528 1860 tia,
1559 1813 1774 1850 secundum
1811 1813 1918 1860 quod
1955 1813 2118 1850 refrenat
2151 1813 2363 1862 appetitum
2398 1813 2446 1849 ab
2475 1812 2534 1849 his

1458 1879 1557 1916 quae
1587 1866 1754 1904 maxime
1783 1866 1950 1903 alliciunt
1972 1866 2186 1914 hominem,
2208 1866 2261 1903 sic
2282 1874 2337 1903 est
2360 1866 2534 1914 specialis

1458 1920 1589 1967 virtus,
1618 1928 1751 1968 utpote
1781 1921 1928 1957 habens
1957 1919 2162 1968 specialem
2188 1920 2408 1956 materiam:
2440 1919 2535 1956 sicut

1460 1982 1496 2011 et
1524 1973 1719 2011 fortitudo.
2030 1992 2034 1996 2

1512 2030 1571 2065 An
1601 2039 1739 2064 Pmmun
1769 2038 1868 2064 ERGO
1898 2038 2084 2064 DlCENDtJM
2113 2026 2218 2075 quod
2247 2026 2437 2075 appetitus
2466 2028 2534 2064 ho-

1459 2081 1574 2118 minis
1594 2081 1760 2118 maxime
1782 2079 2039 2128 corrumpitur
2067 2092 2135 2128 per
2156 2092 2200 2116 ea
2220 2080 2360 2127 quibus
2380 2081 2537 2117 allicitur

1459 2136 1578 2172 homo
1612 2135 1662 2172 ad
1692 2134 1952 2171 recedendum
1981 2146 2004 2170 a
2033 2134 2162 2181 regula
2192 2133 2347 2170 rationis
2381 2142 2419 2170 et
2445 2134 2537 2182 legis

1460 2188 1625 2226 divinae.
1647 2188 1696 2224 Et
1716 2188 1816 2234 ideo,
1833 2186 1930 2223 sicut
1948 2186 2076 2235 ipsum
2096 2186 2372 2235 temperantiae
2393 2199 2539 2224 nomen

1460 2242 1660 2292 dupliciter
1697 2248 1824 2290 potest
1851 2237 1973 2285 sumi,
2003 2252 2083 2276 uno
2113 2240 2233 2277 modo
2268 2241 2537 2288 communiter,

1432 2299 1433 2342 ξ
1459 2295 1532 2332 alio
1551 2295 1670 2332 modo
1691 2295 1935 2340 excellenter3
1961 2293 2011 2330 ita
2031 2301 2067 2330 et
2087 2293 2290 2342 integritas,
2306 2306 2424 2343 quam
2443 2302 2539 2332 tem-

1459 2348 1655 2398 perantiae
1682 2347 1919 2396 Augustinus
1946 2347 2125 2392 attribuit.

1514 2405 1573 2439 An
1598 2413 1792 2440 SECUNDUM
1811 2413 1999 2438 DICENDUM
2023 2401 2129 2450 quod
2151 2413 2196 2438 ea
2225 2400 2325 2438 circa
2354 2413 2454 2450 quae
2484 2410 2540 2439 est

1458 2456 1714 2506 temperantia
1733 2455 1901 2492 maxime
1929 2462 2093 2503 possunt
2120 2454 2293 2491 animum
2314 2454 2538 2505 inquietare,

1433 2526 1435 2549 z
1460 2517 1617 2560 propter
1642 2510 1718 2547 hoc
1746 2509 1852 2558 quod
1881 2516 1969 2545 sunt
1995 2508 2144 2546 homini
2164 2508 2390 2556 essentialia,
2415 2517 2457 2545 ut
2484 2509 2539 2546 in-

1434 2561 1435 2609 }
1461 2564 1518 2602 fra
1531 2563 1551 2585 '¹‘
1571 2563 1730 2602 dicetur.
1752 2564 1801 2600 Et
1820 2562 1909 2600 ideo
1930 2561 2178 2611 tranquillitas
2193 2561 2312 2598 animi
2331 2574 2401 2611 per
2419 2575 2540 2611 quan—

1463 2618 1552 2655 dam
1576 2616 1841 2654 excellentiam
1861 2615 2076 2652 attribuitur
2094 2615 2384 2664 temperantiae,
2405 2629 2540 2665 quam-

1460 2671 1520 2709 vis
1550 2670 1810 2708 communiter
1834 2669 2042 2706 conveniat
2070 2669 2249 2706 omnibus
2268 2668 2484 2706 virtutibus.

1515 2727 1574 2762 Αι)
1589 2736 1752 2762 marium
1772 2735 1958 2760 DICENDUM
1975 2723 2080 2771 quod
2097 2724 2276 2771 quamvis
2291 2722 2536 2771 pulchritudo

1461 2778 1668 2816 conveniat
1692 2777 1845 2814 cuilibet
1864 2776 2006 2823 virtuti,
2033 2776 2260 2813 excellenter
2287 2784 2418 2813 tamen
2438 2776 2539 2813 attri-

1434 2861 1436 2876 Ι
1462 2832 1590 2870 buitur
1618 2830 1907 2880 temperantiae,
1932 2829 2073 2878 duplici
2102 2829 2262 2867 ratione.
2297 2829 2428 2866 Primo
2457 2829 2540 2878 qui-

1463 2887 1565 2933 dem,
1594 2884 1811 2922 secundum
1833 2896 2084 2921 communem
2106 2883 2295 2920 rationem
2324 2891 2540 2932 temperan-

1462 2940 1548 2986 tiae,
1569 2939 1617 2976 ad
1642 2951 1759 2988 quam
1778 2937 1942 2987 pertinet
1961 2937 2154 2986 quaedam
2175 2937 2375 2974 moderata
2395 2945 2432 2973 et
2450 2949 2541 2974 con-

1462 2993 1623 3030 veniens
1650 2991 1864 3041 proportio,
1893 2991 1932 3028 in
1961 3003 2038 3040 qua
2059 2990 2228 3028 consistit
2251 2990 2346 3027 ratio
2374 2990 2539 3039 pulchri-

1463 3046 1616 3093 tudinis,
1646 3054 1687 3083 ut
1714 3053 1818 3095 patet
1845 3058 1914 3094 per
1941 3044 2186 3093 Dionysium,
2217 3056 2253 3081 1v
2273 3056 2355 3092 cap.
2385 3044 2431 3080 de
2449 3044 2538 3081 Div.

1462 3101 1581 3138 Nom.
1601 3100 1622 3120 *
1650 3121 1674 3127 -
1703 3098 1790 3136 Alio
1820 3098 1954 3146 modo,
1984 3098 2073 3148 quia
2102 3110 2147 3134 ea
2172 3110 2194 3134 a
2214 3097 2355 3146 quibus
2375 3097 2541 3134 refrenat

1436 3165 1437 3178 ³
1462 3153 1716 3203 temperantia
1746 3160 1833 3189 sunt
1861 3152 1996 3189 infima
2019 3151 2058 3188 in
2080 3151 2250 3197 homine,
2273 3151 2540 3188 convenientia

1463 3207 1534 3245 sibi
1563 3207 1777 3244 secundum
1806 3213 1983 3243 naturam
2013 3204 2224 3252 bestialem,
2255 3211 2296 3240 ut
2323 3203 2420 3241 infra
2438 3203 2459 3225 ²¹⁸
2487 3204 2540 3242 di-

1465 3268 1591 3298 cetur:
1631 3268 1668 3296 et
1695 3259 1783 3297 ideo
1821 3271 1864 3295 ex
1901 3258 1956 3295 eis
1992 3258 2159 3295 maxime
2194 3265 2305 3295 natus
2335 3265 2392 3294 est
2418 3258 2539 3294 homo

1464 3313 1669 3363 deturpari.
1691 3314 1740 3350 Et
1758 3325 1827 3361 per
1847 3324 2088 3361 consequens
2107 3310 2352 3361 pulchritudo
2372 3311 2540 3349 maxime

1463 3367 1677 3405 attribuitur
1704 3365 1991 3415 temperantiae,
2018 3378 2118 3415 quae
2146 3365 2352 3414 praecipue
2381 3365 2540 3414 turpitu-

1466 3421 1595 3459 dinem
1624 3419 1792 3458 hominis
1819 3419 1926 3456 tollit.

1518 3476 1567 3512 Et
1596 3486 1640 3511 ex
1671 3474 1808 3511 eadem
1833 3472 1948 3510 etiam
1969 3472 2115 3510 ratione
2143 3472 2352 3510 honestum
2371 3471 2539 3509 maxime

2568 2573 2577 2582 ⁸
2590 2572 2640 2593 Art.
2655 2578 2678 2597 4,
2693 2577 2713 2599 5.

2569 3106 2578 3115 '¹
2592 3105 2616 3126 S.
2631 3104 2675 3125 Th.
2692 3105 2743 3125 lect.
2759 3109 2768 3124 v

2570 3211 2577 3218 ⁸
2592 3210 2644 3231 Art.
2660 3215 2672 3236 7
2695 3214 2743 3235 arg.
2759 3214 2766 3228 1

2567 3239 2608 3258 art.
2620 3235 2642 3263 Β,
2653 3225 2689 3257 ad.
2705 3241 2725 3260 ις
2741 3240 2768 3262 qn

2568 3268 2637 3289 (ιιι-ιι,
2651 3266 2691 3284 art.
2707 3269 2729 3288 4.
