2768 4198
64 1111 72 1118 ¹
102 1110 150 1136 Qu.
182 1114 275 1135 cxxxvi,

62 1140 134 1157 art-1.

62 1390 70 1397 ¹
81 1388 117 1410 Cf.
128 1393 169 1410 art.
178 1395 194 1414 ι,
202 1388 275 1410 Com-

61 1419 132 1437 ment.
153 1421 215 1437 num.
232 1421 239 1437 ι

61 1444 81 1451 ”’
97 1442 121 1463 In
138 1441 239 1464 Notand-

61 1660 69 1667 ·
84 1657 159 1678 Εηιῐε.
172 1657 210 1679 nb.
223 1657 274 1684 vn,

60 1690 275 1733 §²3⁹†i‡3''=0¹2}.¹‘v³1·.1

58 2581 65 2588 ·
82 2580 132 2600 Art.
147 2585 164 2600 ι.

58 2630 66 2637 “
75 2628 110 2649 De
118 2628 205 2649 lavent.
212 2627 272 2648 Rhe-

57 2657 102 2676 tor.
118 2655 157 2676 lib.
173 2654 201 2680 11,
219 2660 269 2682 cap.

56 2687 105 2703 mu.

57 3377 65 3384 ⁴
84 3373 149 3395 Vera.
166 3378 187 3399 7.

316 282 385 306 112
938 270 1207 317 QUAESTIO
1238 270 1471 318 CXXXVII,
1501 272 1801 309 ARTlCULUS
1832 272 1883 309 IV

310 351 473 388 afferunt
501 351 549 388 ad
577 350 860 399 persistendum
897 349 935 385 in
966 349 1082 385 bono,
1121 349 1224 384 Nam
1259 348 1380 385 virtus
1407 362 1409 406 Ι
1436 351 1606 388 cundum
1641 359 1770 388 autem
1811 364 1855 388 ea
1892 363 1993 399 quae
2032 351 2294 389 difficultatem
2330 350 2507 396 inferunt,

309 405 616 454 perseverantiae
636 403 788 452 proprie
810 402 896 438 facit
914 401 1074 438 firmiter
1093 401 1296 449 persistere
1311 402 1380 438 ho·
1406 419 1409 452 ξ
1436 404 1617 440 convenit
1645 417 1734 441 cum
1763 404 1953 453 patientia.
1989 405 2092 442 Finis
2121 413 2250 442 autern
2278 404 2405 453 potior
2441 411 2508 441 est.

310 458 454 494 minem
475 458 512 494 in
533 458 637 494 bono
654 464 786 493 contra
807 455 1066 492 difficultatem
1084 466 1182 502 quae
1202 455 1381 503 provenit
1407 459 1409 504 ξ
1436 457 1485 492 Et
1511 456 1600 493 ideo
1631 457 1842 495 constantia
1862 458 1982 506 magis
2011 458 2174 507 pertinet
2192 458 2241 496 ad
2261 469 2509 507 perseveran-

310 523 355 548 ex
383 512 466 559 ipsa
486 510 732 548 diuturnitate
757 516 878 545 actus:
910 507 1122 544 constantia
1143 515 1273 544 autem
1293 507 1382 544 facit
1408 511 1409 515 ’
1436 509 1527 545 tiam
1559 521 1677 558 quam
1706 511 1755 548 ad
1784 511 2019 559 patientiam.

309 565 468 601 firmiter
504 564 703 612 persistere
739 562 777 598 in
817 562 921 597 bono
956 568 1088 597 contra
1118 560 1379 597 difficultatem

308 630 408 667 quae
428 617 602 666 provenit
625 628 669 652 ex
690 615 997 663 quibuscumque
1027 613 1107 650 aliis
1133 614 1381 651 exterioribus

307 670 604 719 impedimentis.
639 670 686 705 Et
716 668 803 704 ideo
839 666 1086 715 principalior
1118 679 1207 715 pars
1236 667 1380 704 fortitu-

308 724 404 760 dinis
426 731 481 759 est
499 720 783 771 perseverantia
803 731 921 767 quarn
942 720 1172 757 constantia:
1203 720 1291 769 quia
1313 721 1380 757 dif-

306 777 454 813 ficultas
484 788 582 824 quae
613 782 668 811 est
689 786 733 810 ex
763 772 1007 811 diuturnitate
1035 782 1152 821 actus,
1175 782 1231 811 est
1254 786 1380 811 essen-

306 829 428 866 tialior
455 828 555 865 actui
582 827 730 864 virtutis
759 839 877 874 quarn
908 827 970 864 illa
990 840 1090 877 quae
1121 835 1176 864 est
1205 840 1251 864 ex
1279 835 1379 865 exte-

306 883 469 921 rioribus
498 880 797 930 impedimentis.

1489 564 1548 598 An
1577 574 1770 600 SECUNDUM
1797 576 1984 603 memnon
2004 565 2112 613 quod
2140 564 2178 601 in
2208 565 2355 613 magnis
2385 563 2508 612 operi-

1437 615 1508 651 bus
1545 615 1747 663 persistere
1781 617 1968 655 difficilius
2007 626 2080 656 est:
2117 618 2185 655 sed
2213 619 2251 656 in
2288 617 2418 668 parvis
2446 618 2508 654 vel

1436 667 1696 705 mediocribus
1735 669 1798 706 diu
1835 671 2036 718 persistere
2071 672 2188 710 habet
2224 672 2507 717 difficultatem,

1437 721 1503 758 etsi
1534 733 1612 758 non
1633 734 1679 758 ex
1699 722 1960 770 magnitudine
1981 732 2098 772 actus,
2118 737 2236 774 quarn
2257 725 2408 775 respicit
2428 736 2508 762 ma-

1435 774 1664 823 gnificentia,
1686 776 1820 812 saltem
1850 788 1896 814 ex
1917 776 2000 826 ipsa
2028 778 2283 826 diuturnitate,
2304 790 2422 828 quam
2453 791 2510 815 re—

1407 847 1410 878 g
1435 827 1544 877 spicit
1572 829 1868 877 perseverantia.
1899 830 1948 867 Et
1967 830 2055 868 ideo
2076 833 2287 870 constantia
2314 840 2440 882 potest
2461 832 2509 869 ad

1407 885 1409 931 ζ
1435 890 1642 929 utrumque
1672 882 1872 930 pertinere.

357 937 416 972 Αι)
445 947 583 972 PRIMUM
612 946 710 972 ERGO
739 945 927 971 DicENDUM
961 934 1066 983 quod
1097 934 1283 972 exteriora
1312 933 1380 971 im-
1407 955 1409 970 ι

303 989 526 1038 pedimenta
545 988 771 1037 persistendi
792 988 829 1024 in
850 989 955 1025 bono
975 989 1182 1037 praecipue
1213 995 1301 1025 sunt
1319 987 1380 1025 ilia
1407 997 1408 1002 ¹

1489 937 1548 972 AD
1568 947 1729 973 ’reanum
1759 948 1945 974 menapum
1973 937 2080 986 quod
2109 938 2321 976 constantia
2349 938 2511 987 pertinet

1435 988 1599 1037 quidem·
1623 989 1672 1026 ad
1700 989 2041 1038 perseverantiam,
2070 990 2300 1039 inquantum
2329 992 2510 1030 convenit

304 1055 402 1091 quae
423 1042 608 1079 tristitiam
630 1042 806 1079 inferunt.
837 1042 950 1080 Circa
969 1042 1153 1079 tristitiam
1174 1050 1302 1079 autem
1324 1049 1380 1079 est
1406 1042 1409 1076 l
1436 1054 1524 1079 curn
1555 1054 1616 1079 ea:
1647 1055 1725 1080 non
1754 1050 1885 1081 tamen
1904 1051 1961 1081 est
1989 1044 2094 1081 idem
2116 1043 2162 1091 ei,
2183 1044 2412 1093 inquantum
2442 1045 2510 1084 dif-

303 1095 495 1145 patientia,
526 1104 566 1132 ut
596 1095 739 1133 dictum
771 1103 826 1132 est
844 1096 874 1132 *.
905 1097 955 1133 Et
974 1095 1062 1132 ideo
1089 1095 1300 1133 constantia
1321 1108 1377 1132 se-

1406 1079 1409 1158 l
1435 1096 1506 1133 fert
1534 1097 1583 1133 ab
1613 1108 1659 1133 ea
1687 1104 1728 1134 ut
1757 1096 1901 1134 dictum
1931 1105 1987 1134 est
2006 1097 2038 1134 *.

304 1150 474 1187 cundum
503 1150 621 1186 finem
651 1149 831 1186 convenit
860 1162 948 1186 cum
977 1150 1286 1198 perseverantia:
1322 1162 1378 1186 se·
1406 1162 1409 1195 ᾗ

981 1255 1321 1289 Commentaria
1343 1255 1598 1290 cardinalis
1622 1255 1827 1290 Caietam

307 1348 354 1411 IN
378 1337 510 1368 articulo
531 1337 623 1367 tertio
641 1337 783 1367 eiusdem
805 1336 1001 1377 quaestionis
1021 1335 1155 1367 dubium
1176 1346 1213 1367 ex
1229 1335 1378 1373 Martino,
1404 1347 1406 1377 ζ
1433 1342 1557 1372 actum,
1583 1336 1653 1372 sed,
1682 1337 1869 1368 adveniente
1893 1337 2063 1379 opposito,
2088 1337 2191 1369 factus
2215 1345 2262 1369 est
2291 1338 2410 1369 mollis.
2435 1356 2454 1362 -
2479 1338 2511 1371 Si

334 1382 451 1412 ibidem
463 1382 490 1419 *,
507 1392 562 1423 qu.
579 1391 601 1411 11
615 1381 658 1418 **,
676 1381 821 1418 occurrit,
840 1381 920 1412 circa
941 1380 1149 1412 differentiam
1171 1381 1253 1413 inter
1276 1391 1379 1421 perse·
1404 1397 1405 1409 i

302 1427 475 1458 vetantium
501 1434 532 1458 et
555 1426 776 1457 constantiam.
802 1425 917 1466 Arguit
931 1426 1090 1467 siquidem
1110 1426 1288 1466 dupliciter.
1313 1425 1378 1456 Pri·
1404 1419 1406 1445 Γ

302 1482 369 1508 mo,
385 1472 439 1503 sic.
456 1471 634 1503 Continuet
649 1471 763 1512 aliquis
780 1471 920 1512 aliquem
933 1471 1056 1502 virtutis
1072 1478 1190 1507 actum,
1207 1477 1238 1501 et
1254 1469 1378 1507 deinde,
1404 1478 1406 1491 2

302 1517 371 1547 sola
395 1516 601 1548 diuturnitate
624 1515 736 1552 victus,
758 1515 896 1546 deserat:
922 1515 991 1546 talis
1012 1525 1070 1546 nec
1093 1525 1296 1556 perseverans
1320 1525 1378 1546 nec

303 1568 451 1592 constans
475 1568 532 1592 est.
567 1561 652 1601 Ergo
678 1560 854 1591 constantia
878 1570 944 1590 non
968 1560 1095 1600 respicit
1123 1559 1294 1591 extrinseca
1318 1560 1377 1590 im-

302 1606 494 1646 pedimenta,
520 1612 557 1636 ut
575 1605 700 1636 dicitur.

358 1650 517 1687 Secundo,
531 1650 715 1681 Aristoteles
725 1650 743 1669 *
755 1659 899 1689 expresse
915 1649 1007 1689 ponit
1019 1649 1284 1689 perseverantiam
1298 1648 1379 1680 circa
1404 1654 1405 1657 ’

301 1695 504 1726 vehementes
530 1695 678 1730 tristitias,
705 1701 763 1725 etc.
795 1694 880 1733 Ergo
905 1694 937 1724 in
962 1704 1022 1724 usu
1047 1693 1257 1725 terminorum
1283 1693 1377 1724 debe-

1433 1390 1508 1411 vero
1533 1381 1733 1412 continuavit
1748 1388 1855 1413 actum
1879 1391 1916 1413 ex
1940 1382 2124 1413 conditione
2147 1382 2282 1420 virtutis,
2303 1390 2334 1414 et
2356 1390 2441 1424 post,
2458 1392 2511 1414 oc-

1433 1433 1577 1457 currente
1601 1426 1807 1458 diuturnitate
1831 1434 2011 1468 superante,
2032 1426 2147 1464 deficit,
2163 1427 2196 1459 in
2221 1427 2392 1459 mollitiem
2415 1427 2510 1460 deeli-

1433 1470 1519 1502 navit
1543 1481 1610 1501 non
1634 1481 1670 1501 ex
1694 1471 1864 1508 contrario,
1889 1472 1945 1502 sed
1968 1481 2006 1502 ex
2030 1471 2202 1512 privativo:
2226 1473 2290 1504 hoc
2313 1479 2370 1509 eat,
2391 1482 2459 1504 non
2473 1482 2511 1505 ex

1433 1515 1673 1556 perseverantia,
1699 1516 1755 1546 sed
1779 1526 1815 1547 ex
1840 1516 2068 1548 non-mollitie.
2224 1543 2230 1547 Α
2400 1543 2403 1548 ,

1488 1560 1539 1590 Ad
1563 1561 1742 1591 secundum
1767 1571 1842 1591 vero
1866 1560 1981 1593 dicitur
2003 1561 2109 1603 quod,
2134 1561 2207 1593 licet
2229 1561 2416 1593 Aristoteles
2441 1571 2511 1603 per-

1404 1614 1405 1617 *
1432 1604 1624 1635 severantiae
1648 1605 1779 1636 nomine
1807 1615 1884 1636 usus
1909 1605 2004 1637 fuerit
2027 1606 2060 1636 in
2084 1606 2194 1638 habitu
2219 1605 2393 1638 cohibitivo
2420 1600 2512 1638 tristi-

1432 1649 1549 1680 tiarum
1581 1649 1768 1690 imperfecto
1793 1650 1826 1680 in
1849 1659 1963 1691 genere
1993 1650 2133 1687 virtutis,
2159 1660 2195 1682 ex
2218 1651 2281 1682 hoc
2305 1657 2413 1682 tamen
2442 1660 2508 1682 non

1432 1694 1577 1735 sequitur
1592 1695 1682 1735 quod
1706 1695 1746 1726 sit
1765 1695 1884 1726 abusus
1901 1695 1947 1726 uti
1963 1695 2079 1726 eodem
2096 1695 2255 1726 vocabulo
2271 1695 2304 1726 in
2320 1695 2430 1727 habitu
2447 1695 2507 1727 vir-

302 1750 374 1770 mus
399 1739 591 1770 conformari
608 1739 747 1779 antiquis
763 1738 958 1773 doctoribus,
981 1738 1041 1768 nisi
1059 1745 1182 1769 constet
1206 1738 1244 1768 de
1263 1738 1376 1768 abusu.
1404 1754 1406 1788 5
1431 1739 1508 1770 tutis
1533 1738 1613 1769 circa
1637 1739 1888 1776 diuturnitatem,
1909 1750 2008 1780 quam
2032 1740 2227 1771 vocabulum
2244 1741 2510 1781 perseverantiae

359 1784 395 1815 11.
421 1785 471 1814 Ad
495 1784 557 1815 hoc
581 1784 696 1814 dicitur
712 1783 802 1824 quod
825 1782 993 1822 dupliciter
1023 1782 1138 1823 aliquis
1156 1789 1261 1822 potest
1277 1782 1375 1812 conti-

302 1838 399 1859 nuare
427 1835 534 1859 actum
564 1828 699 1859 virtutis.
728 1827 852 1863 Primo,
882 1837 918 1857 ex
946 1827 1123 1858 intentione
1153 1826 1378 1858 diuturnitatis.

1432 1782 1585 1823 respicere
1610 1784 1710 1824 magis
1734 1791 1857 1815 constat
1887 1794 1987 1825 quam
2011 1784 2159 1816 tristitias.
2191 1785 2398 1816 Perseverans
2421 1784 2508 1816 enirn

1432 1826 1600 1858 communi
1624 1835 1655 1859 et
1678 1828 1836 1868 frequenti
1859 1838 1921 1859 usu
1938 1829 2052 1860 dicitur
2068 1829 2124 1870 qui
2141 1829 2196 1860 diu
2216 1829 2309 1860 durat
2327 1829 2360 1860 in
2378 1828 2507 1873 aliquos

301 1873 341 1903 Et
364 1873 407 1903 sic
431 1873 587 1904 inchoans
607 1879 637 1903 et
660 1871 824 1912 aliquanto
841 1878 985 1911 ternpore
1006 1870 1206 1907 continuans,
1225 1877 1256 1901 et
1276 1870 1378 1901 victus
1433 1878 1464 1901 et
1493 1870 1678 1911 simpliciter
1708 1881 1911 1912 perseverane
1934 1873 1991 1914 qui
2024 1882 2127 1914 usque
2159 1874 2198 1904 ad
2228 1872 2327 1905 finem
2351 1874 2444 1905 durat
2474 1873 2507 1904 in

300 1924 374 1958 post
397 1927 414 1947 a
435 1917 640 1948 diuturnitate
663 1917 826 1952 desistens,
845 1916 955 1946 habuit
976 1915 1108 1957 quidem
1128 1915 1378 1956 perseverantiae

1433 1924 1540 1955 opere.

1096 2085 1418 2128 ARTICULUS
1449 2085 1726 2138 QUARTUS

797 2189 953 2220 UTRUM
977 2188 1338 2220 PERSEVERANTIA
1363 2159 1573 2219 inmotam
1598 2187 1779 2219 AUXILIO
1808 2187 2002 2219 GRATIAE

519 2280 541 2304 1Ἀ
561 2279 617 2310 11⁸³,
637 2287 681 2312 qu.
701 2286 753 2309 cur,
772 2284 819 2304 art.
843 2286 886 2309 ιο;
906 2278 925 2302 11
946 2278 1030 2308 Sene..
1051 2278 1110 2303 dist.
1130 2285 1196 2308 xxix,
1217 2278 1313 2310 Expos.
1334 2277 1409 2308 Litt.;
1429 2277 1461 2302 111
1483 2277 1560 2303 Cont.
1583 2278 1671 2306 Gent„
1691 2285 1748 2310 cap.
1768 2285 1832 2309 cum
1852 2278 1886 2303 de
1903 2278 1994 2309 Ver-it„
2015 2286 2062 2312 qu.
2082 2287 2150 2312 xxxv,
2170 2284 2218 2305 art.
2241 2279 2289 2311 133

1059 2321 1104 2346 qu.
1122 2321 1200 2344 xxvu,
1220 2319 1267 2338 art.
1289 2313 1311 2343 5,
1331 2313 1363 2338 ad
1385 2313 1408 2344 3,
1427 2321 1445 2345 4
1452 2321 1459 2344 ;
1479 2313 1509 2338 In
1530 2313 1627 2338 Psalm.
1648 2313 1740 2339 XXXI.

387 2422 397 2436 r
420 2443 424 2452 ,
454 2433 459 2437 ι
512 2417 534 2442 ι)
551 2415 725 2447 QUARTUM
746 2415 800 2440 stc
820 2414 1062 2440 PRochi‘ruR.
1086 2402 1248 2439 Videtur
1267 2403 1374 2451 quod

368 2454 377 2462 ¹
513 2457 796 2507 perseverantia
826 2469 904 2494 non
935 2456 1100 2504 indigeat
1123 2455 1262 2493 auxilio
1291 2468 1374 2504 gra*
1401 2498 1403 2508 ¹

299 2619 445 2657 Tullius
476 2619 576 2665 dicit,
599 2619 637 2656 in
666 2631 735 2656 sua
763 2619 968 2656 Rhetorica
988 2617 1019 2664 ²¹²,
1050 2618 1124 2666 agit
1152 2617 1191 2654 in
1211 2617 1374 2655 modurn

299 2681 468 2711 naturae.
509 2674 611 2720 Ergo
641 2673 722 2710 sola
752 2671 943 2709 inclinatio
972 2671 1121 2709 virtutis
1158 2671 1297 2708 sufficit
1326 2671 1374 2709 ad
1400 2691 1402 2707 2

298 2726 639 2777 perseverandum.
657 2727 749 2763 Non
767 2738 856 2774 ergo
873 2725 922 2763 ad
937 2726 1013 2762 hoc
1029 2725 1230 2774 requiritur
1245 2725 1374 2763 aliud⁶¹

299 2780 481 2818 auxilium
511 2780 665 2828 gratiae.

355 2845 388 2871 2.
419 2835 655 2880 PRAETEREA,
678 2833 824 2870 donum
844 2832 985 2882 gratiae
1016 2832 1155 2870 Christi
1176 2840 1232 2870 est
1250 2832 1373 2870 maius

299 2899 416 2937 quam
446 2894 723 2925 nocumentum
755 2887 859 2936 quod
883 2886 1010 2924 Adam
1039 2886 1181 2924 intulit:
1212 2894 1253 2923 ut
1271 2894 1375 2936 patet

297 2942 411 2978 Rom.
433 2952 458 2976 v
475 2939 507 2978 *.
539 2941 616 2978 Sed
637 2948 724 2978 ante
753 2949 954 2990 peccatum
976 2941 1097 2977 homo
1123 2939 1174 2977 sic
1196 2940 1372 2978 conditus

299 2994 367 3032 fuit
396 3000 435 3031 ut
446 3000 575 3043 posset
592 2992 607 3024 β
628 3006 878 3043 perseverare
893 3006 965 3044 per
984 2995 1023 3032 id
1040 2994 1142 3043 quod
1159 2999 1374 3044 acceperat.-

299 3048 395 3085 sicut
413 3047 648 3096 Augustinus
669 3047 768 3095 dicit,
790 3048 826 3086 in
848 3048 942 3086 libro
963 3048 1009 3085 de
1028 3048 1197 3097 Corrept.
1218 3054 1255 3085 et
1275 3048 1372 3086 Gra-

299 3102 349 3139 tia
364 3101 395 3139 *.
417 3101 520 3150 Ergo
542 3102 662 3139 multo
683 3102 804 3151 magis
824 3102 944 3139 homo
965 3114 1035 3151 per
1054 3101 1213 3151 gratiam
1234 3102 1372 3140 Christi

300 3162 508 3205 reparatus,
530 3163 655 3205 potest
681 3167 929 3205 perseverare
960 3156 1105 3204 absque
1135 3155 1274 3193 auxilio
1305 3168 1372 3193 no-

298 3220 371 3246 vae
400 3209 554 3257 gratiae.

355 3263 398 3307 3„
420 3263 666 3310 PRAETEREA,
697 3274 815 3312 opera
843 3263 989 3312 peccati
1023 3262 1258 3312 quandoque
1287 3271 1374 3300 sunt

301 3315 511 3353 difficiliora
540 3328 658 3365 quarn
679 3328 798 3366 opera
816 3316 981 3354 virtutis:
1011 3316 1115 3354 unde
1143 3328 1187 3354 ex
1207 3328 1373 3367 persona

300 3368 507 3417 impiorum
530 3369 664 3407 dicitur
683 3370 770 3419 Sap.
791 3381 816 3405 v
829 3370 865 3407 *t
884 3369 1176 3408 Ambulavimus
1194 3370 1276 3407 vias
1303 3371 1374 3417 dif-

296 3422 426 3468 ficiles.
467 3422 544 3459 Sed
579 3423 693 3472 aliqui
722 3431 969 3472 perseverant
1005 3423 1043 3461 in
1072 3423 1254 3473 operibus
1286 3435 1373 3473 pec-

302 3475 373 3512 cati
402 3475 547 3524 absque
577 3476 728 3513 alterius
759 3477 907 3514 auxilio.
939 3477 1042 3525 Ergo
1073 3477 1186 3515 etiarn
1216 3476 1253 3514 in
1283 3489 1373 3526 ope-

360 3614 385 3643 2)
404 3612 488 3637 aliud.
501 3626 520 3631 -
538 3612 648 3644 aliquod
669 3613 714 3641 Pa,
735 3613 837 3645 aliquid
857 3613 887 3638 Κ.

1430 2403 1535 2440 ribus
1563 2402 1747 2440 virtutum
1775 2411 1902 2452 potest
1928 2404 2051 2441 homo
2079 2415 2328 2454 perseverare
2362 2406 2509 2455 absque

1430 2456 1571 2494 auxilio
1599 2456 1754 2505 gratiae.

1485 2511 1560 2548 SED
1590 2522 1738 2547 CONTRA
1767 2522 1834 2548 EST
1852 2511 1959 2560 quod
1978 2511 2213 2559 Augustinus
2234 2511 2331 2560 dicit,
2353 2512 2391 2550 in
2410 2513 2507 2551 libro

1429 2564 1476 2600 de
1511 2564 1799 2602 Perseverantia
1818 2563 1858 2601 *z
1896 2565 2113 2602 Asserimus
2148 2565 2290 2603 donum
2319 2567 2395 2603 Dei
2429 2579 2509 2605 esse

1401 2614 1402 2622 ¹
1423 2618 1763 2666 perseverantiam,
1792 2629 1868 2667 qua
1898 2630 2015 2668 usque
2043 2619 2079 2656 in
2098 2619 2223 2667 finem
2237 2626 2509 2668 perseveratur

1430 2671 1467 2709 in
1503 2672 1662 2709 Christo.

1485 2726 1714 2763 Responmzo
1751 2737 1940 2763 memnon
1978 2726 2106 2775 quod,
2145 2725 2241 2763 sicut
2278 2738 2324 2763 ex
2360 2726 2469 2765 dictis
2487 2727 2508 2750 ¹⁸¹

1429 2787 1543 2829 patet,
1565 2778 1851 2829 perseverantia
1872 2779 2072 2829 dupliciter
2093 2779 2239 2817 dicitur.
2264 2780 2354 2818 Uno
2373 2782 2506 2829 modo,

1429 2845 1500 2882 pro
1530 2833 1614 2883 ipso
1642 2833 1775 2870 habitu
1803 2832 2123 2882 perseverantiae,
2154 2833 2371 2871 secundum
2400 2835 2506 2884 quod

1430 2894 1486 2924 est
1513 2886 1645 2925 virtus.
1676 2887 1726 2923 Et
1754 2887 1829 2924 hoc
1856 2886 1976 2924 modo
2006 2886 2148 2935 indiget
2177 2886 2282 2924 dono
2303 2886 2505 2926 habitualis

1429 2940 1583 2989 gratiae,
1614 2939 1711 2977 sicut
1739 2947 1775 2977 et
1803 2947 1952 2978 ceterae
1983 2940 2144 2978 virtutes
2179 2940 2338 2978 infusae.
2368 2961 2391 2970 -
2418 2941 2505 2980 Alio

1430 2995 1549 3032 modo
1579 3001 1705 3044 potest
1733 2993 1853 3043 accipi
1881 3006 1952 3044 pro
1981 3002 2068 3032 actu
2100 2993 2408 3044 perseverantiae
2437 2993 2506 3033 du-

1430 3055 1536 3085 rante
1564 3060 1688 3097 usque
1717 3047 1767 3085 ad
1796 3055 1975 3085 mortem.
2006 3048 2056 3085 Et
2083 3047 2300 3085 secundum
2338 3048 2413 3085 hoc
2450 3048 2506 3087 in-

1428 3101 1529 3150 diget
1559 3114 1638 3139 non
1667 3102 1794 3138 solum
1823 3101 1942 3150 gratia
1965 3100 2159 3148 habituali,
2181 3101 2249 3139 sed
2278 3099 2393 3139 etiarn
2422 3113 2505 3151 gra-

1429 3154 1523 3192 tuito
1553 3154 1625 3192 Dei
1655 3154 1793 3192 auxilio
1824 3154 2085 3193 conservantis
2114 3155 2312 3192 hominem
2339 3154 2377 3192 in
2398 3156 2503 3194 bono

1429 3221 1551 3258 usque
1580 3208 1630 3247 ad
1659 3208 1778 3246 finem
1805 3208 1926 3247 vitae:
1955 3208 2052 3246 sicut
2079 3219 2195 3258 supra
2211 3207 2232 3231 *
2260 3207 2405 3246 dictum
2435 3217 2503 3259 est,

1428 3274 1517 3300 cum
1547 3262 1595 3300 de
1623 3261 1742 3311 gratia
1765 3269 1950 3311 ageretur.
1981 3260 2082 3309 Quia
2103 3273 2191 3299 curn
2221 3262 2385 3300 liberum
2405 3263 2503 3301 arbi-

1427 3315 1542 3354 trium
1573 3316 1620 3353 de
1650 3327 1690 3353 se
1719 3315 1766 3353 sit
1792 3314 1977 3363 vertibile,
2008 3321 2045 3352 et
2073 3315 2148 3352 hoc
2177 3315 2210 3352 ei
2240 3327 2319 3354 non
2352 3316 2505 3355 tollatur

1428 3382 1497 3419 per
1512 3368 1746 3407 habitualem
1767 3369 1924 3417 gratiam
1945 3369 2153 3418 praesentis
2171 3369 2294 3416 vitae;
2315 3382 2394 3407 non
2414 3370 2503 3408 sub—

1429 3431 1486 3460 est
1512 3421 1689 3472 potestati
1713 3421 1821 3459 liberi
1850 3422 2002 3470 arbitrii,
2025 3422 2139 3460 etiam
2159 3435 2229 3473 per
2255 3423 2415 3472 gratiam
2445 3436 2501 3461 re-

1428 3475 1570 3526 parati,
1599 3483 1640 3512 ut
1669 3487 1709 3512 se
1738 3474 1985 3513 immobiliter
2021 3475 2059 3513 in
2096 3477 2202 3514 bono
2232 3484 2388 3524 statuat,
2417 3476 2503 3515 licet

1484 3610 1509 3644 β)
1526 3615 1627 3644 posset.
1640 3626 1657 3631 -
1672 3612 1760 3644 possit
1783 3612 1946 3646 ΑΒΕΗ.ρΚ.

2540 1098 2551 1109 ·
2564 1098 2589 1119 ln
2605 1103 2711 1125 corpore.

2537 2579 2546 2589 ⁸
2561 2577 2620 2607 Cep.
2634 2585 2650 2600 ι.

2627 2732 2728 2760 undu

2535 2759 2692 2789 art.a,ad3.

2531 3216 2574 3267 :x
2583 3216 2640 3267 1¹15,
2647 3223 2690 3247 qu.
2698 3223 2745 3245 cix,
