2768 4198
56 497 67 507 ⁸
81 497 147 519 Vei-s.
162 503 182 525 5.

58 924 67 934 “
81 923 100 945 Ε
118 923 154 944 ist.
165 923 218 944 XXI
239 923 267 943 al.

56 930 158 976 cxl'm,
173 949 206 971 aa
218 939 268 970 ba-

55 982 127 1003 mam,
147 976 176 997 de
194 975 267 997 Duob.

13 1018 19 1023 .
55 1002 131 1024 Fitiie.

55 1298 65 1307 ⁸
79 1295 134 1323 Cap.
150 1302 180 1317 iv.

54 1609 64 1619 ⁴
79 1609 135 1636 Cap.
150 1615 213 1630 xxix.

56 1989 65 1998 ⁸
79 1988 146 2009 Vei-s.
162 1993 196 2009 22.

303 311 377 357 346

950 307 1216 354 QUAESTlO
1247 305 1439 352 CLXVII,
1473 307 1771 344 ARTICULUS
1802 307 1832 343 ll

297 388 442 424 sibimet
473 389 643 425 habitare
670 388 877 424 videantur.
908 407 931 412 -
963 384 1140 421 Similiter
1170 383 1281 419 etiam
1312 383 1361 419 illi
1388 390 1390 442 Ε
1418 384 1605 425 curiosus,-
1634 392 1670 420 et
1697 392 1832 433 postea
1850 384 1870 406 '¹‘
1899 383 2086 433 sequitur:
2116 385 2262 422 Multos
2283 386 2382 422 enim
2402 397 2487 434 sup·
2518 397 2658 420 wem-26.

299 441 362 490 qui
391 442 541 478 student
569 441 763 477 addiscere
790 438 928 486 aliquid
957 438 1006 474 ad
1034 436 1286 485 peccandum,
1308 436 1361 471 vi·
1388 461 1390 493 Ι
1411 436 1600 484 plantavit
1633 438 1793 485 suspicio
1822 450 1973 483 eorum,
2003 444 2038 474 et
2070 438 2107 475 in
2137 439 2302 475 vanitate
2335 439 2490 475 detinuit

298 495 435 531 tiosum
452 494 618 531 studium
635 494 789 530 habent:
812 493 1023 528 secundum
1040 490 1127 526 illud
1146 488 1360 525 Ierem.1x*:

298 549 519 584 Docuerunt
550 547 722 595 linguam
749 556 858 581 suam
892 544 996 591 loqui
1026 543 1285 579 mendacium:
1325 547 1390 577 ut?

298 601 423 648 inique
450 605 617 650 agerent,
647 600 926 634 laboraverunt.

350 654 435 690 Alio
465 661 590 689 autem
622 651 738 687 modo
777 658 901 698 potest
931 661 1012 685 esse
1042 648 1175 684 vitium
1207 659 1250 683 ex
1280 647 1361 695 ipsa
1388 668 1389 675 κ

297 706 572 743 inordinatione
602 704 789 752 appetitus
819 711 854 739 et
883 702 994 739 studii
1015 701 1236 738 addiscendi
1257 706 1274 727 η
1295 712 1360 736 ve—

297 761 454 796 ritatem.
495 759 543 794 Et
571 759 644 793 hoc
674 755 981 804 quadrupliciter.
1020 755 1106 792 Uno
1137 753 1276 799 modo,
1306 753 1361 789 in-

296 820 479 861 quantum
508 823 576 859 per
605 810 770 846 studium
802 809 928 845 minus
957 809 1046 845 utile
1076 808 1317 843 retrahuntur
1339 819 1360 842 a

296 865 418 902 studio
455 864 558 912 quod
594 863 646 905 eis
681 875 725 899 ex
755 862 976 898 necessitate
1012 860 1209 897 incumbit.
1249 859 1359 897 Unde

296 918 555 965 Hieronymus
584 916 670 952 dicit
689 915 728 951 *ε
765 916 1004 960 Sacerdotes,
1038 914 1197 961 dimissis
1235 914 1360 950 Evan-

293 971 401 1020 geliis
429 975 465 1006 et
489 969 697 1017 Prophetiis
716 967 745 1014 θ,
775 970 943 1006 videmus
971 968 1184 1005 comoedias
1213 967 1360 1016 legere,

294 1030 330 1060 et
346 1024 533 1060 amatoria
553 1023 809 1059 bucolicorum
830 1034 1006 1059 versuum
1022 1022 1137 1058 verba
1153 1027 1318 1057 cantare.
1336 1042 1360 1048 -

294 1078 378 1113 Alio
415 1077 554 1121 modo,
585 1077 810 1124 inquantum
845 1076 968 1113 studet
1004 1075 1137 1123 aliquis
1167 1074 1360 1111 addiscere
1389 1100 1390 1106 .

295 1131 342 1167 ab
372 1143 418 1166 eo
453 1142 475 1166 a
503 1142 580 1178 quo
617 1142 695 1166 non
724 1130 827 1166 licet:
867 1129 962 1166 sicut
999 1135 1101 1176 patet
1134 1127 1180 1164 de
1211 1127 1268 1164 his
1298 1127 1361 1176 qui
1389 1139 1390 1148 ³

294 1184 418 1232 aliqua
456 1183 580 1220 futura
615 1195 636 1219 a
673 1182 927 1220 daemonibus
961 1181 1231 1230 perquirunt‘,
1263 1192 1361 1229 quae
1388 1205 1390 1217 2

294 1245 349 1273 est
378 1236 635 1285 superstitiosa
665 1236 871 1272 curiositas.
902 1237 961 1272 De
986 1247 1063 1283 quo
1083 1240 1100 1255 ²
1128 1234 1361 1282 Augustinus

295 1290 394 1336 dicit,
425 1290 461 1326 in
491 1291 587 1326 libro
616 1290 661 1326 de
682 1290 779 1327 Vera
799 1289 924 1339 Relig.
945 1288 984 1324 *τ
1014 1288 1155 1325 Nescio
1175 1300 1224 1324 an
1242 1287 1362 1335 philo·
1389 1284 1390 1288 ’

292 1344 400 1392 sophi
426 1344 696 1392 impedirentur
713 1355 737 1379 a
751 1343 835 1390 fide
853 1343 941 1379 vitio
961 1341 1186 1378 curiositatis
1214 1341 1250 1377 in
1274 1353 1362 1389 per-

293 1398 511 1434 cunctandis
538 1397 794 1434 daemonibus,
824 1416 847 1423 -
878 1395 1026 1441 Tertio,
1057 1395 1212 1442 quando
1242 1395 1362 1431 homo
1390 1400 1391 1426 ἒ

294 1450 436 1499 appetit
465 1463 696 1498 cognoscere
724 1449 922 1486 veritatem
952 1449 1051 1485 circa
1073 1456 1264 1485 creaturas
1284 1460 1361 1484 non
1390 1459 1391 1497 ξ

295 1503 494 1540 referendo
529 1504 576 1541 ad
616 1503 784 1540 debitum
813 1502 954 1547 finem,
985 1501 1124 1538 scilicet
1158 1501 1205 1538 ad
1236 1501 1363 1549 cogni·
1390 1504 1391 1540 Ξ

294 1558 437 1594 tionem
467 1557 550 1594 Dei.
589 1557 700 1594 Unde
730 1555 962 1603 Augustinus
991 1555 1098 1600 dicit,
1128 1554 1164 1590 in
1194 1554 1289 1591 libro
1319 1554 1365 1590 de
1390 1581 1391 1585 ,

302 1612 399 1647 Vera
427 1611 551 1660 Relig.
572 1610 612 1657 ³⁸,
643 1611 744 1657 quod
776 1610 813 1646 in
842 1608 1140 1645 consideratione
1172 1613 1363 1644 creatura-

296 1676 381 1700 rum
418 1676 492 1700 non
531 1669 584 1700 est
618 1675 719 1700 vana
756 1668 792 1699 et
820 1663 992 1710 peritura
1027 1661 1223 1698 curiositas
1255 1672 1364 1696 exer-

295 1718 424 1763 cenda,
454 1717 520 1754 sed
545 1717 690 1766 gradus
713 1716 765 1752 ad
793 1715 1022 1752 immortalia
1051 1720 1086 1750 et
1108 1725 1256 1762 semper
1283 1725 1363 1750 ma-

296 1771 420 1807 nentia
437 1770 653 1818 faciendus.
674 1789 698 1797 —
728 1769 874 1815 Quarto
902 1768 1032 1813 modo,
1057 1768 1279 1815 inquantum
1301 1766 1364 1802 ali·
1391 1771 1392 1784 ³

296 1823 380 1870 quis
423 1824 545 1859 studet
582 1824 629 1859 ad
666 1821 972 1869 cognoscendam
1012 1820 1211 1856 veritatem
1250 1831 1364 1867 supra

295 1877 437 1924 proprii
457 1876 592 1923 ingenii
614 1875 852 1912 facultatem:
883 1874 971 1922 quia
997 1886 1065 1922 per
1084 1873 1158 1909 hoc
1187 1873 1365 1908 homines
1390 1873 1392 1918 i

296 1930 343 1966 cle
372 1929 468 1966 facili
498 1930 534 1965 in
565 1940 711 1964 errores
731 1928 920 1964 labuntur.
946 1927 1058 1964 Unde
1088 1926 1222 1963 dicitur
1245 1925 1363 1961 Eccli.
1390 1953 1392 1973 ,

1417 500 1546 525 sensus
1574 501 1717 526 eorum.

1461 543 1529 600 An
1566 553 1704 579 PRlMUM
1739 554 1838 579 ERGO
1873 555 2059 581 montinum
2098 545 2203 594 quod
2242 545 2389 581 bonum
2420 545 2488 581 ho-

1418 606 1530 630 minis
1570 603 1739 631 consistit
1775 607 1813 631 1n
1853 596 2068 644 cognitione
2100 598 2202 634 veri:
2242 610 2320 634 non
2358 605 2488 634 tamen

1418 659 1614 683 summum
1643 647 1810 684 hominis
1840 649 1986 686 bonurn
2017 650 2187 693 consistit
2213 651 2250 687 in
2272 651 2487 698 cognitione

1418 700 1615 736 cuiuslibet
1629 701 1723 746 veri,
1740 701 1808 737 sed
1829 701 1867 738 in
1886 703 2052 750 perfecta
2073 703 2289 752 cognitione
2310 716 2487 741 summae

1388 797 1389 800 Ἰ
1416 753 1583 789 veritatis
1593 753 1625 800 *,
1642 761 1683 789 ut
1697 762 1800 802 patet
1814 766 1883 802 per
1898 755 2188 804 Philosophum,
2205 757 2242 793 in
2265 758 2296 793 X
2313 758 2433 806 Ethic.
2447 757 2488 779 *²*

1388 807 1389 811 ’
1417 806 1466 842 Et
1494 806 1581 842 ideo
1610 814 1736 854 potest
1765 819 1846 843 esse
1875 807 2010 844 vitium
2040 808 2078 845 in
2104 810 2318 857 cognitione
2344 811 2488 859 aliquo-

1417 871 1502 895 rum
1522 871 1716 906 verorum,
1737 860 1951 897 secundum
1976 862 2082 909 quod
2098 862 2180 899 talis
2201 863 2389 912 appetitus
2409 876 2487 901 non

1417 912 1546 949 debito
1577 913 1696 949 modo
1726 913 1923 950 ordinatur
1951 914 1999 951 ad
2029 915 2286 963 cognitionem
2310 929 2487 954 summae

1388 974 1389 982 ¹
1416 965 1596 1010 veritatis,
1626 966 1663 1002 in
1694 978 1769 1014 qua
1798 966 1968 1003 consistit
1996 980 2148 1005 summa
2176 968 2343 1007 felicitas.

1471 1020 1530 1055 AD
1557 1030 1748 1056 SECUNDUM
1777 1031 1963 1057 DICENDUM
1991 1021 2095 1069 quod
2125 1022 2221 1058 ratio
2241 1027 2259 1050 ¹*
2283 1022 2344 1059 illa
2364 1031 2489 1060 osten-

1418 1071 1471 1108 dit
1499 1073 1601 1120 quod
1633 1072 1796 1121 cognitio
1817 1073 1986 1110 veritatis
2006 1075 2218 1111 secundum
2240 1087 2280 1112 se
2300 1076 2346 1112 sit
2364 1076 2487 1113 bona:

1417 1137 1495 1161 non
1525 1134 1653 1162 tamen
1683 1139 1751 1175 per
1773 1127 1848 1163 hoc
1870 1127 2079 1164 excluditur
2107 1128 2198 1177 quin
2218 1128 2337 1177 possit
2356 1129 2490 1178 aliquis

1418 1179 1634 1226 cognitione
1662 1179 1830 1216 veritatis
1863 1180 1966 1217 abuti
2002 1181 2051 1218 ad
2085 1183 2250 1227 malum,
2280 1183 2343 1219 vel
2376 1183 2490 1219 etiam

1389 1232 1628 1269 'inordinate
1665 1233 1923 1280 cognitionem
1960 1234 2126 1272 veritatis
2163 1243 2362 1283 appetere;
2401 1235 2491 1284 quia

1419 1285 1533 1322 etiam
1559 1294 1709 1335 oportet
1737 1287 1947 1335 appetitum
1970 1287 2062 1324 boni
2091 1288 2220 1325 debito
2242 1289 2361 1326 modo
2382 1300 2490 1337 regu-

1390 1342 1391 1347 ’
1418 1339 1537 1376 latum
1567 1351 1662 1376 esse.

1471 1394 1531 1428 AD
1546 1404 1707 1430 TER‘rmM
1718 1405 1904 1431 DICENDUM
1920 1395 2024 1442 quod
2040 1394 2208 1432 studium
2223 1395 2490 1445 philosophiae

1419 1446 1631 1483 secundum
1653 1459 1693 1482 se
1724 1454 1779 1483 est
1806 1446 1948 1484 licitum
1969 1456 2004 1484 et
2028 1448 2229 1493 laudabile,
2251 1458 2407 1498 propter
2424 1461 2490 1486 ve-

1418 1498 1566 1535 ritatem
1602 1512 1720 1547 quam
1755 1500 1974 1549 philosophi
2003 1510 2275 1550 perceperunt,
2305 1503 2392 1539 Deo
2420 1502 2490 1540 illis

1419 1553 1624 1599 revelante,
1655 1561 1696 1589 ut
1725 1553 1861 1590 dicitur
1880 1555 1993 1591 Rom.
2015 1567 2024 1591 1
2043 1554 2074 1592 *.
2107 1556 2180 1592 Sed
2212 1555 2302 1605 quia
2331 1556 2489 1605 quidam

1418 1606 1637 1654 philosophi
1654 1611 1667 1627 ’'
1696 1607 1903 1644 abutuntur
1940 1607 1988 1645 ad
2017 1608 2107 1646 fidei
2136 1608 2488 1658 impugnationem,

1419 1659 1506 1696 ideo
1541 1661 1750 1708 Apostolus
1789 1660 1894 1707 dicit,
1924 1662 1976 1698 ad
2008 1662 2147 1699 Coloss.
2170 1674 2192 1699 11
2212 1661 2248 1699 *ε
2285 1663 2411 1700 Videte
2443 1675 2492 1701 ne

1391 1714 1392 1725 ³
1418 1713 1500 1761 quis
1514 1724 1581 1749 vos
1595 1713 1756 1761 decipiat
1766 1726 1840 1762 per
1854 1714 2132 1764 philosophiam
2152 1721 2188 1752 et
2205 1716 2357 1753 inanem
2371 1717 2490 1754 scien-

1418 1767 1521 1811 tiam,
1549 1767 1755 1803 secundum
1783 1768 2020 1805 traditionem
2048 1769 2258 1814 hominum,
2287 1775 2324 1806 et
2341 1782 2416 1807 non
2435 1782 2491 1807 se-

1391 1825 1392 1828 ’
1419 1819 1582 1855 cundum
1608 1820 1809 1857 Christum.
1841 1821 1890 1857 Et
1908 1821 2117 1870 Dionysius
2138 1822 2238 1869 dicit,
2259 1823 2297 1860 in
2318 1823 2491 1873 Epistola

1418 1872 1469 1908 ad
1486 1872 1744 1920 Polycarpum
1753 1872 1785 1919 *,
1803 1874 1849 1910 de
1865 1873 2097 1922 quibusdam
2117 1875 2368 1925 philosophis,
2385 1877 2492 1926 quod
2519 1888 2529 1898 ·

1420 1925 1555 1961 divinis
1584 1937 1658 1962 non
1687 1932 1815 1962 sancte
1842 1932 1974 1964 contra
2002 1927 2131 1965 divina
2151 1934 2318 1975 utuntur,
2341 1941 2415 1978 per
2431 1942 2492 1967 sa-

295 1995 330 2019 111
350 1982 387 2019 ²¹²:
413 1983 560 2019 Altiora
581 1987 614 2018 te
634 1993 680 2018 ne
699 1981 915 2030 quaesieris,
932 1986 968 2016 et
974 1980 1146 2028 fortiora
1161 1977 1175 2000 λ
1196 1991 1243 2015 ne
1260 1990 1364 2014 scru-
1412 1978 1597 2026 pientiam
1625 1979 1700 2015 Dei
1726 1985 1907 2016 tentantes
1934 1981 2123 2030 expellere
2145 1982 2314 2019 divinam
2334 1994 2492 2021 venera-

294 2042 390 2073 tatus
408 2036 546 2084 fueris,
566 2041 602 2071 et
619 2035 655 2071 in
682 2035 854 2082 pluribus
873 2034 1047 2083 operibus
1067 2033 1145 2069 eius
1174 2044 1220 2068 ne
1234 2032 1365 2079 fueris
1391 2042 1392 2079 ᾗ

346 2152 372 2184 η)
391 2150 556 2176 addiscendi.
569 2164 588 2169 -
605 2149 772 2181 adipiscendi
790 2149 808 2179 Ι,
821 2149 859 2174 ad
877 2149 1032 2174 discendum
1047 2148 1077 2177 D,
1091 2148 1129 2172 ad
1147 2147 1302 2173 discendam
1317 2147 1363 2172 Pa.

346 2185 370 2214 θ)
391 2186 549 2218 Ηορὶιείίἰε.
563 2200 580 2204 -
599 2185 740 2217 Prophetis
759 2185 805 2210 Ρα,

347 2225 365 2255 ι)
383 2223 552 2255 perquirunt.
565 2235 583 2240 —
597 2221 761 2253 perquirant
778 2220 853 2249 ΑΒΕ,
873 2220 1013 2252 inquirunt
1031 2220 1059 2245 C.

347 2259 371 2290 κ)
394 2259 434 2283 De
452 2265 511 2290 quo.
526 2272 543 2276 -
563 2257 605 2281 De
623 2264 675 2289 qua
695 2256 723 2286 C,
747 2256 823 2281 Unde
841 2256 898 2281 Pla.

1419 2031 1570 2068 tionem.

1471 2146 1499 2180 λ)
1511 2147 1646 2179 fortiora.
1658 2162 1679 2167 -
1697 2150 1723 2172 te
1742 2148 1840 2172 addunt
1858 2148 1920 2173 PCl.

1442 2220 1446 2225 .
1472 2185 1500 2218 μ.)
1520 2184 1600 2225 ναξὶρ.
1615 2198 1632 2203 -
1651 2184 1701 2209 etsi
1719 2184 1791 2208 ratio
1806 2183 1833 2208 Ρ.
1846 2197 1864 2202 -
1883 2183 1934 2208 Pro
1947 2184 2072 2215 ostendit,
2083 2185 2210 2217 procedit
2222 2186 2251 2216 C,
2260 2186 2387 2218 procedit
2404 2190 2494 2212 onen—

1417 2220 1459 2245 dn
1471 2219 1673 2288 g'pclii'igsosshi.
1686 2269 1704 2273 —
1719 2255 1891 2287 philosophia
1910 2256 1950 2281 ed.
1969 2263 1994 2280 a.

970 2334 1306 2367 Commentaria
1329 2334 1583 2367 Cardinalis
1606 2334 1808 2367 Caietam·

326 2428 345 2447 N
362 2417 493 2447 articulo
517 2415 622 2456 primo
647 2414 841 2455 quaestionis
866 2414 1363 2454 centesimaesexagesimaesepti-
1389 2439 1390 2446 1

300 2430 412 2498 lmae,
437 2468 512 2491 nota
537 2459 625 2500 quod
650 2459 774 2499 negatio
800 2458 895 2489 debiti
920 2458 990 2488 finis
1015 2458 1046 2489 in
1072 2459 1255 2498 cognitione
1281 2468 1363 2489 crea·
1389 2470 1391 2499 !

295 2514 435 2538 turarum
456 2505 547 2535 tertio
564 2504 637 2535 loco
655 2503 849 2534 constituens
873 2510 1039 2543 peccatum
1056 2503 1088 2533 in
1103 2503 1216 2539 littera,
1233 2504 1364 2544 quando
1390 2503 1391 2552 J

294 2551 410 2581 scilicet
434 2559 499 2579 non
524 2548 654 2579 refertur
678 2548 709 2578 in
734 2547 950 2587 cognitionem
975 2548 1043 2584 Dei,
1069 2548 1236 2588 dupliciter
1260 2554 1366 2588 potest
1390 2557 1391 2585 3

294 2595 423 2634 intelligi
447 2594 535 2635 quod
564 2593 735 2624 constituat
766 2601 941 2632 peccatum.
967 2593 1085 2628 Primo,
1109 2603 1146 2623 ac
1170 2592 1195 2622 si
1219 2599 1365 2632 oporteat
1390 2615 1392 2640 Ι

295 2639 509 2680 cognitionem
534 2638 591 2668 Dei
616 2647 682 2667 esse
706 2636 803 2667 finem
832 2637 1016 2677 proximum
1045 2645 1175 2678 propter
1197 2647 1295 2678 quem
1319 2643 1365 2667 est
1390 2641 1392 2680 2

295 2683 434 2724 cognitio
465 2690 634 2713 creaturae.
667 2682 706 2712 Et
729 2681 761 2711 in
786 2682 846 2712 hoc
877 2691 970 2712 sensu
1003 2692 1069 2712 non
1093 2689 1139 2712 est
1161 2681 1365 2722 intelligenda
1390 2682 1393 2728 l

295 2738 440 2769 praesens
456 2727 567 2758 littera.
592 2726 756 2763 Quoniam
777 2726 917 2766 cognitio
935 2734 1104 2762 creaturae,
1122 2726 1299 2757 secundum
1318 2736 1365 2756 ra·
1391 2733 1392 2744 ¹

295 2774 415 2804 tionem
432 2779 558 2807 rectam,
572 2771 666 2801 habet
682 2781 739 2811 pro
758 2771 904 2810 proximo
922 2770 984 2801 fine
1001 2771 1155 2811 seipsam:
1176 2778 1212 2802 ut
1224 2778 1310 2812 patet
1326 2771 1365 2801 de

295 2817 431 2848 scientiis
447 2816 657 2856 speculativis.
680 2815 745 2846 Nec
759 2815 863 2856 aliqua
881 2816 948 2855 lege
965 2815 1113 2846 iubemur
1129 2815 1242 2846 habere
1259 2816 1365 2846 Deum
1391 2808 1393 2832 l

296 2872 353 2902 pro
382 2861 444 2891 fine
473 2860 619 2901 proximo
649 2860 875 2900 speculationis
905 2867 1135 2890 creaturarum:
1161 2870 1235 2891 cum
1266 2860 1305 2890 sit
1332 2860 1365 2890 in
1391 2847 1393 2877 l

296 2916 408 2946 genere
423 2905 500 2936 boni
524 2905 658 2940 honesti,
675 2904 763 2944 quod
788 2912 917 2944 propter
942 2905 1083 2944 seipsum
1107 2905 1230 2935 bonum
1255 2912 1311 2935 est.
1391 2901 1393 2951 l

353 2951 499 2981 Secundo
524 2959 598 2988 ergo
623 2956 726 2989 potest
750 2949 898 2989 intelligi,
924 2949 999 2989 quia
1023 2956 1150 2989 oportet
1173 2949 1232 2980 Dei
1257 2949 1365 2989 cogni·
1392 2961 1393 2968 ¹

297 2995 417 3026 tionem
442 3004 508 3024 esse
539 2992 634 3023 finem
666 2993 816 3023 ultimum
847 2993 1039 3034 cognitionis
1069 3002 1294 3024 creaturarum.
1327 2994 1367 3024 Et
1392 2975 1393 3031 l

1416 2415 1448 2445 in
1473 2415 1535 2445 hoc
1559 2424 1653 2445 sensu
1677 2413 1862 2454 intelligitur
1886 2414 1998 2445 littera.
2023 2415 2107 2445 Nam
2130 2415 2211 2446 sicut
2234 2415 2340 2446 omnis
2363 2416 2493 2449 scientia

1417 2459 1541 2490 animae
1570 2459 1735 2490 ordinatur
1757 2459 1796 2489 ad
1822 2458 2002 2490 felicitatem
2033 2466 2184 2501 tanquam
2209 2460 2360 2491 ultimum
2383 2460 2492 2499 finem,

1416 2504 1459 2534 ita
1483 2503 1589 2534 omnis
1614 2511 1773 2534 creaturae
1797 2503 1937 2544 cognitio
1962 2503 2127 2534 ordinatur
2141 2504 2181 2534 ad
2199 2505 2416 2545 cognitionem
2432 2505 2493 2538 Dei

1418 2555 1454 2579 ut
1476 2547 1574 2578 finem
1599 2548 1762 2578 ultimum.

1473 2593 1539 2623 Nec
1563 2599 1608 2623 est
1633 2602 1716 2632 opus
1741 2598 1916 2632 propterea,
1934 2592 1974 2622 ad
1998 2599 2164 2632 peccatum
2188 2593 2382 2630 evitandum.
2403 2594 2494 2636 quod

1417 2647 1491 2668 cum
1516 2637 1588 2678 quis
1612 2644 1701 2667 vacat
1731 2636 1868 2667 scientiis
1897 2643 2122 2674 creaturarum,
2147 2637 2272 2669 ordinet
2299 2648 2411 2669 earum
2434 2649 2493 2670 no-

1417 2682 1518 2712 titiam
1535 2682 1567 2712 in
1585 2682 1644 2712 Dei
1661 2681 1888 2721 cognitionem.
1914 2681 2079 2718 Quoniam
2095 2689 2207 2722 suapte
2223 2689 2335 2714 natura
2351 2683 2493 2724 cognitio

1418 2734 1577 2758 creaturae
1594 2726 1729 2766 gradum
1745 2725 1910 2757 constituit
1926 2725 2118 2757 ascensionis
2134 2727 2173 2757 ad
2190 2727 2407 2768 cognitionem
2422 2727 2492 2760 Dei.

1419 2771 1459 2802 Et
1474 2771 1546 2801 ideo
1562 2778 1716 2811 appetens
1732 2770 1875 2801 studium
1892 2770 2009 2801 sciendi
2027 2778 2214 2808 creaturam,
2229 2781 2268 2802 eo
2284 2771 2356 2812 ipso
2373 2772 2494 2813 appetit

1418 2816 1553 2856 gradum
1587 2816 1795 2846 deducentem
1829 2815 1861 2845 in
1896 2814 2111 2855 cognitionem
2145 2815 2224 2846 Dei:
2257 2815 2317 2846 nisi
2350 2816 2492 2857 appetitu

1418 2870 1566 2900 perverso
1583 2860 1809 2891 deductionem
1829 2859 2016 2890 huiusmodi
2033 2866 2226 2897 contemnat,
2243 2867 2274 2891 et
2290 2860 2493 2901 negationem

1392 2934 1393 2938 ,
1419 2904 1538 2935 ordinis
1563 2905 1602 2935 ad
1624 2905 1682 2935 Dei
1707 2904 1924 2944 cognitionem
1948 2904 2004 2945 qui
2027 2904 2059 2935 in
2084 2904 2155 2945 ipso
2178 2905 2278 2945 gradu
2301 2905 2493 2945 cognitionis

1420 2956 1578 2980 creaturae
1598 2956 1654 2985 est,
1673 2949 1892 2988 amplectatur.
1917 2949 2012 2980 Tunc
2035 2948 2121 2979 enim
2145 2956 2311 2990 peccatum
2334 2949 2366 2980 in
2390 2950 2494 2981 littera

1421 2994 1615 3034 descriptum
1639 2993 1763 3025 accidit.

1079 3131 1399 3174 ARTICULUS
1429 3130 1732 3173 SECUNDUS

633 3225 787 3256 UTRUM
811 3225 967 3256 V1T1UM
991 3225 1295 3257 cumoserris
1318 3225 1385 3256 SIT
1410 3225 1543 3257 cch
1566 3225 1826 3257 sensti-ivam
1850 3223 2158 3256 COGNJTIONEM

330 3328 348 3370 Ι)
422 3336 488 3379 ᾳ(
512 3325 534 3349 D
553 3325 743 3350 SECUNDUM
758 3326 811 3351 sm
827 3326 1068 3352 PRocamrun.
1084 3315 1244 3352 Videtur
1259 3314 1365 3363 quod
1391 3341 1393 3346 .

344 3364 357 3384 ‘'
431 3356 483 3425 ’ἔρ
512 3366 648 3403 vitium
678 3367 902 3404 curiositatis
931 3380 1009 3405 non
1030 3368 1075 3405 sit
1104 3369 1203 3405 circa
1222 3367 1367 3405 sensiti-

320 3421 323 3425 “
340 3417 440 3473 [373
514 3431 603 3455 vam
626 3420 893 3467 cognitionem.
917 3421 1022 3458 Sicut
1037 3422 1138 3458 enirn
1159 3421 1287 3471 aliqua
1303 3434 1365 3458 co-

360 3446 457 3503 ,ἐῢ
472 3463 745 3518 Χῧηοεευηωῑ
768 3486 835 3521 per
863 3487 1018 3511 sensum
1039 3475 1156 3520 visus,
1178 3475 1228 3512 ita
1253 3475 1363 3512 etiam

306 3523 431 3570 aliqua
469 3533 747 3571 cognoscuntur
782 3538 850 3574 per
878 3540 1033 3564 sensum
1071 3536 1191 3565 tactus
1229 3535 1264 3565 et
1300 3540 1367 3576 gu-

361 3638 388 3670 α)
407 3638 479 3670 quod
498 3645 569 3663 nec...
589 3638 632 3663 sit.
645 3652 662 3656 -
681 3639 751 3670 quod
770 3639 889 3665 vitium...
909 3647 960 3665 non
981 3642 1016 3665 sit
1036 3642 1080 3667 Pa.

1419 3322 1510 3352 stus.
1551 3314 1629 3352 Sed
1658 3313 1757 3351 circa
1785 3311 1977 3361 tangibilia
2008 3320 2044 3349 et
2079 3313 2277 3360 gustabilia
2311 3326 2390 3351 non
2422 3326 2490 3363 po·

1419 3367 1518 3405 nitur
1544 3367 1681 3405 vitium
1711 3365 1952 3404 curiositatis:
1983 3366 2048 3403 sed
2079 3365 2199 3414 magis
2220 3366 2356 3404 vitium
2384 3367 2490 3405 luxu-

1420 3421 1496 3458 riae
1526 3429 1590 3457 aut
1617 3420 1739 3468 gulae.
1770 3419 1872 3467 Ergo
1901 3418 2054 3455 videtur
2083 3419 2188 3468 quod
2217 3432 2288 3457 nec
2317 3421 2416 3457 circa
2445 3432 2491 3458 ea

1421 3486 1519 3523 quae
1558 3480 1840 3522 cognoscuntur
1876 3484 1944 3520 per
1972 3472 2122 3520 visum,
2152 3473 2198 3510 sit
2218 3478 2235 3495 ²
2263 3473 2398 3511 vitium
2427 3485 2490 3510 cu-

1421 3535 1607 3565 mositatis.

2516 764 2526 773 ⁴
2540 763 2568 784 D·
2583 768 2630 791 ²73·
2645 768 2695 790 ²74-

2516 790 2538 800 ⁸·
2546 789 2602 817 Cap.
2613 795 2654 815 vu,
2662 794 2685 810 n.
2696 794 2730 815 ιτς

2515 822 2541 837 ca
2560 815 2733 842 .wu.n.7‚8.-

2516 842 2540 864 S.
2587 842 2732 869 .1ect.x,xn.

2518 1567 2528 1577 ⁸
2541 1565 2609 1588 Van.
2625 1571 2656 1595 ¹⁹·

2518 1669 2609 1693 ‘Ven-
2624 1670 2646 1693 8.
