2768 4198
1143 390 1695 475 INDEX

666 540 883 580 EORUM
917 540 1088 593 QUAE
1121 542 1182 582 IN
1215 541 1341 582 HOC
1375 542 1696 585 VOLUMINE
1730 545 2166 590 CONTINENTUR

1163 768 1393 802 SECUNDA
1417 769 1677 805 SECUNDAE

1098 878 1334 920 SUMMAE
1362 880 1734 924 THEOLOGIAE

836 986 1126 1039 SANCTI
1175 988 1510 1040 THOMAE
1556 991 1996 1055 AQUINATIS

1239 1104 1311 1129 CUM
1330 1104 1594 1131 COMMENTARIIS

1170 1192 1428 1224 CARDINALIS
1453 1194 1645 1226 CAIETAN
1648 1196 1658 1226 1

316 1502 492 1530 murano
495 1522 2326 1537 .....................................
2396 1519 2471 1550 pag.
2492 1518 2512 1538 v

470 1586 668 1621 QUAESTIO
689 1587 1242 1616 CENTESIMAVIGESIMATERTIA

711 1683 762 1713 De
781 1683 994 1714 fortitudine.

313 1776 481 1799 nncuws
494 1777 506 1797 1
565 1769 670 1797 Utrum
690 1768 832 1798 fortitudo
853 1769 890 1798 sit
910 1769 1000 1798 virtus
1021 1791 1210 1800 .......
1236 1781 1310 1811 pag.

397 1822 413 1837 ι
495 1818 518 1838 11
566 1809 671 1837 Utrum
693 1809 833 1838 fortitudo
847 1809 884 1838 sit
901 1809 1032 1847 specialis
1051 1810 1151 1840 virtus.
1174 1833 1181 1840 .
1206 1832 1213 1839 .

497 1858 530 1879 111
570 1850 675 1878 Utrum
702 1849 842 1879 fortitudo
870 1849 906 1878 sit
933 1850 1010 1880 circa
1036 1851 1156 1881 timores
1184 1858 1213 1880 et

596 1890 734 1919 audacias
743 1912 1209 1921 ................

397 1944 412 1960 »
495 1939 527 1960 rv
566 1931 670 1959 Utrum
698 1930 839 1960 fortitudo
864 1931 960 1960 solum
981 1931 1018 1961 sit
1039 1931 1115 1962 circa
1135 1933 1212 1971 peri-

598 1972 664 2000 cula
685 1971 788 2000 mortis
804 1994 1208 2003 ..............
1294 1985 1309 2001 ›

494 2022 514 2041 v
566 2012 670 2040 Utrum
691 2012 832 2041 fortitudo
847 2012 966 2050 proprie
979 2013 1120 2043 consistat
1136 2015 1212 2044 circa

597 2052 726 2090 pericula
752 2052 856 2082 mortis
882 2063 957 2091 quae
983 2054 1101 2083 suntin
1121 2055 1210 2085 bello.

494 2102 526 2122 vi
566 2094 671 2122 Utrum
682 2093 825 2122 sustinere
835 2093 872 2122 sit
882 2094 1048 2132 principalis
1062 2102 1143 2125 actus
1151 2097 1211 2126 for-

596 2133 729 2163 titudinis
747 2155 1210 2167 ................

397 2188 412 2204 ›
495 2182 537 2204 vn
567 2176 672 2204 Utrum
699 2175 782 2204 fortis
803 2182 940 2212 operetur
954 2183 1075 2213 propter
1096 2177 1209 2206 bonum

595 2215 708 2252 proprii
735 2216 850 2244 habitus
873 2237 1209 2247 ............

396 2269 412 2285 s
494 2265 547 2285 vm
568 2257 671 2285 Utrum
693 2256 774 2284 fortis
791 2256 950 2286 delectetur
963 2256 993 2285 in
1007 2266 1062 2286 suo
1083 2264 1150 2286 actu
1172 2280 1179 2286 .
1201 2280 1210 2288 .

395 2312 411 2327 »
494 2306 525 2327 lx
565 2297 670 2326 Utrum
682 2297 823 2326 fortitudo
838 2297 963 2326 maxime
973 2298 1114 2327 consistat
1124 2298 1154 2326 in
1164 2308 1210 2328 re-

617 2345 722 2366 enums
748 2359 1210 2368 ................

395 2392 411 2407 ι
493 2388 514 2408 x
565 2348 670 2407 Uttium
690 2377 773 2406 fortis
793 2384 892 2406 utatur
911 2378 954 2407 ira
974 2378 1004 2407 in
1025 2388 1080 2407 suo
1101 2386 1167 2408 actu
1202 2402 1209 2409 .

395 2432 411 2448 ι
493 2427 524 2449 xl
565 2420 670 2448 Utrum
697 2418 839 2447 fortitudo
868 2418 904 2447 sit
927 2426 1018 2448 virtus
1046 2420 1210 2449 cardinalis.

394 2473 410 2488 ›
494 2469 536 2489 111
565 2461 671 2506 Utrum
685 2459 826 2488 fortitudo
846 2460 1003 2496 praecellat
1016 2460 1092 2490 inter
1106 2470 1210 2490 omnes

595 2506 716 2529 virtutes
719 2522 1208 2531 .................

455 2594 651 2630 QUAESTIO
680 2592 1250 2630 CENTESIMAVIGESIMAQUARTA
1274 2594 1278 2598 '

722 2676 773 2705 De
794 2677 979 2714 martyrio.

312 2768 480 2791 sanemus
493 2767 504 2787 1
564 2758 668 2786 Utrum
690 2755 862 2792 martyrium
875 2756 911 2784 sit
925 2763 1006 2784 actus
1026 2756 1148 2785 virtutis.
1171 2778 1178 2785 .
1201 2778 1208 2786 .

396 2812 412 2828 ι
493 2808 516 2828 11
566 2800 671 2827 Utrum
693 2796 864 2833 martyrium
878 2796 915 2824 sit
928 2803 1008 2825 actus
1022 2796 1208 2826 fortitudinis.

396 2855 412 2871 »
494 2850 527 2870 m
567 2841 672 2870 Utrum
698 2837 869 2874 martyrium
895 2836 931 2865 sit
957 2843 1039 2865 actus
1065 2837 1209 2866 maximae

594 2877 781 2917 perfectionis
810 2899 1208 2907 ..............

396 2934 412 2950 ›
494 2930 525 2950 1v
564 2921 668 2949 Utrum
684 2928 765 2947 mors
779 2917 816 2946 sit
830 2918 867 2946 de
878 2917 991 2946 ratione
1010 2917 1149 2954 martyrii.
1171 2939 1178 2946 .
1201 2940 1209 2948 .

495 2971 515 2990 v
566 2962 670 2990 Utrum
690 2959 754 2987 sola
769 2958 841 2986 fides
856 2957 892 2986 sit
906 2967 995 2986 causa
1008 2957 1148 2995 martyrii.
1170 2980 1177 2987 .
1199 2980 1207 2988 .

465 3047 660 3085 QUAESTIO
682 3045 1234 3081 CENTESIMAVIGESIMAQUINTA

745 3128 796 3158 De
815 3126 952 3157 timore.

314 3219 480 3242 mncums
493 3220 505 3240 1
564 3211 670 3239 Utrum
683 3209 772 3238 timor
785 3208 821 3236 sit
834 3213 986 3244 peccatum
988 3228 1204 3236 ........

398 3263 414 3279 s
495 3260 518 3279 11
567 3251 672 3279 Utrum
681 3255 831 3287 peccatum
846 3247 959 3276 timoris
970 3253 1137 3284 opponatur
1145 3247 1206 3276 for-

594 3290 712 3319 titudini
717 3309 1204 3319 .................

397 3344 413 3359 »
495 3339 528 3359 m
568 3331 674 3358 Utrum
695 3329 786 3358 timor
805 3329 842 3357 sit
861 3334 1013 3366 peccatum
1034 3327 1205 3356 mortale..

396 3384 412 3399 ›
494 3381 526 3400 1v
565 3371 670 3398 Utrum
689 3369 780 3398 timor
793 3375 911 3398 excuset
929 3378 947 3397 a
966 3374 1086 3405 peccato
1108 3390 1115 3396 .
1137 3389 1144 3396 .
1167 3389 1174 3396 .
1196 3389 1204 3396 .

478 3450 673 3487 QUAESTIO
695 3449 1225 3478 CENTESIMAVIGESIMASEXTA

635 3518 686 3547 De
706 3517 793 3548 vitio
813 3517 1058 3549 inanimatis.

315 3607 480 3630 Aarrcums
493 3607 504 3626 1
565 3598 669 3626 Utrum
689 3595 857 3624 intimiditas
878 3595 914 3624 sit
933 3603 1084 3632 peccatum
1109 3618 1116 3625 .
1138 3618 1146 3625 .
1168 3618 1175 3625 .
1197 3618 1204 3625 .

495 3647 517 3666 11
581 3637 685 3666 Utrum
700 3645 763 3666 esse
777 3635 957 3674 impavidum
971 3642 1138 3673 opponatur
1147 3636 1206 3664 for-

597 3676 713 3705 titudini
749 3697 1205 3705 ................

1375 1772 1389 1799 3

1374 1813 1392 1840 6

1375 1904 1390 1930 7

1358 1984 1392 2002 10

1588 1589 1783 1623 QUAESTIO
1804 1590 2372 1622 CENTES1MAVIGESIMASEPT1MA

1867 1658 1918 1688 De
1938 1659 2096 1690 audacia.

1444 1744 1635 1766 ,surrentum
1697 1739 1800 1767 Utrum
1823 1739 1944 1768 audacia
1965 1740 2001 1768 sit
2021 1748 2172 1778 peccatum
2175 1764 2331 1772 ......
2415 1754 2430 1770 ι
2471 1753 2511 1780 49

1625 1775 1646 1806 1'1
1693 1779 1797 1807 Utrum
1823 1780 1946 1808 audacia
1973 1788 2141 1818 opponatur
2160 1782 2428 1812 fortitudini.»
2471 1784 2510 1813 ib.

1587 1859 1781 1893 QUAESTIO
1811 1860 2371 1893 CENTESIMAVIGESIMAOCTAVA

1738 1929 1788 1959 De
1808 1930 1968 1966 partibus
1997 1931 2220 1962 fortitudinis.

1444 2009 1611 2030 ARTICULUS
1626 2009 1733 2030 umens
1754 2002 1857 2030 Utrum
1878 2003 2083 2032 convenienter
2102 2011 2198 2041 partes
2218 2006 2331 2035 fortitu-

1725 2042 1800 2071 dinis
1819 2050 2026 2072 enumerentur
2026 2065 2330 2076 ...........
2413 2059 2428 2074 »
2473 2049 2487 2077 5
2496 2058 2505 2077 ι

1616 2123 1810 2157 QUAESTIO
1832 2123 2342 2157 CENTESIMAVIGESIMANONA

1794 2184 1844 2213 De
1865 2186 2161 2221 magnanimitate.
2191 2194 2194 2197 ’

1443 2264 1608 2291 Aancums
1621 2266 1631 2284 1
1693 2258 1796 2285 Utrum
1811 2258 2034 2295 magnanimitas
2054 2260 2090 2288 sit
2103 2260 2179 2289 circa
2192 2261 2330 2292 honores.
2413 2276 2428 2291 ›
2473 2267 2509 2303 57

1624 2306 1645 2325 11
1696 2298 1799 2325 Utrum
1831 2299 2054 2335 magnanimitas
2083 2301 2120 2329 de
2144 2301 2189 2329 sui
2218 2303 2332 2331 ratione

1724 2338 1829 2366 habeat
1853 2339 1934 2375 quod
1959 2339 1995 2367 sit
2015 2340 2091 2369 circa
2118 2350 2257 2379 magnum
2278 2343 2332 2372 ho—

1724 2386 1827 2406 norem
1849 2399 2330 2412 .................
2413 2395 2429 2410 »
2474 2386 2510 2423 59

1625 2425 1657 2445 111
1697 2418 1800 2446 Utrum
1822 2418 2044 2455 magnanimitas
2065 2420 2101 2448 sit
2121 2420 2211 2449 virtus
2237 2443 2244 2450 .
2266 2444 2274 2451 .
2297 2444 2304 2451 .
2325 2444 2333 2451 .
2414 2434 2430 2450 s
2473 2426 2506 2454 61

1624 2466 1654 2485 tv
1694 2457 1799 2486 Utrum
1835 2459 2057 2496 magnanimitas
2087 2460 2123 2488 sit
2150 2461 2239 2490 virtus
2267 2471 2332 2499 spe-

1623 2546 1642 2565 v
1693 2497 2091 2575 U5¹3¹11³2⁵22223122131142512;S·
2054 2521 2331 2576 tatastat:
2413 2514 2429 2530 ’
2472 2506 2511 2541 ⁶⁴

1725 2577 1800 2606 dinis
1815 2599 2329 2610 ..................
2412 2594 2427 2609 »
2470 2585 2508 2612 66

1622 2626 1652 2646 v1
1692 2618 1795 2646 Utrum
1823 2617 1928 2646 fiducia
1954 2618 2094 2654 pertineat
2117 2620 2154 2648 ad
2179 2621 2330 2658 magnani-

1724 2658 1854 2686 mitatem
1876 2679 2328 2690 ................
2412 2673 2427 2689 ›
2470 2665 2508 2700 67

1623 2706 1663 2725 vu
1693 2698 1797 2726 Utrum
1824 2697 1961 2726 securitas
1992 2699 2030 2726 ad
2061 2700 2329 2736 magnanimitatem

1722 2738 1864 2774 pertineat
1875 2759 2327 2770 ................
2411 2753 2426 2768 »
2468 2744 2506 2771 68

1623 2786 1674 2805 vm
1694 2778 1798 2806 Utrum
1812 2778 1891 2806 bona
1905 2778 2037 2806 fortunae
2051 2779 2202 2808 conferant
2215 2781 2253 2808 ad
2266 2790 2328 2809 ma—

1722 2817 1940 2855 gnanimitatem
1964 2839 2327 2850 .............
2411 2832 2426 2848 »
2468 2823 2506 2859 69

1652 2891 1846 2926 QUAESTIO
1872 2892 2297 2922 CENTESIMATRIGESIMA

1791 2954 1841 2983 De
1865 2954 2157 2990 praesumptione.

1441 3028 1606 3049 ART1CULus
1621 3028 1631 3047 1
1691 3020 1794 3047 Utrum
1815 3018 2012 3056 praesumptio
2027 3019 2063 3047 sit
2076 3026 2236 3056 peccatum.
2258 3043 2266 3050 .
2288 3043 2295 3050 .
2317 3043 2325 3050 .
2408 3033 2422 3048 »
2466 3033 2499 3060 71

1620 3069 1641 3087 11
1692 3060 1796 3104 Utrum
1816 3059 2013 3104 praesumptio
2028 3066 2193 3096 opponatur
2206 3070 2325 3098 magna-

1718 3105 1842 3127 nimitati
1863 3108 1914 3136 per
1934 3108 2081 3128 excessum
2109 3121 2324 3130 ........
2407 3113 2423 3128 »
2465 3110 2503 3140 72

1593 3171 1786 3207 QUAESTIO
1808 3172 2351 3203 CENTESIMATRIGESIMAPRIMA

1839 3233 1888 3263 De
1909 3233 2106 3264 ambitione.

1436 3315 1600 3336 Aa‘rtctmus
1613 3315 1624 3334 1
1685 3306 1788 3334 Utrum
1808 3305 1929 3334 ambitio
1950 3305 1986 3333 sit
2005 3312 2155 3342 peccatum
2166 3328 2323 3336 ......
2405 3319 2421 3334 ι
2463 3318 2501 3346 74

1616 3355 1638 3374 11
1689 3346 1791 3373 Utrum
1812 3345 1933 3373 ambitio
1951 3352 2117 3382 opponatur
2130 3346 2322 3384 magnanimi-

1715 3385 1767 3414 tati
1786 3394 1838 3422 per
1858 3394 2007 3414 excessum
2015 3407 2320 3416 ...........
2403 3399 2419 3414 ›
2462 3389 2500 3425 76

1559 3465 1754 3501 QUAESTIO
1775 3461 2379 3496 CENTESIMATRIGESIMASECUNDA

1816 3527 1867 3557 De
1886 3526 1981 3556 inani
2003 3527 2123 3563 glor-la.

1436 3600 1624 3622 ARTICULUSI
1685 3592 1789 3620 Utrum
1810 3590 1953 3628 appetitus
1976 3590 2084 3627 gloriae
2105 3590 2141 3618 sit
2160 3598 2319 3628 peccatum.
2401 3603 2416 3618 ι
2459 3591 2495 3627 78

1616 3640 1637 3660 n
1686 3632 1790 3660 Utrum
1811 3631 1904 3660 inanis
1917 3630 2009 3668 gloria
2023 3630 2251 3668 magnanimitati
2267 3641 2320 3668 op-

1716 3677 1841 3709 ponatur
1869 3691 2318 3700 ................
2401 3680 2416 3696 »
2458 3670 2496 3697 80
