2768 4198
69 875 157 925 1121‘5‘.
158 881 198 904 ‘¹¹¹
219 881 283 902 ‘²¹¹¹

1008 276 1276 322 QUAESTIO
1307 275 1442 322 CLIV,
1472 274 1771 312 ARTICULUS
1802 275 1813 310 l

2438 273 2512 308 213

432 482 846 561 QUAESTIO
886 481 2396 560 CENTESIMAQquUAGEsmAQUARTA

1009 602 1094 642 DE
1127 601 1456 643 SPECIEBUS
1491 601 1824 643 LUXURIAE-

1095 718 1129 743 IN
1160 717 1348 743 DUODECIM
1377 718 1583 743 ARTICULOS
1612 718 1729 743 DIVISA

395 830 504 855 ElNDE
547 815 872 854 considerandum
912 822 968 851 est
1005 814 1052 852 de
1091 813 1260 851 luxuriae
1302 825 1387 861 par-

395 871 496 909 tibus
513 870 545 908 ³¹⁶.

312 926 361 963 Et
390 925 488 962 circa
516 925 592 961 hoc
620 930 856 973 quaeruntur
886 920 1105 959 duodecim.

365 979 518 1016 Primo:
550 978 597 1015 de
627 976 816 1014 divisione
837 975 1003 1026 partium
1034 974 1217 1012 luxuriae.

366 1031 565 1069 Secundo:
595 1038 724 1068 utrum
754 1029 952 1067 fornicatio
983 1028 1144 1077 simplex
1173 1027 1218 1064 sit
1251 1039 1388 1076 pecca-

418 1094 501 1123 tum
530 1085 704 1122 mortale.

365 1139 518 1176 Tertio:
546 1146 674 1175 utrum
704 1138 749 1175 sit
776 1137 989 1174 maximum
1019 1142 1278 1185 peccatorum.

366 1193 537 1240 Quarto:
571 1199 698 1229 utrum
729 1191 767 1229 in
794 1190 956 1228 tactibus
986 1198 1022 1226 et
1057 1188 1196 1226 osculis
1235 1196 1271 1225 et
1306 1187 1386 1225 aliis

418 1246 640 1297 huiusmodi
662 1244 848 1282 illecebris
864 1243 1045 1282 consistat
1059 1250 1262 1292 peccatum
1284 1254 1387 1279 mor-

417 1301 506 1337 tale.

1414 1241 1416 1266 l

1495 813 1661 860 Quinto:
1701 822 1827 851 utrum
1867 823 2054 852 nocturna
2096 816 2255 864 pollutio
2299 815 2345 852 sit
2380 827 2514 864 pecca—

1547 874 1641 903 tum.

1496 920 1633 956 Sexto:
1665 922 1712 957 de
1742 929 1885 969 stupro.

1497 973 1692 1022 Septimo:
1724 975 1771 1011 de
1800 982 1922 1023 raptu.

1497 1027 1670 1064 Octavo:
1702 1028 1749 1064 de
1779 1027 1976 1065 adulterio.

1496 1081 1636 1117 Nono:
1667 1081 1713 1118 de
1743 1081 1901 1119 incestu.

1494 1134 1680 1171 Decimo:
1712 1134 1759 1171 de
1789 1135 1998 1184 sacrilegio.

1495 1187 1732 1225 Undecimo:
1765 1188 1813 1225 de
1842 1198 1999 1237 peccato
2030 1197 2162 1226 contra
2190 1198 2379 1227 naturam.

1495 1241 1762 1278 Duodecimo:
1794 1242 1840 1279 de
1870 1242 2003 1280 ordine
2033 1242 2225 1291 gravitatis
2246 1243 2282 1280 in
2312 1243 2514 1292 praedictis

1550 1295 1763 1344 speciebus.

1132 1406 1455 1449 ARTICULUS
1487 1406 1696 1448 PRIMUS

711 1504 868 1536 UTRUM
893 1502 1238 1534 CONVENIENTER
1264 1501 1566 1533 AssmNENTUR
1591 1501 1670 1532 sex
1694 1501 1865 1532 SPEcnzs
1890 1501 2111 1532 LuxURiAE

932 1583 965 1608 lV
985 1583 1070 1613 Sext„
1090 1582 1151 1608 dist.
1169 1590 1219 1612 xu,
1240 1587 1286 1606 art.
1305 1589 1332 1613 4,
1352 1582 1401 1614 qu*
1426 1589 1446 1609 1,
1469 1588 1496 1611 2;
1519 1581 1560 1605 De
1578 1580 1662 1610 Malo,
1684 1588 1731 1613 qu.
1749 1588 1789 1610 κν,
1810 1586 1858 1606 art.
1878 1580 1902 1607 3.

349 1696 397 1732 v„
396 1695 405 1718 2
427 1694 435 1720 ι,
448 1700 498 1738 K<
523 1686 547 1711 D
576 1684 715 1710 ptumum
743 1684 797 1710 Sic
822 1683 1065 1709 PROCEDl‘rUR.
1094 1670 1256 1708 Videtur
1281 1670 1387 1719 quod

340 1706 497 1789 “2554
525 1725 844 1764 inconvenienter
872 1725 1111 1773 assignentur
1146 1736 1212 1761 sex
1240 1723 1389 1772 species

328 1766 708 1829 ',y“x'‘‚r,‹'1uxuriae‚
730 1779 884 1826 scilicet,
902 1778 1114 1828 fornicatio
1148 1777 1321 1826 simplex,
1347 1789 1386 1814 a-

390 1830 435 1838 ’
481 1828 739 1879 Kcluherium,
769 1833 944 1878 incestus,
972 1837 1165 1880 stuprum,
1191 1836 1322 1879 raptus
1351 1839 1388 1867 et

311 1887 443 1925 vitium
472 1892 490 1908 α
517 1893 650 1925 contra
686 1892 876 1924 naturam.
919 1885 1130 1922 Diversitas
1167 1884 1269 1921 enim
1308 1896 1388 1920 ma-

311 1941 429 1979 teriae
459 1953 537 1979 non
559 1940 792 1979 diversificat
810 1938 991 1988 speciem.
1023 1938 1101 1975 Sed
1121 1937 1314 1986 praedicta
1334 1937 1388 1975 di-

312 1994 410 2031 visio
440 1994 602 2032 sumitur
635 1993 848 2031 secundum
883 1991 1066 2029 materiae
1105 1990 1387 2028 diversitatem:

312 2055 428 2098 prout
447 2048 589 2085 scilicet
607 2047 743 2096 aliquis
768 2046 1038 2084 commiscetur
1066 2045 1304 2093 coniugatae,
1325 2045 1387 2081 vel

311 2101 461 2150 virgini,
489 2102 553 2139 vel
582 2101 732 2139 alterius
761 2099 989 2138 conditionis
1018 2098 1180 2136 mulieri.
1211 2099 1314 2146 Ergo
1333 2098 1387 2135 vi-

314 2155 425 2193 detur
454 2155 559 2204 quod
587 2168 658 2205 per
685 2155 760 2192 hoc
784 2154 933 2203 species
961 2152 1132 2190 luxuriae
1156 2164 1235 2189 non
1265 2152 1388 2189 diver-

313 2209 518 2247 sificentur.

367 2274 404 2300 2.
433 2263 670 2308 PRAETEREA,
701 2260 848 2310 species
866 2259 946 2297 vitii
974 2259 1087 2297 unius
1107 2271 1186 2296 non
1208 2258 1388 2295 videntur

313 2315 563 2354 diversificari
587 2327 657 2364 per
689 2326 735 2351 ea
765 2326 863 2363 quae
892 2313 1081 2363 pertinent
1114 2313 1162 2349 ad
1196 2311 1299 2349 aliud
1330 2311 1387 2349 vi-

311 2370 419 2407 tium.
451 2369 530 2406 Sed
550 2367 781 2405 adulterium
802 2379 881 2404 non
899 2365 916 2396 β
944 2366 1070 2404 differt
1089 2379 1111 2403 a
1131 2365 1292 2415 simplici
1313 2366 1388 2402 for-

311 2422 502 2460 nicatione
530 2422 602 2459 nisi
621 2422 660 2459 in
679 2422 755 2458 hoc
782 2420 889 2469 quod
909 2420 1044 2470 aliquis
1064 2419 1212 2457 accedit
1230 2419 1279 2456 ad
1299 2431 1385 2456 earn

311 2489 411 2525 quae
447 2485 502 2513 est
539 2475 713 2522 alterius,
748 2482 784 2512 et
821 2474 874 2511 sic
911 2474 1131 2511 iniustitiam
1171 2473 1385 2510 committit.
1412 2496 1414 2520 ξ

312 2531 415 2578 Ergo
442 2530 596 2567 videtur
633 2529 739 2577 quod
778 2528 1006 2566 adulterium
1037 2540 1114 2564 non
1151 2527 1266 2564 debet
1293 2527 1386 2576 poni
1412 2574 1413 2579 ¹

312 2583 460 2633 species
488 2582 671 2619 luxuriae.

367 2638 402 2674 3.
424 2638 661 2683 PRAETEREA,
681 2635 778 2672 sicut
797 2635 978 2684 contingit
997 2635 1103 2684 quod
1123 2634 1257 2683 aliquis
1279 2646 1385 2671 com-

313 2690 492 2728 miscetur
521 2689 670 2727 mulieri
699 2701 798 2738 quae
829 2697 884 2726 est
913 2688 1018 2726 alteri
1045 2688 1131 2725 viro
1161 2700 1229 2737 per
1257 2687 1384 2724 matri-

312 2744 489 2782 monium
510 2743 687 2791 obligata,
707 2742 758 2779 ita
778 2742 893 2779 etiam
924 2741 1106 2789 contingit
1125 2741 1231 2790 quod
1251 2741 1385 2790 aliquis
1411 2775 1413 2778 .

312 2798 585 2835 commiscetur
612 2795 762 2834 mulieri
791 2808 891 2843 quae
921 2803 977 2832 est
1005 2795 1170 2842 obligata
1198 2795 1283 2831 Deo
1317 2807 1387 2843 per

310 2859 460 2889 votum.
492 2851 597 2888 Sicut
617 2862 707 2898 ergo
733 2849 960 2886 adulterium
979 2848 1135 2897 ponitur
1154 2849 1302 2897 species
1330 2849 1384 2885 lu-

311 2905 457 2953 xuriae,
488 2905 537 2941 ita
567 2912 603 2941 et
630 2903 873 2953 sacrilegium
911 2902 1057 2951 species
1092 2901 1259 2939 luxuriae
1292 2903 1386 2950 poni

312 2959 438 2997 debet.

364 3024 403 3059 4.
433 3013 669 3058 PRAETEREA,
699 3010 760 3047 ille
789 3010 855 3058 qui
884 3017 940 3047 est
969 3008 1215 3046 matrimonio
1235 3009 1386 3046 iunctus

312 3078 391 3103 non
420 3067 546 3102 solum
574 3072 709 3114 peccat
728 3064 759 3100 si
779 3063 828 3100 ad
848 3063 962 3100 aliam
991 3062 1194 3099 mulierem
1215 3063 1384 3110 accedat,

313 3119 380 3156 sed
409 3119 524 3156 etiam
554 3118 585 3155 si
613 3131 682 3155 sua
712 3118 874 3165 coniuge
903 3116 1116 3154 inordinate
1139 3123 1277 3153 utatur.
1308 3116 1386 3153 Sed
1412 3159 1414 3163 .

312 3173 387 3209 hoc
414 3179 616 3221 peccatum
646 3172 716 3209 sub
746 3171 892 3208 luxuria
921 3170 1146 3207 continetur.
1185 3170 1288 3218 Ergo
1322 3170 1386 3207 de-

313 3226 420 3262 beret
447 3225 542 3262 inter
570 3225 717 3274 species
745 3224 914 3262 luxuriae
945 3223 1170 3272 computari.

371 3279 404 3315 5.
424 3279 659 3326 PRAETEREA,
680 3279 902 3327 Apostolus,
925 3279 956 3314 II
977 3278 1030 3314 ad
1046 3278 1134 3314 Cor.
1154 3289 1203 3313 xli
1223 3276 1253 3323 ²¹⁶,
1277 3275 1384 3313 dicit:

312 3332 377 3369 Ne
404 3332 551 3378 iterum,
577 3343 663 3368 cum
691 3343 843 3378 venero,
871 3331 1042 3368 humiliet
1063 3343 1125 3368 me
1151 3331 1257 3367 Deus
1284 3330 1388 3378 apud
1412 3372 1413 3377 ¹

312 3397 397 3431 vos,
427 3390 464 3421 et
489 3385 643 3434 lugeam
670 3385 807 3423 multos
834 3397 885 3422 ex
911 3386 968 3421 his
1002 3385 1069 3433 qui
1094 3389 1181 3421 ante
1204 3395 1384 3432 peccave-
1411 3403 1413 3435 ;

1411 3438 1413 3484 ξ
1439 3448 1640 3483 venereus,
1662 3443 1788 3485 potest
1817 3447 1898 3472 esse
1927 3447 2006 3472 non
2032 3435 2266 3473 conveniens
2295 3436 2430 3473 rationi
2456 3449 2511 3473 re-

313 3444 414 3484 runt,
435 3444 471 3475 et
497 3450 572 3475 non
601 3445 762 3488 egerunt
782 3439 1053 3487 poenitentiam
1081 3450 1195 3487 super
1223 3438 1384 3474 immun-

1442 1670 1545 1717 Ergo
1574 1669 1727 1706 videtur
1750 1668 1857 1717 quod
1884 1669 1995 1706 etiarn
2026 1669 2263 1706 immunditia
2293 1677 2329 1706 et
2358 1670 2517 1718 impudi-

1441 1723 1528 1759 citia
1558 1723 1724 1759 debeant
1752 1723 1843 1771 poni
1873 1723 2021 1771 species
2050 1723 2232 1770 luxuriae,
2254 1724 2350 1760 sicut
2379 1732 2416 1761 et
2444 1725 2518 1761 for-

1442 1776 1592 1813 nicatio.

1495 1830 1531 1866 6.
1562 1830 1799 1877 PRAETEREA,
1828 1829 1995 1866 divisum
2026 1841 2104 1866 non
2134 1830 2392 1867 condividitur
2421 1831 2516 1868 divi-

1442 1883 1632 1920 dentibus.
1663 1883 1740 1919 Sed
1761 1882 1908 1919 luxuria
1938 1882 2193 1920 condividitur
2211 1884 2431 1933 praedictis:
2463 1885 2517 1923 di-

1442 1936 1536 1973 citur
1557 1936 1657 1973 enim
1679 1936 1802 1973 Galat.
1814 1935 1884 1973 v*:
1903 1936 2115 1985 Manifesta
2133 1943 2220 1974 sunt
2237 1949 2353 1986 opera
2374 1939 2517 1976 carnis:

1441 2001 1539 2039 quae
1565 1995 1654 2027 sunt
1668 1990 1895 2038 fornicatio,
1917 1990 2166 2037 immunditia,
2198 1991 2441 2040 impudicitia,
2461 1993 2518 2029 lu-

1439 2044 1568 2081 xuria.
1609 2044 1712 2091 Ergo
1739 2043 1892 2081 videtur
1919 2044 2024 2093 quod
2053 2043 2369 2082 inconvenienter
2402 2046 2517 2083 forni-

1442 2098 1539 2135 catio
1569 2105 1734 2146 ponatur
1763 2097 1910 2146 species
1938 2097 2120 2134 luxuriae.

1496 2152 1570 2188 SED
1600 2162 1748 2187 CONTRA
1776 2163 1843 2188 EsT
1871 2151 1975 2200 quod
2004 2151 2198 2200 praedicta
2231 2151 2370 2189 divisio
2407 2153 2517 2201 poni-

1441 2212 1500 2242 tur
1529 2205 1567 2241 in
1596 2203 1782 2251 Decretis,
1813 2205 1975 2242 XXXVI
2006 2205 2136 2252 Caus.,
2166 2217 2231 2254 qu.
2253 2205 2314 2241 1³¹⁸.

1441 2319 1644 2360 peccatum
1674 2311 1845 2348 luxuriae
1875 2311 2043 2348 consistit
2070 2312 2110 2349 in
2135 2312 2212 2348 hoc
2241 2313 2347 2361 quod
2381 2312 2517 2361 aliquis
2543 2324 2564 2347 3

1441 2378 1519 2403 non
1549 2365 1764 2402 secundum
1794 2372 1937 2402 rectam
1968 2365 2157 2402 rationem
2187 2365 2436 2403 delectatione
2451 2379 2517 2403 ve-

1441 2431 1558 2456 nerea
1587 2419 1714 2456 utitur.
1755 2418 1871 2465 Quod
1903 2418 2059 2467 quidem
2091 2419 2272 2467 contingit
2301 2419 2516 2469 dupliciter:

1440 2486 1520 2510 uno
1550 2473 1692 2519 modo,
1723 2472 1939 2509 secundum
1977 2473 2179 2510 materiam
2209 2473 2247 2510 in
2276 2486 2352 2522 qua
2388 2474 2518 2511 huius-

1440 2527 1548 2564 modi
1577 2526 1871 2564 delectationem
1905 2526 2073 2574 quaerit;
2112 2526 2185 2563 alio
2214 2528 2352 2574 modo,
2383 2540 2517 2564 secun-

1440 2582 1533 2618 dum
1564 2580 1681 2630 quod,
1712 2579 1870 2617 materia
1898 2579 2025 2616 debita
2054 2580 2248 2627 existente,
2278 2593 2358 2617 non
2387 2581 2516 2617 obser-

1438 2642 1579 2671 vantur
1606 2634 1702 2671 aliae
1723 2633 1874 2670 debitae
1895 2633 2145 2670 conditiones.
2177 2634 2225 2670 Et
2246 2633 2335 2681 quia
2356 2633 2516 2671 circum-

1439 2688 1585 2734 stantia,
1616 2687 1843 2736 inquantum
1872 2686 2115 2734 huiusmodi,
2147 2699 2225 2723 non
2255 2687 2319 2723 dat
2347 2687 2514 2735 speciem

1439 2741 1539 2778 actui
1559 2741 1707 2788 morali,
1728 2741 1797 2778 sed
1817 2740 1898 2777 eius
1917 2740 2064 2790 species
2084 2740 2244 2777 sumitur
2272 2741 2320 2777 ab
2350 2741 2514 2788 obiecto,

1439 2795 1545 2843 quod
1571 2803 1627 2832 est
1655 2794 1814 2831 materia
1835 2802 1961 2839 actus;
1991 2794 2079 2831 ideo
2100 2794 2266 2842 oportuit
2295 2794 2441 2842 species
2461 2796 2515 2831 lu-

1439 2849 1569 2885 xuriae
1599 2848 1780 2896 assignari
1813 2860 1856 2884 ex
1885 2855 1991 2896 parte
2019 2847 2200 2884 materiae
2220 2848 2281 2884 vel
2312 2848 2459 2885 obiecti.

1494 2902 1604 2949 Quae
1635 2902 1791 2950 quidem
1821 2909 1947 2950 potest
1966 2914 2044 2938 non
2066 2901 2272 2938 convenire
2302 2901 2437 2938 rationi
2458 2914 2514 2938 re-

1441 2963 1522 2992 ctae
1563 2955 1772 3004 dupliciter.
1819 2955 1908 2992 Uno
1946 2955 2083 3002 modo,
2125 2955 2215 3003 quia
2253 2955 2370 2991 habet
2403 2967 2514 3003 repu-

1440 3009 1636 3057 gnantiam
1657 3009 1706 3046 ad
1735 3009 1854 3046 finem
1875 3008 2031 3045 venerei
2052 3016 2169 3045 actus.
2201 3009 2249 3044 Et
2269 3008 2332 3055 sic,
2354 3008 2513 3057 inquan—

1441 3070 1522 3099 tum
1552 3062 1758 3111 impeditur
1777 3062 1969 3110 generatio
1990 3062 2118 3111 prolis,
2141 3069 2197 3098 est
2223 3062 2355 3098 vitium
2381 3068 2513 3099 contra

1441 3121 1632 3162 naturam,
1654 3117 1760 3164 quod
1782 3123 1837 3152 est
1855 3115 1893 3152 in
1923 3116 2029 3152 omni
2060 3123 2146 3152 actu
2165 3127 2334 3151 venereo
2364 3127 2409 3151 ex
2434 3128 2512 3164 quo

1440 3169 1635 3218 generatio
1665 3169 1772 3217 sequi
1801 3182 1879 3206 non
1909 3176 2045 3218 potest.
2075 3189 2100 3197 ·-
2130 3170 2360 3216 Inquantum
2383 3176 2512 3206 autem

1412 3239 1414 3263 ι
1440 3222 1647 3272 impeditur
1677 3222 1803 3259 debita
1832 3222 2007 3259 educatio
2033 3230 2069 3259 et
2087 3221 2281 3270 promotio
2310 3222 2427 3270 prolis
2447 3235 2512 3260 na-

1412 3297 1414 3324 5
1439 3284 1519 3323 tae,
1549 3283 1605 3313 est
1622 3276 1834 3324 fornicatio
1861 3276 2039 3324 simplex,
2069 3287 2168 3325 quae
2198 3283 2254 3312 est
2281 3275 2393 3312 soluti
2423 3289 2510 3313 cum

1440 3331 1575 3367 soluta.

1494 3383 1581 3420 Alio
1618 3382 1737 3419 modo
1781 3382 1940 3419 materia
1977 3382 2015 3418 in
2053 3394 2129 3430 qua
2172 3390 2367 3419 exercetur
2406 3391 2512 3420 actus

313 3493 403 3530 ditia
419 3498 455 3529 et
459 3492 723 3539 fornicatione
741 3498 776 3528 et
793 3492 1024 3541 impudicitia
1040 3504 1155 3541 quam
1174 3497 1382 3542 gesserunt.
1410 3489 1413 3537 l
1441 3498 1522 3533 ctae
1557 3502 1627 3539 per
1660 3489 1987 3538 comparationem
2023 3489 2072 3526 ad
2106 3489 2200 3527 alios
2234 3489 2424 3527 homines.
2463 3491 2512 3526 Et

367 3625 393 3655 α)
414 3624 548 3649 vitium-
566 3623 632 3648 vitia
653 3623 697 3647 Pa.

1492 3623 1517 3656 β)
1538 3631 1600 3649 non.
1612 3638 1630 3642 —
1649 3630 1720 3648 nunc
1739 3622 1839 3656 EFpA;
1860 3623 1912 3647 nisi
1930 3631 1984 3649 orn.
2004 3623 2214 3655 ABEFHKLpC.

2546 1956 2554 1964 ⁸
2570 1955 2635 1976 Vere.
2652 1960 2682 1983 ¹9·

2544 2238 2560 2259 ti
2563 2243 2600 2260 am
2571 2213 2639 2260 Anpd
2641 2212 2691 2260 1..ιξιὶιιι
2695 2211 2759 2260 Gli-eux

1495 2259 1724 2295 RESPONDEO
1750 2269 1937 2295 mensuum
1965 2258 2082 2318 quod,
2112 2258 2208 2295 sicut
2237 2258 2381 2296 dictum
2411 2267 2466 2296 est
2484 2259 2516 2307 *,
2545 2265 2618 2314 [blau.
2639 2298 2700 2315 m„
2717 2296 2758 2314 n
