2768 4198
7 490 78 512 Num.
94 495 128 511 ιιι.

12 2371 46 2392 Cf.
59 2374 106 2392 not.
121 2371 140 2394 θ.

0 3459 8 3469 “
22 3457 78 3485 Cap.
95 3462 176 3479 xxvni.

228 271 301 307 516

224 358 298 381 runt
322 350 360 380 ad
384 349 443 380 Dei
468 349 641 384 honorem,
671 355 702 378 et
725 348 794 378 Deo
823 346 915 377 dicati
947 345 1065 375 reditus
1096 355 1163 375 non
1191 343 1296 384 profa-

225 403 348 426 nentur.

282 440 332 470 Ad
364 438 575 469 obiectionem
609 444 716 467 autem
746 436 777 465 in
810 434 997 475 oppositum
1029 444 1065 464 ex
1089 433 1296 463 similitudine

225 483 372 524 stipendii
389 482 530 513 militaris
542 482 568 518 *,
590 481 799 521 respondetur
815 479 903 519 quod
921 478 1096 508 similitudo
1117 488 1182 508 non
1201 484 1295 508 tenet.
1323 493 1324 512 i

225 529 309 567 Quia
332 528 363 558 in
389 528 546 568 stipendio
571 526 696 556 militari
713 524 898 564 intelligitur
914 523 1100 553 intervenire
1116 529 1296 552 contractus
1323 536 1324 556 1

225 573 360 605 iustitiae
385 571 630 603 commutativae
662 569 812 608 exigentis
841 568 1064 608 aequalitatem
1090 567 1242 597 mercedis
1267 573 1298 597 et

224 620 345 649 locatae
370 627 483 657 operae
509 615 626 645 militis.
651 615 691 644 Et
710 614 792 649 ideo,
810 613 891 643 sicut
907 613 939 642 in
958 612 1066 643 ceteris
1083 612 1298 643 contractibus

226 661 526 696 commutationum,
552 658 715 689 deficiente
740 658 838 687 altero
863 660 1004 687 extremo
1023 656 1231 697 aequalitatis,
1250 666 1297 686 re-
1323 659 1324 680 l

225 707 345 739 stitutio
375 713 420 736 est
449 705 605 739 facienda,
638 703 679 733 ita
711 710 741 733 et
764 702 796 732 in
822 702 980 742 stipendio
1005 701 1143 732 militari.
1178 701 1239 732 Sed
1263 701 1295 731 in
1323 732 1324 743 γ

225 751 390 794 proposito
420 760 485 780 non
516 747 683 779 intervenit
714 754 893 777 contractus
918 745 1032 787 aliquis
1056 746 1208 777 iustitiae:
1242 746 1296 776 sed

224 796 358 828 liberalis
384 794 511 824 collatio
536 792 679 823 beneficii
702 791 886 832 temporalis
911 801 947 821 ex
972 801 1035 821 una
1052 797 1149 831 parte,
1175 798 1205 820 et
1229 800 1296 830 gra·
1322 790 1324 795 “

225 840 366 873 titudinis
390 839 566 875 vinculum,
591 838 679 878 quod
705 847 770 866 non
795 836 904 876 legale,
929 836 983 866 sed
1008 836 1128 866 morale
1153 835 1297 865 debitum

224 885 354 920 inducit,
379 894 415 914 ex
439 884 534 914 altera
559 890 656 923 parte.
682 882 722 912 Et
746 889 924 922 propterea,
950 891 987 911 ex
1005 891 1072 921 quo
1097 891 1114 910 a
1138 880 1296 920 principio

225 931 311 961 nulla
328 929 387 959 fuit
403 928 497 964 fraus,
517 927 596 958 facta
621 934 695 957 sunt
718 926 942 966 religiosorum
967 936 1050 966 quae
1069 926 1114 956 eis
1130 925 1298 955 liberaliter

224 976 336 1006 collata
353 981 435 1004 sunt.
457 974 498 1003 Et
513 978 752 1012 consequenter,
769 971 930 1001 abutendo
948 971 1018 1007 illis,
1035 971 1211 1001 abutuntur
1231 980 1296 1000 non
1323 992 1325 1014 t
1352 1013 1372 1043 l.
1395 1013 1402 1019 ⁶
1483 1013 1490 1019 ι
1571 1012 1578 1018 “
1728 1012 1738 1041 l
1897 1011 1904 1018 .
1998 1011 2030 1042 ffi
2144 1013 2164 1042 d
2187 1012 2209 1042 h
2322 1011 2366 1042 ffl-
2388 1011 2395 1018 ι

1323 1023 1325 1046 ξ
1365 1020 1436 1043 icite
1462 1019 1638 1043 V1vent1um
1657 1022 1694 1042 ex
1710 1021 1932 1052 eeemosynis,
1958 1022 1994 1042 su
2032 1022 2101 1042 cere
2125 1023 2142 1042 a
2211 1022 2251 1042 oc
2272 1018 2306 1042 ut
2358 1018 2430 1042 lette

224 1020 342 1055 alienis,
367 1019 422 1049 sed
445 1018 521 1048 suis.

280 1065 320 1095 Et
343 1074 400 1104 per
422 1063 500 1093 haec
527 1068 614 1102 patet
640 1060 806 1101 responsio
831 1061 871 1090 ad
895 1059 1184 1091 confirmationem.
1213 1059 1298 1097 Quia
1323 1078 1325 1096 g

224 1110 341 1140 scilicet
364 1107 559 1148 stipendium
582 1116 648 1136 non
668 1105 703 1136 fit
720 1105 838 1141 militis,
856 1104 921 1135 sive
938 1116 955 1135 a
970 1105 1127 1145 principio
1145 1105 1209 1135 sive
1226 1111 1299 1146 post

225 1154 352 1184 desistat
376 1164 392 1183 a
410 1152 530 1188 militia,
556 1158 714 1192 quantum
738 1150 777 1180 ad
802 1150 890 1180 illam
915 1158 1037 1190 partem
1061 1150 1214 1190 temporis
1238 1159 1297 1190 pro

224 1210 287 1240 qua
309 1198 443 1229 desistit:
469 1197 545 1238 quia
569 1197 660 1227 datur
676 1195 702 1225 ei
727 1202 763 1225 ut
783 1205 902 1225 merces
918 1195 1023 1235 operis
1040 1195 1217 1225 secundum
1234 1194 1298 1225 for-

224 1254 311 1275 mam
341 1243 488 1274 iustitiae.
525 1241 586 1272 Sed
615 1241 837 1281 eleemosynae
867 1239 1021 1280 religiosis
1051 1241 1186 1270 donatae
1217 1239 1300 1270 fiunt

225 1289 330 1320 statim
347 1298 432 1324 suae,
449 1287 474 1317 si
490 1297 507 1317 a
523 1285 680 1326 principio
696 1285 781 1315 fraus
798 1284 914 1315 defuit:
940 1285 1016 1325 quia
1033 1295 1098 1315 non
1116 1292 1152 1316 ut
1168 1295 1298 1322 merces,
1324 1293 1326 1309 ι’

225 1334 279 1364 sed
304 1340 339 1364 ut
362 1332 490 1363 liberale
513 1332 638 1361 donum
663 1330 701 1360 ad
719 1340 774 1360 eos
794 1330 928 1360 devenit.
954 1330 994 1360 Et
1017 1330 1090 1360 ideo
1115 1330 1299 1361 desistentes

224 1390 242 1409 a
267 1378 378 1409 debitis
403 1377 541 1412 actibus,
573 1375 630 1406 etsi
662 1382 794 1415 peccent
821 1375 984 1405 abutendo
1010 1374 1103 1405 donis
1127 1375 1298 1415 susceptis,
1325 1409 1326 1414 ¹

226 1434 290 1454 non
316 1430 423 1454 tamen
451 1422 491 1452 ad
515 1420 749 1451 restitutionem
773 1427 937 1451 tenentur:
969 1419 1045 1460 quia
1076 1429 1141 1450 non
1165 1427 1300 1450 utuntur

225 1468 344 1505 alienis,
371 1468 424 1498 sed
449 1467 625 1497 abutuntur
648 1465 796 1505 propriis.

282 1514 335 1544 VI.
362 1513 396 1543 In
421 1512 536 1542 eodem
560 1510 703 1545 articulo,
721 1509 801 1540 circa
816 1509 953 1549 primam
971 1519 1100 1540 causam
1118 1509 1225 1546 debiti,
1242 1509 1298 1540 sci-

225 1558 297 1589 licet
322 1557 550 1591 necessitatem,
576 1555 701 1585 adverte
725 1554 815 1595 quod
839 1554 1007 1584 necessitas
1031 1554 1126 1585 habet
1149 1565 1300 1594 magnam

226 1603 441 1634 latitudinem:
468 1608 498 1631 et
524 1601 609 1630 iuxta
634 1599 775 1629 diversos
799 1609 874 1629 suae
898 1599 1073 1629 latitudinis
1096 1599 1228 1638 gradus,
1254 1599 1300 1629 di-

225 1647 404 1678 versimode
421 1646 494 1676 facit
509 1645 649 1675 alienum
674 1644 752 1674 mihi
773 1643 927 1674 debitum.
953 1644 1034 1674 Nam
1052 1645 1230 1674 secundum
1248 1654 1301 1674 su-

226 1702 374 1733 premum
398 1691 549 1730 gradum,
579 1689 708 1729 quando
738 1688 855 1719 scilicet
882 1689 1049 1718 necessitas
1074 1695 1120 1718 est
1144 1695 1299 1725 extrema,

225 1737 299 1767 facit
323 1736 400 1766 mihi
426 1735 527 1765 aliena
551 1734 593 1764 ita
617 1733 722 1763 debita
747 1740 782 1763 ut
805 1733 963 1773 quidquid
984 1732 1061 1763 mihi
1079 1733 1217 1765 occurrit
1241 1743 1300 1774 pro

225 1780 454 1812 sustentatione
471 1787 704 1819 opportunum,
731 1787 841 1808 meum
862 1778 911 1808 sit.
938 1778 1027 1808 quta
1044 1778 1123 1808 alios
1139 1789 1216 1809 vero
1232 1788 1300 1818 gra-

225 1827 294 1862 dus,
308 1825 451 1856 debiturn
469 1824 590 1854 morale
605 1823 832 1854 tantummodo
849 1822 980 1857 inducit,
1002 1832 1068 1863 quo
1084 1822 1300 1864 indigentibus

225 1870 357 1901 infirmis
375 1870 467 1899 debet
483 1868 616 1909 quilibet
633 1867 733 1898 sciens
751 1874 781 1898 et
797 1874 912 1908 potens
929 1867 1106 1904 subvenire,
1127 1868 1300 1899 esurientes

226 1916 336 1951 cibare,
362 1914 501 1945 sitientes
526 1920 645 1953 potare,
671 1919 729 1943 etc.
755 1912 796 1942 Et
816 1912 855 1942 ad
879 1912 1067 1942 huiusmodi
1092 1912 1300 1954 indigentiam

226 1967 367 2001 spectant
391 1968 504 1989 omnes
529 1966 590 1988 tres
614 1957 807 1988 necessitatis
831 1958 947 1997 gradus
971 1957 1003 1987 in
1021 1957 1123 1988 littera
1140 1958 1246 1998 positi,
1265 1968 1301 1989 ex
1327 1961 1328 1976 ³

225 2005 405 2036 infirmitate
430 2003 588 2043 corporis,
614 2012 651 2033 ex
675 2001 897 2033 insufficientia
921 2002 1092 2038 mercedis,
1118 2010 1148 2033 et
1172 2013 1209 2034 ex
1232 2014 1301 2034 cor-

226 2050 312 2091 poris
335 2049 468 2080 delicata
492 2047 735 2079 consuetudine.
773 2047 934 2078 Omnibus
966 2047 1014 2077 his
1038 2047 1102 2078 vim
1127 2048 1223 2079 debiti
1249 2049 1302 2080 tri-

226 2097 321 2126 buere
339 2093 568 2128 necessitatem,
583 2092 765 2123 manifestat
778 2094 900 2123 Auctor
916 2103 953 2123 ex
966 2102 1005 2122 eo
1018 2093 1108 2133 quod
1124 2092 1157 2123 in
1172 2103 1302 2124 summo

226 2140 323 2181 gradu
349 2139 459 2169 omnia
482 2146 518 2169 ut
541 2137 728 2168 communia
753 2137 857 2167 debita
881 2137 966 2168 facit.

282 2185 349 2215 Vll.
376 2183 468 2215 Circa
492 2183 665 2213 secundam
690 2192 766 2212 vero
791 2181 887 2212 debiti
912 2192 1051 2219 causam,
1076 2182 1194 2214 scilicet
1217 2183 1305 2214 exhi-

227 2230 399 2265 bitionem,
426 2235 501 2259 nota
526 2227 594 2259 tria.
631 2227 776 2257 Primum
801 2233 848 2257 est
878 2227 968 2268 quod
996 2237 1062 2258 non
1087 2228 1195 2258 solum
1219 2228 1304 2259 exhi-

227 2276 300 2306 bere
324 2273 592 2314 praedicationem
616 2279 672 2302 aut
695 2278 892 2302 sacramenta
915 2273 1051 2312 populo,
1070 2273 1124 2303 sed
1141 2273 1236 2304 etiam
1254 2283 1304 2304 ex-

228 2319 334 2350 hibere
364 2319 434 2348 Deo
466 2316 656 2348 sacrificium
687 2316 792 2347 altaris
823 2316 905 2356 parit
936 2317 1078 2347 debitum
1108 2317 1235 2348 vivendi
1268 2327 1306 2348 ex

229 2362 451 2404 eleemosynis·
468 2362 509 2393 Et
524 2361 604 2392 ratio
621 2361 798 2401 assignatur
813 2361 845 2391 in
863 2361 974 2398 littera,
991 2361 1067 2402 quia
1082 2362 1306 2403 sacrificium*

228 2409 356 2445 altaris,
376 2407 564 2447 ubicumque
580 2411 713 2447 agatur,
731 2415 900 2437 commune
916 2410 963 2437 est
979 2407 1036 2437 toti
1052 2407 1175 2447 populo
1187 2406 1286 2448 fideli
1293 2414 1306 2445 ‚¹

229 2463 264 2484 ae
289 2463 344 2494 per
367 2452 449 2490 hoc,
474 2451 631 2482 clauditur
662 2450 712 2481 hic
737 2458 824 2481 actus
857 2450 937 2481 intra
963 2450 1191 2482 exhibitionem
1222 2462 1305 2492 quae

229 2498 354 2538 populo
378 2496 424 2527 fit.

285 2542 470 2573 Secundum
495 2548 542 2571 est
564 2540 654 2580 quod
678 2539 821 2570 insistere
846 2539 964 2576 studio,
990 2550 1057 2571 non
1081 2540 1305 2581 philosophiae

230 2595 284 2619 aut
307 2586 441 2617 alicuius
465 2585 602 2616 liberalis
626 2585 710 2621 artis,
737 2585 791 2615 sed
815 2585 1007 2625 theologiae,
1033 2585 1114 2626 parit
1133 2585 1229 2616 etiam
1253 2587 1306 2617 de-

229 2633 330 2664 bitum
356 2641 393 2662 ex
412 2629 625 2672 eleemosynis
644 2629 780 2660 vivendi.
805 2629 929 2661 Dicitur
943 2638 1051 2662 autem
1068 2640 1178 2662 vacare
1197 2631 1304 2662 studio

229 2676 409 2716 theologiae
434 2685 500 2706 non
524 2675 630 2705 solum
655 2674 711 2716 qui
736 2674 899 2705 actualiter
922 2675 1029 2706 studio
1053 2675 1234 2717 theologiae
1258 2676 1304 2707 in-

230 2721 346 2753 tendit:
373 2721 427 2751 sed
452 2720 507 2762 qui
531 2720 604 2750 ideo
629 2729 685 2760 per
708 2719 848 2760 logicam
865 2720 914 2750 vel
938 2719 1179 2761 philosophiam
1195 2721 1306 2753 transit

231 2774 266 2798 ut
289 2767 329 2796 ad
353 2765 533 2804 theologiae
562 2764 773 2804 speculativae
804 2764 1034 2796 sublimitatem
1062 2765 1235 2805 perveniat.
1271 2766 1303 2797 Si

231 2820 336 2842 tamen
361 2811 400 2841 ad
424 2810 486 2840 hoc
510 2810 646 2840 idoneus
670 2816 733 2840 est:
760 2809 913 2850 alioquin,
938 2810 1157 2850 imprudenter
1180 2820 1236 2851 per
1259 2819 1303 2842 ta-

231 2857 295 2887 lem
319 2856 403 2886 viam
428 2854 613 2895 ingreditur.

288 2900 434 2931 Tertium
453 2906 499 2930 est
515 2899 604 2940 quod
628 2899 771 2930 omnium
792 2899 1052 2930 Christianorum
1078 2910 1144 2931 una
1168 2905 1216 2931 est
1238 2910 1305 2932 res-

1322 476 1324 490 l

845 267 1113 314 QUAESTIO
1145 258 1414 310 CLXXXVII,
1444 264 1743 301 ARTICULUS
1772 264 1808 300 V

1345 343 1477 383 publica
1509 343 1617 384 quoad
1648 343 1780 373 subsidii
1815 342 2000 383 temporalis
2035 341 2310 372 distributionem:
2347 341 2428 372 sicut

1322 393 1324 412 ἰ
1351 388 1460 428 quoad
1485 387 1700 428 spiritualium
1724 387 1913 418 meritorum
1937 387 2213 418 communionem.
2236 386 2321 417 Hinc
2341 386 2428 416 enim

1351 442 1388 462 ex
1418 432 1601 472 Augustino
1635 432 1803 463 deducitur
1831 432 1921 473 quod
1951 431 2100 472 religioso
2132 431 2188 472 qui
2215 430 2347 462 donavit
2370 441 2428 461 sua

1351 476 1546 507 monasterio
1571 476 1726 512 orientali,
1752 477 1925 507 debeantur
1948 484 2096 517 sumptus
2121 487 2138 506 a
2162 475 2357 506 monasterio
2375 485 2429 506 oc-

1352 521 1509 552 cidentali.
1534 521 1618 551 Hinc
1635 521 1736 551 oritur
1755 529 1790 552 ut
1810 521 1965 551 Summus
1981 521 2128 552 Pontifex
2145 531 2162 551 a
2178 527 2428 562 quantumcum-

1351 576 1414 607 que
1438 565 1659 596 remotissimis
1683 565 1826 605 partibus
1850 566 2008 596 Ecclesiae
2033 565 2155 596 auferre
2180 565 2280 606 possit
2312 571 2343 595 et
2367 565 2429 594 dis—

1351 611 1489 641 tribuere
1513 610 1545 640 in
1570 610 1646 640 alias
1663 609 1822 640 Ecclesiae
1838 617 1942 650 partes
1961 611 2201 641 remotissimas.
2226 609 2311 640 Hinc
2328 609 2429 640 oritur

1351 655 1441 696 quod
1472 654 1628 686 restitutio
1661 654 1716 684 uni
1747 654 1896 684 ecclesiae
1926 655 2109 695 regulariter
2138 655 2291 691 facienda,
2317 654 2428 695 possit,

1352 710 1388 730 ex
1412 699 1593 730 rationabili
1617 709 1721 734 causa,
1746 699 1918 739 superioris
1942 700 2138 737 auctoritate,
2164 700 2251 730 alteri
2275 699 2331 740 pio
2355 699 2428 729 usui

1352 744 1514 785 applicari.

1409 789 1492 819 VIII.
1519 789 1553 818 In
1583 788 1696 818 eodem
1729 787 1883 824 articulo,
1915 787 1996 818 circa
2023 788 2123 824 illud,
2149 788 2185 819 Si
2211 799 2287 820 vero
2310 789 2430 829 absque

1353 834 1542 864 necessitate
1566 838 1596 863 et
1621 833 1759 863 utilitate
1781 842 1878 873 quam
1903 832 2058 873 afferant,
2084 834 2183 864 velint
2205 835 2299 864 otiosi
2321 834 2429 864 vivere

1352 879 1454 919 aliqui
1478 879 1626 919 religiosi
1648 877 1688 907 de
1712 878 1925 918 eleemosynis
1953 887 2036 918 quae
2067 879 2263 908 monasterio
2293 878 2428 916 dantur,

1351 925 1411 954 hoc
1434 928 1482 954 est
1503 924 1550 954 eis
1573 923 1741 959 illicitum,
1767 922 1904 952 dubium
1928 922 2065 953 occurrit
2088 923 2216 963 duplex.
2253 922 2338 960 Quia
2363 932 2429 953 non

1352 969 1500 999 videntur
1523 974 1727 998 enumeratae
1750 966 1783 997 in
1806 966 1910 997 littera
1934 967 2135 998 conditiones
2151 967 2377 1007 religiosorum
2393 967 2430 997 il-

1351 1058 1460 1088 vivant
1484 1068 1522 1088 ex
1546 1056 1757 1098 eleemosynis
1782 1056 1985 1086 monasterii:
2011 1063 2042 1087 et
2065 1056 2108 1087 sic
2124 1057 2289 1087 conclusio
2310 1056 2431 1087 litterae

1352 1110 1399 1133 est
1429 1102 1515 1133 falsa.
1554 1101 1774 1132 Manifestatur
1803 1101 1893 1142 quod
1925 1101 2061 1132 dicimus
2084 1101 2117 1132 in
2141 1101 2251 1132 multis
2275 1101 2431 1142 religiosis

1352 1147 1436 1178 sanis
1467 1157 1503 1178 ac
1527 1146 1666 1177 robustis
1690 1156 1841 1186 corpore,
1867 1155 1933 1176 non
1959 1146 2230 1186 praedicantibus,
2259 1156 2327 1176 non
2351 1145 2430 1176 cele-

1352 1192 1527 1228 brantibus,
1554 1202 1620 1222 non
1643 1191 1861 1222 insistentibus
1885 1191 1992 1222 studio
2016 1201 2122 1222 sacrae
2145 1191 2343 1231 Scripturae,
2375 1190 2432 1232 qui

1353 1247 1411 1268 nec
1435 1247 1493 1268 sua
1517 1236 1723 1268 contulerunt
1746 1235 1941 1266 monasterio
1965 1236 2059 1266 alicui
2084 1242 2139 1267 aut
2162 1235 2372 1276 pauperibus,
2400 1242 2432 1267 et

1353 1290 1460 1314 tamen
1483 1281 1596 1312 vivunt
1620 1291 1657 1311 ex
1677 1281 1888 1322 eleemosynis
1913 1281 2109 1311 monasterio
2134 1280 2266 1311 collatis.

1410 1326 1569 1363 Secundo,
1595 1325 1760 1356 dubitatur
1776 1325 1815 1356 de
1832 1325 1919 1366 quali
1937 1325 2049 1356 illicito
2073 1325 2176 1356 littera
2199 1326 2368 1366 loquatur:
2393 1325 2433 1355 de

1353 1372 1479 1408 veniali,
1505 1382 1545 1401 an
1571 1370 1709 1401 mortali.

1410 1423 1460 1453 Ad
1471 1424 1617 1463 primum
1633 1421 1753 1452 horum
1769 1420 1883 1451 dicitur
1902 1421 1992 1462 quod
2007 1421 2039 1451 in
2056 1420 2159 1452 littera
2176 1420 2336 1451 sufficiens
2350 1421 2430 1452 ratio

1353 1467 1452 1498 illiciti
1475 1467 1578 1498 victus
1594 1477 1631 1497 ex
1647 1466 1860 1507 eleemosynis
1877 1465 2062 1496 monasterii
2078 1465 2221 1496 redditur
2239 1475 2314 1496 cum
2331 1465 2432 1498 tribus

1354 1512 1592 1544 conditionibus
1616 1510 1837 1542 describuntur
1862 1510 1939 1541 tales
1963 1510 2119 1550 religiosi,
2144 1510 2263 1542 scilicet
2286 1520 2353 1541 non
2377 1519 2432 1551 pa-

1353 1557 1466 1588 tientes
1492 1556 1722 1592 necessitatem,
1740 1565 1805 1586 non
1822 1554 1986 1586 afferentes
2002 1555 2182 1592 utilitatem,
2200 1562 2232 1586 et
2247 1554 2354 1592 otiosi,
2370 1556 2432 1586 hoc

1355 1609 1410 1639 est,
1429 1612 1495 1632 non
1512 1602 1692 1632 laborantes
1715 1600 1875 1639 manibus,
1901 1600 1926 1630 si
1950 1600 2010 1631 sub
2031 1600 2147 1631 directe
2166 1599 2321 1641 expressis
2345 1599 2432 1631 coin-

1353 1647 1535 1687 telligantur
1564 1656 1600 1676 ea
1630 1655 1713 1687 quae
1745 1645 1904 1676 reductive
1929 1645 1969 1675 ad
1991 1644 2045 1675 illa
2068 1651 2220 1685 spectant.
2255 1645 2340 1676 Nam
2371 1645 2431 1676 sub

1354 1692 1448 1723 allata
1478 1691 1613 1722 utilitate
1643 1700 1680 1721 ex
1704 1689 1857 1720 sacrificio
1882 1689 1987 1720 altaris
2019 1689 2302 1730 comprehenditur
2325 1689 2432 1721 omnis

1354 1736 1447 1767 allata
1471 1735 1589 1766 utilitas
1614 1744 1651 1765 ex
1675 1735 1859 1765 orationum
1883 1733 2053 1774 suffragiis3
2082 1742 2113 1765 et
2137 1735 2196 1766 sub
2220 1734 2326 1766 studio
2351 1734 2433 1766 Scri-

1354 1789 1466 1822 pturae
1490 1779 1774 1820 comprehenditur
1793 1778 1900 1809 omnis
1920 1779 2151 1819 contemplatio
2169 1779 2292 1816 divina;
2317 1786 2348 1810 et
2371 1780 2432 1811 sub

1355 1823 1626 1866 praedicatoribus
1650 1823 1968 1864 comprehenduntur
1992 1823 2138 1854 ministri.
2170 1824 2212 1855 Et
2234 1824 2279 1855 sic
2302 1825 2432 1855 tandem

1326 1863 1327 1898 ἶ
1356 1871 1464 1901 nullus
1487 1870 1593 1900 bonus
1610 1868 1777 1909 religiosus
1793 1867 1971 1899 excluditur
1986 1878 2004 1898 a
2019 1867 2106 1899 licito
2123 1867 2208 1899 viem
2226 1878 2263 1900 ex
2279 1868 2433 1900 reditibus

1357 1914 1550 1951 monasterii,
1576 1913 1602 1944 si
1624 1913 1709 1944 licite
1732 1913 1805 1943 illos
1829 1913 2062 1944 monasterium
2085 1912 2189 1944 habet.

1415 1960 1466 1990 Ad
1496 1958 1674 1990 secundum
1698 1958 1829 1989 dubium
1859 1957 1975 1989 dicitur
2001 1958 2092 1999 quod
2115 1957 2201 1988 idem
2226 1964 2274 1988 est
2303 1958 2343 1988 de
2366 1956 2434 1989 istis

1356 2004 1468 2036 otiosis
1492 2003 1647 2044 religiosis
1671 2002 1827 2034 iudicium
1855 2003 1946 2044 quod
1969 2009 2016 2034 est
2039 2003 2078 2033 de
2101 2002 2257 2043 religiosis
2281 2001 2434 2033 desisten-

1357 2050 1441 2081 tibus
1465 2050 1504 2080 ab
1528 2049 1650 2080 actibus
1674 2047 1828 2088 religiosis
1852 2055 1883 2078 et
1905 2054 2013 2079 tamen
2028 2047 2209 2078 viventibus
2225 2047 2264 2078 de
2280 2047 2435 2079 reditibus

1357 2094 1540 2125 monasterii
1555 2094 1583 2125 ¹⁸.
1598 2093 1645 2124 Ex
1662 2093 1724 2124 hoc
1748 2092 1834 2123 enim
1857 2092 1908 2124 isti
1933 2092 2106 2133 culpabiles
2130 2098 2215 2130 sunt,
2239 2091 2329 2134 quod
2352 2091 2435 2123 desi-

1357 2146 1445 2171 stunt
1475 2139 1514 2170 ab
1539 2138 1761 2169 observatione
1785 2137 1938 2178 regulari:
1976 2147 2050 2168 nam
2075 2137 2253 2168 secundum
2278 2136 2436 2178 regularia

1357 2184 1510 2221 instituta,
1540 2183 1620 2214 nulli
1645 2183 1723 2214 tales
1751 2182 1884 2213 inveniri
1909 2182 2026 2213 debent
2048 2181 2197 2223 religiosi.
2234 2182 2334 2220 Quod
2357 2190 2434 2222 ergo

1357 2230 1397 2260 de
1426 2229 1488 2260 illis
1519 2228 1642 2259 dictum
1670 2234 1732 2264 est,
1759 2227 1797 2258 de
1825 2227 1892 2258 istis
1923 2237 2055 2269 quoque
2083 2227 2206 2270 dictum
2230 2226 2434 2267 intelligatur.

1359 2275 1469 2315 ltaque
1493 2273 1519 2304 si
1543 2273 1615 2314 quis
1638 2273 1708 2303 vult
1732 2272 1875 2313 regulam
1899 2282 2032 2309 servare,
2057 2279 2088 2302 et
2111 2279 2202 2303 cavet
2223 2282 2241 2302 a
2264 2279 2435 2312 transgres-

1358 2319 1449 2350 sione
1482 2324 1744 2358 praeceptorum,
1774 2317 1829 2347 sed
1857 2316 1981 2357 pigritia
2009 2326 2044 2348 ac
2075 2316 2272 2357 invigilantia
2301 2316 2335 2347 in
2363 2316 2435 2357 ipso

1358 2370 1509 2404 regnante
1533 2362 1624 2404 quasi
1644 2361 1764 2392 inutilis
1779 2361 1857 2392 vivit
1875 2361 1908 2392 in
1928 2361 2141 2392 monasterio:
2166 2368 2276 2402 peccat
2291 2361 2437 2403 quidem,

1359 2409 1414 2439 sed
1447 2418 1512 2438 non
1544 2406 1735 2443 mortaliter,
1767 2406 1905 2437 vivendo
1936 2416 1973 2437 ex
2002 2405 2186 2437 monasterii
2214 2405 2435 2446 proventibus.

1359 2453 1462 2484 Debet
1477 2452 1551 2483 huic
1568 2451 1645 2482 dici:
1673 2451 1739 2489 Qui
1755 2461 1818 2482 non
1836 2451 1973 2489 laborat,
1992 2460 2055 2482 non
2073 2450 2287 2482 manducet*:
2313 2457 2345 2482 et
2363 2450 2436 2492 cogi

1359 2498 1486 2528 deberet
1509 2495 1773 2537 adoperandum
1798 2495 1928 2537 aliquid.

1416 2543 1469 2574 IX.
1494 2542 1529 2572 In
1554 2541 1670 2572 eodem
1693 2540 1838 2578 articulo,
1863 2540 1896 2571 in
1920 2539 2185 2580 responsionessad
2201 2539 2364 2580 quintum,
2382 2539 2436 2570 ad-

1358 2594 1444 2618 verte
1467 2587 1558 2628 quod
1581 2589 1704 2617 Auctor
1727 2585 1899 2626 respondet
1923 2585 2038 2616 directe
2069 2585 2177 2626 quoad
2201 2584 2368 2625 religiosos
2390 2583 2436 2615 vi-

1357 2639 1466 2663 ventes
1483 2642 1520 2662 ex
1536 2630 1731 2672 quotidianis
1748 2630 1976 2672 eleemosynis:
2001 2636 2032 2661 et
2049 2629 2270 2670 postmodum,
2287 2629 2321 2660 in
2341 2630 2436 2667 calce,

1358 2676 1497 2708 extendit
1521 2676 1765 2717 responsionem
1789 2685 1881 2706 suam
1906 2675 1946 2706 ad
1961 2674 2128 2715 religiosos
2145 2674 2373 2705 communibus
2389 2684 2438 2706 re-

1359 2721 1477 2752 ditibus
1501 2722 1683 2758 abutentes,
1714 2727 1750 2752 ut
1777 2730 1834 2761 per
1857 2720 1919 2751 hoc
1943 2719 2089 2751 ostendat
2117 2725 2343 2760 argumentum
2369 2727 2436 2750 non

1358 2776 1426 2797 esse
1450 2776 1487 2797 ex
1511 2765 1647 2807 propriis
1665 2772 1775 2797 contra
1790 2765 1932 2796 viventes
1948 2774 1984 2795 ex
2001 2763 2196 2806 quotidianis
2213 2763 2436 2806 eleemosynis,

1359 2812 1413 2842 sed
1438 2821 1475 2842 ex
1498 2810 1737 2842 communibus.
1768 2810 1903 2841 Videtur
1931 2809 2017 2841 enim
2048 2809 2110 2840 hoc
2134 2816 2361 2849 argumentum
2384 2807 2438 2839 ad-

1358 2855 1570 2887 versariorum
1585 2855 1847 2897 impugnantium
1864 2854 2032 2895 religiones
2049 2853 2300 2885 mendicantium
2313 2852 2437 2884 noviter

1359 2907 1435 2932 tunc
1460 2907 1584 2931 exortas
1599 2901 1625 2932 ¹⁸¹.

1032 3034 1353 3079 ARTICULUS
1384 3034 1645 3086 QUINTUS

894 3127 1051 3158 UTRUM
1075 3127 1313 3160 REL1G10s1s
1337 3128 1498 3160 LICEAT
1522 3129 1779 3161 MENDICARE

600 3206 631 3232 111
654 3207 730 3233 Cont.
752 3208 841 3238 Geni„
862 3215 917 3240 cap.
938 3214 1034 3239 cxxxv;
1057 3208 1154 3239 Quodl.
1173 3208 1228 3239 v11,
1247 3216 1291 3242 qu.
1310 3216 1354 3241 vn,
1374 3214 1422 3235 art.
1443 3217 1468 3240 2,
1487 3210 1518 3235 ad
1540 3209 1571 3241 5;
1593 3210 1670 3236 Cont.
1691 3211 1812 3244 impingit.
1832 3209 1929 3243 Retrg„
1949 3215 2005 3241 cap.
2024 3215 2068 3234 vn.

294 3307 329 3321 K,
352 3306 361 3323 ,

263 3303 634 3402 Qhreligiosis
673 3354 751 3379 non
790 3343 900 3380 liceat
936 3343 1170 3381 mendicare.
1210 3343 1312 3381 Dicit

255 3395 371 3474 ’θεν
392 3384 428 3442 ’ἦ
452 3396 553 3432 enim
583 3396 830 3444 Augustinus,
861 3396 898 3433 in
928 3396 1024 3434 libro
1054 3398 1100 3435 de
1128 3397 1311 3446 Operibus

295 3464 307 3480 κ*
330 3456 394 3479 m²¹)
409 3439 633 3486 Monach.
655 3449 692 3486 *z
727 3450 822 3487 Tam
851 3451 987 3488 multos
1006 3451 1225 3500 hypocritas
1242 3452 1312 3489 sub

238 3500 367 3537 habitu
396 3503 670 3539 monachorum
706 3515 971 3552 usquequaque
1005 3505 1177 3553 dispersit
1208 3505 1310 3542 calli-

240 3553 413 3591 dissimus
440 3555 565 3600 hostis,
586 3555 818 3593 circueuntes
840 3557 1082 3605 provincias:
1113 3565 1150 3594 et
1177 3565 1312 3606 postea

242 3607 385 3645 subdit:
420 3607 558 3645 Omnes
573 3613 713 3656 petunt,
735 3621 864 3646 omnes
883 3611 1044 3659 exigunt
1061 3616 1127 3647 aut
1143 3616 1313 3659 sumptus

356 3310 425 3353 ³²³5<
449 3301 470 3326 D
495 3300 659 3331 Qum'ruM
684 3301 738 3326 stc
758 3300 1001 3327 paocamrun.
1022 3290 1184 3328 Videtur
1203 3290 1311 3340 quod
1336 3292 1338 3330 l
1364 3291 1538 3328 lucrosae
1565 3291 1760 3341 egestatis,
1793 3294 1861 3327 aut
1885 3289 2086 3326 simulatae
2107 3290 2274 3339 pretium
2301 3291 2438 3328 sancti-

1364 3344 1459 3382 tatis.
1491 3345 1593 3393 Ergo
1622 3344 1775 3382 videtur
1803 3342 1908 3392 quod
1937 3342 2014 3380 vita
2043 3343 2309 3392 religiosorum
2330 3356 2438 3382 men—

1366 3398 1574 3436 dicantium
1603 3398 1650 3435 sit
1678 3395 1933 3446 reprobanda.

1421 3463 1456 3489 2.
1487 3452 1727 3496 Pmaraaaa,
1759 3451 1772 3487 1
1793 3449 1846 3487 ad
1867 3451 1992 3487 Thess.
2014 3462 2049 3488 1v
2068 3450 2088 3473 *
2117 3450 2266 3489 dicitur:
2301 3451 2438 3501 Opere·

1366 3505 1462 3541 mini
1480 3505 1655 3541 manibus
1673 3503 1816 3549 vestris,
1845 3504 1942 3541 sicut
1960 3505 2227 3554 praecepimus
2246 3504 2370 3542 vobis.-
2400 3510 2442 3542 ut

1365 3559 1516 3594 honeste
1544 3556 1741 3594 ambuletis
1768 3557 1820 3594 ad
1835 3569 1899 3594 eos
1927 3558 1993 3607 qui
2006 3558 2113 3606 foris
2130 3563 2227 3605 sunt,
2247 3563 2284 3595 et
2301 3558 2439 3596 nullius

1366 3610 1511 3658 aliquid
1536 3610 1769 3647 desideretis:
1799 3610 1864 3648 ubi
1893 3610 2031 3648 Glossa
2049 3610 2070 3634 '¹⁸
2099 3611 2203 3649 dicit:
2233 3611 2324 3649 Ideo
2345 3622 2438 3660 opus

2463 2095 2472 2105 ⁸
2479 2093 2516 2116 Cs.
2527 2099 2592 2117 nan.
2599 2099 2675 2122 neqq.

2464 2456 2473 2465 ·
2492 2454 2515 2476 11
2534 2453 2569 2477 aa
2582 2453 2676 2482 rme„

2462 2487 2515 2509 “po
2525 2487 2560 2510 lu,
2572 2486 2632 2503 m.
2643 2486 2677 2503 lo.

2464 2821 2474 2831 ·
2491 2820 2527 2842 Cf.
2542 2826 2563 2842 ι.
2577 2819 2622 2842 Th.
2643 2819 2676 2842 Ο-

2465 2853 2531 2875 ριιισ.
2541 2846 2679 2870 contrat-

2462 2873 2677 2930 saffira·

2465 3462 2475 3471 ⁴
2490 3459 2557 3482 νει-ι.
2572 3465 2596 3481 u.

2464 3617 2475 3629 ⁴
2488 3615 2545 3638 Ord.
2557 3619 2579 3638 et
2594 3615 2677 3638 lamb.
