2768 4198
39 770 48 781 ⁸
62 768 119 797 Cap.
134 755 176 795 in,
189 773 248 790 vers.

37 902 48 914 ⁸
61 901 112 924 Art.
128 901 233 929 praeced.

35 1541 46 1553 ⁸
53 1541 112 1570 m.
127 1539 178 1563 Sed
189 1546 247 1563 con·

32 2063 44 2075 ⁸
57 2061 93 2086 Cf.
108 2068 174 2085 uum.
187 2068 220 2085 ιιι.

31 2548 44 2560 ⁸
55 2547 172 2575 Cis-m.
186 2553 217 2569 iv.

33 2595 152 2625 ’Cf-rap.
160 2596 244 2626 nd3,4.

34 3343 47 3355 ⁸
61 3343 97 3366 Cf.
111 3350 176 3366 num.
190 3350 222 3365 vt.

38 3591 49 3602 ⁸
68 3591 103 3613 ef.
122 3596 169 3619 arg.
184 3597 208 3619 1,
227 3594 249 3613 et

36 3623 99 3646 resp.
114 3617 143 3639 ad
157 3623 174 3639 t.

944 285 1212 331 QUAESTlO
1243 285 1418 333 CLXIX,
1447 284 1744 322 ART1CULUS
1774 285 1804 320 Il

278 380 346 416 per
367 367 446 404 talis
466 365 604 403 fucatio
634 373 689 402 est
709 376 796 401 cum
816 371 974 413 peccato
999 364 1169 400 mortali:
1201 365 1267 401 sed
1288 377 1347 401 so-

278 422 358 458 lum
379 419 533 469 quando
555 419 596 456 fit
620 426 778 467 propter
797 417 1004 463 lasciviam,
1025 418 1087 453 vel
1109 417 1144 453 in
1165 418 1236 453 Dei
1258 430 1347 454 con-

278 481 490 522 temptum,
520 472 559 509 in
583 471 723 519 quibus
754 470 902 507 casibus
923 469 1092 517 loquitur
1121 470 1345 519 Cyprianus.

332 525 542 563 Sciendum
571 533 698 561 tamen
729 524 834 572 quod
869 523 972 560 aliud
1001 532 1057 559 est
1084 523 1228 571 fingere
1266 525 1346 572 pul-

278 579 530 615 chritudinem
561 589 638 614 non
658 576 844 613 habitam:
881 585 916 612 et
944 577 1044 612 aliud
1075 585 1130 612 est
1159 578 1347 614 occultare

277 631 548 680 turpitudinem
571 642 615 667 ex
644 631 770 678 aliqua
791 642 905 666 causa
930 630 1234 678 provenientem,
1256 638 1347 678 puta

278 683 512 733 aegritudine
532 684 594 720 vel
623 683 751 731 aliquo
781 683 1013 720 huiusmodi.
1045 684 1131 720 Hoc
1160 685 1261 720 enim
1293 691 1348 720 est

278 738 442 775 licitum:
469 737 558 786 quia
578 737 792 773 secundum
813 737 1056 785 Apostolum,
1075 738 1087 773 Ι
1109 737 1160 773 ad
1183 737 1269 774 Cor.
1287 743 1294 757 ¹
1314 728 1345 784 ²⁴⁵,

277 803 375 840 quae
397 796 577 840 putamus
606 790 833 840 ignobiliora
862 802 940 827 esse
968 792 1139 827 membra
1164 791 1344 839 corporis,

276 846 335 882 his
360 846 543 881 honorem
572 845 885 881 abundantiorem
915 844 1192 880 circundamus.

330 900 389 934 An
417 909 579 935 Tamum
607 909 793 935 menapum
814 897 931 945 quod,
953 897 1048 934 sicut
1071 897 1212 934 dictum
1239 905 1295 933 est
1313 896 1345 944 ²⁸,

277 952 398 988 cultus
428 951 588 988 exterior
627 951 741 988 debet
769 959 987 999 competere
1025 950 1233 987 conditioni
1263 962 1345 999 per-

277 1017 396 1042 sonae
425 1005 638 1042 secundum
669 1016 916 1041 communem
938 1004 1268 1041 consuetudinem.
1298 1004 1346 1040 Et

276 1059 364 1096 ideo
395 1060 441 1095 de
466 1071 506 1095 se
527 1058 708 1095 vitiosum
730 1066 785 1094 est
805 1057 910 1106 quod
939 1057 1076 1093 mulier
1094 1065 1221 1093 utatur
1239 1064 1346 1093 veste

276 1111 375 1149 virili
404 1120 469 1149 aut
488 1125 509 1148 e
530 1123 737 1148 converso:
769 1119 805 1147 et
824 1110 1028 1159 praecipue
1058 1110 1146 1158 quia
1168 1111 1243 1147 hoc
1263 1117 1346 1158 pot-

277 1173 334 1203 est
362 1178 444 1202 esse
480 1177 594 1202 causa
622 1164 811 1201 lasciviae.
851 1164 901 1200 Et
929 1162 1140 1211 specialiter
1168 1163 1346 1211 prohibe-

277 1227 336 1256 tur
361 1219 399 1256 in
427 1220 530 1267 lege,
561 1218 651 1267 quia
678 1217 836 1266 gentiles
863 1216 927 1254 tali
955 1215 1165 1253 mutatione
1196 1216 1347 1252 habitus

275 1270 802 1319 utebantur„adidololatriae
832 1269 1151 1318 superstitionem.
1172 1289 1196 1297 -
1218 1269 1347 1306 Potest

276 1332 405 1363 tamen
433 1325 668 1374 quandoque
687 1325 763 1361 hoc
790 1323 873 1360 fieri
893 1323 973 1359 sine
1003 1329 1161 1371 peccato
1190 1330 1348 1371 propter

275 1379 444 1428 aliquam
474 1378 754 1415 necessitatem:
783 1377 846 1413 vel
876 1388 990 1412 causa
1019 1375 1233 1412 occultandi
1252 1381 1269 1396 ¹
1298 1377 1346 1412 ab

275 1432 461 1478 hostibus,
477 1431 540 1468 vel
558 1439 714 1480 propter
734 1430 925 1467 defectum
946 1429 1096 1465 alterius
1114 1428 1345 1476 vestimenti,

275 1487 337 1524 vel
364 1493 521 1535 propter
549 1484 689 1533 aliquid
717 1483 818 1520 aliud
846 1482 1080 1519 huiusmodi.

328 1541 388 1577 Ao
414 1550 588 1582 QUARTUM
606 1537 627 1560 *
649 1548 836 1574 DICENDUM
861 1536 988 1585 quod,
1019 1535 1048 1572 si
1086 1547 1163 1584 qua
1198 1547 1257 1571 ars
1291 1542 1347 1571 est

275 1592 324 1630 ad
353 1592 568 1630 faciendum
598 1591 726 1639 aliqua
762 1601 880 1638 opera
915 1589 1054 1638 quibus
1088 1588 1265 1625 homines
1293 1588 1347 1625 uti

274 1657 354 1683 non
382 1652 544 1694 possunt
572 1645 718 1692 absque
746 1651 918 1692 peccato,
939 1655 1008 1691 per
1030 1654 1270 1690 consequens
1290 1654 1348 1678 ar-

2395 284 2470 331 359

1401 364 1521 401 tifices
1550 365 1636 401 talia
1666 364 1838 401 faciendo
1867 371 2088 412 peccarent,
2119 370 2249 411 utpote
2284 363 2469 410 praeben-

1401 425 1456 454 tes
1494 417 1634 454 directe
1670 417 1749 454 aliis
1789 416 2030 454 occasionem
2070 415 2272 464 peccandi:
2311 423 2403 464 puta
2441 415 2470 451 si

1401 471 1486 518 quis
1515 471 1712 508 fabricaret
1740 471 1862 516 idola,
1892 471 1954 506 vel
1982 470 2105 518 aliqua
2135 470 2183 506 ad
2213 469 2355 505 cultum
2389 468 2469 504 ido-

1402 524 1570 561 lolatriae
1604 524 1842 573 pertinentia.
1883 524 1922 560 Si
1951 536 2026 572 qua
2053 535 2148 560 vero
2187 535 2248 559 ars
2287 522 2330 558 sit
2363 521 2470 558 cuius

1402 578 1582 625 operibus
1603 577 1780 614 homines
1803 585 1964 626 possunt
1983 577 2080 613 bene
2104 584 2140 612 et
2158 577 2258 612 male
2288 575 2354 621 uti,
2376 575 2471 612 sicut

1401 631 1523 678 gladii,
1546 630 1698 678 sagittae
1728 639 1764 666 et
1792 630 1863 667 alia
1887 630 2121 677 huiusmodi,
2143 642 2235 666 usus
2253 628 2384 665 talium
2413 641 2470 664 ar-

1402 684 1493 720 tium
1525 696 1603 720 non
1633 692 1688 720 est
1716 692 1933 732 peccatum:
1965 691 2000 720 et
2030 695 2098 720 eae
2127 683 2232 719 solae
2261 690 2358 718 artes
2383 689 2470 718 sunt

1402 737 1596 774 dicendae.
1614 737 1725 774 Unde
1742 737 2039 785 Chrysostomus
2056 736 2153 783 dicit,
2169 747 2283 784 super
2291 734 2468 772 Matth.*:

1399 791 1477 827 Eas
1494 790 1594 827 solas
1609 796 1754 838 oportet
1768 796 1867 827 artes
1885 802 2025 827 vocare
2039 802 2136 838 quae
2155 789 2468 834 necessariorum,

1400 849 1435 879 et
1461 855 1592 880 eorum
1622 855 1719 892 quae
1737 844 1928 880 continent
1953 844 2068 880 vitam
2089 849 2269 888 nostram,
2298 848 2386 879 sunt
2405 842 2469 878 tri-

1400 897 1549 933 butivae
1567 903 1603 933 et
1621 898 1903 933 constructivae.
1924 917 1948 924 -
1979 897 2019 933 Si
2038 905 2166 933 tamen
2197 895 2377 945 operibus
2406 894 2470 932 ali·-

1401 950 1506 986 cuius
1526 950 1614 987 artis
1636 958 1675 987 ut
1695 950 1835 998 pluries
1856 949 1968 997 aliqui
1989 951 2088 986 male
2107 957 2313 995 uterentur,
2335 960 2468 996 quam-

1400 1003 1458 1040 vis
1486 1003 1533 1040 de
1563 1015 1602 1039 se
1633 1015 1710 1039 non
1740 1002 1812 1039 sint
1840 1003 2003 1048 illicitae,
2034 1011 2120 1039 sunt
2152 1011 2281 1039 tamen
2318 1014 2386 1051 per
2414 1002 2469 1038 of-

1401 1057 1531 1093 ficium
1559 1056 1739 1104 principis
1760 1068 1781 1092 a
1802 1056 1950 1092 civitate
1981 1055 2235 1105 extirpandae,
2256 1055 2469 1092 secundum

1402 1110 1634 1146 documenta
1662 1108 1831 1145 Platonis
1850 1108 1881 1145 ²¹⁸.

1455 1162 1557 1208 Quia
1589 1174 1679 1210 ergo
1710 1162 1887 1198 mulieres
1925 1162 2021 1198 licite
2051 1175 2090 1198 se
2125 1169 2286 1210 possunt
2319 1173 2467 1208 ornare,

1400 1216 1462 1251 vel
1481 1224 1522 1251 ut
1551 1223 1779 1252 conservent
1799 1215 2011 1252 decentiam
2033 1215 2089 1252 sui
2119 1223 2247 1262 status,
2267 1216 2329 1251 vel
2355 1214 2467 1251 etiam

1401 1268 1542 1317 aliquid
1563 1268 1819 1316 superaddere
1839 1277 1880 1304 ut
1899 1269 2073 1316 placeant
2091 1268 2203 1313 viris;
2230 1280 2469 1316 consequens

1402 1329 1457 1358 est
1485 1321 1590 1370 quod
1609 1321 1772 1358 artifices
1791 1322 1921 1358 talium
1947 1330 2259 1358 ornamentorum
2285 1334 2362 1357 non
2383 1333 2469 1369 pec-

1402 1382 1487 1410 cant
1507 1374 1544 1410 in
1563 1386 1636 1411 usu
1657 1374 1738 1411 talis
1759 1374 1865 1411 artis:
1888 1374 1957 1410 nisi
1977 1375 2072 1411 forte
2093 1375 2324 1411 inveniendo
2345 1374 2470 1423 aliqua

1402 1427 1596 1476 superflua
1626 1436 1662 1463 et
1691 1427 1851 1464 curiosa.
1889 1428 2001 1464 Unde
2032 1428 2330 1476 Chrysostomus
2369 1427 2467 1474 dicit,

1400 1492 1514 1529 super
1541 1481 1679 1518 Matth.
1699 1480 1731 1526 ³¹⁸,
1762 1481 1867 1529 quod
1895 1481 2007 1518 etiam
2027 1481 2075 1517 ab
2095 1487 2176 1517 arte
2204 1481 2417 1517 calceorum
2437 1486 2474 1517 et
2498 1487 2507 1497 ·
2521 1487 2576 1509 Loc-
2592 1487 2631 1509 cit-

1402 1540 1591 1571 textorum
1621 1534 1738 1570 multa
1766 1535 1958 1571 abscidere
1986 1540 2139 1582 oportet.
2169 1534 2317 1570 Etenim
2338 1534 2390 1570 ad
2415 1533 2469 1570 lu-

1400 1588 1556 1625 xuriam
1582 1588 1830 1633 deduxerunt,
1857 1588 2110 1624 necessitatem
2130 1588 2209 1624 eius
2227 1598 2470 1635 corrumpen-

2497 738 2506 745 ·
2521 736 2608 758 ΗοιιιίΙ.
2627 736 2709 763 XLIX,

2496 763 2525 784 al.
2541 763 2566 784 L.

2497 1110 2506 1118 ⁸
2521 1106 2591 1130 Cn'vit.
2610 1107 2649 1129 lib.
2669 1106 2709 1128 111.

1373 1666 1376 1686 1
1402 1647 1465 1687 tes,
1495 1647 1616 1678 artem
1654 1641 1754 1678 male
1781 1642 1857 1678 arti
1882 1642 2173 1678 commiscentes.

327 1777 347 1810 ι)
364 1777 402 1802 ad
422 1777 484 1802 Cor.
496 1791 516 1796 -
533 1776 594 1801 XII
610 1776 708 1801 addunt
726 1776 794 1801 PsG.

1453 1775 1479 1806 κ)
1498 1774 1660 1800 occultandi.
1671 1788 1690 1793 -
1708 1781 1737 1799 se
1754 1774 1908 1799 occultandi
1926 1774 1973 1800 Pa.

942 1881 1280 1914 Oomrnentaria
1302 1880 1558 1914 Cardinalis
1581 1881 1783 1913 Caietam

303 1983 324 2005 rt
347 1973 480 2004 articulo
505 1972 646 2003 secundo
678 1971 820 2002 eiusdem
848 1971 1044 2012 quaestionis
1069 1970 1344 2001 centesimaesexa-

254 2017 258 2020 ’
277 1985 558 2059 Igesimaenonae,
583 2016 680 2047 dubia
700 2016 801 2047 multa
817 2022 988 2047 occurrunt
1007 2015 1087 2046 circa
1102 2014 1275 2045 mulierum
1292 2024 1344 2045 or-

273 2069 396 2094 natum.
421 2063 564 2094 Primum
579 2062 606 2098 *,
632 2061 711 2091 circa
734 2061 841 2101 ipsum
865 2067 1023 2101 quatenus
1048 2067 1094 2090 est
1117 2059 1342 2099 provocativus

273 2108 312 2138 ad
342 2106 512 2138 lasciviam.
544 2107 585 2137 Et
615 2105 701 2136 iuxta
731 2105 794 2136 hoc
822 2105 853 2135 in
882 2104 1104 2146 quaestionem
1129 2104 1274 2140 vertitur,
1304 2113 1343 2134 an

272 2160 403 2183 ornatus
435 2150 659 2192 provocativus
690 2150 729 2180 ad
758 2149 920 2180 lasciviam
949 2159 985 2179 ex
1013 2149 1080 2179 sola
1104 2148 1280 2178 intentione
1312 2148 1344 2178 in

272 2197 332 2227 hac
355 2196 459 2236 specie
482 2202 669 2235 reponatur:
702 2204 741 2224 an
771 2194 865 2224 etiam
894 2203 931 2224 ex
953 2194 1022 2233 ipsa
1052 2193 1202 2234 qualitate
1227 2192 1343 2233 operis.

272 2241 314 2271 Et
337 2247 384 2272 est
407 2240 486 2272 ratio
504 2239 591 2270 dubii
615 2239 691 2280 quia
714 2238 746 2268 in
766 2239 867 2269 littera
883 2248 920 2268 ex
936 2238 1005 2268 sola
1020 2237 1197 2268 intentione
1213 2243 1344 2267 ornatus

272 2285 434 2316 muliebris
458 2284 588 2325 ponitur
611 2290 778 2324 peccatum
799 2282 933 2313 mortale
957 2283 999 2312 ob
1024 2281 1288 2322 provocationem
1305 2282 1344 2311 ad

271 2329 442 2360 lasciviam.
468 2328 604 2360 Constat
626 2334 734 2358 autem
758 2327 847 2368 quod
870 2336 1044 2368 provocare
1059 2326 1098 2356 ad
1121 2325 1281 2356 lasciviam
1299 2333 1345 2356 est

271 2380 360 2405 actus
391 2383 428 2404 ex
452 2383 512 2404 suo
535 2382 649 2413 genere
673 2371 827 2402 mortalis.
853 2389 871 2395 -
895 2371 931 2402 In
955 2370 1144 2411 oppositum
1167 2377 1274 2400 autem
1299 2377 1345 2401 est

271 2418 360 2460 quod
384 2424 515 2448 ornatus
538 2417 652 2458 aliquis
677 2417 854 2447 secundum
869 2425 902 2446 se
926 2416 1040 2446 dicitur
1064 2415 1287 2455 provocativus
1304 2415 1344 2445 ad

270 2462 448 2494 lasciviam:
474 2469 510 2493 ut
533 2471 607 2492 cum
624 2461 797 2492 ostendunt
813 2467 918 2491 totum
934 2467 1044 2501 pectus
1062 2460 1219 2495 muliera,
1237 2467 1267 2490 et
1286 2459 1344 2490 viri

271 2506 411 2538 formam
434 2507 671 2547 pudendorum.

327 2551 510 2582 Secundum
527 2550 657 2581 dubium
673 2550 691 2569 *
715 2556 761 2580 est
777 2549 857 2580 circa
873 2556 1023 2580 ornatum
1039 2555 1075 2579 ut
1091 2548 1211 2579 excedit
1228 2548 1342 2578 limites

272 2595 559 2627 consuetudinis*:
584 2602 743 2635 quantum
759 2604 796 2624 ex
816 2593 874 2624 hac
898 2601 986 2633 parte
1003 2593 1130 2623 illicitus
1154 2593 1202 2623 sit.
1233 2593 1274 2623 Et
1297 2599 1344 2623 est

271 2640 352 2671 ratio
377 2640 464 2670 dubii
489 2639 564 2680 quia
581 2639 703 2670 videtur
718 2637 899 2668 adinventio
920 2647 1077 2668 novarum
1094 2637 1270 2667 formarum
1287 2647 1342 2667 seu

271 2684 446 2725 figurarum
477 2684 509 2714 in
540 2683 679 2713 vestibus
709 2689 740 2713 et
769 2682 955 2713 huiusmodi
990 2682 1123 2712 mortale
1156 2689 1341 2722 peccatum:

272 2729 354 2760 sicut
375 2729 494 2759 violare
522 2727 787 2758 consuetudinem
815 2726 1026 2757 universalem
1053 2726 1191 2756 distincti
1216 2726 1342 2757 habitus

271 2774 415 2805 virorum
439 2784 456 2803 a
481 2772 676 2803 mulieribus.
704 2771 909 2802 Consuetudo
939 2771 1059 2812 quippe
1091 2771 1173 2812 legis
1197 2771 1260 2801 vim
1286 2771 1342 2801 ha-

271 2819 323 2849 bet
336 2818 364 2856 ¹⁸¹,
389 2825 419 2848 et
442 2818 474 2847 in
499 2817 569 2848 foro
594 2816 804 2846 conscientiae
826 2816 911 2855 ligat.
944 2815 1052 2846 Defert
1075 2825 1206 2855 quoque
1234 2825 1341 2846 secum

272 2863 389 2893 damna
413 2862 515 2893 multa
538 2861 724 2892 huiusmodi
753 2860 894 2891 novitas:
926 2860 1005 2890 dum
1034 2867 1192 2900 coguntur
1220 2859 1271 2889 alii
1303 2859 1342 2889 ad

273 2917 375 2938 novos
399 2913 557 2947 sumptus,
583 2906 663 2936 adeo
687 2913 722 2936 ut
746 2905 822 2935 boni
847 2904 969 2935 nobiles
984 2904 1016 2934 in
1033 2911 1252 2944 paupertatem
1269 2904 1342 2934 inde

273 2951 449 2982 deveniant.
474 2968 495 2974 —
519 2951 553 2981 In
579 2950 767 2990 oppositum
791 2956 898 2980 autem
915 2955 961 2979 est
984 2949 1060 2989 quia
1082 2948 1269 2978 huiusmodi
1285 2958 1342 2978 no-

273 2996 382 3027 vitates
406 2996 445 3026 ad
469 2995 641 3026 vanitatem
663 2994 746 3025 vitae
770 3000 921 3034 spectant.
946 2993 1036 3023 Vana
1059 3000 1166 3023 autem
1186 3003 1251 3023 non
1269 3000 1344 3023 sunt

275 3039 430 3076 mortalia,
455 3040 509 3070 sed
533 3039 677 3075 venialia,
702 3049 738 3069 ex
762 3048 821 3068 suo
845 3047 968 3078 genere.

243 3122 248 3127 ι
335 3084 476 3115 Tertium
492 3084 622 3115 dubium
634 3083 652 3103 *
664 3091 710 3114 est
723 3083 803 3114 circa
818 3090 967 3113 ornatum
990 3088 1025 3112 ut
1042 3089 1087 3111 est
1102 3081 1274 3111 fucatorius
1289 3081 1342 3111 **:

277 3137 316 3157 an
333 3127 450 3159 scilicet
466 3134 548 3159 certa
564 3128 685 3159 ratione
709 3134 841 3164 constet,
857 3127 907 3157 vel
931 3126 1037 3156 solum
1055 3125 1224 3166 opinative,
1243 3126 1342 3166 quod,

276 3171 337 3201 nisi
353 3172 581 3212 superaddatur
596 3173 701 3214 aliqua
715 3171 947 3202 circumstantia
964 3170 1083 3210 peccati
1100 3170 1252 3206 mortalis,
1266 3177 1342 3210 puta

277 3222 406 3256 propter
421 3215 579 3247 luxuriam
602 3224 657 3247 aut
681 3223 902 3257 contemptum
927 3215 995 3251 Dei,
1019 3222 1087 3250 etc„
1112 3224 1177 3244 non
1203 3221 1248 3245 est
1272 3224 1343 3254 pec-

277 3265 384 3290 catum
408 3260 550 3291 mortale.
574 3261 615 3291 Et
638 3268 683 3292 est
706 3261 785 3292 ratio
805 3260 892 3291 dubii
910 3260 985 3300 quia
1005 3259 1197 3300 quibusdam
1220 3258 1345 3289 videtur

277 3302 483 3344 oppositum:
508 3310 538 3334 et
560 3304 594 3334 in
615 3304 716 3335 littera
741 3305 820 3336 ratio
841 3305 929 3335 nulla
953 3304 1076 3334 videtur
1100 3303 1217 3333 haberi.

336 3347 496 3385 Quartum
520 3347 650 3379 dubium
665 3349 682 3368 *
705 3356 752 3380 est
775 3349 854 3380 circa
874 3356 1022 3380 ornatum
1046 3348 1218 3378 mulierum
1240 3354 1275 3378 ut
1299 3353 1345 3377 est

276 3392 450 3431 pretiosus:
468 3401 508 3421 an
524 3392 635 3422 debeat
649 3393 780 3434 intelligi
795 3394 906 3425 vitiose
923 3393 1080 3433 pretiosus
1097 3392 1250 3428 absolute,
1267 3399 1345 3431 puta

276 3435 352 3477 quia
374 3445 488 3466 aureus
512 3442 542 3466 et
564 3443 743 3475 gemmatus
751 3446 759 3474 ;
783 3438 832 3468 vel
855 3437 1036 3478 respective,
1062 3445 1139 3477 puta
1159 3437 1255 3478 quod,
1272 3436 1344 3467 licet

276 3480 309 3510 in
333 3490 366 3510 se
390 3479 429 3510 sit
453 3479 628 3520 pretiosus,
652 3480 706 3510 tali
735 3487 840 3511 tamen
865 3482 990 3513 mulieri
1014 3492 1079 3511 non
1105 3488 1150 3512 est
1174 3480 1341 3521 pretiosus·
1369 3513 1371 3517 ,

277 3525 318 3555 Et
352 3524 432 3555 ratio
467 3523 555 3554 dubii
583 3531 629 3554 est
663 3523 738 3564 quia
773 3526 987 3556 communiter
1019 3526 1204 3566 intelligitur
1238 3535 1342 3565 respe-

277 3569 366 3599 ctive.
383 3586 404 3592 -
421 3570 450 3599 A
466 3567 663 3608 Principibus
680 3575 785 3598 tamen
802 3570 1043 3608 Apostolorum,
1061 3570 1072 3600 I
1089 3571 1155 3600 Pet.
1176 3581 1210 3600 111
1226 3577 1256 3600 et
1272 3570 1283 3599 I
1300 3569 1344 3600 ad

282 3613 360 3644 Tim.
381 3623 413 3649 11,
438 3622 580 3652 expresse
604 3611 764 3642 inhibetur
787 3619 916 3643 ornatus
933 3614 1106 3644 mulierum
1129 3624 1243 3645 aureus
1257 3613 1284 3645 *.
1309 3614 1341 3645 Si

1367 2685 1369 2703 ³
1396 2683 1558 2713 mularum
1583 2682 1766 2712 excedentes
1792 2680 1942 2711 dominos
1967 2680 2166 2719 temporales.

1398 1970 1483 2000 enim
1503 1980 1568 2000 non
1586 1970 1730 2001 absolute
1755 1978 1949 2010 pensaretur,
1967 1980 2031 2001 non
2050 1970 2267 2001 universaliter
2282 1971 2469 2002 mulieribus

1398 2014 1603 2045 inhiberetur.

1457 2059 1612 2097 Quintum
1629 2059 1759 2090 dubium
1775 2059 1792 2078 *
1816 2066 1863 2090 est
1879 2059 1959 2090 circa
1977 2066 2127 2090 ornatum
2146 2068 2279 2089 vanum:
2305 2070 2344 2089 an
2362 2059 2468 2100 impu-

1398 2110 1504 2134 tentur
1531 2104 1614 2134 mala
1638 2103 1710 2133 inde
1735 2103 1899 2144 sequentia
1922 2103 2046 2134 ornanti
2072 2113 2114 2134 se.
2144 2104 2184 2133 Et
2208 2111 2254 2134 est
2277 2104 2356 2134 ratio
2382 2104 2470 2135 dubii

1397 2148 1472 2188 quia
1503 2148 1576 2178 hinc
1600 2155 1732 2188 apparet
1765 2149 1854 2188 quod
1878 2148 1937 2188 ipsi
1968 2148 2180 2188 imputentur:
2211 2148 2285 2189 quia
2315 2148 2368 2178 dat
2391 2159 2468 2189 ope-

1397 2202 1464 2222 ram
1490 2192 1532 2222 rei
1556 2193 1726 2223 illicitae.—
1745 2193 1820 2222 lnde
1844 2200 1974 2232 apparet
1997 2193 2086 2233 quod
2111 2202 2177 2222 non
2201 2192 2229 2222 ei
2253 2192 2469 2232 imputentur:

1397 2237 1472 2277 quia
1504 2244 1688 2277 sequeretur
1718 2237 1779 2267 hoc
1810 2237 2001 2272 absurdum,
2027 2237 2116 2277 quod
2140 2237 2255 2266 mulier
2283 2237 2325 2267 ob
2349 2237 2469 2268 veniale

1397 2279 1563 2321 peccatum
1589 2291 1625 2312 ex
1649 2291 1708 2311 suo
1733 2291 1856 2321 genere,
1881 2288 2023 2321 peccaret
2046 2281 2230 2317 mortaliter,
2253 2281 2320 2311 sine
2337 2281 2397 2311 alia
2413 2292 2470 2312 sua

1398 2326 1499 2366 culpa.
1526 2326 1615 2357 Patet
1639 2326 1783 2366 sequela:
1813 2325 1888 2366 quia
1912 2325 1937 2355 si
1962 2325 2035 2355 inde
2060 2326 2099 2355 ab
2123 2325 2190 2355 aliis
2215 2325 2467 2365 concupiscitur,

1395 2370 1464 2410 ipsa
1488 2370 1554 2400 sine
1580 2370 1639 2400 alia
1663 2377 1709 2400 est
1733 2370 1842 2410 culpa;
1868 2377 1898 2400 et
1922 2377 2029 2400 tamen
2052 2369 2097 2400 illi
2121 2377 2247 2410 peccata
2264 2370 2393 2400 illorum
2410 2371 2468 2401 im-

1397 2422 1593 2455 putarentur,
1619 2425 1701 2455 quae
1725 2421 1799 2445 sunt
1823 2414 1978 2444 mortalia.

1453 2459 1587 2490 Sextum
1611 2459 1771 2490 dubium*
1794 2466 1841 2489 est
1865 2458 1944 2489 circa
1969 2465 2118 2488 ornatum
2142 2458 2329 2488 clericorum
2345 2469 2379 2489 ac
2400 2459 2468 2489 reli-

1396 2504 1577 2543 giosorum:
1612 2514 1652 2534 an
1683 2510 1814 2544 peccent
1843 2503 2018 2533 mortaliter
2046 2509 2206 2533 mutantes
2236 2510 2292 2533 aut
2315 2503 2468 2533 violantes

1396 2548 1542 2580 habitum
1566 2559 1672 2579 suurn.
1698 2549 1738 2578 Et
1761 2548 1841 2578 ratio
1866 2547 2030 2587 potissima
2054 2547 2142 2577 dubii
2158 2554 2205 2577 est
2227 2547 2303 2587 quia
2319 2558 2395 2577 usus
2415 2548 2470 2577 ha-

1395 2593 1448 2623 bet
1463 2593 1784 2633 oppositum-eorum
1801 2602 1882 2632 quae
1898 2592 2020 2631 legibus
2045 2591 2162 2622 sancita
2178 2598 2251 2622 sunt
2264 2591 2297 2621 *:
2322 2591 2467 2622 videmus
2496 2596 2505 2605 ⁸
2525 2594 2561 2626 Cs-
2589 2601 2667 2643 ⁰31³„
2681 2595 2709 2617 Si

1396 2638 1526 2668 clericos
1540 2648 1614 2668 cum
1627 2647 1728 2673 coma,
1743 2647 1818 2667 cum
1833 2636 1938 2666 sericis
1955 2635 2159 2672 indumentis,
2178 2642 2207 2666 et
2224 2635 2255 2665 in
2272 2636 2466 2666 ornamentis
2493 2627 2574 2674 {2⁴¹⁸ss
2601 2628 2707 2670 affice-2¹⁸,

2493 2680 2507 2695 ο
2533 2675 2579 2701 cia,
2601 2674 2632 2696 de
2654 2675 2706 2697 Vita

2493 2703 2516 2732 ες
2533 2701 2634 2723 Honest.
2653 2701 2705 2724 cce-

1452 2727 1490 2758 11.
1515 2727 1564 2758 Ad
1589 2727 1706 2756 horum
1730 2725 1937 2761 evidentiam,
1963 2724 2127 2755 sciendum
2151 2731 2197 2754 est
2220 2724 2309 2764 quod
2334 2724 2467 2754 exterior
2492 2733 2535 2748 νισ-

1396 2778 1567 2811 apparatus
1596 2771 1635 2800 ad
1666 2770 1723 2800 tria
1756 2770 1933 2800 secundum
1962 2776 2077 2799 rectam
2107 2768 2262 2798 rationem
2292 2768 2466 2800 ordinatur.

1395 2816 1513 2852 Primo,
1539 2815 1578 2845 ad
1602 2815 1784 2845 fomentum
1803 2814 1955 2854 corporis.
1981 2813 2021 2843 Et
2045 2813 2106 2843 hoc
2129 2819 2175 2843 est
2198 2813 2405 2843 necessitatis:
2436 2819 2467 2843 et

1396 2867 1563 2901 propterea
1587 2860 1678 2889 Deus
1690 2858 1777 2899 fecit
1794 2859 1912 2898 primis
1929 2858 2120 2897 parentibus
2140 2858 2266 2887 tunicas
2280 2857 2306 2888 *.

1452 2905 1610 2939 Secundo,
1627 2904 1665 2933 ad
1682 2903 1891 2933 honestatem.
1913 2903 1953 2932 Et
1970 2902 2031 2932 hoc
2048 2909 2093 2932 est
2110 2902 2203 2931 etiam
2221 2901 2412 2932 necessitatis
2429 2911 2466 2931 ex

1396 2956 1484 2989 parte
1507 2949 1648 2983 animae,
1670 2947 1750 2978 sicut
1767 2947 1907 2987 primum
1921 2957 1957 2977 ex
1982 2953 2067 2986 parte
2085 2945 2243 2987 corporis:
2268 2953 2359 2985 turpe
2380 2945 2464 2975 enim

1396 3000 1442 3024 est
1457 2993 1602 3023 rationali
1623 2992 1751 3022 animali
1769 2992 1917 3031 pudenda
1935 2990 2100 3021 manifesta
2118 2990 2246 3026 deferre,
2264 2997 2299 3020 ut
2315 2989 2465 3019 naturalis

1396 3037 1610 3068 erubescentia
1627 3044 1767 3067 testatur.
1792 3036 1832 3066 Et
1855 3042 2021 3076 propterea
2037 3035 2130 3074 primi
2152 3042 2295 3074 parentes
2309 3033 2465 3074 fecerunt

1394 3082 1455 3112 sibi
1471 3083 1672 3123 perizomata
1686 3081 1713 3116 *‚
1737 3080 1824 3120 prius
1841 3080 2042 3120 providentes
2059 3079 2184 3109 animae
2206 3088 2303 3119 quam
2329 3077 2464 3118 corpori.
2492 3086 2502 3095 ⁹
2516 3084 2584 3111 lbid.,
2599 3091 2658 3106 vers.
2674 3091 2694 3112 7.

1452 3126 1574 3163 Tertio,
1598 3126 1638 3155 ad
1658 3131 1806 3155 ornatum
1830 3124 1880 3154 vel
1904 3124 2048 3159 honoris,
2074 3123 2124 3153 vel
2147 3122 2400 3163 pulchritudinis.
2425 3123 2465 3153 Et

1396 3177 1527 3200 ornatus
1551 3170 1681 3210 quidem
1706 3168 1847 3204 honoris,
1867 3168 1939 3198 licet
1955 3168 2088 3198 omnino
2112 3167 2293 3198 communis
2318 3177 2383 3196 non
2408 3166 2464 3203 sit,

1397 3215 1552 3255 quoniam
1576 3213 1693 3243 mortui
1711 3214 1834 3243 mundo
1859 3213 1897 3242 ab
1914 3212 2008 3242 huius
2032 3218 2162 3242 ornatus
2175 3222 2249 3242 cura
2274 3218 2347 3241 sunt
2362 3221 2465 3241 exem-

1398 3259 1462 3298 pti;
1487 3265 1592 3298 potest
1621 3264 1727 3288 tamen
1758 3256 1880 3287 ratione
1909 3256 2070 3286 ministerii
2103 3255 2253 3286 omnibus
2284 3255 2465 3286 communis

1398 3313 1474 3333 esse.
1507 3302 1563 3332 Est
1595 3308 1702 3332 autem
1726 3301 1831 3331 omnis
1864 3307 2034 3341 apparatus
2058 3300 2113 3340 qui
2143 3299 2178 3330 fit
2202 3308 2236 3331 ut
2262 3300 2409 3330 decenter
2436 3307 2466 3330 et

1397 3348 1484 3377 iuxta
1507 3353 1624 3376 statum
1641 3346 1792 3386 procedat
1814 3345 1926 3384 homo,
1947 3351 2076 3374 ornatus
2096 3344 2237 3375 honoris.
2262 3344 2334 3374 Hoc
2359 3351 2466 3374 autem

1398 3398 1480 3422 recta
1504 3391 1584 3421 ratio
1609 3390 1714 3426 dictat,
1739 3396 1775 3419 ut
1798 3389 1940 3430 quilibet,
1965 3395 2062 3429 prout
2085 3398 2159 3418 eum
2180 3389 2278 3425 decet,
2295 3387 2466 3419 honorabi-

1398 3436 1468 3466 liter
1496 3435 1646 3476 procedat
1669 3434 1701 3463 in
1727 3434 1784 3464 hac
1806 3434 1879 3469 vita,
1897 3433 1929 3462 in
1953 3443 2016 3473 qua
2036 3433 2189 3463 exteriora
2212 3439 2287 3463 sunt
2308 3433 2466 3473 quaedam

1397 3480 1584 3511 interiorum
1601 3478 1791 3509 testimonia.
1807 3496 1828 3500 -
1849 3477 1988 3508 Ornatus
2010 3484 2117 3508 autem
2138 3477 2382 3517 pulchritudinis
2402 3477 2466 3507 fere

1397 3524 1545 3565 proprius
1569 3523 1693 3554 videtur
1722 3522 1912 3552 mulierum:
1942 3522 2097 3562 quoniam
2128 3528 2254 3562 oportet
2288 3531 2339 3551 eas
2368 3521 2464 3551 amari

1398 3576 1432 3599 ut
1455 3568 1616 3609 pulchras,
1642 3567 1681 3597 ad
1705 3567 1867 3597 habendos
1890 3566 1940 3596 vel
1969 3566 2202 3597 conservandos
2232 3566 2362 3596 maritos
2386 3566 2464 3595 bene

1396 3613 1576 3654 dispositos.

2497 2067 2507 2077 ⁸
2521 2066 2555 2088 cf.
2571 2073 2635 2089 num.
2650 2073 2689 2088 vn.

2496 2465 2505 2474 ⁸
2520 2464 2556 2486 Cf.
2577 2471 2641 2486 num.
2661 2472 2708 2487 vm.

2493 2857 2502 2865 ⁸
2518 2855 2576 2877 Gen.
2598 2861 2648 2883 cap.
2670 2861 2704 2882 ιιι,

2492 2888 2551 2903 vers.
2570 2888 2597 2903 21.
