2768 4198
100 463 110 478 Ξ

0 732 9 742 ·
24 732 80 760 Cap.
97 737 162 753 xvm.

97 780 111 809 ζ

2 1364 11 1373 ”
26 1362 92 1384 Vers.
107 1368 140 1391 33.

2 1422 12 1432 '
27 1420 83 1442 Ord.

8 2071 18 2082 “
32 2071 97 2093 νει-ε.
113 2077 140 2093 12.

10 2444 20 2454 ·
34 2443 100 2465 Vers.
116 2443 138 2464 6.

12 2603 21 2612 ⁸
36 2601 103 2623 Vers.
119 2606 146 2623 ιι.

244 269 317 304 510

239 572 279 596 se
307 560 435 596 dicunt
465 569 605 595 vacare
636 556 805 601 lectioni,
845 566 970 591 nonne
1006 554 1081 590 illic
1119 553 1314 591 inveniunt

240 613 341 661 quod
361 612 548 661 praecipit
563 608 796 658 Apostolus?
829 609 935 650 Quae
953 612 1006 644 est
1024 619 1118 657 ergo
1139 608 1207 644 ista
1222 618 1311 654 per-

241 718 410 756 vacare?
439 718 598 764 QuartO,
620 715 810 764 subiungit
830 715 877 752 de
905 715 1189 764 praedicatione
1204 713 1242 750 *z
1273 713 1315 749 Si

240 778 365 809 autem
394 771 510 807 alicui
534 782 659 807 sermo
680 769 898 819 erogandus
917 774 982 814 est,
1002 774 1039 804 et
1056 768 1107 805 ita
1127 765 1312 816 occupatt

241 831 281 861 ut
299 824 472 861 manibus
492 824 647 872 operari
664 835 739 860 non
759 828 881 860 vacet:
902 822 1074 870 nunquid
1090 822 1162 858 hoc
1181 832 1313 858 omnes

241 879 277 915 in
307 877 534 914 monasterio
556 876 745 925 possunt?
778 876 938 918 Quando
963 887 1057 925 ergo
1087 887 1162 911 non
1182 886 1313 911 omnes

234 936 403 980 possunt,
421 943 491 967 cur
507 932 577 967 sub
591 931 663 967 hoc
677 930 827 967 obtentu
847 941 978 967 omnes
995 940 1137 966 vacare
1154 926 1314 966 volunt?

245 985 484 1033 Quanquam,
506 985 540 1021 si
560 996 690 1021 omnes
712 989 877 1032 possent,
906 983 1159 1021 vicissitudine
1174 982 1314 1031 facere

240 1039 435 1075 deberent:
465 1050 540 1075 non
564 1038 687 1075 solum
709 1043 749 1074 ut
766 1037 882 1074 ceteri
899 1037 1119 1075 necessariis
1138 1036 1314 1085 operibus

240 1097 536 1140 occuparentur,
571 1091 638 1129 sed
663 1092 777 1128 etiam
816 1091 905 1139 quia
938 1091 1080 1140 sufficit
1114 1095 1153 1126 ut
1188 1089 1314 1126 multis

240 1146 476 1182 audientibus
524 1158 621 1182 unus
658 1145 845 1194 loquatur.
885 1145 988 1193 Ergo
1022 1144 1174 1181 videtur
1207 1142 1315 1193 quod

242 1199 404 1247 religiosi
442 1211 520 1236 non
558 1199 699 1236 debent
728 1210 877 1235 cessare
915 1199 963 1235 ab
993 1209 1112 1247 opere
1147 1195 1315 1234 manuali

241 1260 398 1302 propter
434 1252 658 1290 huiusmodi
694 1264 812 1301 opera
841 1251 1048 1301 spiritualia
1083 1250 1222 1300 quibus
1249 1262 1316 1287 va-

244 1314 341 1344 cant.

295 1372 334 1407 4.
365 1361 610 1407 PRAETEREA,
642 1360 735 1397 Luc.
756 1371 818 1406 xu,
847 1371 963 1408 super
990 1358 1082 1396 illud
1100 1357 1132 1405 ³¹²,
1165 1357 1319 1395 Vendite

244 1425 341 1462 quae
367 1414 566 1462 possidetis
586 1421 670 1461 etc.‚
701 1412 791 1451 dicit
819 1413 958 1450 Glossa
981 1412 1019 1449 *ε
1049 1412 1142 1449 Νοη
1171 1417 1317 1448 tantum

244 1468 346 1504 cibos
374 1474 516 1505 vestros
543 1467 820 1504 communicate
841 1466 1087 1516 pauperibus,
1115 1466 1182 1502 sed
1204 1465 1317 1502 etiam

244 1521 391 1558 vendite
417 1521 673 1570 possessiones
705 1527 860 1567 vestras,
891 1525 941 1566 ut,
979 1520 1153 1557 omnibus
1186 1518 1319 1556 vestris

244 1575 361 1612 semel
382 1587 457 1624 pro
486 1575 654 1612 Domino
673 1575 817 1624 spretis,
833 1579 965 1623 postea
985 1573 1115 1610 labore
1133 1584 1318 1610 manuum

246 1629 455 1677 operemini
483 1629 581 1666 unde
608 1629 742 1666 vivatis
761 1629 822 1665 vel
848 1628 1129 1676 eleemosynam
1146 1626 1317 1676 faciatis.

247 1682 323 1720 Sed
344 1682 394 1719 ad
419 1682 616 1730 religiosos
645 1681 807 1731 pertinet
834 1680 988 1730 proprie
1023 1679 1156 1717 omnia
1175 1691 1243 1716 sua
1264 1691 1319 1716 re-

246 1736 430 1783 linquere.
461 1737 564 1784 Ergo
584 1735 736 1772 videtur
764 1735 870 1785 quod
900 1734 1014 1771 etiam
1045 1745 1180 1770 eorum
1205 1733 1251 1770 sit
1271 1733 1320 1770 de

246 1790 377 1827 labore
412 1802 599 1826 manuum
629 1801 786 1826 suarum
815 1788 948 1826 vivere
987 1794 1024 1824 et
1052 1788 1320 1835 eleemosynas

248 1845 386 1881 facere.

304 1899 338 1936 5.
367 1898 604 1942 Pmeruam,
635 1894 798 1944 religiosi
827 1894 1032 1944 praecipue
1060 1893 1241 1931 videntur
1269 1901 1322 1930 te·

248 1951 327 1988 neri
351 1950 629 2000 Apostolorum
646 1949 766 1986 vitam
787 1948 944 1986 imitari:
965 1948 1056 1997 quia
1075 1955 1216 1985 statum
1236 1959 1321 1996 per-

247 2004 418 2042 fectionis
446 2003 685 2053 profitentur.
717 2003 792 2040 Sed
821 2002 997 2052 Apostoli
1026 2001 1205 2039 manibus
1234 2013 1321 2050 pro-

247 2059 335 2108 priis
364 2058 610 2095 laborabant:
640 2056 854 2094 secundum
884 2056 976 2093 illud
1007 2057 1020 2092 I
1042 2055 1094 2092 ad
1116 2056 1204 2093 Cor.
1226 2066 1262 2092 ιν
1280 2055 1320 2092 *ε

248 2113 490 2150 Laboramus
517 2116 715 2160 operantes
743 2110 918 2147 manibus
947 2110 1094 2147 nostris.
1134 2110 1237 2157 Ergo
1266 2108 1322 2145 vi-

249 2166 360 2204 detur
392 2165 499 2214 quod
529 2164 692 2213 religiosi
724 2171 924 2202 teneantur
951 2163 1130 2200 manibus
1159 2162 1321 2212 operari.

304 2221 379 2257 SED
415 2231 581 2265 CONTRA,
621 2218 670 2255 ad
705 2225 908 2267 praecepta
944 2216 1189 2254 observanda
1223 2229 1322 2266 quae

250 2274 509 2311 communiter
532 2271 714 2309 omnibus
740 2279 1020 2320 proponuntur,
1043 2272 1182 2307 eodem
1202 2270 1323 2307 modo

249 2334 426 2364 tenentur
454 2325 616 2374 religiosi
647 2333 682 2362 et
710 2325 937 2362 saeculares.
969 2325 1046 2361 Sed
1074 2331 1323 2373 praeceptum

252 2380 300 2418 de
329 2392 448 2429 opere
477 2378 647 2416 manuali
681 2378 939 2415 communiter
967 2378 1149 2414 omnibus
1183 2389 1324 2426 propo—

252 2434 372 2471 nitur:
402 2440 444 2470 ut
471 2439 576 2482 patet
598 2433 628 2469 ll
649 2432 701 2468 ad
722 2433 846 2469 Thess.
869 2443 905 2468 111
923 2430 964 2468 *z
995 2431 1231 2468 Subtrahatis
1257 2442 1325 2468 vos

251 2488 300 2525 ab
316 2487 422 2524 omni
425 2487 560 2535 fratre
578 2485 797 2523 ambulante
815 2485 1040 2531 inordinate,
1057 2492 1128 2521 etc.
1150 2484 1322 2532 (fratrem

253 2548 380 2579 autem
411 2539 586 2577 nominat
613 2539 825 2587 quemlibet
853 2538 1134 2586 Christianum,
1165 2538 1262 2575 sicut
1289 2546 1326 2575 et

254 2596 267 2632 1
294 2594 346 2632 ad
367 2594 454 2631 Cor.
475 2605 524 2631 vu
546 2593 585 2641 ²¹⁸,
615 2593 658 2630 Si
683 2593 765 2642 quis
781 2593 914 2641 frater
941 2593 1055 2629 habet
1081 2604 1241 2629 uxorem
1271 2592 1326 2629 in-

13 2655 23 2665 ·
42 2654 68 2680 111
91 2654 124 2676 ad
145 2653 225 2675 nw-
241 2648 412 2697 fidelem,
434 2649 543 2694 etc.);
565 2654 602 2684 et
620 2646 763 2685 ibidem
778 2645 798 2668 *
814 2645 971 2683 dicitur:
993 2646 1034 2683 Si
1052 2645 1135 2694 quis
1154 2657 1228 2683 non
1248 2646 1328 2683 vult

12 2687 63 2709 cap.
73 2682 116 2708 ιιι),
126 2686 186 2702 ven.
195 2686 226 2702 ιο.

18 2977 26 2986 ·
47 2975 96 2998 Gen
124 2981 174 3004 cop.
194 2981 229 3002 m,

18 3008 75 3024 vers.
92 3008 122 3030 ¹9-

19 3029 230 3056 ·Ps.cxxvn‚vers.

16 3062 37 3079 ι.

21 3191 30 3200 ·
46 3189 111 3211 νει-ι.
126 3188 161 3215 28,
175 3194 213 3216 ²9·

23 3405 33 3415 ⁴
48 3403 114 3426 Ver..
130 3409 149 3432 5,
165 3403 187 3425 6.

254 2701 418 2751 operari,
447 2712 517 2738 nec
544 2700 756 2738 manducet.
786 2700 880 2737 Non
899 2711 990 2748 ergo
1011 2699 1176 2748 religiosi
1205 2699 1326 2748 magis

254 2762 431 2793 tenentur
459 2754 638 2791 manibus
667 2753 817 2804 operari
847 2765 963 2802 quam
991 2754 1218 2790 saeculares.

309 2809 537 2846 Respounsso
575 2819 763 2845 DICENDUM
801 2807 907 2856 quod
935 2807 1045 2844 labor
1069 2806 1260 2844 manualis
1279 2806 1329 2844 ad

255 2870 419 2912 quatuor
439 2861 645 2899 ordinatur.
667 2861 796 2898 Primo
817 2860 988 2909 quidem,
1006 2868 1041 2898 et
1060 2859 1328 2910 principaliter,

256 2916 306 2954 ad
324 2915 471 2953 victum
491 2914 770 2964 quaerendum.
801 2914 914 2952 Unde
943 2914 1069 2963 primo
1099 2913 1248 2951 homini
1277 2913 1330 2951 di-

258 2977 361 3006 ctum
392 2976 447 3006 est
466 2967 506 3006 *ι
544 2969 590 3005 In
629 2969 769 3006 sudore
804 2968 928 3005 vultus
959 2968 1014 3005 tui
1044 2967 1205 3005 vesceris
1230 2979 1331 3016 pane

258 3029 332 3060 tuo.
370 3023 419 3060 Et
447 3021 485 3059 in
513 3022 669 3059 Psalmo
688 3021 727 3058 *ε
761 3022 931 3059 Labores
963 3033 1148 3059 manuum
1177 3026 1330 3058 tuarum

259 3077 347 3125 quia
381 3075 646 3122 manducabis,
673 3083 742 3112 etc.
764 3095 789 3103 -
815 3075 1018 3122 Secundo,
1057 3074 1253 3112 ordinatur
1282 3074 1331 3112 ad

259 3130 471 3167 tollendum
507 3128 650 3176 otium,
685 3140 730 3166 ex
758 3141 836 3178 quo
865 3129 987 3165 multa
1015 3128 1116 3165 mala
1145 3128 1330 3166 oriuntur.

260 3183 372 3220 Unde
393 3182 528 3220 dicitur
546 3182 662 3219 Eccli.
683 3194 793 3219 xxxin
807 3181 848 3219 *ε
869 3182 999 3219 Mttes
1016 3193 1168 3219 servum
1188 3182 1225 3219 in
1245 3193 1331 3231 ope-

261 3237 457 3283 rationem,
487 3248 534 3273 ne
557 3241 686 3273 vacet.-
705 3235 863 3273 multam
884 3236 984 3273 enim
1004 3235 1188 3272 malitiam
1208 3235 1335 3273 docuit

262 3290 437 3327 otiositas.
466 3309 491 3318 -
520 3289 671 3336 Tertio,
701 3289 898 3326 ordinatur
925 3290 972 3326 ad
1002 3288 1334 3338 concupiscentiae

263 3342 569 3390 refrenationem,
590 3342 816 3392 inquantum
835 3355 904 3392 per
923 3343 998 3380 hoc
1018 3350 1234 3380 maceratur
1252 3355 1335 3380 cor-

264 3408 347 3445 pus.
377 3395 490 3433 Unde
519 3397 550 3432 11
571 3397 623 3433 ad
645 3397 733 3433 Cor.
753 3408 788 3434 νι
811 3397 843 3443 ¹¹¹,
873 3396 1024 3434 dicitur:
1054 3397 1101 3433 In
1130 3396 1333 3443 laboribus,

318 3506 343 3541 ε)
361 3510 541 3540 operantes·
557 3507 711 3533 laborantes
736 3509 788 3538 Pa;
808 3516 855 3541 pro
871 3509 958 3542 facile
979 3513 1103 3541 possunt,
1121 3509 1209 3543 facile
1229 3509 1337 3542 possint

265 3543 421 3573 ABEFIKL.
435 3546 552 3575 possunt
567 3544 662 3577 facere
681 3544 721 3569 ed.
740 3551 765 3569 α.

318 3578 344 3612 ζ)
369 3581 489 3611 occupat.
508 3592 527 3597 —
544 3582 690 3610 occupatur
709 3579 806 3607 PDl-{a5
825 3586 873 3612 pro
898 3582 981 3609 uacet,
1007 3580 1095 3605 ualeat
1113 3578 1144 3610 P;
1168 3587 1216 3612 pro
1236 3579 1338 3605 victui-

266 3614 371 3644 tudine,
391 3613 600 3640 uicissitudinem
626 3614 703 3646 PHK,
732 3614 848 3639 uicissim
867 3622 946 3647 super
964 3622 1082 3640 rasuram
1101 3615 1131 3645 Β,
1150 3620 1215 3647 spat.
1234 3622 1289 3640 vac.
1309 3614 1338 3640 L.

850 262 1119 309 QUAESTIO
1151 257 1419 305 CLXXXVII,
1448 259 1749 296 ARTICULUS
1780 259 1829 295 III

240 346 374 394 dignos
404 345 582 391 exaudiri,
613 344 679 392 qui
699 343 874 380 manibus
894 354 972 378 non
994 348 1211 390 operantur.
1243 339 1309 375 Se·
1336 340 1338 385 ζ

241 400 381 447 cundo,
413 399 459 436 de
490 398 626 435 divinis
656 396 831 433 laudibus
861 394 1008 431 subdit:
1043 394 1199 430 Cantica
1218 404 1309 429 vero
1336 415 1338 442 5

240 454 367 490 divina
407 458 562 489 cantare
594 451 705 487 etiam
741 449 915 486 manibus
943 452 1140 496 operantes
1159 451 1171 467 ⁸
1194 445 1311 493 facile

234 512 403 555 possunt.
434 505 578 551 Tertio,
600 502 792 550 subiungit
812 502 859 538 de
879 501 1062 538 lectione:
1093 500 1167 542 Qui
1183 505 1309 536 autem
1336 507 1338 529 ss

1365 338 1402 374 in
1423 338 1582 384 ieiuniis,
1603 339 1640 375 in
1660 338 1811 388 vigiliis,
1829 338 1866 374 in
1887 338 2066 374 castitate.
2083 358 2108 364 -
2125 337 2273 382 Quarto
2294 343 2438 383 autem,

1366 391 1563 428 ordinatur
1582 392 1631 429 ad
1648 392 1914 440 eleemosynas
1929 390 2135 428 faciendas
2161 390 2274 427 Unde
2292 389 2439 437 dicitur,

1364 445 1417 481 acl
1436 445 1573 493 Ephes.
1596 445 1680 482 1v*:
1714 445 1791 487 Qui
1804 445 2032 493 furabatur,
2062 444 2139 481 iam
2169 455 2243 480 non
2259 444 2440 492 furetur:

1365 499 1491 548 magis
1505 504 1632 535 autem
1647 498 1794 535 laboret
1801 503 1832 545 η,
1849 498 2043 547 operando
2059 498 2234 535 manibus
2248 497 2325 534 suis
2340 497 2443 546 quod

1365 552 1507 589 bonum
1544 558 1615 598 est,
1647 557 1687 588 ut
1718 553 1856 589 habeat
1883 553 1981 589 unde
2015 552 2156 588 tribuat
2187 550 2440 588 necessitatem

1337 621 1339 644 l
1390 606 1530 642 atienti.

240 666 411 710 versitas,
442 664 591 701 lectioni
618 663 716 699 nolle
743 663 1022 710 obtemperare,
1052 661 1142 698 dum
1171 661 1252 697 vult
1278 660 1314 696 ei
1337 666 1339 711 j
1359 617 1389 654 p

1421 659 1645 696 Secundum
1668 670 1758 706 ergo
1779 657 1887 706 quod
1906 658 2016 695 labor
2033 658 2224 695 manualis
2245 657 2444 694 ordinatur

1366 712 1414 750 ad
1429 712 1576 750 victum
1593 710 1874 761 quaerendum,
1888 710 1988 748 cadit
2003 712 2075 749 sub
2091 711 2314 748 necessitate
2333 723 2442 760 prae-

1367 766 1465 815 cepti
1486 775 1601 815 prout
1621 774 1676 802 est
1696 764 1954 802 necessarium
1975 765 2024 802 ad
2043 765 2158 801 talem
2178 765 2316 802 finem:
2338 764 2443 814 quod

1367 820 1471 857 enim
1509 820 1707 857 ordinatur
1743 819 1793 856 ad
1830 819 1970 865 finem,
2010 830 2033 855 a
2061 818 2139 855 fine
2177 818 2443 856 necessitatem

1366 874 1504 920 habet;
1539 881 1582 911 ut
1613 873 1754 910 scilicet
1787 872 1825 909 in
1853 879 2002 909 tanturn
2038 871 2084 908 sit
2117 871 2377 909 necessarium
2406 871 2445 908 in

1366 926 1554 977 quantum
1584 927 1663 964 sine
1693 939 1740 963 eo
1768 926 1856 963 finis
1885 937 1970 962 esse
1999 937 2079 962 non
2106 932 2245 974 potest.
2279 925 2330 962 Et
2356 925 2444 962 ideo

1367 981 1431 1030 qui
1450 993 1530 1018 non
1549 981 1665 1018 habet
1694 979 1847 1017 aliunde
1866 979 1971 1016 unde
1991 978 2112 1028 possit
2130 978 2277 1025 vivere,
2298 985 2447 1015 tenetur

1367 1034 1547 1072 manibus
1577 1033 1740 1083 operari,
1761 1033 2038 1082 cuiuscumque
2058 1032 2105 1070 sit
2125 1031 2368 1070 conditionis.
2398 1031 2447 1068 Et

1366 1089 1442 1126 hoc
1462 1088 1677 1137 significant
1695 1087 1818 1125 verba
1837 1087 2014 1136 Apostoli
2033 1086 2191 1124 dicentis
2210 1086 2243 1133 ⁵¹⁸,
2278 1085 2353 1128 Qui
2370 1097 2446 1122 non

1368 1142 1448 1179 vult
1482 1142 1656 1191 operari,
1690 1153 1759 1178 nec
1791 1141 2010 1178 manducet:
2047 1139 2155 1189 quasi
2190 1139 2354 1177 diceret:
2386 1139 2447 1175 Ea

1370 1197 1586 1233 necessitate
1613 1201 1759 1232 tenetur
1779 1194 1916 1243 aliquis
1934 1194 1987 1231 ad
2003 1194 2179 1231 manibus
2197 1193 2446 1242 operandum,

1369 1261 1445 1299 qua
1473 1255 1620 1287 tenetur
1646 1249 1699 1286 ad
1720 1247 2044 1286 manducandum.
2073 1246 2187 1285 Unde
2207 1246 2238 1284 si
2258 1246 2343 1296 quis
2363 1246 2449 1283 abs-

1370 1316 1446 1352 que
1475 1302 1771 1340 manducatione
1800 1309 1932 1351 posset
1959 1301 2080 1338 vitam
2109 1300 2337 1349 transigere,
2368 1311 2450 1337 non

1371 1365 1564 1394 teneretur
1592 1356 1772 1394 manibus
1800 1355 1965 1405 operari.
2009 1355 2059 1392 Et
2092 1355 2231 1392 eadem
2261 1353 2358 1391 ratio
2394 1360 2450 1391 est

1372 1411 1420 1448 de
1449 1411 1519 1448 illis
1548 1411 1613 1459 qui
1641 1410 1786 1447 habent
1813 1409 1906 1447 alias
1933 1409 2037 1446 unde
2071 1407 2170 1445 licite
2197 1407 2331 1446 vivere
2360 1419 2450 1456 pos-

1372 1465 1456 1502 sint.
1496 1465 1589 1501 Non
1624 1464 1727 1501 enirn
1766 1462 1983 1512 intelligitur
2011 1461 2146 1511 aliquis
2180 1473 2296 1511 posse
2324 1461 2450 1498 faeere

1372 1519 1478 1568 quod
1503 1531 1583 1556 non
1602 1517 1701 1554 licite
1727 1517 1852 1554 facere
1881 1523 2019 1566 potest.
2049 1515 2161 1554 Unde
2183 1523 2220 1553 et
2238 1515 2451 1564 Apostolus

1373 1585 1452 1610 non
1480 1571 1672 1609 invenitur
1701 1583 1799 1620 opus
1828 1582 2016 1608 manuum
2044 1569 2287 1620 praecepisse
2311 1568 2381 1606 nisi
2401 1567 2452 1606 ad

1373 1626 1659 1663 excludendum
1686 1631 1889 1674 peccatum
1920 1636 2055 1662 eorum
2076 1623 2142 1672 qui
2161 1622 2286 1661 illicite
2305 1622 2450 1660 victum

1373 1679 1635 1728 acquirebant.
1666 1678 1770 1715 Nam
1790 1677 1915 1727 primo
1936 1677 2094 1727 quidem
2123 1675 2318 1727 praecepit
2345 1678 2451 1725 Apo-

1374 1734 1493 1770 stolus
1526 1744 1624 1781 opus
1658 1731 1838 1768 manuale
1876 1731 1925 1768 ad
1954 1731 2178 1769 evitandum
2207 1731 2371 1768 furtum:
2409 1737 2452 1767 ut

1374 1794 1478 1836 patet
1510 1785 1563 1823 ad
1593 1785 1730 1834 Ephes.
1757 1796 1792 1822 ιν
1813 1783 1855 1821 *ε
1889 1784 1966 1827 Qui
1989 1785 2220 1832 furabatur,
2259 1784 2336 1822 iam
2373 1795 2450 1822 non

1366 1841 1544 1889 furetur:
1575 1838 1700 1889 magis
1727 1843 1854 1875 autem
1882 1837 2031 1875 laboret
2056 1837 2251 1886 operando
2275 1837 2452 1876 manibus

1373 1894 1462 1931 suis.
1493 1892 1693 1939 Secundo,
1723 1891 1773 1929 ad
1800 1891 2003 1929 vitandum
2033 1890 2281 1940 cupiditatem
2311 1890 2452 1928 aliena-

1377 1960 1463 1985 rum
1492 1958 1642 1984 rerum:
1672 1945 1776 1983 unde
1806 1945 1906 1993 dicit,
1937 1945 2023 1982 lad
2044 1946 2170 1982 Thess.
2187 1956 2223 1982 1v
2241 1943 2280 1982 *ε
2314 1944 2452 1993 Opere-
2478 1953 2488 1964 ·

1376 2001 1472 2039 mini
1488 1999 1501 2022 θ
1529 1999 1705 2038 manibus
1732 1999 1880 2045 vestris,
1908 1999 2006 2036 sicut
2031 1998 2299 2048 praecepimus
2325 1998 2452 2036 vobis:

1377 2061 1418 2092 ut
1434 2056 1586 2092 honeste
1604 2052 1802 2091 ambuletis
1821 2053 1874 2090 ad
1890 2052 1972 2090 illos
1991 2052 2058 2102 qui
2063 2052 2169 2102 foris
2186 2057 2283 2089 sunt.
2305 2051 2452 2099 Tertio,

1376 2109 1426 2146 ad
1465 2108 1688 2146 evitandum
1723 2107 1849 2156 turpia
1884 2107 2055 2155 negotia,
2091 2118 2136 2143 ex
2168 2105 2308 2156 quibus
2337 2104 2454 2156 aliqui

1377 2163 1523 2200 victum
1553 2161 1771 2211 acquirunt:
1808 2160 1911 2198 unde
1942 2161 1974 2197 11
1994 2160 2046 2197 ad
2067 2160 2194 2197 leess.
2216 2171 2252 2197 111
2270 2158 2311 2207 *‚
2342 2158 2453 2197 dicit:
2482 2166 2491 2176 ⁴

1382 2217 1479 2254 Cum
1507 2227 1671 2253 essemus
1689 2214 1793 2263 apud
1811 2225 1889 2260 vos,
1910 2215 1982 2251 hoc
2000 2213 2317 2251 denuntiabamus
2335 2213 2454 2260 vobis,

1377 2270 1558 2320 quoniam
1586 2269 1620 2306 si
1647 2268 1733 2317 quis*
1757 2279 1833 2305 non
1858 2267 1939 2304 vult
1957 2267 2122 2316 operari,
2143 2278 2220 2304 non
2240 2267 2453 2304 manducet.

1377 2323 1604 2360 Audivimus
1645 2321 1745 2358 enim
1787 2321 1972 2370 quosdam
2015 2321 2111 2358 inter
2147 2332 2215 2358 vos
2255 2320 2457 2358 ambulare

1378 2377 1558 2426 inquiete,
1603 2375 1695 2413 nihil
1722 2380 1939 2424 operantes,
1968 2374 2035 2411 sed
2060 2374 2209 2411 curiose
2235 2379 2409 2424 agentes:
2430 2395 2455 2402 -

1379 2431 1517 2469 Glossa
1543 2429 1584 2466 *z
1619 2429 1694 2472 Qui
1713 2428 1836 2478 foeda
1870 2439 1964 2465 cura
1993 2427 2206 2465 necessaria
2233 2427 2307 2464 sibi
2325 2427 2457 2477 provi-

1378 2485 1475 2522 dent.
1495 2484 1572 2521 ffls
1600 2488 1727 2520 autem
1748 2482 1815 2531 qui
1831 2481 2048 2519 huiusmodi
2073 2487 2171 2527 sunt,
2191 2481 2458 2519 denuntiamus

1378 2544 1415 2575 et
1444 2538 1687 2575 obsecramus
1715 2541 1756 2573 ut
1786 2547 1873 2573 cum
1907 2534 2053 2572 silentio
2090 2539 2289 2584 operantes
2310 2545 2455 2584 panem

1378 2604 1489 2630 suum
1518 2591 1756 2628 manducent.
1786 2589 1899 2628 Unde
1928 2588 2192 2638 Hieronymus
2220 2587 2320 2636 dicit,
2344 2599 2460 2638 super

1378 2645 1496 2694 Epist.
1525 2645 1578 2682 ad
1607 2643 1731 2681 Galat.
1752 2642 1784 2691 ''¹,
1814 2642 1922 2691 quod
1941 2643 2152 2692 Apostolus
2176 2642 2252 2680 hoc
2271 2641 2363 2680 dixit
2381 2653 2457 2680 non

1380 2705 1458 2737 tam
1487 2698 1614 2748 officio
1643 2696 1809 2735 docentis
1836 2707 1953 2745 quam
1981 2695 2071 2733 vitio
2098 2695 2233 2746 gentis.
2267 2716 2291 2723 -
2327 2695 2458 2734 Scien-

1381 2753 1475 2791 dum
1503 2759 1635 2790 tamen
1653 2750 1760 2799 quod
1779 2750 1851 2787 sub
1871 2761 1990 2800 opere
2010 2749 2178 2788 manuali
2201 2748 2460 2798 intelliguntur

1382 2806 1514 2844 omnia
1541 2806 1714 2842 humana
1742 2803 1871 2841 officia
1908 2815 1954 2840 ex
1983 2803 2124 2851 quibus
2151 2801 2330 2841 homines
2358 2801 2458 2840 licite

1380 2860 1527 2898 victum
1546 2859 1753 2905 lucrantur,
1769 2857 1852 2895 sive
1871 2857 2063 2904 manibus,
2079 2856 2161 2894 sive
2179 2855 2358 2907 pedibuS,
2375 2855 2458 2894 sive

1382 2914 1511 2962 lingua
1538 2913 1653 2950 fiant:
1682 2910 1816 2960 vigiles
1844 2910 1947 2948 enirn
1977 2919 2013 2948 et
2033 2921 2221 2957 cursores,
2242 2916 2279 2947 et
2297 2908 2371 2947 alia
2388 2909 2459 2946 hu-

1382 2966 1549 3005 iusmodi
1578 2966 1626 3004 de
1655 2977 1726 3002 suo
1755 2965 1886 3002 labore
1910 2963 2099 3012 viventes,
2128 2962 2382 3011 intelliguntur
2410 2961 2459 3000 de

1384 3020 1566 3070 operibus
1594 3030 1781 3057 manuum
1807 3017 1954 3055 vivere.
1981 3017 2083 3065 Quia
2102 3016 2205 3054 enim
2234 3027 2373 3054 manus
2403 3023 2460 3053 est

1384 3086 1577 3124 organum
1599 3083 1838 3123 organorum
1857 3070 1890 3118 ¹⁸,
1919 3083 1988 3120 per
2007 3082 2105 3120 opus
2123 3081 2311 3107 manuum
2332 3068 2460 3108 omnis

1385 3127 1557 3177 operatio
1595 3125 1811 3174 intelligitur
1843 3125 1890 3163 de
1924 3135 2001 3174 qua
2036 3122 2172 3172 aliquis
2209 3130 2334 3173 potest
2362 3122 2459 3160 licite

1384 3181 1530 3219 victum
1559 3179 1709 3218 lucrari.

1441 3233 1666 3272 Secundum
1704 3239 1834 3270 autem
1868 3230 1973 3280 quod
2007 3241 2106 3279 opus
2139 3230 2320 3269 manuale
2357 3229 2459 3268 ordi-

1386 3296 1497 3326 natur
1525 3287 1574 3325 ad
1602 3286 1726 3324 otium
1753 3284 1978 3331 tollendum,
2007 3284 2071 3321 vel
2100 3283 2148 3322 ad
2177 3283 2351 3333 corporis
2378 3294 2460 3321 ma·

1387 3342 1643 3388 cerationem,
1679 3350 1758 3377 non
1787 3337 1885 3375 cadit
1913 3337 1984 3374 sub
2014 3337 2238 3375 necessitate
2266 3335 2461 3387 praecepti

1389 3394 1602 3433 secundum
1624 3405 1666 3431 se
1686 3390 1992 3429 consideratum:
2022 3390 2110 3440 quia
2131 3390 2259 3429 multis
2279 3389 2360 3428 aliis
2379 3402 2462 3427 mo-

1443 3508 1471 3540 η)
1490 3507 1602 3532 labor-et.
1613 3518 1632 3525 -
1649 3504 1756 3530 laborat
1775 3503 1948 3536 BFlKLpAE.

1444 3541 1470 3576 Θ)
1490 3541 1643 3575 operemini.
1656 3554 1675 3560 -
1693 3539 1843 3572 operamini
1860 3539 2058 3565 ABCDEFHla.

2469 447 2478 457 ⁸
2493 446 2560 468 Veru.
2574 446 2610 469 28.

2566 505 2582 529 η

2472 1089 2484 1100 ·
2501 1088 2523 1110 11
2541 1087 2576 1110 aa
2594 1087 2688 1115 Thess„

2473 1121 2523 1143 cap.
2538 1121 2574 1143 ιιι,
2584 1121 2645 1137 vm.
2656 1120 2690 1136 ιο.

2478 1793 2620 1817 ’Venn-

2504 1952 2572 1976 ναι.
2587 1957 2614 1976 u.

2506 2164 2575 2188 Ven-
2590 2170 2615 2188 ιο
2629 2170 2684 2195 sqq.

2483 2435 2494 2446 ⁸
2508 2434 2566 2458 om.
2583 2435 2697 2459 Ambra.

2485 2649 2495 2661 ⁸
2509 2647 2638 2672 Θου-παι.
2657 2648 2700 2671 ub.

2481 2674 2635 2704 nmmo-n.

2483 3075 2492 3086 ⁶
2509 3074 2609 3097 Arimi.
2624 3073 2656 3096 de
2666 3073 2701 3096 A·

2485 3101 2563 3129 ma,
2589 3099 2632 3123 mv.
2660 3099 2701 3127 m,

2485 3133 2513 3177 ξ’.
2531 3143 2537 3150 ·
2552 3132 2700 3177 ’.“ἰ’.ὀί·ι’.·..“.

2758 3256 2768 3358 ἐ

2760 3361 2768 3461 2

2763 3919 2768 3933 Α
2762 3867 2768 3910 .-.
2760 3825 2768 3859 ..ι
2763 3807 2768 3817 -
2763 3778 2768 3791 ,
2760 3683 2768 3769 -Α-ᾼΑ.
