2768 4198
41 1544 50 1554 ⁶
64 1543 128 1564 Vers.
143 1550 166 1569 4.

40 1605 49 1614 ⁸
63 1605 112 1625 An.
129 1609 145 1630 1,
159 1609 206 1631 arg.
225 1610 251 1629 4:

39 1634 80 1652 art.
88 1637 108 1659 3,
118 1636 164 1658 arg.
175 1636 191 1652 ι.

137 1666 154 1692 Υ

39 1758 121 1806 §.citt

137 1784 188 1806 lect.
203 1790 234 1806 xi.

136 1812 150 1837 δ

36 2345 46 2355 ⁸
61 2343 146 2364 Homil.
163 2343 180 2364 1.

38 2778 46 2786 ⁸
54 2776 76 2797 1¹³
87 2776 140 2803 11²⁶,
148 2782 186 2804 qu.
195 2782 247 2802 ων,

35 2806 77 2824 nrt.
93 2809 106 2829 ι,
121 2808 140 2824 2.

134 1763 164 1784 vt,
180 1763 202 1780 n.
214 1758 252 1780 8.-

288 308 361 356 372

342 388 440 419 11.1u
456 389 570 418 eodem
594 388 724 419 articulo
743 388 843 422 tertio
868 387 900 416 in
918 385 1123 424 responsione
1147 384 1185 414 ad
1210 383 1348 417 tertium,

285 440 361 463 nota
386 433 547 472 diligenter
571 433 650 463 hanc
675 432 850 462 doctrinam
875 437 1047 470 ponentem
1072 428 1225 458 unitatem
1249 427 1348 467 speci-

284 476 378 507 ficam
401 477 585 517 prophetiae
618 487 653 507 ex
678 476 773 506 divini
797 474 927 523 luminis
952 473 1088 507 unitate,
1114 482 1180 502 non
1205 473 1348 502 obstante

285 528 370 552 tanta
393 532 505 552 eorum
530 521 703 551 diversitate
728 529 808 560 quae
834 529 888 558 per
913 516 1135 558 propheticum
1155 517 1264 546 lumen
1283 526 1348 546 ma-

285 565 479 596 nifestantur.
515 566 554 596 Et
578 565 688 596 dicitur
712 564 772 594 hoc
804 563 916 593 directe
941 562 979 591 ad
1005 568 1229 601 argumentum
1260 557 1376 601 quod

940 306 1207 353 QUAESTIO
1239 305 1741 351 CLXX1,ARTICULUS
1772 308 1822 343 IV

1375 397 1377 420 1
1404 383 1565 415 diversitas
1597 385 1710 416 obiecti
1743 394 1849 417 causat
1883 387 2094 418 diversitatem
2123 387 2312 428 specificam.
2353 388 2473 420 Contra

1375 444 1377 468 ,-
1403 427 1483 458 hanc
1507 428 1666 469 siquidem
1690 430 1867 461 doctrinam
1891 431 2031 468 inferius,
2048 432 2080 462 in
2099 439 2155 463 art.
2173 443 2183 462 1
2207 443 2259 473 qu.
2278 443 2396 469 cuxw,
2416 433 2474 463 ob-

1375 478 1377 514 j
1402 471 1533 508 iicietur‚
1558 473 1612 503 ubi
1636 477 1758 505 Auctor
1781 475 1968 516 oppositum
1993 476 2024 506 in
2049 476 2106 507 hac
2131 476 2242 507 eadem
2265 477 2395 508 materia
2420 477 2472 508 de-

1375 517 1376 556 J
1403 516 1573 547 terminare
1602 517 1733 549 videtur.
1769 519 1810 549 Et
1840 519 1912 550 ideo
1944 521 2088 561 quaestio
2118 521 2176 552 ista
2206 521 2384 562 illucusque
2414 529 2472 552 tra-

1404 561 1515 591 ctanda
1539 560 1707 592 differatur.

1026 705 1383 747 ARTICULUS
1421 705 1742 755 QUARTUS·

533 804 686 834 UTRUM
703 786 944 833 'PROPHETA
969 801 1052 831 PER
1075 779 1259 831 DIVI-NAM
1285 800 1622 831 INSPIRATIONEM
1648 801 1915 833 COGNOSCAT
1939 802 2082 834 OMNIA
2104 805 2223 842 QUAE

1004 845 1199 876 POSSUNT
1224 844 1500 876 PROPHETICE
1526 845 1747 877 COGNOSCI

892 925 932 950 De
956 924 1044 953 Ver-it„
1065 932 1108 957 qu.
1129 931 1172 954 χιι,
1191 929 1237 949 art.
1262 932 1281 952 1.
1302 924 1333 948 ad
1355 923 1376 954 5,
1398 922 1429 954 6;
1448 923 1492 948 Ad
1510 925 1597 953 Rom„
1618 931 1673 957 cap.
1692 932 1732 954 xv.
1751 926 1808 950 lect.
1828 932 1865 951 111.

330 1027 373 1059 ..r
413 1031 466 1075 ζ(
491 1021 513 1046 ι)
535 1019 709 1051 QUARTUM
724 1019 777 1044 stc
803 1018 1044 1044 PROCEDlTUR.
1059 1005 1221 1043 Videtur
1241 1004 1374 1056 quod,

416 1068 463 1128 Nx's'
472 1112 479 1118 ,

296 1131 456 1196 ,CV-
436 1120 458 1158 (1

377 1161 431 1210 {3⁹2
447 1160 477 1200 K
493 1169 563 1206 tice
584 1168 775 1217 cognosci.
806 1167 952 1205 Dicitur
981 1167 1080 1204 enim
1110 1168 1232 1203 Amos
1252 1178 1287 1203 111
1303 1166 1344 1202 *ε

278 1223 369 1260 Νοη
381 1223 509 1271 faciet
534 1223 722 1259 Dominus
750 1222 854 1258 Deus
877 1222 1047 1267 verbum,
1069 1221 1141 1257 nisi
1158 1219 1346 1257 revelave-

279 1330 411 1366 omnia
431 1342 530 1377 quae
555 1330 775 1378 prophetice
798 1329 1026 1374 revelantur,
1048 1336 1134 1365 sunt
1154 1328 1272 1364 verba
1292 1326 1345 1364 di-

280 1437 468 1474 reveletur
495 1437 704 1486 prophetae
725 1433 751 1472 β.

334 1502 368 1527 2.
390 1491 623 1535 PRAETEREA,
652 1490 728 1526 Dei
747 1489 918 1537 perfecta
946 1494 1034 1525 sunt
1059 1499 1194 1536 opera,
1225 1472 1266 1524 ut
1295 1487 1348 1524 di-

281 1544 375 1581 citur
403 1545 513 1580 Deut.
543 1555 640 1580 xxxu
660 1543 691 1580 ²⁸.
723 1543 800 1579 Sed
828 1542 1029 1591 prophetia
1051 1549 1105 1578 est
1133 1541 1261 1578 divina
1290 1553 1347 1577 re-

279 1596 426 1643 velatio,
447 1605 489 1633 ut
517 1597 660 1634 dictum
681 1605 736 1633 est
754 1595 785 1633 ²⁸.
816 1597 918 1643 Ergo
941 1603 996 1632 est
1019 1595 1197 1644 perfecta.
1229 1594 1346 1642 Quod

280 1663 356 1688 non
396 1658 494 1687 esset
523 1650 592 1687 nisi
615 1655 631 1678 Υ
662 1649 791 1686 omnia
828 1648 1105 1698 prophetabilia
1138 1649 1347 1697 prophetae

280 1705 555 1741 revelarentur:
588 1704 678 1752 quia
705 1703 915 1751 perfectum
947 1710 1001 1738 est
1029 1702 1093 1738 cui
1119 1701 1210 1738 nihil
1237 1701 1347 1747 deest,

280 1810 556 1860 prophetabilia
586 1811 814 1846 revelantur.

335 1867 367 1901 3.
390 1865 624 1908 ΡΒΑΕΤΕΚΕΑ,
641 1864 769 1899 lumen
787 1862 973 1906 divinum,
990 1861 1094 1910 quod
1111 1868 1241 1897 causat
1260 1873 1346 1909 pro-

278 1917 458 1966 phetiam,
485 1925 540 1953 est
566 1916 758 1965 potentius
788 1927 903 1963 quam
925 1915 1056 1951 lumen
1085 1913 1264 1951 naturalis
1290 1926 1346 1950 ra-

277 1971 398 2017 tionis,
416 1983 461 2007 ex
477 1982 553 2019 quo
571 1977 746 2006 causatur
760 1969 928 2005 humana
944 1967 1111 2004 scientia.
1133 1967 1210 2004 Sed
1225 1967 1345 2004 homo

278 2025 341 2073 qui
379 2025 494 2060 habet
518 2023 684 2072 aliquam
724 2022 944 2069 scientiam,

277 2091 376 2126 quae
397 2078 446 2115 ad
465 2078 568 2114 illam
589 2076 786 2114 scientiam
805 2075 1010 2126 pertinent:
1041 2075 1135 2112 sicut
1157 2086 1346 2122 gramma—

277 2131 371 2168 ticus
392 2131 585 2179 cognoscit
614 2130 744 2167 omnia
769 2128 1078 2177 grammaticalia.
1109 2129 1211 2176 Ergo
1240 2128 1347 2166 vide—

277 2193 336 2222 tur
364 2185 468 2233 quod
506 2184 694 2233 propheta
732 2191 938 2231 cognoscat
975 2181 1105 2218 omnia
1143 2182 1346 2230 propheta-

277 2238 365 2275 bilia
384 2242 408 2274 ².

332 2292 405 2328 SED
435 2302 580 2327 CONTRA
610 2301 675 2326 EST
713 2289 816 2338 quod
856 2288 1062 2336 Gregorius
1097 2287 1206 2334 dicit,
1234 2299 1348 2336 super

276 2346 411 2393 Ezech.
432 2343 470 2390 ²¹⁸,
500 2343 606 2392 quod
634 2342 838 2390 aliquando
871 2342 1022 2390 spiritus
1045 2341 1267 2390 prophetiae
1298 2353 1349 2377 ex

271 2398 465 2447 praesenti
491 2397 614 2446 tangit
644 2396 815 2433 animum
839 2396 1114 2444 prophetantis,
1145 2400 1181 2431 et
1213 2406 1263 2431 ex
1278 2395 1347 2442 fu—

277 2457 361 2488 turo
382 2462 620 2499 nequaquam
641 2449 783 2500 tangit.-
802 2448 1007 2497 aliquando
1026 2454 1151 2485 autem
1172 2459 1223 2485 ex
1233 2459 1347 2496 prae-

276 2505 371 2542 senti
397 2516 471 2541 non
502 2504 633 2554 tangit,
663 2509 700 2540 et
724 2515 774 2539 ex
795 2503 929 2551 futuro
958 2502 1089 2552 tangit.
1130 2501 1222 2539 Non
1257 2513 1346 2549 ergo

277 2559 465 2608 propheta
493 2556 689 2605 cognoscit
717 2555 846 2594 omnia
873 2554 1162 2605 prophetabilia.

330 2613 558 2649 Responneo
579 2622 764 2647 nicENDUM
795 2609 901 2658 quod
922 2609 1073 2646 diversa
1103 2621 1182 2646 non
1209 2615 1264 2644 est
1282 2620 1347 2645 ne-

277 2678 382 2703 cesse
422 2677 504 2702 esse
540 2663 652 2701 simul
688 2663 758 2700 nisi
796 2670 952 2712 propter
980 2661 1123 2710 aliquid
1158 2673 1278 2698 unum
1308 2661 1346 2699 in

277 2731 354 2768 quo
384 2724 662 2756 connectuntur
692 2724 727 2754 et
747 2729 769 2755 a
789 2729 869 2776 quo
896 2715 1135 2766 dependent:
1166 2715 1261 2752 sicut
1286 2727 1347 2752 su-

418 1061 459 1104 ’ἢῆ
491 1063 676 1111 propheta
697 1066 714 1082 ‘²
742 1073 809 1110 per
848 1060 1019 1097 divinam
1058 1059 1374 1108 inspirationem
1372 1086 1374 1102 ,

493 1122 698 1164 cognoscat
717 1114 848 1151 omnia
868 1126 967 1163 quae
994 1121 1155 1173 possunt
1182 1113 1348 1162 prophe-
1373 1136 1374 1154 ἢ

1373 1179 1374 1216 ξ
1401 1167 1858 1214 gnoscuntur.1gnorato
1888 1174 2016 1203 autem
2048 1169 2246 1206 communi
2273 1170 2473 1230 principio,

1373 1224 1375 1270 ὲ
1400 1220 1463 1256 vel
1493 1219 1751 1257 communiter
1777 1221 2032 1269 apprehenso,
2053 1222 2157 1259 nulla
2185 1222 2390 1261 necessitas
2421 1232 2476 1262 est

279 1278 328 1313 rit
345 1281 527 1313 secretum
555 1288 666 1312 suum
694 1275 746 1312 ad
766 1287 894 1312 servos
921 1287 1009 1311 suos
1023 1275 1238 1323 prophetas.
1270 1273 1346 1310 Sed
1374 1315 1375 1327 ἶ

1373 1358 1375 1368 ζ
1402 1339 1487 1364 rum
1503 1339 1573 1375 per
1587 1339 1626 1364 se
1648 1335 1799 1376 oportet
1817 1327 2069 1365 manifestari:
2092 1336 2128 1366 et
2146 1341 2215 1378 per
2234 1342 2474 1380 consequens

278 1383 419 1420 vinitus
457 1383 566 1420 facta.
607 1382 710 1419 Nihil
745 1394 833 1430 ergo
870 1394 1004 1419 eorum
1043 1389 1097 1418 est
1134 1381 1239 1429 quod
1269 1392 1375 1430 non¹

985 2020 1179 2070 cognoscit
1217 2021 1346 2058 omnia
1373 2027 1374 2030 ’

1402 1017 1448 1041 eo
1489 1005 1718 1064 dependent.
1759 1006 1808 1043 Et
1843 1005 1931 1043 ideo
1970 1006 2035 1056 qui
2072 1009 2267 1067 cognoscit
2307 1011 2473 1060 perfecte

1402 1058 1632 1107 principium
1663 1059 1877 1096 secundum
1901 1067 2020 1096 totam
2051 1060 2130 1098 eius
2151 1060 2341 1122 virtutem,
2361 1065 2473 1102 simul

1402 1112 1597 1160 cognoscit
1631 1112 1763 1149 omnia
1797 1125 1897 1162 quae
1924 1125 1994 1162 per
2026 1113 2117 1151 illud
2151 1114 2391 1177 principium
2410 1130 2474 1154 co-

1402 1273 1515 1310 simul
1543 1273 1675 1311 omnia
1696 1273 1965 1322 cognoscendi,
1995 1274 2063 1312 sed
2083 1276 2390 1326 unumquodque
2411 1290 2474 1315 eo-

1402 1380 1528 1429 aliqua
1558 1393 1694 1417 eorum
1722 1389 1884 1430 possunt
1913 1381 2106 1430 cognosci,
2135 1390 2172 1420 et
2199 1383 2273 1420 alia
2301 1396 2380 1422 non
2411 1397 2474 1422 co·

1401 1434 1545 1486 gnosci.
1576 1434 1807 1484 Principium
1829 1442 1958 1472 autem
1979 1447 2114 1473 eorum
2134 1448 2234 1484 quae
2264 1437 2396 1475 divino
2419 1439 2475 1475 lu·-

1374 1482 1375 1517 ἷ
1402 1487 1507 1524 mine
1535 1488 1758 1536 prophetice
1793 1489 2102 1536 manifestantur,
2134 1497 2189 1527 est
2225 1489 2307 1539 ipsa
2333 1491 2474 1530 veritas

1402 1541 1547 1590 prima,
1577 1554 1694 1590 quam
1732 1543 1943 1591 prophetae
1982 1542 2019 1580 in
2053 1543 2178 1592 seipsa
2214 1556 2293 1582 non
2330 1545 2472 1583 vident.

1374 1630 1375 1646 ἢ
1403 1595 1452 1632 Et
1479 1594 1566 1632 ideo
1596 1607 1674 1632 non
1707 1603 1857 1644 oportet
1894 1597 1999 1645 quod
2029 1596 2159 1634 omnia
2195 1598 2474 1647 prophetabilia

1374 1689 1375 1703 χ
1403 1656 1655 1696 cognoscant:
1685 1649 1754 1686 sed
1782 1649 1940 1697 quilibet
1968 1662 2103 1687 eorum
2133 1652 2328 1698 cognoscit
2356 1664 2401 1689 ex
2421 1652 2474 1690 eis

1374 1719 1375 1736 l
1402 1701 1548 1750 aliqua,
1580 1702 1794 1740 secundum
1823 1703 2028 1752 specialem
2059 1703 2332 1742 revelationem
2362 1706 2474 1744 huius

279 1767 319 1795 ut
341 1758 474 1795 dicitur
493 1757 530 1794 in
554 1759 601 1793 111
621 1757 770 1805 Physic.
787 1755 807 1777 '³‘
827 1757 928 1803 Ergo
948 1755 1158 1804 prophetae
1174 1752 1187 1776 δ
1216 1754 1347 1791 omnia

1401 1755 1463 1791 vel
1493 1754 1591 1791 illius
1620 1755 1686 1792 rei.

1455 1809 1514 1844 Ao
1531 1819 1670 1845 PR1MUM
1683 1820 1783 1846 ano
1799 1820 1984 1847 mcennum
2005 1811 2112 1858 quod
2131 1810 2323 1848 Dominus
2341 1812 2475 1850 omnia
2499 1843 2503 1850 .

1373 1864 1375 1886 ²
1402 1872 1501 1908 quae
1522 1869 1610 1898 sunt
1637 1861 1849 1899 necessaria
1878 1862 1928 1899 ad
1956 1862 2243 1901 instructionem
2262 1865 2386 1916 fidelis
2404 1877 2473 1915 po-

1373 1925 1374 1928 *
1401 1913 1493 1962 puli,
1524 1915 1667 1951 revelat
1694 1915 1908 1963 prophetis:
1934 1927 2012 1952 non
2037 1923 2166 1953 tamen
2195 1918 2328 1955 omnia
2352 1919 2474 1956 omni-

1402 1969 1484 2013 bus,
1515 1967 1583 2004 sed
1613 1968 1805 2016 quaedam
1834 1967 1912 2016 uni,
1943 1970 2134 2018 quaedam
2163 1969 2236 2007 alii.

1455 2023 1514 2058 AD
1539 2033 1731 2058 SECUNDUM
1751 2033 1938 2059 DICENDUM
1956 2022 2063 2072 quod
2083 2022 2284 2072 prophetia
2305 2031 2360 2062 est
2379 2024 2475 2063 sicut

1373 2103 1374 2107 ,
1402 2073 1587 2134 quiddam
1616 2074 1884 2123 imperfectum
1913 2074 1952 2112 in
1980 2087 2118 2124 genere
2149 2075 2301 2115 divinae
2330 2077 2475 2117 revela-

1401 2127 1531 2164 tionis:
1561 2129 1663 2166 unde
1685 2127 1819 2166 dicitur
1841 2129 1852 2166 1
1873 2129 1926 2166 ad
1947 2129 2035 2167 Cor.
2055 2129 2162 2176 xt11*,
2184 2130 2289 2180 quod
2313 2133 2512 2181 prophe-⁶

1373 2198 1374 2201 ¹
1400 2181 1475 2218 tiae
1507 2183 1812 2228 evacuabuntur,
1844 2190 1880 2219 et
1908 2183 2014 2231 quod
2051 2195 2101 2220 ex
2131 2189 2244 2233 parte
2269 2187 2472 2238 propheta-

1373 2241 1374 2248 *
1401 2247 1505 2281 mus,
1535 2235 1633 2273 idest
1659 2235 1892 2295 imperfecte.
1931 2235 2117 2274 Perfectio
2155 2245 2286 2275 autem
2322 2234 2473 2277 divinae

1402 2264 1642 2325 revelationis
1673 2289 1741 2326 erit
1760 2289 1797 2326 in
1818 2289 1959 2338 patria:
1989 2290 2092 2328 unde
2111 2291 2286 2329 subditur
2303 2291 2341 2329 *2
2376 2293 2512 2330 Cum

1400 2342 1545 2379 venerit
1571 2342 1673 2391 quod
1683 2343 1895 2391 perfectum
1916 2340 1928 2368 t
1956 2349 2020 2389 est,
2041 2345 2288 2382 evacuabitur
2306 2346 2408 2394 quod
2424 2358 2476 2383 ex

1373 2401 1508 2450 parte
1535 2401 1599 2432 est.
1638 2395 1749 2432 Unde
1779 2408 1859 2433 non
1898 2404 2048 2445 oportet
2085 2398 2191 2446 quod
2228 2399 2473 2447 propheticae

1373 2432 1375 2495 l
1402 2448 1624 2486 revelationi
1644 2448 1734 2486 nihil
1754 2448 1870 2486 desit.
1901 2449 1968 2487 sed
1989 2451 2095 2500 quod
2115 2450 2208 2488 nihil
2221 2451 2317 2490 desit
2337 2464 2471 2497 eorum

1402 2502 1449 2540 ad
1478 2514 1577 2551 quae
1605 2502 1806 2551 prophetia
1835 2502 2041 2541 ordinatur.

1454 2557 1514 2592 Ao
1546 2567 1707 2593 ‘reanum
1736 2567 1921 2594 montinum
1949 2557 2064 2616 quod
2083 2556 2143 2594 ille
2171 2557 2237 2607 qui
2264 2558 2382 2596 habet
2409 2558 2473 2597 ali-

1373 2621 1518 2668 quarn
1547 2609 1757 2656 scientiam,
1788 2610 1983 2658 cognoscit
2008 2610 2196 2661 principia
2223 2611 2320 2649 illius
2353 2611 2473 2650 scien-

1401 2663 1490 2709 tiae,
1522 2674 1566 2699 ex
1595 2662 1734 2712 quibus
1763 2662 1894 2700 omnia
1922 2676 2022 2712 quae
2051 2671 2139 2702 sunt
2166 2664 2265 2702 illius
2293 2665 2472 2708 scientiae

1373 2711 1631 2790 dependent.
1668 2717 1717 2754 Et
1744 2715 1832 2753 ideo
1862 2716 1927 2765 qui
1953 2717 2120 2766 perfecte
2155 2718 2272 2756 habet
2293 2718 2473 2760 habitum

275 2786 343 2822 pra
363 2772 383 2794 ³⁶
410 2772 583 2810 habitum
613 2778 670 2808 est
698 2770 804 2819 quod
833 2769 990 2807 virtutes
1024 2780 1161 2806 omnes
1190 2781 1346 2806 necesse
1373 2796 1375 2818 [
1373 2760 1558 2806 *alicuius
1578 2769 1770 2816 scientiae,
1791 2769 1860 2807 scit
1879 2771 2010 2808 omnia
2039 2783 2138 2820 quae
2161 2771 2211 2810 ad
2229 2771 2332 2810 illam
2351 2771 2472 2810 scien-

277 2835 331 2864 est
361 2839 443 2863 esse
473 2825 585 2863 simul
605 2832 762 2873 propter
785 2823 1028 2872 prudentiam
1048 2823 1109 2859 vel
1139 2822 1345 2860 caritatem.

277 2881 419 2917 Omnia
447 2887 574 2916 autem
605 2890 702 2927 quae
732 2890 800 2926 per
830 2877 985 2925 aliquod
1024 2875 1253 2925 principium
1284 2888 1345 2912 co-

274 2941 523 2982 gnoscuntur,
555 2939 831 2969 connectuntur
861 2931 897 2967 in
927 2930 989 2967 illo
1019 2929 1203 2979 principio
1235 2938 1270 2966 et
1298 2930 1346 2966 ab

328 3054 354 3081 α)
372 3057 408 3081 pr·
409 3049 545 3081 ophetaa-
560 3047 705 3080 prophetia
718 3046 875 3078 BDEFHpK
889 3051 915 3070 et
927 3053 959 3074 a;
978 3050 1006 3070 ut
1019 3053 1067 3069 nos
1081 3045 1114 3070 G.
1127 3058 1146 3064 -
1165 3044 1215 3069 Pro
1229 3045 1343 3076 inspira-

275 3086 380 3114 tionem,
395 3084 582 3109 revelationem
603 3083 630 3108 P.

329 3120 352 3154 β)
370 3121 558 3162 prophetae.-
539 3118 728 3151 -prophetice
748 3118 816 3143 PLa

328 3158 354 3190 γ)
375 3157 433 3182 nisi.
445 3156 598 3189 -perfecte
617 3154 693 3179 addit.
714 3154 741 3179 Ρ
754 3167 772 3173 -
791 3154 841 3178 Pro
856 3153 1065 3185 prophetabilia‚
1080 3152 1235 3185 probabilia
1252 3152 1344 3177 ABDE

276 3192 385 3225 FHLpK
405 3197 430 3216 et
445 3199 470 3221 a,
480 3191 653 3223 prophetalia
667 3191 712 3220 sK,
725 3195 754 3215 ut
767 3197 814 3214 nos
833 3190 871 3220 ῦς
892 3197 940 3223 pro
955 3189 1112 3221 prophetae,
1128 3188 1285 3221 prophetice
1298 3188 1343 3214 Pa.

328 3226 352 3259 ὃ)
370 3227 562 3260 prophana-
542 3226 732 3260 -prophetice
757 3226 796 3251 ed.
816 3233 842 3252 a.
859 3239 878 3245 -
897 3226 947 3250 Pro
968 3225 1176 3258 prophetabilia‚
1191 3224 1345 3257 probabilia

1370 3269 1371 3281 l

277 3263 374 3287 ABEFI
378 3262 427 3296 ρΚ
447 3268 472 3288 et
491 3270 516 3292 a,
531 3263 703 3295 prophetalia
723 3262 767 3291 sK,
788 3269 840 3287 orn.
861 3261 891 3291 D,
910 3266 938 3286 ut
957 3269 1005 3286 nos
1026 3261 1057 3286 G.

1401 2822 1491 2860 tiam
1521 2823 1719 2883 pertinent.
1751 2823 1828 2860 Sed
1856 2836 1926 2874 per
1952 2825 2195 2874 prophetiam
2223 2837 2302 2873 non
2331 2837 2471 2874 cogno·

1402 2876 1517 2913 scitur
1532 2877 1567 2914 in
1586 2877 1711 2926 seipso
1728 2876 1956 2926 principium
1970 2869 2289 2928 propheticaliuin
2304 2883 2323 2906 η
2343 2878 2470 2928 cogni-

1373 2950 1375 2965 2
1401 2929 1563 2977 tionum,
1580 2931 1686 2978 quod
1708 2938 1763 2967 est
1783 2931 1899 2968 Deus.
1921 2931 2031 2969 Unde
2051 2944 2130 2969 non
2147 2939 2202 2970 est
2216 2931 2346 2970 similis
2363 2932 2469 2971 ratio.

1453 3046 1474 3077 ε)
1492 3046 1727 3078 prophetatura·
1713 3045 1968 3079 -prophetieabllia
1984 3047 2058 3077 ABF,
2067 3047 2240 3079 prophetalia
2252 3047 2302 3080 pK,
2311 3048 2470 3080 prophetia-

1399 3081 1462 3106 bilia
1482 3082 1516 3112 L;
1538 3082 1606 3106 idem
1626 3082 1646 3107 L
1666 3082 1692 3107 in
1711 3081 1762 3107 fine
1782 3090 1828 3115 arg
1830 3082 1911 3108 ..Sed
1929 3085 2033 3108 contra.

1451 3116 1476 3149 ζ)
1493 3118 1684 3150 perfeetum.-
1697 3118 1818 3152 perfecte
1836 3117 1945 3151 ABELp
1947 3118 2000 3144 CK.

1450 3154 1477 3185 η)
1492 3153 1760 3185 ρνορὴεείσαίίηηιμ-
1741 3153 1974 3186 -prophetalium
2001 3153 2063 3183 PDI,
2079 3153 2304 3185 prophetabilium
2330 3155 2386 3186 ΑΗ,
2402 3163 2469 3187 pro-

1394 3188 1594 3220 phetieabilium
1603 3214 1605 3216 ,
1614 3188 1643 3218 C,
1658 3189 1869 3221 prophetialium
1890 3189 1919 3215 L.

2439 3254 2443 3292 l

952 3341 1290 3375 commentaria
1313 3340 1566 3375 Cardianus
1588 3339 1790 3374 caetani

238 3430 241 3433 ·
281 3429 327 3492 IN
352 3419 483 3450 articulo
499 3427 612 3460 quarto
630 3420 771 3451 eiusdem
787 3420 991 3461 quaestionis,
1009 3420 1042 3451 in
1059 3430 1192 3461 corpore
1207 3420 1339 3456 articuli,

308 3464 434 3495 adverte
454 3464 545 3514 'quod
569 3464 621 3494 ina
645 3464 838 3505 propositio,
870 3465 1009 3496 Diversa
1041 3475 1103 3496 non
1127 3470 1251 3506 oportet
1273 3473 1341 3496 esse

1395 3427 1482 3452 ctum
1511 3427 1542 3451 et
1572 3419 1701 3461 propria
1730 3418 1845 3459 passio.
1878 3418 1966 3449 Haec
1993 3418 2079 3449 enim
2107 3419 2235 3461 proprie
2259 3429 2325 3451 non
2349 3428 2466 3452 conne-

1395 3471 1524 3496 ctuntur
1546 3463 1580 3495 in
1603 3463 1707 3501 tertio,
1732 3468 1810 3503 puta
1833 3470 2017 3503 generante:
2050 3464 2104 3494 sed
2127 3463 2208 3495 inter
2231 3473 2265 3496 se
2288 3465 2466 3496 secundum

277 3508 374 3539 simul
398 3508 459 3538 nisi
476 3514 612 3548 propter
628 3509 764 3559 aliquod
788 3519 886 3540 unum
911 3510 944 3540 in
969 3519 1031 3550 quo
1055 3514 1289 3540 connectuntur
1311 3514 1341 3540 et
1366 3505 1368 3533 Ι
1395 3508 1508 3550 seipsa.

277 3562 297 3583 a
321 3562 382 3593 quo
406 3552 591 3592 dependent,
613 3552 637 3582 si
655 3553 846 3593 acciperetur
869 3560 904 3584 ut
928 3554 1015 3590 iacet,
1041 3563 1189 3593 magnam
1213 3553 1343 3584 haberet
1367 3535 1369 3579 l

1450 3550 1512 3583 Sed
1535 3551 1561 3582 si
1585 3550 1754 3591 accipiatur
1781 3550 1813 3581 in
1837 3551 1947 3582 ordine
1971 3552 2010 3582 ad
2034 3551 2197 3583 materiam
2229 3523 2402 3584 subiectam
2419 3553 2464 3584 de

277 3595 498 3638 quaestionem
529 3596 568 3626 de
591 3596 718 3627 diversis
743 3607 824 3637 quae
847 3604 921 3628 sunt
945 3597 1024 3628 inter
1047 3607 1080 3628 se
1107 3598 1285 3628 secundum
1309 3606 1342 3628 se
1367 3600 1369 3634 l
1396 3605 1459 3638 qua
1482 3601 1529 3626 est
1551 3594 1706 3636 quaestio,
1731 3605 1797 3626 non
1812 3595 1905 3627 habet
1921 3594 2149 3628 difficultatem.
2173 3596 2230 3629 Est
2252 3597 2339 3628 enim
2357 3598 2396 3628 de
2415 3596 2463 3628 to-

278 3651 429 3676 connexa,
456 3647 489 3671 ut
513 3640 635 3671 caelum
659 3648 689 3671 et
712 3640 795 3671 illius
812 3640 921 3680 figura,
947 3649 976 3672 et
1001 3642 1216 3672 universaliter
1239 3640 1341 3672 subie—
1366 3638 1369 3678 i
1395 3639 1498 3671 taliter
1521 3639 1650 3670 diversis
1674 3648 1794 3670 sermo:
1819 3640 1975 3681 quoniam
1991 3641 2086 3672 etiam
2101 3640 2240 3672 totaliter
2255 3641 2375 3673 diversa
2390 3649 2463 3682 pro—

2526 2141 2595 2166 Ven.
2608 2143 2669 2172 8,9·

2586 2259 2702 2278 μ’.

2526 2295 2594 2320 vn·-
2608 2302 2641 2320 ιο.

2598 2350 2614 2381 t
