2768 4198
52 686 64 697 ⁸
77 685 112 707 Cf,
128 690 190 706 num.
206 690 238 705 ιι.

57 1043 66 1052 ”
77 1042 113 1062 De
121 1041 179 1068 Reg.
194 1040 264 1066 Iuris,

53 1074 135 1099 regat,
147 1067 170 1088 in
181 1067 262 1088 Sexto:

51 1093 264 1148 Biisszsslgf’ffiss

54 1148 138 1175 Antra,
155 1146 196 1174 185.

53 1442 61 1449 ·
76 1440 139 1460 Ioan.
154 1445 203 1466 cap.
215 1444 262 1465 ιιι,

52 1472 110 1488 vers.
127 1472 155 1492 17.

52 1662 62 1672 ⁸
76 1661 146 1682 Num.
162 1667 194 1682 ιιι.

53 1707 62 1717 ⁴
77 1705 147 1727 Num.
162 1711 184 1726 x.

57 2642 67 2652 ⁸
81 2641 116 2663 Cf.
136 2641 199 2663 loan.
216 2646 267 2668 cap.

56 2674 102 2694 xxi,
111 2673 254 2696 vers.15sqq.
262 2674 268 2693 ;

56 2695 267 2743 ssptaeapaxflen.

61 3133 71 3143 ⁸
85 3132 94 3153 1
109 3131 142 3154 ad
153 3131 210 3153 Tim.
222 3138 270 3160 cap.

60 3165 94 3186 ιιι,
110 3165 168 3180 vera.
183 3164 203 3180 a.

292 248 370 294 476

292 336 418 358 marum
442 335 540 365 quam
565 333 620 364 per
644 333 685 358 se,
712 332 777 351 non
797 326 920 351 tenetur
945 318 1094 348 residere:
1121 315 1216 346 etiam
1232 314 1257 343 si
1274 313 1363 343 nulla

293 370 470 406 necessitas,
489 369 576 399 nulla
601 366 747 397 ecclesiae
768 363 978 395 commoditas
1003 362 1042 390 ad
1059 367 1143 390 extra
1166 358 1363 389 manendum

292 417 430 451 inducat,
449 421 506 444 etc.
523 431 543 436 -
567 413 655 442 Tum
672 410 746 450 quia
762 408 959 439 infinitorum
981 405 1208 445 episcoporum
1230 412 1362 432 consue·
1390 427 1391 445 ἶ

292 462 372 492 tudo
396 459 520 489 videtur
543 467 608 487 non
633 454 797 489 residendi,
814 451 873 482 nisi
898 451 979 481 forte
1000 450 1038 480 ad
1059 450 1152 478 breve
1176 455 1313 487 tempus,
1329 446 1363 476 in

294 504 430 536 ecclesiis
444 503 522 533 suis:
543 501 597 531 sed
615 499 715 530 curias
732 502 910 537 sequuntur
925 493 1029 530 multi,
1044 503 1101 523 nec
1113 499 1227 533 putant
1243 502 1276 522 se
1293 501 1363 521 reos
1390 519 1391 523 ,

294 550 348 590 qui
366 550 468 579 bonos
492 547 608 576 habent
632 542 773 573 vicarios.
799 540 898 571 Valde
916 548 1047 579 quoque
1064 538 1181 567 durum
1206 543 1236 567 et
1259 536 1365 566 absur-
1390 561 1391 570 ,

294 596 371 624 dum
389 598 468 623 esset
492 592 640 620 damnare
665 593 712 617 tot
735 585 901 625 praelatos,
919 593 1002 624 quos
1027 581 1156 612 ecclesia
1173 591 1238 611 non
1263 590 1365 620 repre-

294 638 410 673 hendit,
429 636 482 666 sed
506 631 679 664 honorifice
704 630 747 660 sic
771 629 942 659 morientes
966 626 1114 657 tumulat.

349 683 509 712 Praeterea
519 678 547 713 *,
564 683 618 707 aut
634 675 802 716 episcopus
819 679 942 703 tenetur
956 672 995 701 ad
1008 669 1210 701 residentiam
1223 675 1362 704 tantum;
1390 698 1391 703 ,

294 734 347 757 aut
371 725 410 755 ad
434 733 516 763 opus
545 727 683 751 tanturn:
716 725 769 748 aut
793 718 832 747 ad
863 715 1067 747 residendum
1091 722 1120 745 et
1145 724 1228 755 opus
1256 713 1362 744 simul.
1390 719 1391 737 ³

292 771 367 801 Non
391 769 430 799 ad
453 765 653 802 residentiam
670 770 812 794 tantum:
838 762 913 802 quia
929 770 1048 790 vanum
1074 766 1164 789 esset.
1189 776 1208 780 —
1232 758 1307 788 Non
1324 758 1363 788 ad
1390 781 1391 794 ,

293 825 375 854 opus
401 818 542 843 tanturn:
567 809 642 850 quia
666 808 710 838 sic
734 813 842 847 posset
865 815 921 845 per
944 805 1043 835 aliurn
1067 803 1225 844 supplere,
1243 811 1274 833 et
1297 811 1363 832 non

292 859 434 889 residere.
460 873 478 879 -
502 855 568 885 Nec
592 854 632 883 ad
651 859 824 892 utrumque
849 850 955 880 simul.
980 850 1068 879 Tum
1092 848 1248 889 quoniam
1267 857 1363 888 quae—

292 905 365 933 dam
382 902 542 931 dioeceses
567 904 641 928 sunt
656 898 698 927 ita
714 905 848 935 magnae
864 901 899 925 ut
922 893 1121 934 impossibile
1136 892 1281 923 videatur
1297 892 1364 932 epi-

291 956 427 986 scopum
451 954 545 985 posse
569 941 776 984 personaliter
800 939 909 970 omnia
933 938 1129 979 persolvere:
1158 943 1282 968 constat
1305 947 1362 967 au-

291 1001 355 1023 tem
380 989 507 1021 nullum
532 986 630 1019 teneri
650 996 686 1016 ex
703 984 810 1014 divino
828 991 882 1014 aut
898 983 1110 1014 ecclesiastico
1134 989 1304 1023 praecepto
1324 981 1364 1012 ad

291 1034 487 1076 impossibile
502 1033 529 1063 *.
558 1032 647 1062 Tum
670 1030 745 1071 quia
770 1028 867 1069 aliqui
892 1027 1034 1069 episcopi
1058 1033 1132 1058 sunt
1156 1026 1286 1057 illustris
1309 1036 1363 1067 ge-

291 1080 383 1116 neris,
408 1088 491 1120 quos
515 1087 581 1107 non
605 1076 695 1106 decet
718 1074 757 1104 ad
781 1072 969 1104 huiusmodi
993 1071 1165 1103 ministeria
1190 1071 1363 1112 personali-

291 1133 336 1156 ter
360 1123 547 1155 descendere
572 1119 732 1155 continue,
758 1125 816 1149 etc.

348 1169 387 1199 In
404 1168 580 1208 oppositum
605 1171 711 1195 autem
729 1170 775 1194 est
794 1163 870 1204 quia
886 1168 994 1202 pastor
1010 1171 1069 1192 nec
1085 1171 1206 1192 nomen
1228 1160 1364 1201 pastoris

291 1220 438 1249 meretur,
455 1212 480 1242 si
504 1220 571 1241 non
595 1208 801 1250 personaliter
818 1207 958 1238 attendat
980 1216 1040 1237 suo
1064 1205 1161 1246 gregi.
1185 1206 1261 1237 Non
1278 1205 1364 1236 enim

291 1258 424 1300 quilibet
448 1256 558 1287 ovium
582 1253 744 1289 dominus,
769 1253 824 1283 sed
848 1251 900 1282 ille
923 1258 1049 1282 tantum
1073 1250 1129 1292 qui
1153 1250 1252 1291 pascit
1279 1260 1362 1286 suas,

290 1310 421 1334 vocatur
440 1308 562 1342 pastor:
588 1298 741 1339 alioquin,
759 1296 917 1338 principes
940 1296 1091 1326 habentes
1107 1296 1228 1326 multos
1252 1295 1363 1325 ovium

290 1358 407 1389 greges,
424 1355 506 1387 quos
518 1354 575 1385 per
591 1343 670 1374 alios
687 1348 831 1383 pascunt,
848 1348 992 1382 pastores
1009 1340 1120 1371 ovium
1136 1346 1258 1378 essent;
1274 1340 1364 1380 quod

290 1400 336 1423 est
360 1391 485 1422 falsum.
517 1388 698 1429 Episcopus
730 1394 838 1418 autem
862 1393 909 1417 est
938 1395 1010 1416 vere
1034 1392 1157 1426 pastor:
1188 1385 1275 1416 iuxta
1297 1394 1364 1415 ver-

290 1438 368 1468 bum
392 1434 525 1467 Domini
549 1434 588 1464 ad
611 1433 755 1463 Petrum:
781 1432 882 1462 Pasce
904 1440 979 1462 oves
998 1440 1088 1462 meas
1097 1431 1126 1461 *.

347 1481 384 1511 ll.
409 1481 460 1511 Ad
483 1480 546 1510 hoc
570 1477 683 1509 dicitur
706 1477 796 1518 quod
825 1476 995 1517 episcopus
1026 1482 1151 1506 tenetur
1175 1484 1211 1505 ex
1239 1484 1364 1515 praece-

291 1533 347 1567 pto
371 1526 469 1555 divmi
492 1523 569 1554 iuris
593 1522 633 1553 ad
648 1522 854 1552 residendum
878 1519 1086 1561 personaliter
1108 1519 1141 1550 in
1158 1529 1218 1550 suo
1243 1519 1364 1560 episco-
1391 1519 1392 1522 ’

291 1578 378 1611 patu.
404 1569 455 1600 Ad
471 1568 561 1599 cuius
582 1566 784 1602 evidentiam,
802 1566 860 1596 tria
882 1565 1004 1606 agenda
1023 1571 1113 1595 sunt:
1138 1564 1255 1605 primo,
1272 1573 1364 1594 mon-

291 1614 438 1646 strabitur
461 1613 550 1655 quod
573 1612 634 1643 hoc
666 1611 748 1642 cadit
772 1612 830 1642 sub
862 1616 1031 1651 praecepto
1056 1609 1182 1645 divin0;
1211 1608 1364 1645 secundo,

291 1670 328 1691 ex
351 1658 499 1700 qualitate
523 1656 682 1698 praecepti
706 1656 855 1687 reddetur
877 1655 957 1686 ratio
982 1653 1237 1694 contingentium
1249 1653 1281 1690 *;
1306 1659 1365 1684 ter-

290 1705 349 1740 tio,
377 1702 505 1734 satisfiet
528 1701 658 1733 obiectis
674 1701 702 1732 *.

345 1748 462 1786 Quoad
485 1747 643 1788 primum:
672 1746 723 1776 Ad
746 1745 826 1776 illud
849 1750 974 1776 tenetur
998 1743 1168 1784 episcopus
1193 1742 1252 1773 sub
1276 1752 1364 1783 prae-

291 1802 383 1834 cepto
408 1792 514 1823 divino
539 1791 629 1833 quod
653 1789 866 1821 necessarium
890 1795 936 1820 est
959 1788 999 1819 ad
1023 1787 1120 1819 finem
1141 1787 1292 1828 episcopi,
1309 1786 1365 1828 qui

291 1846 336 1869 est
360 1848 433 1868 cura
457 1836 646 1867 animarum.
678 1835 740 1866 Sed
765 1834 931 1865 residentia
956 1833 1098 1874 episcopi
1123 1839 1169 1863 est
1193 1831 1366 1863 necessaria

291 1883 329 1913 ad
354 1892 462 1913 curam
487 1881 677 1911 animarum.
702 1880 788 1919 Ergo
813 1878 984 1920 episcopus
1007 1885 1133 1909 tenetur
1163 1877 1222 1908 sub
1253 1876 1365 1907 divino

291 1933 459 1968 praecepto
490 1926 531 1956 ad
559 1925 765 1966 personaliter
797 1923 1001 1954 residendum
1026 1923 1058 1953 in
1082 1932 1142 1953 suo
1167 1922 1364 1962 episcopatu.

349 1972 452 2002 Maior
481 1970 660 2011 propositio
691 1976 738 2000 est
768 1978 824 2009 per
847 1979 879 1998 se
904 1975 997 1999 nota:
1029 1974 1060 1998 et
1083 1974 1170 2008 patet
1195 1967 1365 1998 inductive.

292 2016 426 2048 Constat
456 2025 595 2056 namque
626 2014 714 2055 quod
738 2013 845 2044 omnis
876 2013 934 2054 qui
962 2011 1146 2054 simpliciter
1175 2018 1300 2042 tenetur
1326 2011 1366 2042 ad

292 2061 412 2102 aliquid
428 2059 598 2100 agendum,
616 2065 740 2089 tenetur
757 2058 796 2088 ad
819 2057 963 2088 medium
979 2056 1191 2088 necessarium
1215 2057 1256 2086 ad
1278 2056 1366 2087 illam

292 2105 460 2136 actionem.
486 2104 558 2135 Dixi
582 2111 704 2140 autem,
728 2103 926 2143 simpliciter,
951 2102 991 2132 ad
1016 2101 1225 2139 differentiam
1252 2110 1366 2132 eorum

292 2150 348 2191 qui
365 2156 512 2181 tenentur
527 2159 564 2180 ex
584 2147 817 2189 suppositione.
842 2146 938 2178 Verbi
955 2146 1064 2186 gratia,
1082 2145 1222 2177 famulus
1242 2152 1367 2177 tenetur

293 2195 332 2225 ad
356 2194 555 2236 sequendum
580 2192 760 2228 dominum,
782 2192 807 2222 si
831 2191 1018 2232 providetur
1041 2191 1069 2222 ei
1089 2191 1128 2221 de
1151 2200 1236 2232 equo
1261 2198 1292 2222 et
1315 2200 1365 2221 ex-

293 2239 415 2280 pensis;
445 2238 561 2270 milites
592 2237 690 2278 aliqui
719 2243 867 2268 tenentur
890 2236 930 2266 ad
954 2236 1183 2276 pugnandum,
1207 2235 1232 2265 si
1260 2234 1366 2275 provi-

293 2284 386 2314 detur
409 2283 453 2314 eis
477 2283 515 2313 de
539 2281 645 2318 armis,
670 2288 728 2312 etc.
759 2280 940 2321 Episcopus
964 2287 1073 2311 autem
1096 2290 1163 2310 non
1186 2289 1223 2310 ex
1247 2289 1367 2319 suppo-

294 2327 419 2364 sitione,
443 2327 499 2357 sed
523 2326 668 2357 absolute
693 2333 723 2356 et
746 2325 932 2365 simpliciter
955 2331 1080 2355 tenetur
1103 2324 1143 2355 ad
1167 2333 1277 2354 curam
1301 2323 1367 2354 ani-

295 2380 435 2403 marum:
471 2378 502 2402 et
530 2378 697 2412 propterea
727 2376 852 2400 tenetur
883 2369 923 2400 ad
954 2368 1098 2399 medium
1129 2367 1186 2399 sibi
1217 2367 1368 2409 possibile

295 2416 508 2448 necessarium
531 2416 571 2446 ad
595 2424 704 2446 curam
727 2413 917 2445 animarum.
941 2413 1008 2444 Nec
1032 2412 1138 2444 solum
1163 2419 1297 2450 tenetur,
1313 2412 1368 2443 sed

295 2462 406 2492 eadem
431 2460 614 2491 necessitate
644 2468 707 2500 qua
731 2465 856 2490 tenetur
886 2459 925 2488 ad
949 2457 1063 2494 finem,
1088 2464 1212 2488 tenetur
1235 2458 1275 2488 ad
1301 2466 1367 2488 rne-

295 2506 401 2536 dium:
427 2515 463 2535 ex
486 2515 553 2546 quo
577 2503 721 2535 medium
744 2510 790 2534 est
813 2503 856 2535 ita
880 2502 1092 2534 necessarium
1108 2503 1198 2543 quod
1221 2501 1289 2533 sine
1311 2501 1367 2532 illo

296 2561 362 2581 non
386 2556 491 2591 potest
514 2548 612 2580 finem
636 2548 801 2589 consequi.
826 2548 867 2578 Et
889 2547 966 2589 quia
989 2554 1114 2578 constat
1136 2547 1226 2588 quod
1251 2547 1290 2577 de
1314 2556 1367 2577 ne-

296 2594 437 2626 cessitate
460 2593 620 2634 praecepti
644 2592 742 2623 divini
765 2591 841 2623 iuris
865 2599 989 2624 tenetur
1005 2592 1176 2633 episcopus
1199 2591 1240 2622 ad
1259 2601 1368 2622 curam

295 2639 475 2670 animarum
488 2637 516 2675 ⁴¹,
530 2647 729 2679 consequens
746 2644 792 2668 est
808 2637 897 2678 quod
913 2637 1007 2668 etiam
1026 2637 1064 2667 de
1081 2635 1263 2668 necessitate
1280 2645 1368 2677 prae—

296 2683 377 2724 cepti
401 2690 544 2714 teneatur
567 2683 606 2713 ad
637 2682 782 2713 medium
810 2681 1021 2713 necessarium
1045 2681 1086 2712 ad
1109 2690 1219 2712 curam
1248 2679 1367 2711 anima-

295 2738 377 2760 rum.
402 2729 443 2759 Et
466 2728 510 2759 sic
534 2733 619 2768 patet
643 2727 756 2758 maior.

350 2772 458 2804 Minor
480 2779 598 2809 autem,
615 2771 743 2807 scilicet,
759 2771 942 2802 Residentia
954 2771 1139 2811 personalis
1161 2771 1299 2811 episcopi
1322 2776 1369 2802 est

296 2818 478 2849 necessaria
501 2817 544 2848 ad
567 2826 681 2848 curam
705 2816 901 2853 animarum,
927 2815 1091 2856 probatur.
1118 2815 1301 2856 Episcopus
1324 2822 1368 2846 te-

297 2870 388 2893 netur
412 2862 452 2893 ad
476 2871 586 2893 curam
609 2861 789 2892 animarum
812 2859 1026 2891 mediantibus
1049 2859 1098 2891 his
1122 2860 1243 2891 actibus
1260 2870 1368 2901 perso-

297 2907 439 2937 nalibus:
473 2905 591 2937 scilicet
619 2905 783 2941 doctrina,
814 2904 1044 2936 ministratione
1080 2911 1368 2942 sacramentorum,

298 2950 604 2987 consecrationibus,
628 2949 824 2987 visitatione,
849 2949 994 2980 custodia
1018 2958 1054 2980 ac
1083 2948 1252 2990 diligentia.
1282 2948 1368 2990 Ergo

297 2995 463 3026 residentia
488 2995 662 3036 personalis
686 2994 828 3035 episcopi
853 3001 899 3025 est
922 2993 1095 3024 necessaria
1114 2994 1153 3024 ad
1171 3004 1280 3025 curam
1304 2994 1369 3025 ani-

298 3050 433 3071 marum.
457 3058 478 3063 -
503 3039 743 3080 Consequentia
766 3039 824 3069 ista
848 3046 894 3070 est
918 3038 1099 3070 clarissima.
1123 3057 1144 3062 -
1170 3042 1369 3070 Antecedens

298 3085 406 3125 quoad
438 3084 576 3125 singulas
609 3084 677 3114 eius
706 3091 809 3124 partes
839 3083 1003 3124 probatur.
1031 3084 1149 3120 Quoad
1179 3083 1368 3120 doctrinam,

299 3135 383 3169 patet
408 3139 445 3159 ex
473 3128 658 3159 auctoritate
689 3128 837 3168 Apostoli
860 3128 894 3164 ¹⁸¹,
930 3127 1064 3168 Oportet
1093 3129 1273 3170 episcopum
1301 3138 1370 3159 esse

299 3174 479 3204 doctorem:
502 3180 532 3204 et
556 3182 621 3203 non
646 3172 738 3209 dicit,
767 3172 900 3213 Oportet
923 3173 1103 3213 episcopum
1127 3173 1245 3204 habere
1266 3173 1369 3204 docto·

300 3227 377 3248 rem.
410 3218 449 3249 Et
472 3218 505 3248 in
529 3216 730 3248 ordinatione
759 3216 900 3257 episcopi
929 3216 1059 3255 dicitur,
1090 3217 1192 3255 Vade,
1215 3218 1371 3259 praedica

295 3263 417 3302 populo
447 3262 527 3292 Dei:
560 3268 590 3292 et
614 3271 679 3292 non
712 3261 841 3298 dicitur,
872 3262 967 3292 Mitte
989 3260 1034 3293 ad
1056 3260 1327 3302 praedicandum.
1351 3279 1370 3285 —

300 3306 418 3343 Quoad
441 3306 706 3336 ministrationem
736 3312 1023 3343 sacramentorum,
1048 3313 1134 3347 patet
1156 3316 1194 3337 ex
1216 3316 1256 3338 eo
1281 3307 1370 3348 quod

300 3356 424 3380 tenetur
446 3351 484 3380 ad
513 3350 758 3381 ministrandum
788 3351 915 3391 populo
945 3358 1141 3382 sacramenta
1171 3361 1254 3392 quae
1283 3351 1371 3382 nahts

301 3393 470 3434 episcopus
493 3401 599 3435 potest
621 3395 806 3431 ministrare,
830 3401 867 3425 ut
889 3402 963 3425 sunt
986 3403 1181 3427 sacramenta
1203 3395 1371 3427 confirma-

301 3438 398 3469 tionis
414 3445 444 3468 et
458 3438 678 3469 ordinationis.
702 3456 722 3462 -
745 3439 862 3476 Quoad
877 3440 1159 3477 consecrationem,
1174 3446 1263 3481 patet
1279 3441 1370 3481 quod

301 3482 498 3513 consecratio
527 3483 746 3519 ecclesiarum,
771 3483 927 3520 calicum,
952 3484 1100 3515 altarium
1131 3493 1166 3515 ac
1198 3484 1369 3524 virginum,

302 3526 460 3558 confectio
491 3526 682 3562 chrismatis,
711 3527 890 3558 benedictio
919 3528 981 3558 olei
1011 3527 1125 3565 sancti,
1154 3528 1371 3568 corporalium

302 3578 333 3602 et
355 3571 554 3612 reliquorum
578 3571 805 3611 requisitorum
828 3572 868 3601 ad
890 3572 1090 3603 vestiendum
1115 3573 1312 3603 sacerdotem
1335 3580 1371 3602 ac

303 3616 484 3646 ornandum
509 3615 613 3651 altare,
631 3615 670 3645 ad
695 3616 801 3645 solum
826 3615 1014 3656 episcopum
1034 3623 1184 3656 spectant.
1210 3634 1229 3639 -
1253 3616 1371 3653 Quoad

930 236 1199 285 QUAESTIO
1229 233 1459 280 CLXXXV,
1489 233 1788 272 ARTICULUS
1817 234 1853 271 V

1416 312 1641 350 visitationem,
1667 313 1845 344 custodiam
1865 323 1900 344 ac
1923 313 2133 353 vigilantiam,
2158 319 2244 353 patet
2267 322 2304 342 ex
2328 322 2366 343 eo
2391 313 2490 353 quod,

1417 356 1477 386 nisi
1494 357 1532 386 ad
1549 357 1627 388 haec
1644 358 1851 397 personaliter
1867 365 2035 394 teneretur,
2049 368 2115 387 non
2133 363 2213 387 esset
2229 356 2296 397 ipse
2302 362 2422 397 pastor
2436 367 2491 388 cu-

1417 400 1558 432 stodiens
1571 411 1708 442 gregem
1726 408 1756 432 et
1772 403 1912 443 vigilans
1934 412 2033 442 super
2054 412 2090 432 eo
2103 402 2131 440 *,
2149 412 2184 432 ac
2199 401 2329 432 visitans
2352 401 2491 441 singulas

1389 453 1391 469 1
1418 455 1493 475 oves
1516 452 1552 476 ut
1568 446 1683 486 cuique
1700 446 1817 478 tribuat
1832 448 1922 487 quod
1938 447 2102 478 convenit:
2127 447 2192 482 sed,
2210 453 2246 476 ut
2262 445 2383 476 dictum
2406 452 2453 476 est
2464 446 2491 482 *,

1396 3642 1399 3656 1

1418 496 1500 520 esset
1523 490 1675 520 dominus
1699 490 1810 521 ovium
1835 491 1956 522 habens
1979 499 2140 532 pastorem
2165 491 2293 526 ovium,
2318 490 2411 520 illum
2434 490 2493 521 sci-

1417 534 1490 564 licet
1514 534 1744 564 mercenarium
1767 535 1818 565 cui
1842 536 2014 567 committit
2037 537 2127 577 quod
2150 536 2266 576 vigilet,
2285 534 2444 566 custodiat
2463 541 2494 565 et

1417 578 1532 609 visitet.
1556 579 1597 609 Et
1613 585 1719 609 tamen
1736 579 1859 620 liquido
1876 587 2000 612 constat
2015 580 2184 621 episcopos
2198 580 2286 620 ipsos
2303 589 2370 610 esse
2387 586 2492 619 pasto-

1390 626 1391 665 }
1418 632 1466 652 res
1486 622 1597 653 ovium
1622 622 1753 654 Christi:
1779 631 1810 654 et
1826 624 1866 654 ad
1881 624 1954 654 illos
1970 632 2114 665 spectant
2129 624 2303 656 Ezechielis
2325 630 2413 654 actus
2429 633 2492 660 sex,

1419 677 1487 707 cap.
1511 667 1634 697 xxxxv*
1658 678 1676 698 a
1699 667 1843 698 Domino
1868 669 2015 709 expressi,
2033 669 2161 708 scilicet,
2185 669 2388 700 consolidare
2403 668 2492 710 infir-

1418 721 1517 749 mum,
1549 721 1670 742 sanare
1698 717 1888 754 aegrotum,
1912 713 2055 754 alligare
2086 713 2309 755 confractum,
2338 713 2495 744 reducere

1417 756 1588 794 abiectum,
1613 757 1781 797 requirere
1797 757 1981 797 perditum,
2007 758 2168 788 custodire
2185 759 2312 799 pingue
2334 767 2375 789 ac
2388 757 2492 799 forte.

1417 801 1469 831 Ad
1492 800 1565 831 illos
1590 801 1728 842 denique
1750 801 1784 831 in
1807 801 1901 832 Petro
1926 801 2048 832 dictum
2072 809 2119 833 est
2132 801 2160 839 *,
2185 802 2305 834 Pasce:
2327 812 2409 839 non,
2432 802 2494 833 Pa-

1417 855 1508 876 scere
1521 845 1586 886 fac
1608 855 1683 876 oves
1706 855 1805 877 meas.

1474 890 1540 920 Nec
1563 890 1670 921 obstat
1692 890 1767 921 huic
1790 890 1907 921 rationi
1930 890 1955 920 si
1976 890 2099 921 dicatur
2127 890 2218 931 quod
2242 890 2384 931 episcopi
2407 900 2492 922 exer-

1419 940 1490 965 cent
1512 934 1590 965 haec
1614 945 1671 975 per
1686 935 1856 975 episcopos
1873 927 2039 975 pau'peres.
2065 934 2151 972 Quia
2166 934 2300 976 quilibet
2323 935 2494 975 episcopus

1418 985 1543 1010 tenetur
1574 979 1614 1009 ad
1637 979 1714 1010 haec
1743 979 1853 1010 omnia
1875 978 1908 1010 in
1933 989 1991 1010 sua
2021 978 2172 1010 dioecesi:
2205 989 2240 1010 ac
2264 989 2320 1020 per
2343 979 2422 1016 hoc,
2445 979 2493 1010 in-

1418 1023 1659 1064 compossibilia
1682 1030 1758 1054 sunt
1780 1023 1858 1055 haec
1882 1024 1947 1055 duo
1972 1023 2079 1060 simul,
2104 1024 2222 1055 scilicet
2245 1023 2334 1064 quod
2362 1023 2496 1064 quilibet

1390 1078 1392 1084 ⁸
1418 1068 1590 1109 episcopus
1613 1074 1754 1100 exerceat
1776 1068 1855 1100 haec
1876 1069 1910 1099 in
1934 1078 1992 1099 sua
2015 1067 2152 1099 dioecesi
2186 1078 2242 1109 per
2266 1077 2298 1099 se
2319 1067 2371 1098 vel
2394 1067 2494 1098 alium

1390 1147 1392 1157 ,
1418 1113 1626 1154 episcopum,
1651 1120 1682 1144 et
1705 1113 1795 1155 quod
1826 1114 1979 1144 omnibus
2005 1113 2204 1144 dioecesibus
2234 1111 2290 1144 fiat
2313 1112 2404 1149 satis;
2434 1112 2494 1143 nisi

1419 1168 1504 1188 unus
1520 1158 1692 1198 episcopus
1708 1158 1748 1189 sit
1764 1158 1861 1189 simul
1877 1158 1908 1189 in
1925 1157 2055 1189 diversis
2070 1157 2159 1195 locis,
2174 1164 2252 1198 puta
2267 1157 2358 1188 Feria
2373 1156 2495 1194 Quinta

1418 1202 1451 1232 in
1475 1202 1564 1233 Cena
1587 1202 1722 1234 Domini
1746 1203 1786 1233 ad
1801 1202 2037 1234 conficiendum
2062 1202 2207 1235 chrisma.
2231 1201 2407 1233 Abusionis
2423 1201 2494 1242 qui-

1419 1246 1493 1277 dem
1517 1253 1564 1278 est
1587 1247 1778 1278 detestabilis
1795 1248 1884 1289 quod
1907 1257 2030 1288 pauper
2054 1246 2235 1288 episcopus,
2251 1246 2358 1277 relicta
2373 1256 2431 1277 sua
2446 1255 2494 1277 ec—

1419 1291 1522 1328 clesia,
1548 1292 1635 1322 alteri
1659 1292 1782 1323 serviat.

1474 1343 1540 1373 Nec
1571 1342 1666 1373 etiam
1698 1343 1804 1374 obstat
1827 1342 1852 1373 si
1877 1343 2000 1374 dicatur
2021 1342 2112 1384 quod
2144 1351 2200 1383 per
2223 1343 2393 1384 episcopos
2420 1341 2494 1374 titu-

1417 1387 1498 1418 lares
1528 1387 1719 1428 supplentur
1749 1387 1782 1418 hi
1809 1387 1962 1418 defectus.
1994 1386 2157 1425 Quoniam
2189 1397 2245 1428 per
2274 1386 2420 1418 accidens
2449 1393 2496 1418 est

1418 1433 1509 1473 quod
1532 1432 1736 1463 inveniantur
1759 1431 1902 1473 episcopi
1925 1432 2082 1464 titulares:
2116 1441 2153 1463 ex
2175 1431 2238 1462 hoc
2271 1431 2388 1463 scilicet
2416 1430 2496 1463 acei-

1419 1477 1530 1513 dente,
1551 1477 1627 1518 quia
1650 1477 1800 1508 ecclesiae
1823 1477 1948 1518 aliquae
1971 1483 2047 1508 sunt
2069 1476 2102 1507 in
2129 1476 2279 1508 manibus
2305 1475 2494 1514 infidelium,

1418 1521 1469 1552 vel
1493 1522 1682 1552 destructae.
1706 1522 1806 1559 Quod
1829 1529 1937 1552 autem
1964 1528 2011 1552 est
2034 1531 2090 1562 per
2113 1520 2272 1558 accidens,
2297 1521 2336 1552 ab
2361 1527 2426 1563 arte
2449 1530 2495 1552 re-

1390 1595 1392 1610 ,
1418 1566 1577 1608 linquitur
1590 1566 1617 1603 *,
1643 1576 1700 1597 nec
1723 1565 1865 1597 infirmat
1888 1565 2046 1597 rationem
2069 1575 2127 1606 per
2149 1576 2182 1596 se
2205 1565 2354 1597 solidam.

1476 1611 1586 1642 Restat
1607 1610 1705 1651 igitur
1727 1610 1849 1642 ratione
1873 1610 2037 1642 firmatum
2052 1610 2158 1652 quod,
2183 1620 2240 1651 per
2262 1620 2296 1641 se
2318 1609 2494 1651 loquendo,

1419 1700 1493 1731 dere
1516 1700 1723 1741 personaliter
1745 1700 1779 1731 in
1802 1710 1863 1731 suo
1887 1700 2083 1742 episcopatu.
2100 1716 2120 1722 —
2143 1700 2232 1731 Haec
2251 1700 2290 1731 de
2313 1699 2430 1740 primu.

1477 1745 1530 1776 111.
1555 1745 1675 1782 Quoad
1693 1744 1872 1775 secundum
1886 1744 1919 1774 *:
1950 1744 2026 1785 quia
2043 1751 2250 1786 praeceptum
2265 1744 2305 1775 de
2328 1743 2496 1778 residentia
2523 1746 2532 1756 '

1421 1795 1467 1820 est
1482 1788 1724 1826 affirmativum,
1749 1796 1915 1830 praecepta
1929 1796 2038 1820 autem
2058 1788 2254 1826 affirmativa,
2274 1789 2347 1820 licet
2370 1797 2496 1833 semper

1421 1833 1573 1875 obligent,
1598 1844 1665 1865 non
1688 1841 1796 1864 tamen
1820 1833 1963 1874 obligant
1985 1833 2026 1864 ad
2050 1843 2185 1874 semper,
2209 1833 2265 1864 sed
2289 1843 2348 1874 pro
2370 1830 2496 1865 loco'et

1420 1886 1582 1920 tempore;
1598 1879 1673 1910 ideo
1688 1879 1865 1910 videndum
1881 1885 1928 1910 est
1941 1888 2002 1920 pro
2019 1874 2086 1920 quo
2101 1885 2247 1919 tempore
2263 1877 2391 1918 obliget.
2411 1876 2496 1909 Nam

1421 1924 1460 1954 de
1483 1924 1558 1955 loco
1574 1924 1663 1955 nulla
1679 1930 1726 1954 est
1741 1923 1906 1965 quaestio:
1929 1923 2006 1964 quia
2028 1923 2068 1954 ad
2091 1929 2214 1954 certum
2229 1922 2341 1954 locum
2364 1921 2496 1963 obligat,

1420 1969 1539 2000 scilicet
1554 1968 1702 2010 propriae
1717 1967 1880 2000 dioecesis.
1906 1967 2063 2005 Quamvis
2085 1967 2183 2008 igitur
2197 1974 2326 2008 tempus
2348 1977 2411 2009 pro
2428 1975 2496 2008 quo

1421 2013 1542 2054 obligat
1565 2012 1791 2044 affirmativum
1815 2019 2033 2054 praeceptum,
2059 2012 2099 2043 sit
2121 2011 2202 2043 illud
2224 2018 2352 2043 tantum
2373 2010 2409 2043 in
2429 2021 2497 2054 quo

1421 2065 1549 2100 oportet
1571 2057 1817 2090 affirmationem
1839 2067 1959 2098 ponere
1982 2057 2014 2088 in
2039 2056 2196 2095 exercitio,
2217 2063 2348 2098 oportet
2367 2055 2496 2097 diligen-

1420 2111 1467 2135 ter
1491 2102 1690 2134 considerare
1721 2102 1853 2144 quando
1877 2112 1961 2143 opus
1985 2108 2032 2133 est
2054 2108 2163 2133 actum
2197 2101 2412 2143 episcopalem
2436 2110 2496 2143 po-

1421 2158 1494 2179 nere
1514 2158 1548 2178 in
1573 2147 1729 2179 exercitio.
1913 2179 1915 2181 ,
2455 2144 2457 2152 ⁴

1475 2192 1557 2223 Sunt
1579 2199 1688 2223 autem
1711 2191 1843 2232 triplicis
1865 2189 2057 2222 differentiae
2077 2189 2275 2232 episcopales
2297 2196 2396 2222 actua.
2411 2189 2496 2222 Nam

1421 2236 1555 2278 quidam
1577 2236 1709 2277 exigunt
1731 2243 1854 2268 certum
1869 2242 1900 2267 et
1923 2235 2170 2267 determinatum
2192 2242 2340 2276 tenpus:
2372 2241 2409 2267 ut
2431 2234 2496 2267 col-

1420 2281 1498 2312 latio
1523 2281 1675 2312 ordinum
1699 2288 1730 2312 et
1753 2279 1913 2311 confectio
1935 2279 2122 2317 chrismatis,
2139 2286 2175 2311 ut
2190 2286 2287 2321 patet.
2310 2279 2352 2311 Et
2374 2278 2497 2315 ratione

1420 2325 1549 2361 horum,
1561 2324 1718 2356 sufficeret
1733 2325 1823 2366 quod
1840 2324 2012 2366 episcopus
2027 2324 2178 2355 resideret
2191 2333 2252 2365 pro
2268 2331 2345 2356 tunc
2364 2324 2496 2366 quando

1422 2379 1563 2401 exercere
1587 2375 1715 2410 oportet
1737 2369 1798 2400 hos
1822 2376 1920 2401 actus.

1479 2414 1621 2452 Quidam
1637 2423 1713 2444 vero
1738 2419 1813 2444 sunt
1835 2412 2071 2444 indeterminati
2094 2412 2258 2454 temporis,
2275 2412 2331 2443 sed
2347 2420 2414 2443 non
2437 2411 2496 2444 fre·

1422 2466 1558 2500 quenter
1580 2465 1770 2490 occurrunt:
1794 2463 1830 2489 ut
1853 2457 2109 2489 consecrationes
2132 2464 2163 2488 et
2186 2456 2432 2488 benedictiones.
2456 2457 2498 2488 Et

1421 2503 1545 2535 ratione
1568 2503 1697 2540 horum,
1721 2501 1878 2534 sufficeret
1902 2502 2093 2543 episcopum
2116 2501 2252 2533 residere
2274 2502 2318 2533 ita
2335 2501 2427 2543 quod
2448 2510 2497 2533 oc-

1422 2548 1516 2580 clesia
1539 2557 1607 2579 non
1630 2554 1789 2588 pateretur
1812 2546 1955 2578 defectus
1971 2546 2120 2578 istorum.

1479 2592 1621 2631 Quidam
1633 2599 1742 2623 autem
1757 2598 1832 2622 sunt
1847 2590 2001 2632 temporis
2016 2590 2250 2622 indeterminati
2265 2597 2297 2622 et
2312 2589 2496 2632 frequentia,

1421 2637 1463 2669 ita
1487 2637 1577 2679 quod
1602 2637 1729 2668 nullum
1753 2643 1881 2677 tempus
1905 2643 1952 2667 est
1975 2642 2144 2677 exceptum
2166 2635 2199 2666 in
2223 2645 2290 2677 quo
2315 2645 2382 2666 non
2405 2634 2497 2667 facile

1422 2688 1453 2713 et
1476 2692 1570 2723 saepe
1594 2688 1739 2712 occurrat
1761 2681 1880 2712 horum
1903 2679 2086 2712 necessitas:
2111 2686 2148 2711 ut
2170 2685 2217 2711 est
2239 2686 2327 2711 actus
2346 2679 2496 2720 pascendi

1422 2726 1540 2758 Christi
1563 2735 1701 2767 gregem.
1733 2725 1872 2766 Oportet
1894 2723 2035 2766 namque
2067 2723 2281 2766 pastoralibus
2308 2723 2431 2756 actibus
2453 2722 2496 2756 ita

1421 2771 1587 2803 assiduum
1618 2777 1780 2812 pastorem
1811 2779 1879 2802 esse
1902 2776 1940 2801 ut
1962 2769 2054 2811 qnasi
2082 2769 2236 2800 continue
2259 2774 2373 2810 ‚pascat
2401 2776 2494 2800 oves:

1422 2815 1578 2857 scriptum
1602 2822 1649 2847 est
1672 2815 1759 2846 enim
1773 2814 1808 2846 *z
1835 2814 1902 2852 Qui
1910 2819 2057 2856 praeest,
2072 2815 2105 2845 in
2119 2813 2334 2846 sollicitudine
2342 2821 2356 2851 ,·
2377 2819 2410 2844 et
2427 2822 2496 2845 rua·-

1423 2871 1476 2893 sus
1492 2861 1525 2892 ¹⁸¹:
1550 2859 1740 2893 Sollicitudo
1756 2869 1827 2891 mea
1844 2860 1986 2891 omnium
2003 2859 2224 2892 ecclesiarum.
2251 2857 2333 2896 Quis
2348 2857 2495 2896 infirma-

1423 2911 1489 2944 tur,
1506 2911 1536 2937 et
1559 2915 1620 2948 ego
1645 2914 1708 2936 non
1725 2903 1904 2946 infirmor?
1930 2903 2010 2942 Quis
2028 2901 2282 2945 scandalizatur,
2299 2906 2330 2933 e!
2345 2911 2407 2943 ego
2431 2911 2494 2934 non

1423 2951 1533 2982 uror?
1554 2951 1583 2981 A
1600 2955 1726 2990 pastore
1748 2957 1881 2990 quoque
1901 2947 2071 2989 exiguntur
2092 2945 2138 2979 illi
2159 2953 2247 2978 actus
2269 2954 2365 2987 supra
2379 2945 2399 2966 ⁸¹
2421 2945 2497 2978 dicti

1421 2995 1455 3026 in
1479 2994 1654 3031 Ezechiele,
1669 3002 1754 3035 quos
1770 3000 1825 3024 aut
1849 2993 2050 3029 continuam,
2067 2998 2124 3023 aut
2146 2991 2294 3033 frequens
2309 2990 2402 3022 valde
2418 2996 2495 3022 tem-

1423 3050 1484 3081 pus
1508 3039 1631 3080 exigere
1654 3045 1786 3070 constat.
1818 3038 1859 3068 Et
1881 3037 2004 3068 ratione
2034 3045 2148 3068 eorum
2170 3042 2295 3067 tenetur
2326 3035 2497 3076 episcopua

1423 3084 1575 3116 continue
1599 3083 1631 3114 in
1656 3083 1842 3124 episcopatu
1867 3082 2017 3113 residere:
2048 3079 2204 3122 quoniam
2227 3086 2313 3111 tanta
2341 3080 2496 3122 temporis

1424 3128 1600 3170 frequentia
1625 3127 1812 3159 continuam
1828 3125 1923 3167 exigit
1944 3123 2156 3162 residentiam,
2172 3130 2244 3156 tum
2260 3133 2297 3156 ex
2319 3123 2496 3167 frequentia

1423 3173 1560 3204 exercitii
1577 3179 1708 3204 actuum
1725 3170 1927 3207 huiusmodi;
1950 3176 2021 3201 tum
2038 3179 2074 3200 ex
2098 3168 2339 3210 praeparatione
2355 3169 2394 3200 ad
2417 3167 2496 3201 istos

1423 3224 1527 3251 actus.
1554 3217 1738 3254 ,Namlicet
1757 3225 1855 3248 omne
1877 3221 2005 3255 tempus
2029 3223 2095 3244 non
2126 3221 2301 3255 occupetur
2324 3214 2357 3244 in
2382 3213 2495 3245 exerci-

1423 3262 1543 3294 tatione
1567 3253 1861 3302 actus*'pa‘storalis,
1886 3258 2014 3290 nullum
2038 3265 2144 3289 tamen
2168 3265 2296 3299 tempus
2320 3265 2368 3289 est
2390 3267 2495 3289 exem-

1423 3314 1518 3348 ptum
1545 3307 1578 3337 in
1601 3313 1670 3347 quo
1698 3313 1767 3336 non
1789 3309 1939 3344 oporteat
1969 3303 2159 3344 episcopum
2190 3312 2257 3334 esse
2284 3308 2431 3344 paronam
2454 3302 2495 3342 qd

1423 3350 1681 3382 exercitationem
1696 3355 1787 3380 actus
1807 3346 1983 3388 pastoralis.
2008 3347 2050 3378 Et
2070 3347 2146 3388 quia
2169 3354 2260 3379 actus
2283 3346 2497 3388 pascendum

1422 3394 1610 3436 principatu
1621 3400 1712 3425 aenis
1725 3392 1878 3434 episcopi,
1895 3391 1982 3423 iuxta
1999 3393 2135 3423 verbum
2150 3391 2283 3423 Domini
2306 3392 2346 3422 ad
2369 3390 2494 3422 univ*

1425 3440 1500 3471 salis
1513 3438 1673 3470 Ecclesiae
1685 3436 1886 3478 episcopum,
1899 3437 2000 3467 Pasce
2014 3445 2089 3468 oves
2103 3445 2192 3468 meas
2204 3435 2243 3473 *ς
2268 3442 2300 3467 et
2322 3444 2359 3467 ex
2379 3434 2494 3478 pr‘mci-

1425 3484 1488 3525 pali
1512 3490 1583 3514 actu
1607 3481 1761 3513 iudicium
1784 3481 1979 3512 sumendum
2002 3487 2063 3512 est:
2086 3481 2170 3518 ideo,
2188 3489 2244 3521 per
2262 3489 2296 3511 ae
2318 3479 2493 3521 loquendo,

1423 3527 1596 3569 episcopus
1610 3531 1736 3557 tenetur
1757 3526 1819 3556 sub
1839 3533 2008 3566 praecepto
2034 3526 2075 3557 ad
2091 3525 2278 3562 continuam
2293 3523 2493 3556 residentiam

1424 3572 1459 3602 in
1473 3578 1537 3602 suo
1551 3570 1748 3611 episcopam.
1775 3570 1819 3601 lta
1835 3570 1924 3611 quod
1946 3571 2009 3602 hoc
2029 3576 2235 3611 praeceptum
2258 3568 2492 3604 affirmativum,

1425 3626 1461 3646 ex
1478 3622 1589 3646 natura
1613 3614 1656 3645 rei
1672 3622 1866 3656 praeceptae,
1891 3615 1973 3646 sicut
1996 3615 2091 3646 habet
2106 3615 2215 3646 locum
2237 3612 2492 3647 determinatum,

2519 406 2528 416 ⁸
2548 405 2583 427 Cf.
2605 405 2660 427 Luc.
2681 412 2732 434 cap.

2519 437 2545 457 ιι,
2560 438 2619 454 vers.
2634 432 2657 454 8.

2519 460 2530 470 ⁴
2537 459 2608 481 Num.
2619 458 2733 486 praeced„

2518 485 2544 507 In
2558 486 2699 513 oppositum.

2520 671 2530 681 ⁸
2544 669 2610 692 Vera.
2624 677 2648 698 4,
2663 670 2694 692 ¹6.

2521 803 2531 814 ⁴
2544 802 2608 825 ioan.
2623 808 2675 831 eap.
2684 809 2734 831 ιιι,

2520 835 2579 852 vera.
2595 835 2626 857 ι7.

2523 2814 2533 2825 ·
2546 2813 2586 2836 Ad
2604 2813 2670 2836 flant.
2685 2819 2735 2843 cap.

2522 2846 2565 2889 ³¹11
2574 2840 2675 2890 ‚a'‘coe“:

2522 2899 2554 2921 ιι,
2569 2899 2628 2916 ven.
2650 2893 2686 2922 28,
2699 2899 2735 2923 ³⁹·

2523 2941 2735 2972 'flammae-d.

2521 3436 2532 3446 ⁴
2545 3434 2608 3458 ioan.
2623 3440 2674 3463 αρ.
2684 3441 2733 3463 ιιι,

2521 3467 2579 3484 vero.
2594 3467 2626 3490 ι7.
