2768 4198
251 248 326 294 554
872 246 1144 292 QUAESTIO
1175 244 1426 292 CLXXXIX,
1457 245 1757 283 ARTICULUS
1787 245 1822 282 X

245 327 386 367 ingresso
411 326 497 357 dabit
512 327 599 357 Deus
615 326 696 356 hanc
720 326 839 356 bonam
853 325 1061 361 voluntatem,
1078 324 1160 354 hanc
1177 330 1320 354 sanctam
1345 322 1347 365 J
1375 324 1420 354 bit
1442 324 1531 362 risui,
1556 325 1638 356 sicut
1661 324 1718 366 qui
1742 335 1809 356 non
1825 325 2024 366 computavit
2040 331 2189 366 sumptus
2205 333 2236 358 et
2255 325 2361 366 coepit
2383 332 2450 357 tur·-

244 371 405 402 fiduciam.
1345 385 1347 427 Ι
1375 368 1435 398 rim
1451 369 1647 400 materialem
1663 368 1837 401 aedificare.
1862 369 1936 400 Tali
1953 369 2039 400 enirn
2053 369 2210 401 abdicanti
2227 380 2245 401 a
2259 380 2320 401 suo
2340 370 2449 401 animo

302 416 339 446 ΙΙ.
366 416 401 446 In
425 415 541 446 eodem
565 415 698 445 articulo
723 413 865 450 decimo,
891 414 923 443 in
948 413 1159 453 responsione
1183 413 1223 442 ad
1247 412 1319 443 ulti·
1345 432 1347 454 J
1375 413 1485 444 omnia
1511 423 1594 454 quae
1618 413 1770 454 possidet,
1790 414 1906 454 iugum
1931 414 2092 455 religionis
2116 424 2213 445 suave
2229 420 2285 451 est,
2303 413 2450 446 auferens

246 470 354 497 mum,
379 460 506 490 adverte
531 460 589 490 sub
615 459 750 490 consilio
775 458 901 494 cadere,
926 459 978 488 An
1008 458 1125 488 habeat
1154 462 1320 498 sumptus:
1345 481 1346 515 1
1374 458 1588 498 perturbativa
1612 465 1644 489 et
1665 458 1837 496 laboriosa,
1857 465 1893 490 ut
1916 458 2102 500 Gregorius,
2121 458 2155 489 in
2177 458 2291 496 littera,
2315 458 2401 496 dicit,
2418 467 2450 491 et

245 505 308 535 hoc
323 511 380 541 est,
397 506 447 535 An
464 505 524 535 hoc
539 504 625 544 quod
638 505 711 544 quis
718 503 823 545 facit,
841 504 883 533 sit
902 503 1137 533 abrenuntiare
1161 502 1318 533 omnibus.
1345 523 1346 526 =
1374 502 1582 533 refectionem
1605 502 1826 534 delectationis
1849 503 1991 534 internae
2012 502 2155 535 afferens.
2179 503 2317 534 Temere
2339 511 2450 535 autem

245 549 347 580 Debet
370 549 456 580 enim
473 558 588 588 magna
611 547 828 588 inquisitione,
845 547 895 577 vel
919 547 1117 577 discussione
1141 547 1252 582 multa,
1272 546 1319 577 in-
1344 560 1346 575 v
1374 547 1535 587 religionis
1559 547 1672 587 iugum
1704 547 1969 588 suscipientibuS,
1994 548 2061 580 sine
2089 548 2333 590 computatione
2361 558 2450 580 sum-

244 604 408 634 gressurus
431 593 619 633 religionem
643 593 731 632 apud
754 602 787 622 se
810 591 990 622 examinare
1015 601 1056 622 an
1081 601 1153 622 vere
1176 591 1319 622 interiori
1344 590 1345 624 i
1373 599 1501 632 ptuum,
1518 590 1554 622 fit
1577 591 1621 622 eis
1644 592 1845 623 laboriosum
1869 599 1900 623 et
1918 602 2023 633 grave.
2048 593 2164 624 Palato
2184 594 2270 624 enim
2288 603 2353 624 non
2367 603 2450 624 sano
2475 632 2486 643 ι
2500 632 2523 653 Α

244 637 356 669 affectu
380 638 538 678 relinquat
558 637 677 673 omnia,
694 637 744 667 vel
768 643 929 667 remaneat
945 635 1075 667 affectus
1092 636 1131 666 ad
1148 636 1317 672 honorem,
1344 626 1345 685 ἶ
1367 647 1475 677 poena
1500 641 1548 667 est
1564 637 1676 677 panis,
1700 637 1756 678 qui
1777 646 1859 668 sano
1883 642 1930 668 est
1951 639 2063 669 suavis
2076 638 2103 669 *.
2475 631 2692 686 ,ib-ffifms‘ffi

244 683 283 712 ad
307 682 451 723 gloriam,
477 682 516 712 ad
541 691 668 712 carnem
692 688 723 712 et
749 681 948 721 sanguinem,
967 687 998 711 et
1013 680 1217 712 huiusmodi:
1243 681 1319 722 quia
1343 690 1345 711 2
1429 681 1470 712 Et
1492 681 1570 712 haec
1595 681 1634 712 de
1657 680 1856 722 expositione
1878 681 1976 712 huius
1990 682 2078 713 Libri
2101 681 2275 714 sufficiant:
2300 683 2351 713 An
2375 682 2448 719 Dm,
2585 665 2690 687 ⁶⁸⁹⁵va

244 727 276 757 in
301 728 358 757 hac
382 726 638 767 expropriatione
663 726 842 757 consistunt
866 732 1015 766 sumptus
1039 724 1226 756 aedificandi
1250 735 1318 765 per·
1343 730 1345 770 ᾗ
1371 725 1501 756 ΒΕΑΤΑΕ
1524 726 1670 757 Vmorms
1694 735 1733 756 m·
1755 725 1856 756 ΒΕΑ-Π
1878 726 2018 757 Tamum:
2043 737 2194 758 omnum.

243 771 388 802 fectionis
402 771 516 802 turrim
534 771 567 801 in
584 771 746 811 religione.
771 771 938 812 Alioquin,
955 780 1125 811 nunquam
1142 769 1318 802 aedificabit
1343 775 1344 808 ζ
1427 771 1566 807 Romae,
1592 770 1641 801 die
1674 771 1715 801 26
1740 770 1917 807 Februarii,
1943 780 2029 801 anno
2059 771 2170 802 salutis
2203 773 2302 814 1517,
2338 771 2449 804 aetatis

243 826 323 853 eam,
348 826 516 857 nunquam
540 816 580 846 ad
602 815 832 857 perfectionem
857 815 1034 856 perveniet,
1060 815 1115 846 sed
1138 825 1212 846 vere
1227 822 1317 856 pate·
1342 814 1345 855 1
1371 821 1479 846 autem
1503 825 1594 846 meae
1617 815 1954 856 quadragesimonono
1977 815 2160 850 inchoante.

2763 2932 2768 2944 -
2762 2844 2768 2902 .;,-
2760 2510 2768 2822 m-.„-0-.„„-:„..-...-..
2764 2486 2768 2492 t
2766 2452 2768 2471 .,
2766 2427 2768 2435 ..
2764 2404 2768 2413 Α,
2766 2366 2768 2369 Α
