2768 4198
283 258 359 302 524

879 253 1149 300 QUAESTIO
1180 252 1464 300 CLXXXVIII,
1494 253 1795 291 ARTICULUS
1826 255 1875 290 111

1085 428 1408 470 ARTICULUS
1441 428 1672 471 TERTIUS

706 524 862 555 UTRUM
886 523 1051 560 ALIQUA
1076 522 1252 554 RELIGlO
1277 522 1487 553 ORDINARI
1511 522 1659 553 Posslr
1683 524 1742 554 Αι)
1766 524 2046 557 MILITANDUM

1206 602 1284 632 Infra,
1303 607 1351 627 art.
1370 610 1396 634 4.
1416 602 1448 627 ad
1469 609 1493 633 2,
1514 601 1538 627 5.

362 701 371 715 ›
412 711 436 724 ff
488 696 510 720 D
530 696 693 721 TERTIUM
713 696 766 721 510
786 695 1031 720 moer-:mrum
1052 683 1214 720 Videtur
1243 682 1348 731 quod
1374 724 1376 737 ἑ

1374 738 1376 752 ¹
1404 735 1495 773 dam
1517 736 1675 774 dixisse:
1704 737 1791 775 Nos
1812 739 2076 788 pugnabimus
2097 751 2171 788 pro
2191 741 2393 779 animabus
2412 753 2478 779 no—

1374 810 1376 842 ξ
1401 790 1488 827 stris
1516 796 1552 827 et
1579 790 1725 840 legibus
1753 792 1911 837 nostris,·
1940 800 1976 829 et
2003 792 2122 840 infra,
2151 793 2272 842 xi11*,
2303 795 2393 832 dicit
2421 795 2479 833 Si-

1334 865 1348 870 -
1403 856 1519 880 mon:

273 910 363 934 nem
397 897 498 935 vitae
538 898 777 936 Christianae
814 898 977 947 pertinet
1012 898 1118 947 quod
1154 897 1376 947 Dominus}

273 951 378 998 dicit,
410 952 546 989 Matth.
567 964 591 989 v
609 951 649 989 *ε
680 953 767 1003 Ego
803 953 886 990 dico
915 953 1041 998 vobis,
1072 964 1146 989 non
1176 952 1348 989 resistere
1374 951 1375 992 1

1374 1055 1375 1058 ¹
1403 1004 1528 1054 aliqua
1549 1005 1678 1054 religio
1700 1006 1750 1043 ad
1770 1006 2025 1054 militandum,
2043 1020 2123 1045 non
2143 1008 2302 1057 quidem
2323 1017 2480 1059 propter

306 726 351 784 δ”
396 723 590 803 ’ἷῖ,,’11’1111111
610 737 740 786 religio
771 737 939 797 ordinari
967 737 1088 797 possit
1116 736 1165 774 ad
1185 735 1348 774 militan-

32 958 92 979 ’νε
80 964 123 980 em
138 963 193 986 39.-
208 956 242 979 Cf.

31 986 87 1007 Luc.
95 990 144 1012 cap
148 990 236 1011 v1,vers

32 1018 67 1040 29-
238 999 243 1005 ’
272 1005 393 1042 malo:
421 1006 488 1042 sed
512 1006 547 1043 si
573 1007 656 1055 quis
677 1006 910 1055 percusserit
936 1012 971 1043 te
999 1007 1036 1043 in
1063 1018 1180 1043 unam
1209 1005 1347 1043 maxil-

272 1059 361 1105 lam,
379 1061 524 1108 praebe
552 1060 588 1097 ei
614 1066 651 1097 et
667 1060 849 1098 alteram:
880 1060 986 1109 quod
1012 1067 1197 1109 repugnat
1216 1059 1345 1097 officio

272 1112 434 1150 militari.
465 1115 568 1162 Ergo
597 1114 701 1151 nulla
731 1114 859 1163 religio
890 1122 1015 1163 potest
1042 1113 1182 1151 institui
1203 1114 1252 1151 ad
1277 1113 1346 1151 mi-

272 1166 470 1204 litandum.

326 1232 361 1257 2.
392 1222 628 1269 PRAETEREA,
658 1222 812 1270 gravior
831 1229 887 1258 est
916 1221 1189 1270 compugnatio
1210 1233 1346 1270 corpo-

271 1274 406 1311 ralium
426 1275 659 1323 praeliorum
677 1288 796 1324 quam
817 1275 1119 1313 concertationes
1134 1275 1345 1313 verborum

271 1341 370 1376 quae
399 1329 437 1366 in
468 1328 788 1367 advocationibus
817 1330 925 1367 fiunt.
966 1329 1044 1367 Sed
1074 1328 1256 1378 religiosis
1292 1329 1346 1366 in-

271 1382 463 1420 terdicitur
483 1382 613 1421 officio
634 1383 900 1422 advocationis
918 1383 991 1420 uti:
1021 1391 1062 1420 ut
1090 1391 1194 1432 patet
1213 1383 1248 1420 in
1270 1384 1346 1420 De-

273 1436 398 1473 cretali
428 1437 474 1474 de
501 1438 732 1475 Postulando
768 1450 885 1487 supra
903 1436 923 1459 *
956 1437 1122 1474 inducta.
1158 1437 1261 1485 Ergo
1290 1437 1346 1475 vi-

272 1491 383 1527 detur
411 1491 518 1539 quod
548 1493 670 1529 multo
690 1492 818 1529 minus
847 1490 974 1541 aliqua
994 1490 1121 1539 religio
1151 1490 1272 1540 possit
1290 1491 1345 1528 in-

272 1544 372 1581 stitui
402 1544 451 1582 ad
482 1545 737 1583 militandum.

328 1599 362 1636 3.
390 1598 626 1645 Pinarum,
656 1607 774 1636 status
805 1597 993 1646 religionis
1023 1606 1079 1635 est
1107 1606 1224 1635 status
1252 1610 1345 1647 poe·

196 1664 243 1682 ¹0¹·-
272 1651 468 1700 nitentiae,
498 1661 540 1689 ut
569 1665 684 1702 supra
703 1652 723 1675 '³‘
753 1652 896 1689 dictum
927 1659 994 1688 est.
1040 1651 1117 1688 Sed
1146 1652 1345 1700 poeniten-

220 1691 243 1732 u,
270 1706 381 1752 tibus,
412 1706 626 1743 secundum
656 1706 749 1754 iura,
774 1704 1009 1742 interdicitur
1029 1704 1178 1742 militia:
1210 1705 1346 1742 dicitur

30 1446 40 1456 ⁸
54 1445 104 1466 Art.
120 1450 141 1471 2,
160 1450 207 1472 arg.
222 1449 243 1465 2.

270 1813 370 1850 rium
399 1813 554 1850 omnino
584 1819 639 1850 est
664 1813 922 1850 ecclesiasticis
950 1812 1112 1862 regulis,
1143 1818 1233 1861 post
1252 1824 1344 1862 poe-

270 1867 446 1904 nitentiae
469 1868 669 1913 actionem,
690 1867 814 1904 redire
833 1867 884 1904 ad
902 1866 1074 1903 militiam
1094 1866 1343 1904 saecularem.

270 1921 373 1968 Ergo
403 1920 507 1958 nulla
535 1921 664 1970 religio
695 1933 864 1970 congrue
893 1919 1034 1957 institui
1059 1927 1185 1969 potest
1205 1923 1254 1957 ad
1275 1920 1344 1958 mi·
1371 1966 1373 1977 ⁴

269 1974 468 2012 litandum.

322 2039 359 2075 4.
390 2029 627 2075 PRAETEREA,
657 2029 760 2066 nulla
795 2027 925 2077 religio
961 2027 1103 2064 institui
1136 2035 1263 2076 potest
1295 2029 1343 2066 ad

269 2081 412 2131 aliquid
435 2081 631 2119 iniustum.
663 2082 741 2120 Sed
761 2082 858 2119 sicut
878 2081 1046 2119 Isidorus
1067 2080 1167 2127 dicit,
1188 2081 1227 2118 in
1247 2081 1343 2120 libro

28 2141 202 2168 wtbxvmss
190 2147 240 2169 οῖ’-Ρ
267 2135 436 2185 Etymol.
456 2135 486 2183 *‚
517 2136 656 2174 iustum
685 2136 823 2174 bellum
851 2141 906 2173 est
932 2136 1034 2185 quod
1060 2147 1111 2172 ex
1137 2135 1256 2174 edicto
1276 2136 1344 2173 im-

264 2189 405 2238 periali
427 2190 588 2240 geritur.
620 2190 720 2227 Cum
741 2190 854 2238 igitur
874 2189 1040 2238 religiosi
1059 2189 1134 2226 sint
1151 2189 1344 2250 quaedam

269 2243 441 2292 privatae
475 2256 678 2293 personae,
707 2243 860 2281 videtur
896 2243 1004 2292 quod
1037 2255 1117 2281 non
1153 2243 1263 2280 liceat
1292 2243 1345 2281 eis

27 2175 44 2191 1.

270 2297 413 2334 bellum
443 2309 587 2345 gerere.
618 2298 668 2334 Et
695 2297 746 2334 ita
767 2297 817 2335 ad
836 2298 913 2334 hoc
941 2309 1021 2334 non
1049 2305 1174 2346 potest
1203 2296 1344 2334 institui
1372 2309 1373 2332 1

1372 2372 1374 2381 ,
1401 2349 1561 2388 cationis
1590 2350 1763 2388 officium
1791 2358 1949 2400 propter
1977 2350 2120 2400 aliquid
2140 2352 2396 2399 mundanum,
2418 2365 2476 2392 re·

271 2350 398 2399 aliqua
427 2350 570 2399 religio.

325 2404 400 2443 SED
430 2416 578 2442 CONTRA
606 2415 673 2442 EST
696 2405 804 2452 quod
822 2403 1059 2452 Augustinus
1079 2403 1179 2450 dicit,
1201 2404 1253 2441 ad
1269 2405 1344 2441 Bo-

28 2467 88 2495 Ἐν
96 2467 133 2488 0¹
136 2466 242 2493 xxfflx,
271 2457 507 2506 nifaci.um
470 2458 507 2480 ⁸⁸·
531 2458 630 2496 Noli
646 2458 866 2496 existimare
884 2457 1073 2495 neminem
1093 2458 1176 2494 Deo
1190 2457 1346 2506 placere
1373 2471 1374 2507 ι

29 2493 240 2543 aln.CCV-Ct'

29 2527 137 2575 xamn'q
268 2571 420 2603 sanctus
440 2565 580 2612 David,
601 2566 665 2603 cui
677 2565 867 2603 Dominus
886 2577 1073 2625 magnum
1092 2565 1344 2604 testimonium

269 2725 435 2775 aliquam
466 2727 691 2775 religionem
721 2726 863 2764 institui
892 2727 941 2764 ad
970 2726 1226 2764 militandum.

323 2781 552 2818 Responnsso
580 2793 767 2819 melerinum
788 2781 908 2830 quod,
939 2780 1035 2818 sicut
1064 2780 1207 2818 dictum
1239 2787 1293 2816 est
1312 2779 1343 2827 ³⁸²,

270 2834 400 2882 religio
430 2835 570 2871 institui
600 2842 725 2884 potest
762 2847 840 2872 non
871 2835 997 2872 solum
1028 2834 1076 2871 ad
1106 2845 1225 2883 opera
1254 2846 1344 2870 con-

270 2888 515 2937 templativae
543 2888 658 2933 vitae,
689 2888 756 2925 sed
786 2888 901 2925 etiam
927 2888 976 2925 ad
997 2900 1116 2938 opera
1133 2887 1235 2924 vitae
1257 2887 1345 2924 acti-

269 2953 355 2988 vae,
386 2942 613 2991 inquantum
643 2942 834 2991 pertinent
858 2941 907 2979 ad
927 2941 1226 2979 subventionem
1256 2953 1344 2990 pro-

29 2788 38 2796 ·
54 2788 102 2807 Art.
121 2786 223 2814 praeced.

269 2995 463 3032 ximorum
494 3004 530 3033 et
559 2995 790 3045 obsequium
811 2995 902 3033 Dei:
934 3008 1012 3032 non
1033 3004 1162 3032 autem
1184 2994 1344 3043 inquan-
1371 3025 1372 3038 ³

126 3058 143 3074 α
270 3057 350 3085 turn
380 3049 570 3098 pertinent
590 3049 639 3086 ad
659 3049 800 3099 aliquid
821 3048 1064 3086 mundanum
1084 3048 1341 3086 tenendum.
1313 3054 1330 3071 α

271 3103 400 3141 Potest
428 3111 558 3141 autem
587 3103 759 3140 officium
790 3103 951 3141 militare
981 3102 1148 3140 ordinari
1177 3103 1226 3140 ad
1255 3103 1343 3140 sub-

269 3156 494 3195 ventionem
522 3157 803 3206 proximorum,
834 3169 914 3194 non
934 3157 1060 3194 solum
1085 3164 1273 3207 quantum
1295 3156 1343 3194 ad
1371 3196 1372 3204 ἵ

270 3209 437 3257 privatas
466 3222 664 3259 personas,
693 3211 762 3248 sed
791 3210 906 3248 etiam
937 3218 1123 3260 quantum
1151 3211 1200 3248 ad
1229 3210 1344 3248 totius

271 3263 499 3311 reipublicae
529 3264 811 3302 defensionem:
850 3264 954 3302 unde
985 3264 1033 3302 de
1063 3264 1157 3309 luda
1186 3265 1343 3302 Macha-

266 3370 454 3417 praelium
475 3372 597 3408 Israel
624 3384 710 3414 cum
740 3372 892 3417 laetitia,
921 3378 957 3409 et
983 3371 1155 3410 dilatavit
1174 3371 1342 3422 gloriam

269 3423 408 3471 populo
436 3437 516 3462 suo.
553 3425 731 3462 Ordinari
761 3426 876 3463 etiam
906 3433 1032 3474 potest
1061 3426 1109 3463 ad
1139 3438 1343 3463 conserva·

325 3557 352 3588 α)
373 3555 524 3581 tenendum.
537 3569 555 3575 -
574 3557 719 3581 tollendum
740 3557 807 3582 PlsC
826 3562 851 3582 et
869 3564 895 3582 a.

326 3590 352 3625 β)
371 3591 481 3617 sanctis.
495 3605 514 3610 -·
526 3589 581 3625 scis
600 3592 673 3622 BEF.
686 3593 824 3626 fratribus
844 3593 1003 3626 DLpAKsC.

95 2520 162 2569 '⁹⁰12'
178 2526 219 2542 cu·
223 2523 377 2560 posse
413 2512 480 2561 qui
521 2513 641 2549 armis
676 2511 817 2549 bellicis
851 2511 1050 2548 ministrat.
1087 2512 1134 2548 In
1171 2511 1229 2548 his
1263 2517 1374 2572 erat1

270 3316 368 3353 baeo
398 3317 548 3364 dicitur,
580 3319 592 3354 Ι
615 3318 797 3356 Machab.
820 3329 854 3355 111
875 3317 915 3365 ⁴⁸,
946 3318 1051 3368 quod
1078 3318 1344 3367 praeliabatur
1370 3321 1372 3324 ’

1403 682 1550 720 tionem
1581 682 1698 720 divini
1728 683 1872 721 cultus:
1901 685 2006 722 unde
2026 685 2170 724 ibidem
2185 686 2205 708 ’⁸‘
2225 687 2399 725 subditur
2419 689 2478 725 Iu-

1564 845 1637 881 Vos
1664 845 1765 882 scitis
1799 851 1942 894 quanta
1979 858 2052 896 ego
2089 852 2126 883 et
2149 848 2296 895 fratres
2328 849 2406 886 mei
2444 855 2480 886 et

1403 898 1537 935 domus
1551 898 1675 946 patris
1698 911 1771 936 met
1768 899 1957 949 fecimus
1970 911 2045 948 pro
2065 900 2212 950 legibus
2240 907 2277 938 et
2298 913 2372 950 pro
2390 914 2478 940 san·

1402 951 1468 988 ctis
1489 949 1504 981 β
1526 952 1689 1001 praelia.
1727 952 1840 990 Unde
1877 953 2152 991 convenienter
2184 954 2326 992 institui
2353 964 2479 1005 potest

1402 1058 1543 1108 aliquid
1563 1062 1820 1107 mundanum,
1838 1060 1905 1098 sed
1920 1069 2077 1110 propter
2097 1062 2362 1100 defensionem
2383 1063 2478 1101 divi-

1402 1112 1441 1149 ni
1461 1113 1583 1150 cultus
1605 1121 1641 1151 et
1659 1114 1835 1163 publicae
1860 1114 2011 1160 salutis;
2042 1116 2104 1152 vel
2125 1115 2239 1153 etiam
2260 1129 2477 1166 pauperum

1403 1176 1439 1204 et
1459 1179 1748 1216 oppressorum,
1766 1169 1980 1206 secundum
1999 1144 2091 1206 illud
2111 1170 2255 1207 Psalmi
2269 1169 2310 1192 ³²·
2300 1171 2480 1220 .Eripite

1395 1232 1620 1270 pauperem,
1641 1227 1677 1258 et
1698 1233 1863 1272 egenum
1882 1222 1929 1259 de
1947 1234 2065 1260 manu
2079 1224 2291 1272 peccatoris
2310 1223 2477 1262 liberate.

1454 1276 1513 1312 An
1543 1287 1681 1312 ramum
1711 1287 1811 1313 ERGO
1836 1287 2025 1314 1110οΝ01111
2054 1277 2162 1326 quod
2190 1277 2325 1326 aliquis
2352 1286 2479 1327 potest

1373 1373 1375 1377 ¹
1402 1340 1482 1365 non
1510 1329 1685 1366 resistere
1715 1330 1818 1366 malo
1848 1329 2060 1378 dupliciter.
2095 1330 2184 1368 Uno
2214 1331 2355 1379 modo,
2387 1344 2478 1370 con-

1373 1397 1374 1400 *
1402 1381 1585 1420 donando
1623 1383 1821 1443 propriam
1854 1383 2045 1421 iniuriam.
2089 1385 2138 1422 Et
2175 1385 2229 1422 sic
2265 1393 2392 1434 potest
2429 1386 2477 1424 ad

1401 1435 1677 1485 perfectionem
1707 1437 1918 1487 pertinere,
1949 1438 2105 1487 quando
2134 1438 2185 1476 ita
2213 1438 2297 1476 fieri
2327 1439 2480 1488 expedit

1401 1489 1450 1527 ad
1470 1491 1634 1528 salutem
1654 1490 1830 1528 aliorum.
1860 1511 1885 1518 —
1914 1491 2001 1528 Alio
2023 1491 2156 1539 modo,
2181 1493 2383 1530 tolerando
2410 1505 2478 1544 pa-

1401 1543 1538 1582 tienter
1565 1544 1721 1582 iniurias
1750 1545 1926 1582 aliorum.
1963 1545 2012 1582 Et
2040 1546 2115 1582 hoc
2144 1545 2193 1583 ad
2221 1545 2478 1596 imperfectio-

1401 1610 1492 1635 nem
1529 1598 1703 1647 pertinet,
1736 1600 1800 1636 vel
1837 1598 1951 1636 etiam
1989 1599 2039 1636 ad
2076 1598 2229 1647 vitium,
2273 1600 2304 1637 si
2342 1600 2478 1650 aliquis

1401 1660 1526 1700 potest
1545 1653 1820 1690 convenienter
1834 1652 2024 1690 iniurianti
2044 1652 2229 1691 resistere.
2250 1654 2364 1691 Unde
2383 1655 2478 1693 Am·

1372 1715 1374 1725 ¹
1401 1705 1551 1742 brosius
1580 1705 1679 1752 dicit,
1711 1706 1749 1743 in
1777 1706 1874 1743 libro
1902 1707 1949 1743 de
1973 1706 2081 1755 Offic.
2097 1706 2133 1744 *ε
2162 1707 2359 1745 Fortitudo
2379 1719 2478 1757 quae

216 1770 243 1785 ‹²-
271 1759 374 1796 enim
403 1759 442 1796 in
470 1759 654 1805 Decretis,
685 1760 731 1796 de
757 1759 924 1804 Poenit.;
954 1758 1037 1795 dist.
1058 1758 1094 1795 V
1112 1758 1150 1796 *z
1186 1759 1344 1796 Contra-
1372 1767 1374 1791 =

1372 1827 1374 1846 1
1393 1813 1519 1863 fendit
1545 1813 1730 1860 infirmos,
1758 1813 1820 1850 vel
1845 1825 1870 1850 a
1898 1813 2109 1851 latronibus
2125 1814 2260 1861 socios,
2284 1815 2401 1864 plena
2419 1817 2476 1855 iu-

1372 1867 1373 1899 l
1398 1867 1497 1904 stitia
1526 1872 1590 1904 est.
1615 1866 1736 1904 -Sicut
1770 1866 1884 1904 etiam
1918 1866 2063 1904 ibidem
2089 1866 2109 1889 '⁸‘
2138 1867 2227 1905 dicit
2261 1869 2475 1917 Dominum

1400 1759 1495 1796 bello
1520 1764 1535 1787 Υ
1570 1764 1695 1796 tuetur
1722 1771 1746 1796 a
1774 1760 1951 1797 barbaris
1972 1760 2162 1809 patriam,
2197 1761 2257 1798 vel
2282 1762 2389 1799 domi
2413 1762 2477 1801 de-

1404 1920 1512 1963 Quae
1539 1926 1604 1958 tua
1638 1926 1736 1966 sunt,
1765 1932 1814 1958 ne
1841 1926 2009 1970 repetas:
2044 1929 2080 1958 et
2108 1928 2251 1969 tamen,
2281 1922 2313 1959 si
2341 1922 2478 1972 aliquis

1400 1987 1479 2012 non
1509 1982 1698 2024 repeteret
1727 1986 1773 2011 ea
1801 1986 1902 2024 quae
1926 1981 2016 2012 sunt
2042 1974 2218 2022 aliorum,
2248 1975 2278 2012 si
2306 1975 2356 2015 ad
2385 1988 2476 2016 eum

1399 2027 1600 2077 pertineat,
1616 2035 1804 2077 peccaret.
1827 2027 1959 2066 Homo
1976 2027 2079 2066 enim
2099 2028 2341 2067 laudabiliter
2359 2030 2479 2071 donat

1399 2095 1481 2129 sua,
1511 2095 1591 2119 non
1620 2089 1749 2120 autem
1779 2081 1915 2119 aliena.
1944 2082 1994 2119 Et
2013 2083 2134 2120 multo
2155 2082 2284 2120 minus
2303 2095 2350 2122 ea
2377 2096 2478 2134 quae

1400 2143 1488 2173 sunt
1511 2135 1597 2183 Dei,
1629 2133 1741 2173 non⁶
1770 2143 1858 2173 sunt
1876 2135 2123 2184 negligenda:
2153 2137 2256 2186 quia,
2285 2145 2327 2174 ut
2355 2137 2477 2188 Chry·

1400 2197 1596 2228 sostomus
1625 2189 1724 2236 dicit,
1753 2201 1868 2238 super
1894 2190 2034 2228 Matth.
2054 2189 2087 2238 *,
2116 2191 2277 2228 iniurias
2304 2191 2380 2229 Dei
2404 2192 2531 2244 ἄϊε-Μ

1399 2243 1582 2281 simulare
1610 2243 1722 2280 nimis
1750 2249 1804 2280 est
1831 2243 2001 2292 impium.

1453 2299 1513 2334 Ar>
1552 2308 1747 2335 secunnuu
1784 2308 1973 2335 memnon
2007 2297 2114 2347 quod
2149 2309 2327 2336 exercere
2356 2297 2477 2338 advo-

1400 2412 1544 2454 pugnat
1571 2404 1679 2441 omni
1709 2403 1900 2452 religioni:
1931 2416 2010 2442 non
2030 2412 2159 2442 autem
2188 2405 2220 2443 si
2245 2406 2322 2444 1100
2340 2406 2477 2456 aliquis

1401 2466 1596 2505 exerceat,
1635 2458 1850 2495 secundum
1884 2457 2177 2507 dispositionem
2211 2459 2269 2497 sui
2298 2459 2476 2510 praelati,

1401 2524 1470 2561 pro
1501 2511 1736 2548 monasterio
1766 2524 1849 2558 suo,
1880 2519 1922 2548 ut
1950 2511 1988 2549 in
2009 2512 2146 2550 eadem
2175 2513 2366 2551 Decretali
2385 2514 2477 2552 sub-

1401 2565 1511 2603 ditur.
1542 2566 1683 2614 Neque
1704 2565 1819 2603 etiam
1839 2578 1910 2614 pro
1931 2565 2155 2604 defensione
2174 2578 2391 2616 pauperum
2411 2576 2478 2606 aut

263 2619 466 2668 perhibuit.
512 2620 590 2658 Sed
618 2619 668 2657 ad
696 2620 773 2657 hoc
805 2627 892 2657 sunt
922 2618 1110 2656 institutae
1144 2618 1345 2667 religiones
1372 2616 1374 2667 j
1399 2619 1628 2657 viduarum:
1658 2619 1764 2656 unde
1791 2618 1830 2656 in
1859 2619 2044 2667 Decretis,
2075 2620 2160 2658 dist.
2183 2621 2415 2659 LXXXVIII
2435 2621 2475 2670 ⁸¹,

269 2680 310 2710 ut
337 2672 515 2711 homines
550 2674 636 2711 Deo
672 2673 859 2723 placeant.
900 2673 1003 2722 Ergo
1040 2672 1130 2711 nihil
1165 2673 1374 2722 prohibet²

1400 2673 1556 2712 dicitur:
1587 2673 1768 2711 Decrevit
1783 2679 1915 2711 sancta
1937 2674 2116 2723 Synodus
2135 2674 2282 2712 nullum
2302 2675 2477 2725 deinceps

1400 2727 1579 2765 clericum
1608 2733 1676 2764 aut
1695 2727 1951 2776 possessiones
1969 2728 2192 2774 conducere,
2221 2734 2290 2766 aut
2316 2729 2476 2780 negotiis

1372 2787 1373 2807 ³
1398 2781 1657 2818 saecularibus
1693 2793 1734 2818 se
1765 2781 2017 2830 permiscere,
2057 2782 2131 2818 nisi
2153 2787 2313 2832 propter
2340 2794 2475 2820 curam

1395 2835 1642 2884 pupillorum,
1665 2843 1734 2872 etc.
1765 2835 1814 2872 Et
1842 2834 2012 2872 similiter
2040 2835 2201 2873 militare
2230 2843 2386 2885 propter
2408 2836 2475 2874 ali-

1371 2886 1373 2935 s
1400 2889 1491 2938 quid
1522 2888 1764 2926 mundanum
1795 2896 1850 2926 est
1879 2889 1985 2926 omni
2014 2888 2186 2938 religioni
2217 2889 2473 2927 contrarium:

1371 2978 1372 2983 ,
1400 2955 1478 2980 11011
1508 2950 1637 2980 autem
1667 2942 1826 2979 militare
1855 2950 2011 2992 propter
2039 2941 2272 2991 obsequium
2301 2942 2388 2981 Dei.

1452 2998 1511 3033 An
1549 3008 1710 3034 τεκτιυΜ
1745 3007 1931 3034 mesanum
1964 2996 2071 3044 quod
2109 2995 2240 3033 militia
2269 2997 2474 3035 saecularis

1399 3049 1634 3087 interdicitur
1670 3050 1975 3099 poenitentibus.
2012 3049 2081 3087 sed
2118 3049 2250 3086 militia
2283 3062 2384 3098 quae
2419 3059 2475 3089 est

1399 3112 1556 3164 propter
1582 3103 1657 3142 Dei
1685 3103 1930 3153 obsequium,
1958 3102 2169 3152 imponitur
2187 3103 2298 3141 alicui
2323 3104 2360 3141 in
2380 3117 2474 3154 poe-

1399 3157 1617 3204 nitentiam;
1647 3157 1744 3195 sicut
1770 3164 1875 3206 patet
1893 3157 1942 3195 de
1961 3156 2020 3194 his
2048 3155 2188 3205 quibus
2206 3157 2414 3207 iniungitur
2431 3152 2475 3196 dt

1399 3211 1560 3249 militent
1587 3211 1625 3249 in
1653 3210 1868 3249 subsidium
1897 3210 2042 3247 Terrae
2072 3210 2246 3248 Sanctae.

1452 3267 1511 3303 Ar>
1541 3276 1717 3308 otmarum
1746 3274 1949 3302 metunuu
1961 3264 2067 3312 quod
2088 3263 2219 3313 religio
2250 3265 2328 3302 non
2349 3264 2402 3303 sic
2420 3265 2474 3303 in-

1398 3318 1561 3356 stituitur
1595 3318 1645 3356 ad
1679 3316 1921 3356 militandum
1959 3317 2066 3365 quod
2103 3317 2288 3367 religiosis
2316 3319 2472 3370 propria

1399 3372 1622 3410 auctoritate
1650 3371 1761 3409 liceat
1788 3369 1886 3408 bella
1913 3382 2062 3418 gerere.
2093 3371 2162 3410 sed
2190 3372 2315 3410 solum
2344 3381 2472 3410 aucto·

1400 3426 1508 3463 ritate
1537 3424 1752 3475 principum
1780 3424 1843 3460 vel
1873 3424 2079 3462 Ecclesiae.

1453 3557 1481 3624 {3
1500 3555 1925 3617 221;0.—-g¹e¹llaABCDEFIKLpA
1948 3561 1974 3581 et
1998 3563 2023 3585 a,
2043 3556 2167 3582 bellando
2192 3556 2224 3587 H,
2240 3563 2293 3588 per
2317 3556 2385 3582 bella
2403 3556 2469 3582 ΡιΑ.

2506 699 2517 711 ’
2531 699 2598 722 Ven.
2613 705 2643 721 ιι.

2506 803 2517 814 ·
2530 802 2590 825 Vere
2612 808 2633 832 3.

2604 967 2621 1002 β

2504 1181 2719 1236 2Pn.1.xxn‚ven.

2504 1717 2514 1726 ⁴
2538 1715 2590 1738 Lib.
2615 1716 2638 1744 1,
2667 1722 2718 1745 enp-

2503 1748 2577 1765 xxvu.

2504 1875 2615 1925 ane·
2612 1881 2666 1904 etp.
2685 1882 2719 1904 vt,

2563 2194 2720 2250 ‘mi

2504 2238 2642 2305 Chry&
2654 2249 2720 2278 opp

2504 2619 2717 2646 'cummil-
