2768 4198
923 270 1192 316 QUAESTIO
1221 269 1416 317 CXXXII,
1447 271 1745 309 ARTlCULUS
1777 273 1790 308 l

462 488 879 562 QUAESTIO
919 487 2252 573 CENTE81MATR1GESIMASECUNDA

1081 610 1165 649 DE
1198 610 1368 650 INANI
1404 610 1634 651 GLORIA

986 720 1005 728 p

14 860 61 882 im
43 833 139 881 cndqu.
159 838 228 859 em,
259 830 447 912 DFANDE
485 818 806 855 considerandum
831 827 892 862 ,est
930 819 977 856 de
1015 819 1118 857 inani
1151 820 1270 867 gloria
1293 819 1325 857 *.
1353 822 1355 859 l

10 2176 19 2185 ¹·
35 2174 85 2195 Lib.
101 2173 118 2197 l.
134 2179 184 2201 cap.
198 2179 223 2194 ιι.

13 2496 21 2505 ·
28 2494 62 2516 De
70 2494 158 2516 Invent.
165 2494 225 2515 Rhe-

12 2524 57 2543 tor.
73 2522 112 2543 lib.
130 2521 157 2549 11,
174 2527 225 2549 cap.

12 2555 47 2569 ι.ν.

11 2652 92 2699 xii‘n‘iff.
103 2650 224 2702 {guallia-

12 2704 60 2729 111,
80 2710 130 2732 cap.
146 2710 197 2726 xm.
214 2716 223 2720 -

12 2731 47 2753 Cf.
57 2737 95 2758 qu.
105 2735 224 2758 cnr‚art.1.

13 2758 75 2786 ad3.
113 2786 124 2793 s

112 2794 120 2804 V

340 874 387 909 Et
416 873 515 908 circa
542 872 617 909 hoc
647 880 883 921 quaeruntur
911 872 1080 922 quinque
1101 878 1130 910 α.

309 926 460 962 Primo:
490 933 618 962 utrum
649 926 838 975 appetitus
867 926 1008 975 gloriae
1039 927 1085 964 sit
1112 934 1327 976 peccatum.

308 979 506 1016 Secundo:
546 987 671 1016 utrum
712 979 834 1017 inanis
872 980 991 1028 gloria
1029 980 1329 1029 magnanimitati

362 1041 591 1082 opponatur.
763 1078 769 1100 ί
1356 1053 1358 1075 ι

1050 725 1084 750 IN
1115 724 1278 756 QUINQUE
1306 725 1512 751 ARTICULOS
1540 726 1659 752 DIVISA

1437 820 1589 858 Tertio:
1620 829 1749 858 utrum
1779 821 1825 858 sit
1851 831 2054 870 peccatum
2083 825 2255 862 mortale.

1438 926 1605 973 Quarto:
1636 935 1765 964 utrum
1795 927 1842 964 sit
1868 927 2006 965 vitium
2036 928 2207 977 capitale.

1440 1033 1603 1080 Quinto:
1636 1033 1683 1071 de
1713 1033 1865 1071 filiabus
1895 1033 1988 1071 eius.

1070 1144 1391 1187 ARTICULUS
1424 1144 1632 1187 PRIMUS

858 1238 1014 1269 UTRUM
1039 1238 1281 1269 APPET1Tus
1307 1237 1499 1269 GLomAE
1523 1237 1591 1269 siT
1615 1237 1855 1269 PECCATUM

940 1317 981 1342 De
999 1317 1084 1348 Malo,
1105 1325 1150 1351 qu.
1169 1325 1203 1349 1x,
1222 1323 1269 1342 art.
1294 1326 1322 1348 1;
1342 1317 1386 1342 Ad
1408 1318 1508 1348 Galat„
1529 1325 1586 1351 cap.
1605 1325 1629 1348 v,
1650 1318 1709 1343 lect.
1728 1325 1774 1343 vn.

281 1424 347 1471 ἦθ’
370 1428 431 1480 ’κζ
438 1432 443 1443 ‘

280 1456 403 1522 πιαᾼ

271 1520 309 1563 ’χ
289 1496 422 1561 {vls
414 1508 606 1557 &Nullus
628 1516 729 1553 enim
746 1524 880 1577 peccat
898 1516 937 1553 in
952 1517 1027 1553 hoc
1047 1517 1152 1565 quod
1168 1518 1254 1554 Deo
1271 1529 1329 1554 as-

273 1564 286 1574 ”
312 1537 435 1597 ἐν
426 1562 671 1608 &similatum
701 1571 919 1618 quinimmo
947 1570 1163 1618 mandatur,
1189 1561 1357 1632 Ephesi

253 1635 276 1659 v
294 1622 334 1659 *z
364 1623 492 1660 Estote
530 1624 736 1661 imitatores
770 1625 863 1670 Dei,
892 1625 990 1662 sicut
1012 1624 1093 1673 filii
1129 1625 1327 1662 carissimi.
1356 1617 1357 1671 l

255 1652 334 1714 Sed
361 1677 398 1714 in
427 1678 502 1714 hoc
531 1678 641 1738 quod
666 1679 786 1715 homo
812 1678 961 1726 quaerit
983 1678 1156 1726 gloriam,
1178 1679 1357 1717 videtur

254 1733 380 1768 Deum
410 1731 558 1775 imitari
580 1732 643 1781 qui
664 1733 712 1769 ab
733 1731 954 1769 hominibus
973 1732 1133 1780 gloriam
1164 1733 1328 1780 quaerit:
1356 1778 1358 1783 ⁴

254 1785 355 1822 unde
386 1784 521 1821 dicitur
550 1785 668 1822 Isaiae
692 1785 837 1823 XL111*:
877 1785 1036 1823 Omnem
1057 1783 1071 1814 β
1090 1786 1157 1834 qui
1180 1787 1331 1824 invocat

253 1851 388 1876 nomen
410 1851 549 1884 meum,
567 1839 603 1875 in
622 1839 790 1889 gloriam
811 1851 936 1876 meam
957 1840 1087 1876 creavi
1104 1851 1202 1876 eum.
1225 1841 1329 1888 Ergo

252 1893 443 1942 appetitus
471 1891 612 1940 gloriae
642 1905 720 1929 non
751 1900 807 1929 est
835 1900 1050 1941 peccatum.

307 1959 341 1984 2.
363 1946 599 1993 ΡκΑΕτΕκι-ΣΑ,
625 1946 717 1984 illud
746 1958 814 1995 per
842 1946 949 1995 quod
978 1945 1113 1995 aliquis
1141 1958 1331 1995 provoca·
1357 1963 1358 1966 ¹

251 2011 311 2039 tur
340 2000 389 2037 ad
414 2001 574 2046 bonum,
596 2013 675 2037 non
703 2000 856 2038 videtur
885 2013 968 2037 esse
997 2007 1212 2049 peccatum.
1252 2001 1329 2038 Sed

252 2067 319 2104 per
355 2054 563 2103 appetitum
598 2054 740 2102 gloriae
775 2054 954 2091 homines
989 2062 1252 2103 provocantur
1280 2055 1330 2092 ad

252 2110 422 2146 bonum:
453 2107 542 2145 dicit
570 2108 672 2145 enim
693 2108 855 2154 Tullius,
877 2108 914 2145 in
940 2108 1037 2153 libro
1057 2108 1103 2145 de
1127 2109 1163 2144 T
1159 2108 1328 2146 asculan.

256 2163 406 2205 Quaest.
427 2161 465 2208 ⁹¹⁶,
502 2162 608 2209 quod
646 2174 776 2199 omnes
795 2166 811 2189 Υ
839 2162 891 2199 ad
925 2162 1048 2199 studia
1087 2162 1331 2211 impelluntur

252 2216 390 2267 gloria.
422 2216 464 2251 In
485 2227 592 2252 sacra
613 2215 726 2253 etiam
748 2215 943 2264 Scriptura
962 2214 1194 2264 promittitur
1212 2216 1332 2264 gloria

253 2282 323 2319 pro
353 2268 465 2306 bonis
504 2269 703 2317 operibus:
741 2269 954 2306 secundum
984 2268 1075 2306 illud
1102 2269 1216 2306 Rom.
1247 2281 1269 2306 11
1289 2269 1330 2307 ²⁸:

252 2324 328 2360 His
356 2323 423 2371 qui
456 2328 543 2359 sunt
578 2324 784 2360 secundum
808 2323 1032 2372 patientiam
1070 2323 1161 2360 boni
1195 2324 1330 2372 operis,

253 2377 419 2428 gloriam
449 2382 486 2413 et
511 2377 707 2414 honorem.
738 2377 840 2425 Ergo
871 2376 1061 2426 appetitus
1090 2376 1230 2424 gloriae
1251 2388 1330 2414 non
1358 2371 1360 2398 ἓ

255 2439 310 2468 est
338 2437 553 2480 peccatum.

310 2485 345 2522 3.
366 2485 604 2530 Pium-ream,
635 2483 784 2521 Tullius
806 2483 906 2526 dicit,
928 2483 965 2520 in
987 2495 1055 2520 sua
1074 2483 1279 2520 Rhetorica
1299 2483 1330 2524 *,

255 2538 360 2588 quod
398 2538 526 2588 gloria
564 2543 617 2574 est
641 2538 830 2586 frequens
859 2538 905 2574 de
941 2536 1068 2586 aliquo
1099 2537 1208 2581 fama
1244 2549 1330 2574 cum

254 2593 387 2630 laude:
417 2600 453 2629 et
483 2591 531 2629 ad
564 2591 667 2628 idem
696 2591 858 2640 pertinet
887 2590 993 2639 quod
1021 2590 1248 2628 Ambrosius
1278 2590 1332 2628 di·
1358 2611 1360 2635 t

255 2646 303 2683 cit
323 2647 361 2691 *,
392 2645 498 2694 quod
527 2644 646 2693 gloria
675 2653 730 2682 est
753 2643 766 2667 δ
795 2645 902 2682 clara
931 2656 1017 2681 cum
1045 2644 1158 2681 laude
1186 2645 1327 2682 notitia.

255 2699 332 2737 Sed
362 2707 543 2749 appetere
573 2698 804 2736 laudabilem
836 2699 978 2736 famam
1008 2710 1087 2735 non
1113 2705 1168 2735 est
1196 2710 1331 2747 pecca·
1358 2707 1359 2723 ¹

253 2762 348 2799 tum,
370 2753 589 2802 quinimmo
609 2752 761 2791 videtur
781 2765 864 2790 esse
884 2751 1091 2790 laudabile:
1117 2751 1330 2789 secundum

254 2808 344 2845 illud
373 2807 490 2844 Eccli.
510 2819 569 2844 xm
591 2807 628 2844 *z
663 2807 807 2844 Curam
836 2807 933 2844 habe
960 2806 1006 2843 de
1031 2807 1129 2843 bono
1159 2806 1331 2851 nomine,-

255 2869 290 2898 et
318 2862 369 2898 ad
395 2862 509 2898 Rom.
538 2873 586 2897 xu
606 2860 645 2898 ²¹³:
676 2861 919 2898 Providentes
957 2861 1057 2897 hona
1095 2871 1170 2897 non
1208 2859 1330 2897 solum
1358 2885 1360 2911 ς

253 2927 385 2952 coram
422 2915 526 2960 Deo,
555 2915 621 2951 sed
648 2914 761 2951 etiam
800 2926 932 2952 coram
962 2914 1135 2951 omnibus
1171 2914 1332 2951 homini-

253 2970 332 3006 bus.
374 2969 476 3016 Ergo
504 2967 694 3017 appetitus
723 2968 845 3005 inanis
875 2967 1017 3016 gloriae
1046 2979 1124 3004 non
1154 2975 1210 3004 est
1243 2979 1331 3016 pec·
1358 2996 1359 3011 ,

255 3030 394 3060 catum.

309 3077 383 3113 SED
413 3087 561 3113 CONTRA
590 3087 656 3112 EST
685 3075 791 3123 quod
820 3058 1057 3136 Augustinus
1087 3074 1193 3119 dicit,
1222 3074 1258 3111 V
1285 3070 1359 3111 de
1358 3092 1359 3100 κ

259 3130 338 3166 Civ.
370 3130 444 3166 Dei
460 3129 500 3151 *·
532 3130 670 3166 Sanius
689 3134 702 3150 ⁸
730 3129 830 3166 videt
855 3129 922 3178 qui
948 3134 984 3166 et
1007 3140 1179 3165 amorem
1208 3128 1331 3165 laudis
1358 3132 1359 3143 ³

254 3184 384 3220 vitium
406 3195 485 3220 esse
513 3183 716 3233 cognoscit.

312 3336 337 3365 z)
358 3333 480 3366 quinque.
493 3347 511 3352 -
532 3337 648 3365 quatuor
667 3332 847 3365 ABCFHKpl
868 3338 893 3357 et
912 3340 944 3362 a,·
964 3333 1028 3357 intra
1054 3340 1108 3358 om.
1129 3336 1219 3358 utrum
1243 3332 1332 3358 inanis
1357 3350 1359 3357 s

256 3369 346 3403 gloria
366 3369 586 3401 magnanimitati
605 3372 758 3401 opponatur
772 3368 876 3393 mutatis
889 3368 1049 3393 ordininibus
1069 3368 1248 3402 ΒΕΡΗΚΡΑΙ
1263 3373 1289 3393 et
1301 3375 1332 3396 a,·
1357 3371 1359 3390 .’

258 3406 278 3430 Ε
298 3405 359 3437 legit
378 3409 503 3437 quatuor,
524 3406 569 3429 sed
590 3410 674 3430 cetera
694 3410 721 3429 ut
742 3413 805 3434 nos,
824 3405 925 3429 omisso
951 3412 1011 3430 cum
1033 3405 1050 3428 Ρ
1071 3405 1160 3430 inanis
1182 3405 1289 3438 glorta:
1309 3405 1330 3429 D
1357 3391 1359 3418 ¹

257 3441 318 3473 legit
331 3444 455 3473 quatuor,
467 3446 492 3465 et
505 3448 578 3465 mox:
594 3440 716 3465 Secundo
731 3444 820 3465 utrum
836 3440 1058 3474 magnanimitati
1070 3444 1232 3473 opponatur,
1251 3440 1331 3465 tertio
1357 3433 1359 3463 ἶ

258 3480 348 3502 utrum
368 3476 404 3501 sit
420 3479 559 3507 peccatum
581 3476 708 3503 mortale.
730 3479 825 3508 quarto
845 3476 878 3501 de
889 3476 1001 3509 filiabus
1020 3476 1086 3501 eius.

312 3511 336 3544 β)
361 3512 512 3537 ()mnem.-
531 3511 606 3545 Affer
622 3511 698 3543 filios
723 3519 793 3536 meos
820 3512 852 3537 de
877 3513 1031 3545 longinquo,
1052 3515 1078 3536 er
1096 3511 1173 3543 filias
1200 3518 1272 3536 meas
1297 3511 1331 3535 ab

256 3548 388 3573 extremis
407 3550 504 3576 terrae.
524 3551 550 3572 et
569 3554 671 3572 omnem
693 3547 739 3571 Pa.

311 3585 337 3616 γ)
357 3590 459 3609 omnes.
472 3597 488 3603 -
508 3583 627 3608 homines
648 3583 716 3607 Pisa.

311 3622 335 3651 ὀ)
354 3623 434 3644 est.—
452 3619 530 3652 quasi
549 3619 646 3643 addent
666 3619 711 3643 Pa.

1355 1515 1490 1583 quod
1506 1516 1725 1564 clarificari,
1746 1524 1785 1552 ut
1805 1474 2041 1564 Augustinus
2062 1515 2162 1563 dicit,
2182 1527 2298 1565 super
2315 1518 2427 1555 Ioan.
2441 1517 2463 1541 ¹*

1356 1570 1545 1607 Claritas
1575 1577 1703 1607 autem
1736 1578 1771 1606 et
1800 1569 1981 1606 decorem
2013 1569 2208 1618 quendam
2236 1570 2366 1619 habet,
2388 1579 2425 1609 et
2443 1577 2462 1600 ’ἱ

1385 1623 1746 1661 manifestationem.
1782 1624 1830 1660 Et
1859 1622 1947 1660 ideo
1967 1635 2113 1660 nomen
2135 1623 2277 1671 gloriae
2306 1625 2462 1675 proprie

1385 1677 1567 1727 importat
1595 1676 1943 1714 manifestationem
1979 1677 2138 1715 alicuius
2167 1679 2214 1715 de
2242 1678 2318 1715 hoc
2357 1679 2464 1728 quod

1356 1724 1358 1761 Ϊ
1385 1732 1489 1780 apud
1516 1731 1695 1769 homines
1725 1731 1911 1768 decorum
1932 1730 2095 1777 videtur,
2117 1731 2198 1768 sive
2218 1731 2311 1770 illud
2330 1732 2376 1770 sit
2395 1734 2463 1770 bo-

1385 1797 1479 1822 num
1500 1785 1655 1834 aliquod
1676 1785 1887 1833 corporale,
1903 1784 1985 1822 sive
2005 1762 2210 1834 spirituale.
2242 1785 2343 1833 Quia
2366 1799 2462 1824 vero

1357 1853 1358 1884 i
1384 1838 1477 1875 illud
1506 1838 1612 1887 quod
1641 1838 1861 1887 simpliciter
1895 1838 2038 1875 clarum
2068 1847 2134 1886 est,
2157 1852 2179 1876 a
2208 1840 2336 1877 multis
2371 1844 2484 1878 con-v

1357 1901 1358 1914 *
1385 1891 1477 1940 spici
1506 1899 1631 1940 potest
1661 1899 1697 1928 et
1716 1903 1738 1928 a
1758 1891 1926 1939 remotis,
1947 1891 2035 1929 ideo
2056 1892 2211 1942 proprie
2230 1905 2300 1942 per
2317 1905 2464 1932 nomen

1385 1945 1529 1994 gloriae
1559 1944 1777 1993 designatur
1796 1944 1903 1993 quod
1932 1945 2080 1982 bonum
2101 1945 2259 1983 alicuius
2283 1946 2464 1985 deveniat

1385 1999 1423 2036 in
1452 1999 1663 2036 multorum
1693 1998 1866 2036 notitiam
1897 2006 1934 2035 et
1952 1999 2297 2048 approbationem:
2328 2012 2464 2038 secun-

1387 2053 1481 2090 dum
1501 2065 1619 2102 quem
1641 2052 1804 2090 modurn
1820 2050 1832 2073 θ
1854 2051 1989 2090 dicitur
2013 2052 2051 2090 in
2072 2052 2162 2090 Tito
2183 2053 2294 2091 Livio
2314 2053 2350 2091 *ε
2375 2053 2464 2092 Glo-

1386 2107 1484 2144 riari
1509 2107 1561 2144 ad
1588 2118 1705 2143 unum
1739 2118 1814 2144 non
1844 2111 1908 2143 est.
1948 2106 2108 2155 Largius
2136 2115 2267 2145 tamen
2304 2115 2463 2158 accepto

1386 2160 1544 2198 nomine
1573 2160 1736 2208 gloriae,
1768 2172 1846 2197 non
1875 2160 2000 2198 solum
2031 2160 2200 2198 consistit
2228 2161 2267 2199 in
2295 2161 2464 2200 multitu-

1386 2213 1483 2252 dinis
1513 2213 1741 2262 cognitione,
1772 2214 1841 2251 sed
1870 2214 1983 2252 etiam
2013 2227 2230 2263 paucorum
2249 2216 2313 2253 vel
2336 2215 2463 2264 unius,

1386 2275 1452 2304 aut
1480 2267 1538 2305 sui
1567 2267 1697 2314 solius,
1719 2268 1812 2305 dum
1842 2267 1983 2305 scilicet
2011 2267 2146 2317 aliquis
2165 2269 2367 2319 proprium
2396 2270 2464 2308 bo-

1358 2334 1360 2365 3
1386 2333 1481 2358 num
1512 2320 1728 2358 considerat
1755 2329 1797 2358 ut
1825 2320 1983 2369 dignum
2013 2322 2138 2359 laude.

1441 2375 1559 2422 Quod
1589 2382 1716 2411 autem
1748 2374 1881 2424 aliquis
1919 2375 2067 2412 bonum
2105 2387 2220 2412 suum
2258 2383 2466 2424 cognoscat

1387 2436 1423 2465 et
1443 2429 1644 2478 approbet,
1666 2430 1744 2465 non
1765 2436 1821 2465 est
1843 2436 2067 2477 peccatum:
2099 2428 2235 2466 dicitur
2255 2429 2357 2466 enim
2380 2430 2392 2466 l
2413 2430 2466 2467 ad

1358 2495 1360 2517 ÷
1391 2483 1479 2519 Cor.
1497 2494 1518 2519 11
1537 2482 1572 2519 *ε
1602 2482 1686 2520 Nos
1712 2487 1838 2519 autem
1866 2494 1942 2520 non
1962 2488 1971 2504 ⁸
1996 2482 2170 2531 spiritum
2198 2482 2310 2520 huius
2331 2483 2466 2521 mundi

1386 2536 1612 2584 accepimus,
1632 2536 1699 2572 sed
1725 2536 1906 2584 Spiritum
1935 2537 2002 2585 qui
2019 2548 2069 2573 ex
2096 2537 2180 2574 Deo
2208 2542 2272 2582 est,
2303 2542 2344 2573 ut
2368 2537 2463 2574 scia-

1386 2602 1470 2627 mus
1489 2601 1588 2638 quae
1606 2601 1630 2626 a
1645 2590 1729 2626 Deo
1749 2589 1889 2627 donata
1907 2595 1996 2626 sunt
2008 2590 2126 2627 nobis.
2148 2589 2330 2627 Similiter
2349 2590 2463 2628 etiam

1386 2655 1466 2680 non
1495 2652 1551 2680 est
1578 2651 1781 2692 peccatum
1811 2643 1917 2691 quod
1947 2643 2082 2692 aliquis
2110 2644 2204 2681 velit
2227 2643 2331 2681 bona
2349 2649 2366 2665 2‘
2395 2655 2464 2682 sua

1386 2698 1435 2734 ab
1464 2697 1544 2734 aliis
1574 2696 1797 2746 approbari:
1829 2696 1965 2734 dicitur
1993 2697 2097 2734 enim
2118 2697 2254 2735 Matth.
2274 2709 2298 2735 v
2317 2697 2356 2734 *ε
2387 2698 2463 2735 Lu-

1358 2750 1359 2760 *
1386 2757 1470 2788 ceat
1495 2751 1564 2788 lux
1590 2756 1716 2788 vestra
1745 2762 1877 2788 coram
1896 2750 2122 2790 hominibus.
2152 2751 2202 2789 Et
2230 2750 2318 2789 ideo
2346 2763 2463 2801 appe-

1386 2805 1473 2842 titus
1501 2804 1643 2854 gloriae
1672 2804 1720 2842 de
1741 2817 1781 2842 se
1802 2817 1881 2842 non
1900 2804 2075 2842 nominat
2103 2804 2243 2854 aliquid
2265 2803 2474 2842 vitiosum:

1442 2859 1518 2896 Sed
1549 2858 1739 2908 appetitus
1768 2858 1890 2896 inanis
1918 2859 1979 2896 vel
2009 2871 2133 2896 vanae
2160 2858 2303 2907 gloriae
2325 2857 2485 2896 vitium*

1358 2927 1359 2930 ¹
1386 2911 1582 2961 importat·
1605 2925 1694 2950 nam
1717 2911 1902 2962 quidlibet
1915 2924 2062 2950 vanum
2083 2919 2263 2962 appetere
2279 2911 2462 2950 vitiosum

1388 2974 1454 3013 est,
1472 2966 1685 3004 secundum
1706 2965 1798 3003 illud
1819 2965 1961 3003 Psalmi
1975 2965 2013 3003 *z
2049 2967 2099 3004 Ut
2115 2966 2207 3015 quid
2223 2965 2378 3016 diligitis
2395 2977 2462 3003 va-

1358 3064 1359 3068 ¹
1386 3020 1552 3067 nitatem,
1583 3026 1619 3057 et
1645 3020 1825 3069 quaeritis
1860 3019 2131 3057 mendacium?
2163 3020 2294 3056 Potest
2331 3027 2462 3057 autem

1386 3074 1504 3122 gloria
1535 3050 1607 3111 dici
1636 3086 1738 3111 vana
1756 3071 1790 3120 λ,
1832 3085 1911 3111 uno
1940 3072 2082 3121 modo,
2113 3085 2158 3110 ex
2186 3080 2293 3122 parte
2331 3072 2384 3110 rei
2414 3073 2462 3111 de

1386 3140 1462 3177 qua
1482 3127 1566 3177 quis
1587 3127 1747 3176 gloriam
1777 3126 1941 3177 quaerit:
1971 3134 2063 3176 puta
2092 3139 2181 3164 cum
2201 3126 2287 3175 quis
2315 3126 2464 3175 quaerit

1358 3183 1359 3204 ¹
1385 3181 1547 3230 gloriam
1577 3182 1625 3219 de
1645 3193 1693 3218 eo
1714 3181 1820 3230 quod
1840 3193 1919 3218 non
1944 3188 2011 3226 est,
2032 3180 2094 3217 vel
2115 3181 2163 3218 de
2183 3192 2231 3217 eo
2257 3180 2364 3229 quod
2384 3192 2462 3218 non

1445 3333 1466 3364 ε)
1488 3332 1630 3357 Sanius.-
1650 3331 1740 3356 Sanus
1758 3329 1898 3363 ABEFpK,
1919 3330 2047 3356 Sanctius
2066 3330 2096 3356 L.

1439 3367 1464 3400 ζ)
1483 3366 1646 3401 glorificari.
1657 3380 1675 3386 -
1693 3365 1811 3399 gloriari
1830 3365 1949 3391 PDGLa.

1439 3404 1466 3435 η)
1486 3403 1609 3429 decorem
1623 3402 1766 3435 quemdam
1780 3402 1867 3430 habet,
1887 3405 1952 3427 et.-
1969 3402 2051 3427 decor
2068 3402 2204 3435 quandam
2224 3403 2324 3428 habene
2342 3403 2389 3428 Pa.

1439 3437 1464 3471 θ)
1483 3445 1560 3471 quem
1581 3438 1698 3463 modum.
1710 3451 1730 3457 -
1748 3437 1820 3470 quod
1840 3437 1910 3462 PDa.
1923 3451 1942 3456 -
1961 3437 2011 3463 Pro
2031 3438 2131 3464 dicitur
2151 3438 2177 3463 ἰη
2201 3437 2261 3464 Τῖω
2269 3438 2356 3469 Livio,
2371 3438 2462 3464 SaHu·

1385 3474 1454 3500 :tius
1473 3474 1539 3499 dicit
1558 3474 1585 3498 1’n
1602 3473 1764 3499 Catilinari‘o
1783 3472 1831 3498 Pa.

1440 3510 1459 3542 ι)
1480 3517 1542 3534 non.
1554 3522 1573 3528 —
1592 3509 1654 3534 Om.
1675 3508 1814 3542 ssFpAcK,
1833 3514 1893 3534 ante
1912 3510 2064 3542 accepimus
2083 3515 2185 3543 ponunt
2205 3510 2335 3535 DEfflsK.

1439 3546 1465 3575 κ)
1485 3546 1563 3570 bona.
1576 3559 1594 3564 —
1613 3552 1696 3577 opera
1717 3545 1814 3570 addunt
1834 3545 1880 3570 Ρα.

1437 3579 1467 3612 λ)
1487 3588 1568 3606 vana.
1581 3595 1599 3600 —
1619 3581 1763 3613 tripliciter
1782 3581 1879 3606 addunt
1899 3581 1962 3606 PGa
1982 3587 2006 3606 et
2026 3587 2085 3607 ante
2103 3581 2195 3614 gloria
2215 3582 2246 3607 l..

2588 1464 2605 1495 t

2490 1523 2705 1578 cTfflmm'

2588 1588 2605 1613 Ἰ

2490 2083 2573 2107 mue.
2581 2084 2624 2108 u».
2631 2083 2706 2113 xxu,

2491 2117 2636 2165 ffiffiuffif‘
2654 2112 2703 2139 (Μ’

2492 2490 2629 2514 ‘Vere-18.

2492 2701 2630 2726 ‘ven-1⁶.

2490 2973 2552 2996 Ῥο.
2567 2979 2599 3002 ιν,
2609 2979 2668 2997 vm.
2681 2980 2705 3004 3.
