2768 4198
0 3213 18 3281 Ξ

0 3283 17 3470 Ξ

0 3495 18 3597 Ξ

284 1324 292 1327 “
324 1314 407 1348 <ritae
423 1317 629 1358 perfectione.
653 1317 729 1354 Quo
745 1316 780 1348 fit
804 1324 840 1348 ut
862 1325 893 1348 et
909 1316 1055 1357 praelatis
1071 1316 1254 1347 sollicitudo
1271 1317 1310 1347 sit
1327 1327 1402 1347 con·
1428 1323 1430 1332 ¹

79 1745 210 1824 :irre
227 1767 299 1818 “e-

80 1825 191 1859 ι-ῃ-
251 1811 298 1845 'nni

86 2704 98 2715 ⁸
110 2703 171 2726 lbid.

89 3543 100 3553 ⁵
113 3542 170 3571 Cep.
185 3548 269 3565 cxxxv.

925 307 1193 353 QUAESTlO
1224 310 1508 361 CLXXXVIII,
1536 314 1833 352 ARTICULUS
1861 315 1929 352 VII

330 380 549 412 confessiones
572 383 732 419 audiendi,
757 391 788 414 et
806 385 941 415 ministri
958 395 1071 416 eorum
1088 388 1264 418 necessarii.
1289 389 1403 419 Melius
1428 396 1430 407 ¹

330 425 417 455 enim
441 433 522 456 esset
545 427 754 466 paucissimos
778 428 893 458 habere
916 428 948 458 in
966 438 1125 460 conventu
1140 432 1180 461 ad
1196 431 1338 462 officium
1356 434 1402 463 di-

328 469 443 500 vinum
466 477 498 500 et
520 471 632 500 missas
656 471 892 508 celebrandum,
916 483 1015 513 quam
1037 473 1070 504 in
1090 482 1137 505 tot
1153 476 1303 506 ministris
1319 477 1403 510 vices

329 524 520 554 magnarum
536 515 742 545 ecclesiarum
758 516 920 556 subripere
933 517 965 547 in
982 517 1085 548 missis
1101 526 1131 549 et
1150 520 1263 550 divinis
1279 521 1400 557 officiis,

329 568 397 589 non
420 558 489 589 sine
506 558 625 590 vilitate
641 559 740 589 divini
757 560 861 590 cultus
881 562 990 601 quoad
1006 562 1166 593 ministros
1184 571 1214 594 et
1230 566 1401 604 populum,

329 654 360 678 et
383 647 478 688 culpa
501 648 678 679 extenditur
703 649 782 678 dum
805 649 867 679 hoc
890 649 1048 681 laudatur.

385 692 532 723 Secunda
555 699 602 723 est
625 692 744 723 nimius
767 700 926 733 sumptus.
962 694 1046 724 Nam
1070 696 1159 734 quod
1183 696 1308 735 triginta
1332 698 1401 727 reli-

328 736 411 778 giosi
433 737 530 767 hodie
553 737 698 777 exigunt,
723 738 822 778 paulo
845 745 936 774 ante,
961 745 1090 768 centum
1113 739 1195 770 forte
1218 740 1400 772 sufficiebat.

328 781 432 817 Nunc,
457 781 482 812 si
507 781 629 812 deesset
652 782 803 822 pietantia
827 782 1009 818 conventui,
1035 793 1120 812 error
1143 793 1278 823 magnus
1303 793 1400 816 esset:

328 825 407 856 olim
432 833 479 856 sat
502 833 568 857 erat
590 827 787 868 quandoque
810 826 926 857 habere
948 826 1046 858 illam.
1072 827 1176 857 Immo
1193 829 1307 867 legitur
1327 830 1400 859 bea-

326 877 398 901 tum
421 871 631 902 Dominicum
655 878 897 911 procuratorem
920 878 1096 908 conventus
1119 871 1331 903 Bononiensis
1355 884 1401 903 ar-

327 915 434 955 guisse
457 916 548 956 quod
571 917 746 946 destrueret
769 916 797 946 ei
821 915 941 952 fratres,
966 915 1042 956 quia
1058 925 1152 956 saepe
1167 917 1261 947 dabat
1277 917 1321 947 eis
1337 918 1402 957 pic-

269 964 274 968 “
326 960 509 991 tantiam*:
542 967 574 992 et
600 967 725 996 tamen,
754 967 914 1001 quantum
940 970 978 990 ex
1003 960 1056 990 illa
1080 960 1216 991 lectione
1250 962 1400 998 memini,

327 1014 393 1035 non
417 1005 513 1036 dabat
542 1005 624 1036 forte
647 1004 696 1035 bis
718 1004 751 1035 in
774 1004 978 1036 hebdomada
1001 1004 1185 1045 pictantiam
1213 1014 1403 1045 procurator

326 1049 389 1080 ille.
415 1049 505 1081 Olim
520 1057 623 1080 vestes
637 1056 757 1080 veteres
777 1056 808 1080 et
829 1049 960 1085 lacerae,
978 1049 1142 1080 resarcitae
1158 1056 1275 1086 tamen,
1293 1050 1324 1080 in
1341 1061 1401 1081 usu

327 1101 431 1125 erant:
465 1094 565 1125 modo
597 1094 798 1124 consumitur
825 1093 983 1124 aerarium
1016 1103 1170 1133 magnum
1194 1094 1226 1124 in
1250 1095 1400 1126 vestibus.

326 1139 436 1170 Taceo
461 1140 500 1170 de
523 1138 649 1169 fabricis
673 1139 873 1179 sumptuosis
897 1148 980 1179 quae
999 1148 1016 1168 a
1033 1138 1287 1169 mendicantibus
1310 1138 1402 1171 fiunt.

326 1184 377 1220 Et,
397 1183 542 1220 breviter,
560 1193 715 1224 expensae
739 1183 912 1214 modernae
934 1189 1061 1213 tantum
1077 1182 1194 1213 distant
1210 1184 1247 1213 ab
1264 1184 1402 1225 antiquis

326 1235 364 1259 ut
386 1238 452 1259 non
477 1228 517 1259 sit
540 1228 659 1258 mirum
683 1228 709 1258 si
732 1228 834 1258 multa
858 1237 942 1268 opus
966 1227 1006 1258 sit
1029 1227 1254 1258 sollicitudine.

381 1272 496 1314 1931&
513 1279 562 1304 est
582 1272 665 1303 vitae
688 1272 905 1313 imperfectio:
929 1271 1005 1313 quia
1024 1271 1163 1312 religiosi
1179 1271 1354 1306 defecimus
1369 1273 1401 1303 in

325 1362 447 1393 notatos
471 1361 580 1393 fratres
596 1361 805 1393 conservandi
822 1361 855 1392 in
871 1361 968 1397 victu,
985 1367 1062 1397 etc.;
1086 1367 1118 1391 et
1132 1361 1319 1397 saeculares,
1335 1371 1402 1392 non

324 1406 468 1437 videntes
492 1406 722 1448 perfectionem
753 1416 835 1447 quae
859 1406 891 1436 in
916 1405 1031 1436 talibus
1055 1405 1204 1445 exigitur,
1237 1415 1303 1436 non
1327 1406 1404 1437 dant

323 1451 468 1492 largiter3
488 1458 520 1483 et
535 1452 633 1488 Deus,
649 1451 833 1492 principalis
849 1450 1043 1487 distributor,
1059 1449 1232 1481 iu'stissime
1248 1450 1403 1482 subtrahit

325 1496 547 1538 eleemosynas
575 1496 659 1526 male
682 1495 803 1526 meritis
833 1495 872 1527 de
899 1505 958 1526 sua
980 1494 1191 1536 professione.
1222 1495 1264 1526 Et
1294 1502 1402 1526 tamen

325 1543 449 1573 Auctor
471 1541 650 1572 doctrinam
668 1550 761 1571 suam
784 1541 824 1571 de
838 1539 1063 1580 religiosorum
1079 1546 1265 1580 paupertate
1289 1539 1404 1571 fundat

325 1582 423 1627 §upra
442 1591 648 1627 praesumpta
662 1584 856 1626 perfectione
875 1583 1095 1626 profitentium
1111 1591 1332 1625 paupertatem
1346 1595 1402 1615 vo-

325 1630 512 1662 luntariam:
533 1637 569 1661 ut
583 1636 671 1670 patet
686 1629 719 1660 in
736 1629 777 1660 111
794 1629 917 1660 Contra
936 1629 1063 1666 Gent.*,
1078 1629 1112 1659 in
1129 1629 1239 1660 multis
1256 1628 1402 1669 capitulis

325 1675 365 1706 de
387 1675 447 1706 hac
470 1675 611 1706 materia.
637 1674 731 1705 Unde
753 1681 785 1705 et
808 1674 859 1705 hic
875 1674 951 1706 dicit
969 1674 1059 1715 quod
1075 1674 1200 1705 modica
1217 1675 1402 1705 necessaria

325 1720 370 1753 ad
391 1721 488 1759 uitae,
510 1726 570 1751 etc.
602 1719 689 1757 Quia
712 1726 823 1750 natura
847 1718 957 1760 paucis
981 1725 1129 1750 contenta
1157 1726 1218 1749 est:
1250 1719 1305 1749 sed
1334 1729 1402 1750 non

326 1764 520 1795 delectabilis
542 1763 703 1804 appetitus
719 1764 751 1800 *;
777 1764 832 1794 sed
856 1773 922 1794 non
945 1763 1054 1794 infelix
1070 1763 1184 1794 horror
1206 1763 1401 1794 abiectarum

324 1809 480 1846 vestium
504 1809 560 1839 sed
583 1819 649 1839 non
674 1808 842 1848 dispositio
857 1808 988 1839 illorum
1012 1807 1068 1849 qui
1091 1817 1246 1848 pauperes
1262 1817 1329 1838 esse
1345 1818 1401 1838 vo-

323 1848 397 1886 lunt
420 1859 451 1885 et
474 1853 554 1884 nihil
577 1852 636 1884 sibi
659 1852 777 1884 deesse.
802 1850 983 1884 Dicendum
1007 1859 1053 1883 est
1076 1851 1172 1892 igitur
1194 1852 1294 1893 quod,
1311 1852 1336 1883 si
1353 1863 1400 1883 re-

323 1895 431 1939 ligiosi
453 1898 505 1928 isti
527 1897 715 1938 perfectioni
739 1897 822 1928 vitae
845 1906 978 1938 operam
998 1897 1108 1927 darent
1130 1896 1300 1933 efficacem,
1325 1907 1401 1927 con·
1426 1906 1428 1908 ·

304 1942 403 1974 »τουτὶ
427 1942 504 1973 solis
527 1941 710 1973 necessariis
733 1942 772 1972 ad
795 1942 903 1979 vitam,
927 1951 1024 1982 parva
1043 1941 1224 1972 immineret
1247 1941 1291 1972 eis
1314 1941 1400 1972 solli-

325 1987 436 2021 citudo
459 1986 654 2028 procurandi
677 1986 808 2018 victum.

381 2032 423 2063 Et
445 2041 503 2072 per
525 2031 588 2062 hoc
611 2031 746 2062 solvitur
769 2031 864 2062 etiam
888 2031 1028 2062 secunda
1047 2030 1195 2061 obiectio.
1218 2030 1303 2061 Nam
1320 2030 1401 2061 desi-

326 2082 406 2107 stere
430 2087 449 2107 a
470 2075 674 2118 perfectionis
698 2075 804 2107 studio
837 2076 879 2107 ob
904 2074 1127 2116 negligentiam
1159 2081 1190 2106 et
1213 2085 1310 2106 usum
1333 2086 1400 2106 non

325 2120 587 2158 necessariorum,
612 2119 692 2151 ratio
716 2127 763 2151 est
786 2130 884 2162 quare
903 2120 991 2151 Deus
1008 2130 1074 2150 non
1091 2119 1191 2160 aperit
1207 2119 1250 2150 eis
1266 2129 1401 2150 manum

325 2165 548 2197 saecularium.
571 2164 675 2196 Cuius
699 2164 972 2196 evidentissimum
995 2163 1123 2204 signum
1148 2171 1195 2195 est
1217 2164 1307 2205 quod
1331 2164 1400 2195 ubi-

326 2219 467 2252 cumque
488 2210 536 2240 vir
559 2209 674 2250 aliquis
697 2208 853 2250 perfectae
875 2209 958 2240 vitae
981 2208 1168 2239 nominatur
1190 2214 1222 2239 et
1243 2209 1400 2246 creditur,

325 2255 412 2286 ultro
435 2255 547 2286 omnia
568 2253 746 2286 offeruntur
768 2264 787 2285 a
809 2253 967 2285 fidelibus,

383 2300 437 2331 IV.
461 2299 554 2331 Circa
569 2299 696 2330 loculos
711 2299 844 2330 Domini
861 2298 996 2330 dubium
1012 2297 1164 2329 occurrit:
1189 2300 1242 2328 An
1257 2297 1298 2328 sit
1317 2307 1401 2338 opus

325 2344 542 2385 perfectioniS‚
565 2343 616 2374 vel
645 2343 905 2384 imperfectionis,
933 2343 1048 2373 habere
1077 2342 1214 2378 loculos,
1231 2349 1261 2373 et
1290 2342 1400 2373 huius—

326 2389 427 2420 modi.
446 2389 488 2420 Et
503 2395 550 2419 est
568 2388 649 2419 ratio
666 2388 754 2419 dubii
770 2387 847 2430 quia
862 2387 1073 2428 Augustinus,
1089 2387 1122 2417 in
1137 2386 1220 2418 libro
1236 2386 1276 2418 de
1295 2386 1401 2428 Opere

276 2456 282 2462 .
325 2433 478 2465 Monach.
494 2433 521 2470 ²⁸²,
537 2439 569 2464 et
591 2442 688 2473 super
709 2433 804 2469 illud,
821 2433 1010 2464 Producens
1022 2431 1165 2473 faenum
1189 2432 1340 2463 iumentis
1354 2431 1399 2469 **,

293 2500 299 2506 .
326 2477 418 2509 dicit:
441 2479 604 2509 Dominus
624 2483 735 2509 noster
757 2478 850 2509 Iesus
876 2477 1036 2514 Christus,
1061 2486 1151 2507 more
1172 2485 1253 2507 suae
1276 2477 1401 2507 miseri-

326 2523 458 2554 cordiae
487 2523 721 2564 infirmioribus
743 2523 957 2563 compatiens,
989 2531 1062 2552 cum
1085 2522 1115 2552 ei
1132 2526 1266 2562 possent
1288 2521 1402 2562 angeli

326 2568 525 2604 ministrare,
543 2568 666 2598 loculos
679 2567 798 2598 habere
811 2567 969 2608 dignatus
985 2571 1042 2597 est.
1059 2583 1080 2590 -
1096 2566 1138 2596 Et
1151 2565 1304 2596 Nicolaus
1321 2566 1363 2597 IV
1371 2566 1400 2602 *,

325 2611 360 2642 in
376 2611 544 2650 Decretali,
566 2609 657 2643 Exiit
676 2612 732 2652 qui
753 2613 900 2647 seminat,
920 2611 954 2641 in
976 2610 1082 2646 Sexto,
1101 2610 1142 2641 de
1162 2610 1251 2640 Verb.
1273 2609 1400 2652 signif„

326 2655 405 2686 dixit
428 2656 518 2698 quod
541 2656 745 2697 infirmorum
763 2666 939 2697 personam
966 2655 1115 2686 Christus
1136 2655 1276 2695 suscepit
1298 2656 1330 2686 in
1355 2655 1400 2685 lo-

327 2701 419 2731 culis.
443 2700 485 2731 Et
506 2710 616 2731 rursus
630 2700 664 2730 *2
688 2700 769 2742 Egit
784 2710 923 2741 namque
939 2699 1089 2731 Christus
1112 2704 1143 2730 et
1164 2698 1274 2730 docuit
1289 2699 1400 2740 perfe-

326 2746 442 2776 ctionis
470 2752 589 2785 opera:
617 2745 686 2786 egit
713 2746 809 2776 etiam
834 2749 865 2776 et
894 2744 1043 2786 infirma,
1065 2745 1150 2775 sicut
1172 2744 1334 2775 interdum
1366 2745 1399 2775 in

315 2788 411 2831 fuga
429 2794 540 2830 patet,
565 2794 595 2820 et
617 2790 742 2820 loculis.
773 2789 839 2820 Sed
865 2794 1038 2830 utrumque
1061 2788 1208 2830 perfecte
1232 2788 1401 2830 perfectus

327 2835 488 2865 existens:
510 2839 545 2864 ut
562 2833 721 2875 perfectis
743 2838 775 2864 et
797 2833 995 2876 imperfectis
1012 2843 1048 2864 se
1066 2834 1150 2864 viam
1166 2833 1282 2864 salutis
1297 2839 1400 2864 osten-

325 2878 434 2916 deret,
459 2880 515 2919 qui
538 2884 691 2919 utrosque
712 2877 843 2909 saluare
866 2883 1009 2909 venerat.
1044 2877 1107 2909 Ubi
1131 2877 1297 2909 manifeste
1324 2878 1400 2909 insi-

326 2930 446 2954 nuatur
468 2923 558 2964 quod
581 2923 697 2953 habere
719 2922 846 2954 loculos
869 2922 1132 2964 imperfectorum
1155 2929 1212 2952 est.

383 2967 418 2998 In
443 2967 633 3008 oppositum
649 2973 697 2997 est
711 2966 881 2997 auctoritas
903 2966 1023 2998 litterae
1047 2966 1153 3002 huius,
1172 2973 1202 2997 et
1221 2966 1351 2997 rationis
1367 2966 1400 2996 in

326 3022 364 3043 ea
379 3012 508 3043 allatae:
529 3021 612 3052 quae
624 3018 732 3051 potest
746 3011 790 3042 sic
807 3011 943 3042 extendi.
964 3011 1089 3041 Habere
1105 3011 1231 3041 loculos
1248 3011 1327 3041 nihil
1341 3011 1400 3041 mi-

326 3056 398 3089 nuit
413 3057 453 3087 de
466 3056 624 3098 personali
638 3055 847 3096 perfectione:
868 3055 1011 3096 alioquin
1026 3055 1198 3091 Abraham,
1212 3055 1263 3086 cui
1278 3055 1400 3087 dictum

294 3119 301 3131 ‚
328 3108 385 3137 est,
399 3101 479 3132 Esto
496 3100 666 3143 perfectus
680 3101 706 3137 *‚
724 3108 755 3131 et
778 3100 925 3132 Christus
949 3108 980 3131 et
1002 3100 1152 3140 Apostoli
1176 3110 1242 3130 non
1266 3099 1401 3132 fuissent

327 3144 458 3186 perfecti
474 3144 690 3185 personaliter.
715 3144 803 3175 Nihil
818 3144 914 3175 etiam
937 3142 1054 3175 minuit
1069 3144 1108 3174 de
1124 3143 1319 3184 perfectione
1342 3151 1401 3176 sta-

327 3196 379 3220 tus
412 3189 618 3230 episcopalis:
643 3189 785 3230 alioquin
810 3195 858 3220 tot
886 3188 984 3220 sancti
1013 3187 1160 3228 episcopi·
1177 3197 1242 3219 non
1267 3187 1401 3220 fuissent

327 3233 474 3274 perfecti,
496 3240 534 3264 ut
549 3234 748 3270 Ambrosius,
769 3233 980 3274 Augustinus,
996 3232 1178 3272 Gregorius.
1202 3232 1290 3263 Nihil
1305 3233 1400 3264 etiam

328 3277 447 3308 minuit
460 3278 499 3308 de
514 3276 710 3318 perfectione
725 3278 902 3318 religionis:
924 3277 1070 3318 alioquin
1084 3277 1284 3313 Benedictus,
1297 3279 1399 3308 Anto·

328 3323 412 3359 nius,
422 3322 612 3359 Reman-dus,
630 3322 832 3359 Dominicus,
851 3329 921 3359 etc.,
936 3331 1003 3352 non
1026 3321 1160 3352 fuissent
1183 3321 1314 3361 perfecti
1329 3322 1399 3352 reli-

328 3366 419 3407 giosi.
437 3366 527 3398 Nihil
543 3376 618 3407 ergo
635 3367 751 3398 minuit
769 3367 808 3398 de
827 3366 1022 3408 perfectione
1042 3366 1155 3396 habere
1171 3366 1311 3396 loculos.

383 3411 423 3441 V.
447 3411 500 3441 Ad
522 3410 585 3441 hoc
608 3410 725 3443 dicitur
747 3411 838 3452 quod
861 3411 974 3452 procul
1005 3409 1104 3441 dubio
1131 3409 1246 3440 habere
1272 3409 1398 3441 loculos

329 3455 408 3485 nihil
438 3454 556 3485 minuit
578 3454 617 3485 de
641 3454 835 3495 perfectione
857 3455 950 3493 vitae,
975 3461 1029 3485 aut
1057 3461 1155 3485 status
1185 3453 1324 3494 religiosi
1347 3455 1398 3485 vel

329 3499 534 3540 episcopalis:
559 3506 690 3539 propter
719 3499 857 3530 rationes
881 3510 960 3540 quas
983 3502 1106 3530 Auctor
1129 3498 1216 3529 affert
1238 3505 1269 3528 et
1292 3498 1343 3529 hic
1367 3505 1398 3529 et

328 3544 360 3574 in
386 3544 427 3574 111
451 3543 574 3575 Contra
599 3543 690 3575 Gent.
705 3544 724 3563 *
739 3543 869 3580 diffuse;
893 3551 923 3575 et
947 3544 1090 3584 exempla
1113 3542 1231 3574 Christi
1255 3549 1285 3573 et
1307 3545 1395 3584 Apo-

328 3589 503 3624 stolorum;
528 3594 559 3618 et
574 3588 807 3618 observantiam
822 3595 870 3620 tot
893 3588 1108 3628 perfectorum
1123 3594 1307 3618 sanctorum
1331 3587 1397 3627 epi-

328 3642 503 3672 scoporum
526 3638 557 3662 et
579 3632 813 3672 religiosorum,
826 3642 967 3673 quorum
991 3642 1087 3673 opera
1111 3639 1186 3662 sunt
1201 3631 1344 3662 doctrina
1356 3631 1399 3661 vi-

327 3683 378 3707 tae
402 3676 609 3707 Christianae.

2440 323 2510 359 533

1511 391 1572 422 Pro
1602 392 1805 432 intelligentia
1838 401 1944 425 autem
1971 396 2140 426 verborum
2170 406 2251 437 quae
2273 398 2306 427 in
2329 399 2513 438 oppositum

1429 430 1430 434 ¹
1455 443 1591 474 possunt
1613 436 1730 473 induci,
1755 438 1833 468 scito
1858 439 1947 478 quod
1970 439 2099 479 aliquod
2124 450 2206 480 opus
2232 451 2298 471 esse
2321 443 2514 483 infirmitatis

1454 479 1504 508 vel
1528 481 1730 520 infirmorum
1755 483 1804 512 vel
1827 483 2008 523 infirmum,
2034 494 2088 514 seu
2118 485 2365 525 imperfectionis
2385 488 2434 517 vel
2457 489 2512 518 im-

1449 523 1670 563 perfectorum
1701 526 1750 556 vel
1769 527 2002 567 imperfectum,
2025 528 2176 568 contingit
2196 529 2372 569 dupliciter.
2395 531 2512 568 Primo,

623 603 631 610 ὁ
887 605 893 611 ι
1119 607 1126 613 ι
1249 609 1255 614 ·
1427 576 1429 614 ᾗ
1454 567 1618 607 loquendo
1642 570 1680 599 de
1703 569 1882 601 infirmitate
1913 579 1943 601 et
1965 571 2203 612 imperfectione
2227 574 2324 604 moris
2354 575 2512 614 privative,

329 603 410 634 dum
429 610 478 635 tot
493 611 568 634 sunt
588 613 703 634 missae
717 611 799 644 quot
821 605 982 635 auditores
998 613 1139 645 spectati,
1156 615 1186 638 et
1201 608 1401 640 huiusmodi:

1427 666 1429 678 1
1455 664 1551 694 opera
1574 656 1698 687 infirma
1722 658 1837 697 egisse:
1862 660 2015 699 quoniam
2039 661 2128 700 quod
2152 661 2196 692 sic
2219 668 2266 692 est
2287 662 2450 693 infirmum
2465 664 2514 694 vel

1454 621 1509 640 seu
1544 614 1707 644 contrarie.
1743 614 1783 644 Et
1811 615 1854 645 sic
1885 615 2107 655 blasphemum
2135 624 2182 647 est
2212 618 2313 648 dicere
2337 618 2514 650 Dominum

1454 698 1694 739 imperfectum,
1719 709 1802 732 caret
1830 703 2022 742 perfectione
2044 705 2095 735 vel
2124 705 2254 736 sanitate
2277 707 2389 737 morali
2416 717 2513 747 quam

1455 743 1547 774 debet
1569 744 1693 775 habere.

1508 788 1582 817 Alio
1606 790 1715 826 modo,
1740 791 1898 829 negative:
1926 799 1956 822 et
1980 791 2041 822 hoc
2064 793 2247 832 dupliciter,
2272 795 2321 824 vel
2343 794 2376 824 in
2400 805 2513 834 genere

1454 832 1562 868 moris,
1586 833 1635 863 vel
1659 833 1691 863 in
1715 844 1826 873 genere
1851 842 1988 866 naturae.
2014 836 2045 866 Si
2069 837 2259 877 intelligatur
2277 838 2310 868 in
2329 848 2440 877 genere
2458 849 2514 869 na·

1454 882 1541 905 turae
1572 877 1697 916 negatio
1729 878 1945 917 perfectionis,
1975 889 2085 910 sensus
2108 889 2154 911 est
2177 882 2265 922 quod
2289 889 2376 912 actus
2400 883 2513 923 aliquis

1454 926 1501 949 est
1528 920 1672 951 infirmus
1695 922 1744 951 vel
1767 922 1969 962 imperfectus
2002 924 2076 964 quia
2099 925 2165 964 ipse
2189 936 2226 956 ex
2255 936 2336 962 una,
2365 933 2396 957 et
2425 935 2513 958 actus

1455 965 1628 995 contrarius
1652 975 1688 995 ex
1711 966 1806 996 altera
1831 975 1931 1006 parte,
1961 967 2004 998 sic
2028 979 2060 998 se
2083 969 2198 1000 habent
2225 971 2312 1010 quod
2336 977 2423 1001 actus
2446 971 2513 1011 ipse

1454 1008 1504 1038 vel
1527 1009 1686 1039 defectum
1709 1009 1848 1050 aliquem
1865 1018 1993 1041 naturae
2009 1020 2101 1043 sonat
2119 1023 2216 1053 quem
2232 1024 2296 1044 non
2313 1022 2404 1045 sonat
2419 1016 2511 1052 alter;

1454 1052 1504 1082 vel
1527 1053 1741 1083 excellentiam
1767 1054 1905 1095 aliquam
1921 1063 2013 1086 sonat
2032 1057 2108 1087 alter
2130 1067 2227 1098 quam
2243 1068 2309 1088 non
2325 1066 2416 1089 sonat
2435 1060 2512 1099 ipse.

1454 1097 1549 1127 Verbi
1580 1098 1692 1137 gratia,
1724 1098 1865 1128 occidere
1893 1099 2072 1136 hominem,
2096 1101 2231 1132 solitarie
2255 1109 2436 1142 sumptum,
2468 1110 2514 1134 est

1454 1148 1542 1171 actus
1566 1142 1686 1172 malum
1704 1151 1835 1178 sonans;
1861 1153 2042 1174 conservare
2057 1152 2163 1175 autem
2183 1146 2346 1176 hominem
2362 1153 2408 1177 est
2426 1154 2513 1178 actus

1455 1186 1629 1216 contrarius
1653 1196 1770 1216 sonans
1794 1187 1929 1218 solitarie
1953 1189 2094 1225 bonum;
2119 1199 2154 1220 ac
2170 1200 2224 1229 per
2243 1191 2314 1227 hoc,
2334 1198 2438 1230 potest
2453 1191 2513 1222 dici

1454 1231 1543 1270 quod
1567 1230 1708 1261 occidere
1733 1230 1895 1261 hominem
1920 1239 1965 1262 est
1989 1233 2128 1269 malurn,
2153 1241 2183 1264 et
2207 1245 2388 1265 conservare
2412 1235 2513 1265 homi-

1455 1284 1529 1304 nem
1553 1282 1600 1305 est
1622 1275 1755 1306 bonum.
1779 1275 1819 1305 Et
1843 1275 1886 1306 sic
1911 1284 1956 1306 est
1979 1277 2010 1306 in
2025 1287 2138 1316 genere
2155 1285 2293 1309 naturae.
2318 1279 2400 1309 Nam
2417 1279 2449 1309 in
2465 1290 2514 1319 ge-

1455 1329 1528 1349 nere
1552 1329 1692 1355 morum,
1717 1326 1890 1360 utrumque
1913 1327 2018 1360 potest
2034 1331 2100 1351 esse
2124 1323 2247 1352 bonum
2263 1331 2294 1354 et
2312 1323 2445 1354 malum.
2469 1324 2514 1354 Si-

1456 1363 1570 1393 militer
1593 1363 1624 1393 in
1650 1364 1816 1403 proposito
1831 1363 1935 1394 vivere
1952 1364 2018 1395 sine
2041 1366 2154 1396 loculis
2170 1367 2368 1397 excellentiae
2383 1377 2515 1407 magnae

1455 1415 1517 1437 est:
1542 1407 1643 1437 immo
1668 1407 1848 1443 divinitatis,
1872 1415 1908 1438 ut
1931 1409 1955 1438 si
1980 1409 2107 1439 Christo
2131 1411 2233 1449 angeli
2257 1411 2406 1442 continue
2420 1412 2514 1441 mini-

1455 1458 1621 1487 strassent;
1654 1451 1735 1482 sicut
1763 1459 1794 1482 et
1820 1453 1957 1483 Paulum
1984 1453 2156 1484 Eremitam
2185 1464 2297 1485 corvus
2325 1456 2471 1496 pascebat
2487 1456 2515 1486 *.

1455 1496 1497 1527 Et
1519 1506 1575 1536 per
1598 1495 1796 1536 oppositum,
1821 1496 1923 1526 vivere
1947 1507 2021 1527 cum
2045 1498 2160 1528 loculis
2178 1498 2366 1529 infirmitatis
2389 1506 2436 1530 est
2458 1500 2515 1530 hu-

1455 1550 1568 1571 manae
1588 1540 1790 1571 necessitatis.
1814 1540 1896 1570 Illud
1919 1540 2119 1580 perfectionis
2143 1552 2238 1582 supra
2254 1542 2431 1574 hominem:
2456 1543 2517 1574 hoc

1428 1604 1430 1614 .
1455 1584 1704 1625 imperfectionis
1734 1583 1902 1615 humanae.
1939 1585 1980 1615 Et
2009 1585 2053 1615 sic
2082 1586 2194 1626 procul
2225 1586 2322 1617 dubio
2349 1588 2518 1627 Augustini

1454 1630 1549 1660 verba
1572 1629 1775 1669 intelligenda
1800 1636 1889 1659 sunt:
1924 1637 1960 1659 ut
1990 1636 2075 1670 patet
2099 1639 2135 1660 ex
2159 1640 2197 1660 eo
2226 1631 2314 1670 quod
2341 1639 2448 1662 contra
2472 1632 2517 1662 lo-

1455 1675 1546 1705 culos
1570 1683 1636 1704 non
1655 1674 1830 1704 humanam
1855 1673 2092 1713 perfectionem,
2117 1675 2170 1704 sed
2195 1674 2332 1705 divinam
2357 1676 2520 1715 distinguit

1455 1726 1656 1760 potestatem,
1674 1718 1821 1754 dicendo,
1838 1719 1891 1749 cui
1905 1719 2017 1759 angeli
2032 1719 2300 1750 administrabant
2313 1720 2341 1750 *.
2371 1720 2412 1751 Et
2433 1720 2519 1752 hunc

1454 1773 1584 1794 sensum
1606 1763 1741 1803 ipsemet
1764 1763 1962 1803 Augustinus
1986 1763 2114 1803 exponit
2136 1763 2162 1799 *‚
2191 1771 2226 1794 ut
2249 1764 2380 1795 habetur
2402 1765 2435 1795 in
2458 1766 2518 1796 De-

1454 1809 1556 1845 cretis,
1569 1808 1638 1844 XII,
1655 1818 1709 1848 qu.
1731 1818 1751 1844 1,
1769 1817 1837 1848 cap.
1858 1807 2069 1847 Exemplum:
2083 1807 2274 1848 Exemplum
2290 1809 2421 1839 Domini
2435 1811 2516 1840 acci-

1448 1853 1518 1893 pite
1533 1853 1753 1884 conversantis
1777 1852 1808 1882 in
1833 1856 1932 1882 terra.
1960 1852 2070 1889 Quare
2085 1852 2204 1883 loculos
2217 1853 2327 1884 habuit
2341 1855 2393 1884 cui
2407 1855 2518 1895 angeli

1454 1897 1692 1934 ministrabant,
1710 1897 1773 1927 nisi
1795 1897 1871 1937 quia
1894 1895 2038 1927 Ecclesia
2062 1897 2182 1927 loculos
2203 1897 2351 1928 habitura
2374 1898 2474 1928 erat?

1509 1941 1542 1972 Si
1564 1951 1640 1972 vero
1663 1941 1697 1971 in
1714 1951 1828 1981 genere
1844 1941 1942 1971 moris
1958 1941 2148 1980 intelligatur
2163 1942 2287 1981 negatio
2306 1942 2515 1982 perfectionis,

1453 1986 1621 2026 dupliciter
1635 1985 1767 2026 intelligi
1783 1991 1897 2026 potest.
1914 1985 2032 2022 Primo,
2049 1986 2239 2026 simpliciter.
2257 1986 2298 2017 Et
2316 1994 2390 2017 tunc
2406 1996 2516 2017 sensus

1453 2037 1500 2062 est
1523 2031 1614 2072 quod
1637 2040 1721 2071 opus
1740 2030 1881 2071 aliquod,
1899 2030 2074 2061 secundum
2089 2040 2183 2061 suum
2199 2040 2308 2071 genus,
2332 2037 2378 2061 est
2399 2030 2515 2071 imper-

1454 2075 1574 2106 fectum
1597 2075 1647 2106 vel
1670 2074 1834 2105 infirmum
1858 2074 1889 2104 in
1913 2085 2026 2114 genere
2049 2075 2156 2110 moris,
2182 2075 2255 2115 quia
2279 2085 2344 2106 non
2363 2075 2457 2106 habet
2480 2086 2516 2106 ex

1454 2120 1663 2151 sua'ratione
1695 2130 1826 2150 omnem
1859 2119 2084 2159 perfectionem
2115 2119 2298 2159 possibilem
2328 2119 2452 2160 reperiri
2483 2119 2514 2150 in

1454 2174 1551 2205 opere
1580 2165 1690 2205 aliquo
1719 2164 1777 2194 sub
1805 2173 1917 2204 genere
1948 2164 2056 2194 moris.
2090 2164 2130 2194 Et
2159 2164 2191 2194 in
2218 2164 2279 2194 hoc
2302 2173 2394 2194 sensu
2419 2174 2515 2194 omne

1453 2219 1537 2249 opus
1561 2209 1681 2239 morale
1709 2209 1827 2239 habens
1850 2208 1936 2238 aliud
1961 2218 2043 2248 opus
2065 2208 2184 2238 morale
2216 2209 2390 2238 secundum
2420 2218 2514 2238 suum

1451 2263 1553 2294 genus
1576 2253 1745 2294 perfectius
1769 2263 1812 2290 se,
1836 2260 1883 2283 est
1895 2252 2117 2292 imperfectum
2133 2259 2164 2282 et
2177 2252 2340 2283 infirmum
2355 2253 2514 2292 negative:

1453 2298 1529 2340 quia
1552 2308 1618 2329 non
1642 2298 1736 2328 habet
1759 2296 1984 2337 perfectionem
2007 2297 2167 2327 inventam
2190 2296 2222 2327 in
2244 2304 2315 2327 actu
2339 2298 2515 2328 secundum

1453 2353 1546 2374 suam
1576 2343 1732 2374 rationem
1761 2341 1948 2382 perfectiori.
1983 2342 2024 2372 Et
2053 2341 2096 2371 sic
2126 2341 2324 2371 verissimum
2352 2348 2398 2372 est
2427 2342 2514 2382 quod

1453 2387 1615 2419 Dominus
1643 2387 1675 2417 in
1704 2397 1795 2417 carne
1819 2385 1944 2416 mortali
1968 2390 2105 2426 utraque
2126 2395 2223 2426 opera
2247 2386 2314 2426 egit
2337 2391 2367 2416 et
2388 2386 2514 2424 docuit,

1453 2432 1572 2463 scilicet
1588 2431 1736 2473 perfecta
1760 2436 1789 2462 et
1811 2429 2008 2471 imperfecta,
2026 2430 2087 2460 hoc
2111 2437 2166 2466 est,
2184 2429 2304 2460 maiora
2328 2437 2358 2460 et
2380 2430 2514 2461 minora.

1453 2477 1562 2508 Minus
1590 2483 1637 2507 est
1666 2476 1752 2506 enim
1779 2485 1898 2505 servare
1925 2475 2098 2505 castitatem
2129 2484 2226 2515 quam
2257 2475 2397 2504 animam
2421 2484 2512 2505 suam

1449 2531 1572 2562 ponere
1581 2531 1645 2562 pro
1660 2522 1772 2551 amicis
1793 2521 1860 2550 suis
1873 2519 1906 2549 *τ
1931 2526 1962 2549 et
1985 2526 2157 2559 utrumque
2174 2518 2238 2558 egit
2252 2526 2283 2549 et
2298 2518 2408 2548 docuit
2424 2518 2514 2549 Chri-

1452 2573 1520 2597 stus
1540 2566 1568 2597 *.
1597 2566 1638 2596 Et
1661 2564 1802 2595 similiter
1825 2563 1931 2594 minus
1961 2571 2007 2594 est
2033 2563 2187 2593 instruere
2218 2563 2384 2593 mulierem
2415 2573 2513 2603 quam

1453 2610 1633 2651 praedicare
1663 2609 1801 2651 populo:
1827 2614 1999 2648 utrumque
2029 2607 2090 2648 egit
2121 2606 2265 2637 Christus
2280 2606 2307 2637 *.
2331 2606 2372 2637 Et
2399 2606 2442 2637 sic
2474 2607 2512 2637 de

1453 2655 1534 2686 aliis.

1510 2699 1668 2735 Secundo,
1693 2698 1731 2727 de
1754 2696 1874 2727 actibus
1890 2695 2027 2726 solitarie
2044 2694 2188 2735 sumptis.
2214 2694 2254 2724 Et
2275 2701 2352 2724 tunc
2375 2701 2421 2724 est
2443 2703 2511 2724 sen-

1452 2754 1507 2775 sus
1531 2744 1619 2785 quod
1643 2743 1780 2773 duorum
1805 2748 1934 2772 actuum
1951 2739 2179 2770 contrariorum
2202 2739 2254 2768 ille
2278 2738 2390 2768 dicitur
2411 2738 2512 2778 perfe-

1454 2789 1567 2820 ctionis
1591 2787 1646 2828 qui
1668 2785 1806 2817 solitarie
1830 2791 1976 2824 sumptus
2004 2790 2094 2814 sonat
2116 2783 2281 2814 virtutem:
2317 2792 2414 2822 quam
2446 2792 2511 2812 non

1453 2840 1546 2864 sonat
1568 2833 1644 2863 alter
1667 2838 1754 2862 actus
1778 2829 1962 2865 contrarius,
1986 2835 2016 2859 et
2038 2828 2110 2858 ideo
2126 2827 2239 2858 dicitur
2254 2826 2510 2866 imperfectionis.

1454 2877 1549 2909 Verbi
1573 2876 1679 2917 gratia,
1705 2875 1730 2905 si
1754 2881 1974 2915 proponantur
1993 2872 2024 2902 hi
2041 2873 2105 2902 duo
2121 2878 2208 2902 actus
2224 2870 2378 2906 contrarii,
2396 2870 2512 2902 scilicet

1453 2923 1559 2953 bibere
1582 2921 1694 2951 vinum
1724 2927 1754 2950 et
1783 2918 1937 2949 abstinere
1967 2928 1985 2947 a
2007 2917 2098 2952 vino,
2129 2916 2247 2946 dicetur
2276 2914 2388 2955 procul
2411 2914 2509 2944 dubio

1453 2967 1542 3007 quod
1566 2966 1670 2996 bibere
1692 2964 1803 2994 vinum
1827 2969 1874 2992 est
1895 2960 2150 3002 imperfectionis,
2175 2966 2205 2990 et
2228 2959 2379 2989 abstinere
2402 2968 2420 2988 a
2434 2958 2509 2988 vino

1453 3019 1500 3042 est
1523 3008 1739 3051 perfectionis,
1773 3007 1848 3048 quia
1871 3006 2024 3036 abstinere
2047 3015 2064 3035 a
2086 3005 2162 3034 vino
2191 3011 2283 3034 sonat
2310 3002 2410 3043 prima
2433 3002 2510 3032 facie

1452 3056 1618 3086 virtutem:
1644 3063 1718 3084 cum
1739 3060 1857 3088 tamen,
1880 3051 2055 3081 secundum
2072 3049 2244 3083 veritatem,
2261 3054 2369 3078 neuter
2386 3046 2510 3077 virtutis

1454 3107 1542 3131 actus
1566 3099 1614 3135 sit,
1633 3104 1663 3128 et
1679 3105 1811 3138 uterque
1828 3095 1928 3136 possit
1943 3095 2022 3125 bene
2038 3101 2068 3124 et
2084 3093 2165 3123 male
2181 3092 2256 3122 fieri.
2280 3092 2320 3121 Et
2335 3091 2396 3121 hoc
2411 3091 2509 3120 modo

1454 3144 1597 3176 Salvator
1613 3150 1720 3173 noster
1736 3142 1802 3182 egit
1825 3145 1855 3171 et
1876 3140 1982 3170 docuit
1994 3137 2203 3178 perfectionis
2218 3141 2248 3167 et
2263 3134 2510 3175 imperfectionis

1453 3198 1562 3229 opera.
1586 3187 1658 3217 Hoc
1682 3186 1767 3216 enim
1791 3184 1899 3219 modo,
1924 3183 2030 3222 fugere
2053 3188 2144 3212 sonat
2166 3179 2450 3220 imperfectionem:
2479 3185 2511 3208 et

2545 1463 2551 1470 ⁸
2565 1461 2659 1483 Hieron.
2674 1461 2715 1483 Vit.
2725 1462 2750 1483 S.

2543 1487 2612 1508 Pauli
2630 1488 2704 1509 Primi
2720 1488 2751 1510 E-

2544 1514 2627 1541 remit.,
2642 1520 2665 1535 n.
2680 1521 2711 1536 ιο.

2547 1725 2752 1748 ·Cs.loc.cit.infm.

2545 1769 2580 1791 ’In
2585 1770 2753 1799 loanAEvang„

2544 1800 2608 1818 tract.
2624 1797 2650 1819 L.

2541 2521 2551 2531 ⁸
2565 2520 2627 2542 Ioan.
2647 2526 2696 2548 cap.
2712 2527 2749 2546 xv,

2541 2553 2747 2600 fatres-..

2539 2606 2598 2621 vers.
2624 2606 2656 2625 ¹2;
2685 2600 2747 2621 Ionu-

2539 2632 2636 2674 Stant
2644 2632 2702 2674 {2¹⁸1
2716 2632 2748 2678 1¹33

2538 2685 2598 2700 vers.
2625 2684 2661 2705 ης
2695 2685 2747 2700 oan-

2538 2711 2588 2733 cap.
2605 2711 2639 2732 iv,
2661 2712 2720 2727 vers.
2734 2712 2747 2733 7

2539 2738 2589 2760 sqq.

1452 3232 1584 3263 firmiter
1605 3239 1789 3271 permanere
1812 3235 1903 3258 sonat
1921 3228 2078 3257 virtutem.
2103 3225 2144 3255 Et
2162 3224 2304 3254 similiter
2321 3223 2424 3252 vivere
2443 3222 2509 3253 sine
2541 3236 2544 3238 >

1452 3276 1567 3308 loculis
1590 3281 1682 3305 sonat
1696 3274 1857 3304 virtutem:
1883 3279 1912 3302 et
1935 3271 2047 3301 habere
2070 3269 2202 3304 loculos,
2226 3266 2508 3307 imperfectionem.

1508 3321 1549 3351 Et
1572 3329 1628 3360 per
1650 3319 1726 3349 haec
1749 3323 1835 3357 patet
1857 3316 1946 3356 quod
1969 3315 2030 3344 dici
2048 3320 2151 3354 potest
2166 3313 2206 3343 ad
2220 3312 2313 3342 verba
2328 3310 2509 3342 Decretalis.

1453 3366 1576 3397 Omnes
1603 3364 1688 3394 enim
1718 3360 1903 3392 huiusmodi
1929 3369 2038 3390 sensus
2063 3358 2163 3388 sobrii
2187 3362 2263 3387 sunt
2289 3361 2320 3386 et
2343 3356 2433 3386 casti.
2468 3355 2510 3385 Et

1452 3419 1558 3440 revera
1582 3408 1702 3448 primus
1726 3415 1835 3436 sensus
1858 3404 1890 3434 in
1910 3403 2016 3443 aliqua
2039 3402 2087 3432 sui
2110 3408 2196 3441 parte
2219 3401 2261 3431 ad
2282 3400 2417 3431 litteram
2433 3409 2509 3429 con-

1451 3454 1538 3484 venit
1560 3452 1604 3483 illi
1629 3449 1790 3485 Decretali,
1811 3448 1895 3478 iuxta
1911 3447 2003 3477 verba
2019 3445 2198 3485 Augustini.
2223 3444 2386 3475 Secundus
2402 3450 2508 3473 autem

1451 3505 1482 3529 et
1496 3497 1605 3528 tertius
1620 3494 1729 3525 intenti
1745 3494 1890 3523 videntur
1906 3492 1943 3521 ad
1959 3491 2092 3520 litteram
2108 3489 2226 3519 ibidem
2241 3488 2272 3518 in
2288 3488 2346 3518 ista
2362 3486 2506 3517 materia:

1451 3542 1604 3583 quoniam
1635 3538 1798 3577 utriusque
1823 3546 1919 3575 capax
1946 3542 1991 3565 est
2014 3534 2114 3565 littera
2142 3533 2204 3563 illa.
2234 3533 2276 3563 Et
2297 3532 2383 3567 haec,
2407 3540 2505 3571 quan-

1450 3594 1520 3617 tum
1553 3585 1591 3614 ad
1622 3582 1851 3622 expositionem
1884 3579 1968 3609 illius
1996 3577 2165 3609 Decretalis
2199 3576 2410 3617 applicantur,
2441 3583 2505 3624 ηομ

1450 3630 1509 3660 nisi
1532 3628 1660 3669 quando
1680 3624 1863 3666 Apostolica
1885 3623 1990 3654 licebit
2004 3621 2207 3657 Auctoritate,
2227 3620 2379 3661 applicata
2394 3617 2504 3648 intelli-

1449 3680 1573 3714 gantur.
