2768 4198
83 939 96 952 ·
108 939 174 962 Vm.
190 945 219 961 ιη.

84 1098 95 1110 ⁸
109 1097 197 1120 nomn.
207 1097 263 1120 XIV
273 1098 297 1119 in

70 1402 208 1439 Α’ἵΙει”.ι.

86 1522 212 1552 ’Ver-,3-

25 1622 27 1626 ⁴
83 1607 299 1661 :enxhu-pm,

85 1691 107 1716 s-

93 2584 104 2596 ·
118 2583 183 2607 Vm.
197 2590 231 2614 ²3·

940 274 1229 320 ,QUAESTIO
1260 275 1486 323 CLXXXV,
1516 276 1812 313 ARTICULUS
1842 276 1876 312 V

2429 278 2504 326 475

1112 420 1430 463 ARTICULUS
1461 421 1718 472 QUINTUS

703 511 859 542 UTRUM
884 511 1044 543 LICEAT
1067 512 1286 550 EPISCOPO,
1310 514 1510 545 PROPTER
1533 515 1732 552 ALIQUAM
1755 515 2130 552 PERSECUTIONEM,

833 555 1170 587 CORPORALITER
1193 558 1416 589 DESERERE
1441 558 1620 589 GREGEM
1644 559 1719 590 SIBI
1745 559 1999 591 COMMISSUM

749 635 790 659 De
808 634 879 668 Perf.
905 635 980 660 Vitae
999 635 1080 668 Spir„
1100 643 1156 669 cap.
1174 644 1230 666 xv1;
1251 636 1281 660 In
1302 636 1386 666 Ioan„
1406 643 1461 668 cap.
1480 644 1503 666 x,
1523 637 1580 662 lect.
1599 644 1644 666 1113
1663 637 1684 661 Il
1702 637 1739 662 ad
1761 637 1830 667 Cor„
1851 645 1906 669 cap.
1924 645 1958 668 xx,
1979 638 2037 662 lect.
2055 645 2090 663 Vl.

344 765 475 833 &sex
493 818 501 829 ,

362 830 383 869 τ
478 788 619 833 non
654 776 764 813 liceat
799 777 1004 826 episcopo,
1034 786 1190 828 propter
1226 778 1392 827 aliquam

325 1048 361 1079 et
387 1042 535 1079 dimittit
561 1054 648 1080 oves
676 1049 713 1080 et
726 1043 847 1093 fugit.
887 1044 986 1080 Dicit
1014 1052 1143 1081 autem
1173 1045 1392 1092 Gregorius,

325 1096 364 1133 in
394 1095 563 1133 Homilia
582 1095 613 1142 ²¹²,
635 1097 741 1145 quod
770 1097 878 1145 lupus
905 1109 1019 1146 super
1045 1109 1133 1134 oves
1165 1098 1278 1144 venit,
1306 1110 1392 1135 cum

324 1149 478 1198 quilibet
510 1150 667 1186 iniustus
695 1156 731 1186 et
757 1155 889 1198 raptor
913 1151 1050 1198 fideles
1082 1162 1248 1199 quosque
1283 1157 1395 1200 atque

324 1203 483 1240 humiles
506 1203 693 1251 opprimit.
724 1203 764 1239 Si
793 1215 883 1252 ergo
911 1211 1068 1252 propter
1086 1203 1394 1251 persecutionem

326 1256 484 1292 alicuius
495 1256 675 1308 Atyranni,
706 1256 909 1305 episcopus
937 1268 1090 1305 gregem
1119 1256 1187 1292 sibi
1217 1257 1395 1293 commis-

325 1363 519 1408 cenarius,
549 1368 585 1399 et
612 1375 686 1400 non
712 1369 857 1411 pastor.

382 1427 416 1452 2.
446 1416 682 1463 PRAETEREA,
711 1417 826 1453 Prov.
846 1428 883 1453 vt
901 1416 921 1438 ‘¹‘
949 1415 1110 1453 dicitur:
1139 1415 1226 1461 Fili,
1253 1416 1288 1451 si
1312 1427 1395 1464 spo-

319 1469 501 1517 ponderis
515 1481 588 1517 pro
607 1470 731 1506 amico
759 1475 835 1515 tuo,
855 1469 1020 1516 dzfixisti
1043 1469 1147 1517 apud
1171 1473 1396 1506 extraneum
1422 1477 1424 1490 ⁴

325 1533 484 1559 manum
513 1528 640 1559 tuam.-
669 1530 705 1559 et
732 1530 866 1571 postea
885 1522 906 1544 ’¹‘
933 1522 1081 1559 subdit:
1112 1522 1314 1568 Discurre,
1333 1523 1397 1571 fe-

324 1575 435 1622 stina,
455 1577 593 1613 suscita
612 1576 777 1613 amicum
799 1581 916 1612 tuum.
948 1575 1066 1623 Quod
1086 1587 1282 1624 exponens
1303 1576 1397 1613 Gre-

326 1629 466 1678 gorius,
488 1629 526 1666 in
549 1629 735 1666 Pastoral.
756 1629 788 1676 ³²,
819 1628 926 1666 dicit:
957 1629 1150 1678 Spondere
1172 1641 1245 1678 pro
1273 1629 1397 1666 amico

326 1688 382 1720 est
406 1683 577 1720 animam
610 1682 775 1719 alienam
804 1682 841 1719 in
864 1682 1037 1731 periculo
1069 1694 1162 1720 suae
1199 1694 1398 1720 conversa-

327 1736 438 1773 tionis
456 1737 639 1785 accipere.
673 1736 849 1784 Quisquis
876 1742 1002 1773 autem
1021 1736 1073 1773 ad
1089 1736 1292 1773 vivendum
1315 1737 1399 1773 aliis
1424 1747 1426 1758 ¹

326 1789 366 1826 in
394 1789 610 1838 exemplum
634 1790 898 1838 praeponitur,
920 1802 995 1826 non
1022 1789 1144 1826 solum
1174 1795 1215 1825 ut
1240 1790 1318 1838 ipse
1343 1790 1396 1826 vi-

325 1843 438 1894 gilet,
467 1844 534 1880 sed
559 1843 671 1880 etiam
701 1849 742 1879 ut
767 1843 933 1880 amicum
964 1843 1132 1885 suscitet,
1162 1843 1397 1879 admonetur.

329 1896 407 1934 Sed
434 1897 510 1934 hoc
529 1909 608 1933 non
636 1903 762 1945 potest
790 1896 914 1933 facere
933 1896 964 1932 si
985 1896 1231 1945 corporaliter
1251 1896 1400 1933 deserat

329 2068 418 2105 gem
448 2056 636 2093 deserere.

386 2110 420 2147 3.
444 2110 679 2156 PRAETEREA,
710 2108 758 2146 ad
778 2108 1052 2157 perfectionem
1073 2109 1300 2158 episcopalis
1329 2117 1400 2146 sta-

330 2171 389 2200 tus
408 2163 571 2212 pertinet
591 2162 696 2212 quod
716 2162 901 2211 proximis
921 2174 1053 2199 curam
1082 2162 1291 2211 impendat.
1324 2163 1399 2200 Sed

331 2277 372 2306 ut
386 2270 547 2306 omnino
568 2270 718 2307 deserat
732 2281 777 2306 ea
797 2281 895 2317 quae
915 2276 1003 2305 sunt
1021 2269 1276 2318 perfectionis.
1299 2270 1401 2318 Ergo

330 2322 484 2360 videtur
511 2323 618 2371 quod
647 2334 726 2359 non
754 2322 840 2359 licet
869 2322 1051 2372 episcopo
1080 2335 1121 2359 se
1157 2322 1404 2372 corporaliter

331 2377 554 2413 subtrahere
584 2375 632 2413 ab
653 2375 875 2412 executione
905 2375 963 2412 sui
983 2376 1116 2413 officii:
1147 2375 1219 2412 nisi
1239 2376 1334 2413 forte
1363 2384 1404 2413 ut

332 2429 514 2479 operibus
542 2429 787 2478 perfectionis
814 2429 854 2466 in
882 2429 1116 2466 monasterio
1145 2437 1268 2467 vacet.

387 2483 463 2520 SED
491 2495 639 2520 CONTRA
658 2494 725 2519 EST
743 2483 848 2531 quod
868 2483 1060 2520 Dominus
1080 2483 1288 2531 Apostolis,
1309 2495 1403 2531 quo-

334 2548 420 2573 rum
441 2548 682 2573 successores
710 2544 798 2573 sunt
824 2536 1006 2586 episcopi,
1027 2536 1236 2582 mandavit,
1267 2536 1402 2573 Matth.

333 2589 412 2626 x*:
442 2590 485 2626 Si
509 2601 577 2626 vos
599 2590 789 2637 persecuti
800 2590 957 2637 suerint
982 2590 1019 2626 in
1050 2600 1126 2626 una
1155 2589 1314 2635 civitate,
1331 2590 1403 2638 fu·
1431 2622 1433 2627 ,

333 2643 412 2693 gite
438 2642 475 2679 in
505 2642 634 2680 aliam.

336 2803 518 2851 Obligant
545 2810 675 2840 autern
704 2815 744 2839 se
774 2802 944 2851 episcopi
971 2802 1020 2839 ad
1041 2802 1311 2850 exequendum
1339 2814 1405 2851 pa-

335 2962 448 3000 storis
466 2963 735 3013 praesentiam,
756 2975 835 2999 non
864 2963 979 3000 debet
996 2969 1127 3011 pastor
1155 2961 1406 3010 personaliter

338 3028 451 3054 suum
488 3028 643 3064 gregem
673 3016 865 3063 deserere,
900 3028 1024 3064 neque
1060 3022 1218 3063 propter
1249 3014 1405 3062 aliquod

392 3148 420 3181 α)
435 3149 656 3180 persecutionem.
670 3163 690 3167 -
707 3149 880 3180 temporalem
900 3147 998 3172 addunt
1017 3147 1063 3172 Pa.

393 3183 419 3216 β)
434 3183 616 3217 perfectionis.
627 3198 646 3203 —
659 3184 838 3218 professionis
856 3182 1041 3215 ABEFLpCK.

511 743 514 751 ‹
537 735 560 759 D
581 734 743 765 QUINTUM
768 735 821 760 sic
850 735 1089 762 PROCEDITUR.
1110 725 1270 762 Videtur
1289 725 1394 774 quod
1420 726 1421 732 ’

1449 727 1698 763 commodum
1727 727 1948 774 temporale,
1979 738 2103 775 neque
2132 726 2246 763 etiam
2274 736 2430 776 propter
2448 728 2510 764 ali-

1420 816 1421 819 ,
1449 780 1552 827 quod
1586 780 1785 827 personale
1823 779 2036 828 periculum
2068 779 2292 817 imminens:
2329 793 2416 817 cum
2451 782 2511 817 bo-

443 873 455 882 Υ
486 831 510 867 ‘6
538 829 845 878 persecutionem
867 836 904 878 ⁰⁶,
935 832 1181 880 corporaliter
1219 832 1394 868 deserere
1448 844 1518 869 nus
1549 838 1682 880 pastor
1717 833 1886 869 animam
1918 845 2027 869 suam
2059 845 2203 881 ponere
2235 841 2407 870 teneatur
2436 846 2510 882 pro

435 871 694 931 ‘'''gregem
733 883 803 920 sibi
844 885 1107 922 commissum.
1150 884 1250 921 Dicit
1291 885 1421 922 enim<

324 936 535 982 Dominus,
568 938 672 973 Ioan.
702 949 726 973 x
745 936 785 984 ³⁸,
815 938 922 985 quod
950 937 1010 974 ille
1041 945 1096 974 est
1123 939 1392 985 mercenarius,
1419 946 1421 980 j

325 995 361 1026 et
387 1001 462 1026 non
495 1001 584 1026 vere
608 995 759 1039 pastor,
789 991 856 1038 qui
881 991 980 1027 videt
1006 991 1135 1039 lupum
1163 992 1391 1038 venientem,
1420 990 1421 1018 ἶ

1447 886 1578 922 ovibus
1604 886 1680 922 suis
1707 885 1738 921 ³¹⁵.
1775 885 1815 922 Si
1847 897 1940 922 vero
1974 885 2214 922 subditorum
2250 886 2359 923 saluti
2391 887 2511 935 possit
2537 888 2636 937 Qeg’ffi
2655 894 2705 916 ⁰⁸1³·
2726 894 2749 915 ¹,

1447 938 1678 975 sufficienter
1706 938 1744 974 in
1773 939 1943 975 absentia
1970 939 2132 987 pastoris
2160 951 2228 987 per
2247 940 2363 976 alium
2382 940 2511 988 provi-

1448 992 1546 1038 deri,
1576 999 1666 1028 tunc
1694 991 1779 1027 licet
1806 992 1966 1040 pastori,
1994 993 2057 1028 vel
2085 1000 2240 1041 propter
2268 992 2422 1041 aliquod
2451 1006 2510 1030 ec-

1420 1068 1421 1088 1
1449 1045 1583 1081 clesiae
1614 1044 1878 1091 commodum,
1898 1045 1960 1081 vel
1978 1052 2135 1093 propter
2157 1057 2344 1094 personae
2364 1047 2511 1094 pericu·

1420 1131 1421 1145 ¹
1448 1099 1540 1144 lum,
1562 1097 1808 1146 corporaliter
1835 1109 1989 1145 gregem
2016 1098 2203 1135 deserere.
2241 1099 2352 1136 Unde
2381 1102 2511 1147 Augu—

1419 1194 1421 1197 ,
1448 1151 1567 1187 stinus
1588 1150 1685 1197 dicit,
1707 1150 1746 1186 in
1765 1150 1936 1198 Epistola
1955 1151 2006 1187 ad
2021 1152 2267 1188 Honoratum
2281 1151 2317 1188 *ε
2346 1153 2516 1202 Fugiant

2539 1148 2750 1198 spaera

1449 1205 1494 1240 de
1513 1204 1660 1240 civitate
1677 1204 1715 1239 in
1735 1204 1920 1240 civitatem
1934 1205 2035 1240 servi
2052 1205 2198 1250 Christi,
2216 1206 2365 1253 quando
2380 1217 2512 1242 eorum

1420 1301 1422 1304 Α
1449 1258 1604 1305 quisque
1627 1256 1835 1304 specialiter
1857 1269 1881 1293 a
1903 1258 2206 1305 persecutoribus
2234 1259 2448 1306 quaeritur.-
2477 1265 2516 1295 ut

275 1327 279 1329 ⁴
319 1310 693 1358 rsum‘cbrporaliter
722 1310 882 1356 deserat,
911 1309 1064 1347 videtur
1091 1310 1195 1358 quod
1225 1309 1271 1345 sit
1298 1322 1395 1346 mer·
1421 1307 1423 1318 '

1449 1311 1498 1346 ab
1530 1309 1634 1355 aliis,
1664 1310 1728 1357 qui
1755 1321 1829 1346 non
1859 1310 1909 1346 ita
1938 1316 2189 1358 quaeruntur,
2219 1323 2293 1347 non
2322 1311 2516 1348 deseratur

1449 1363 1616 1400 ecclesia.
1652 1363 1747 1399 Cum
1776 1368 1901 1399 autem
1938 1363 2106 1399 omnium
2135 1369 2190 1400 est
2220 1376 2418 1401 commune
2449 1377 2514 1413 pe-

1451 1417 1625 1460 riculum,
1652 1416 1692 1451 hi
1718 1415 1784 1463 qui
1809 1415 1892 1452 aliis
1920 1416 2099 1465 indigent,
2126 1429 2200 1453 non
2229 1417 2449 1454 deserantur
2468 1419 2516 1454 ab

1450 1470 1507 1506 his
1525 1469 1659 1517 quibus
1677 1468 1856 1517 indigent.
1882 1469 1923 1504 Si
1942 1469 2043 1505 enim
2056 1474 2070 1496 ἵ
2079 1469 2334 1516 perniciosum
2355 1476 2408 1506 est
2425 1482 2517 1507 nau·
2640 1475 2657 1501 Υ

1451 1528 1528 1559 tam
1548 1522 1585 1558 in
1606 1521 1873 1569 tranquillitate
1901 1534 2036 1558 navem
2065 1523 2246 1568 deserere,
2271 1528 2409 1571 quanto
2438 1535 2518 1559 ma-

1424 1618 1425 1624 *
1450 1576 1511 1626 gis
1530 1576 1567 1612 in
1584 1575 1782 1622 fluctibus:
1802 1582 1844 1611 ut
1864 1574 1952 1612 dicit
1971 1575 2155 1612 Nicolaus
2174 1575 2280 1623 Papa
2293 1575 2324 1622 ²¹²,
2347 1582 2383 1612 et
2402 1576 2519 1612 habe·
2546 1579 2556 1589 ⁸
2570 1578 2666 1600 Primus.

1424 1646 1425 1656 π
1451 1638 1512 1666 tur
1538 1629 1621 1674 VII,
1642 1640 1705 1675 qu.
1736 1627 1796 1664 1²¹².

2547 1626 2628 1674 λέξω.
2645 1626 2755 1648 Sciscita-

1505 1685 1564 1719 An
1599 1693 1737 1718 ptumum
1769 1693 1868 1718 ERGO
1897 1693 2083 1718 DICENDUM
2115 1682 2220 1730 quod
2249 1681 2308 1718 ille
2338 1689 2519 1730 tanquam

1452 1735 1710 1772 mercenarius
1730 1734 1821 1782 fugit
1850 1734 1915 1782 qui
1935 1734 2186 1771 commodum
2215 1735 2436 1783 temporale,
2457 1736 2519 1772 vel

1424 1819 1426 1837 ,
1453 1788 1567 1825 etiam
1597 1788 1759 1824 salutem
1790 1788 2049 1836 corporalem,
2080 1787 2260 1835 spirituali
2295 1788 2404 1824 saluti
2432 1801 2520 1836 pro-

1425 1842 1644 1890 ¹ximorum
1683 1841 1895 1889 praeponit.
1939 1841 2050 1878 Unde
2088 1841 2295 1888 Gregorius
2337 1841 2442 1888 dicit,
2482 1841 2519 1878 in

1425 1891 1427 1942 ζ
1453 1894 1624 1932 Homilia
1650 1895 1690 1931 *z
1730 1895 1838 1931 Stare
1866 1894 1903 1930 in
1928 1893 2098 1942 periculo
2128 1895 2255 1931 ovium
2292 1907 2366 1931 non
2398 1900 2521 1943 potest
2547 1896 2714 1924 ’eit-³⁰³¹&

328 1962 495 1998 gregem.
535 1950 637 1997 Ergo
666 1949 816 1987 videtur
853 1949 958 1999 quod
988 1949 1190 1998 episcopus
1227 1962 1307 1986 non
1336 1950 1399 1986 de·
1425 1945 1427 1958 ⁴

329 2003 429 2050 beat,
451 2015 566 2040 causa
593 2002 880 2051 persecutionis,
903 2003 1149 2051 corporaliter
1177 2015 1290 2040 suum
1319 2015 1401 2051 gre·
1426 2009 1428 2055 ὲ

1453 1950 1520 1997 qui
1546 1949 1582 1985 in
1613 1960 1656 1984 eo
1685 1948 1786 1996 quod
1812 1947 1943 1984 ovibus
1968 1953 2140 1995 praeest,
2169 1959 2244 1984 non
2273 1959 2360 1984 oves
2387 1948 2518 1997 diligit,

1453 2003 1520 2039 sed
1546 2003 1694 2038 lucrum
1723 2006 1913 2037 terrenum
1948 2002 2114 2048 quaerit,
2146 2007 2181 2037 et
2217 2000 2304 2036 ideo
2333 2013 2522 2050 opponere

1426 2059 1428 2107 ζ
1453 2068 1493 2093 se
1521 2061 1652 2092 contra
1675 2054 1889 2102 periculum
1918 2054 2086 2102 trepidat,
2108 2066 2155 2090 ne
2182 2054 2253 2090 hoc
2275 2055 2376 2102 quod
2401 2054 2524 2104 diligit

1427 2112 1429 2150 Ξ
1454 2109 1611 2146 amittat.
1642 2108 1706 2144 Ille
1736 2115 1864 2144 autem
1886 2107 1949 2156 qui
1978 2108 2027 2144 ad
2056 2107 2278 2144 evitandum
2306 2108 2519 2156 periculum

1427 2187 1429 2210 ἶ
1456 2162 1599 2200 recedit
1627 2162 1771 2209 absque
1802 2161 2027 2198 detrimento
2056 2160 2198 2208 gregis,
2226 2172 2305 2197 non
2339 2168 2521 2209 tanquam

330 2228 410 2254 non
430 2216 516 2254 licet
531 2216 565 2252 ei
585 2216 651 2264 qui
671 2223 727 2252 est
742 2223 881 2253 statum
901 2216 1144 2264 perfectionis
1159 2214 1175 2245 β
1193 2217 1400 2264 professus,
1428 2211 1429 2224 l

1456 2214 1716 2253 mercenarius
1744 2213 1847 2261 fugit.

1510 2271 1568 2305 AD
1602 2279 1794 2304 sECUNDuM
1826 2278 2012 2303 mcENDUM
2041 2267 2145 2314 quod
2174 2266 2235 2302 ille
2264 2266 2328 2315 qui
2361 2268 2524 2315 spondet

1457 2334 1528 2372 pro
1558 2321 1698 2369 aliquo,
1720 2320 1750 2356 si
1778 2332 1846 2368 per
1873 2332 1913 2356 se
1942 2319 2101 2368 implere
2130 2331 2208 2355 non
2237 2319 2365 2368 possit,
2388 2319 2524 2356 sufficit

1457 2382 1498 2414 ut
1525 2387 1594 2424 per
1621 2374 1739 2411 alium
1768 2373 1934 2421 impleat.
1973 2373 2085 2410 Unde
2114 2373 2320 2421 praelatus,
2351 2373 2381 2409 si
2410 2373 2525 2410 habet

1456 2427 1776 2477 impedimentum
1813 2434 1970 2475 propter
2004 2426 2110 2474 quod
2138 2438 2217 2462 non
2250 2426 2370 2474 possit
2396 2439 2524 2475 perso-

1458 2483 1590 2519 naliter
1618 2493 1732 2518 curae
1769 2479 2009 2516 subditorum
2044 2479 2255 2525 intendere,
2285 2492 2376 2516 suae
2413 2492 2525 2528 spon-

1458 2535 1555 2572 sioni
1583 2533 1759 2571 satisfacit
1787 2533 1817 2569 si
1845 2545 1914 2581 per
1941 2532 2057 2569 alium
2085 2532 2297 2580 provideat.

1510 2590 1569 2625 An
1597 2598 1759 2624 mRTmM
1787 2597 1973 2623 memnon
2003 2585 2107 2633 quod
2135 2585 2194 2621 ille
2215 2585 2278 2633 qui
2309 2585 2357 2621 ad
2379 2585 2522 2633 episco—

1431 2656 1433 2660 ’
1458 2649 1591 2692 patum
1621 2639 1834 2685 assumitur,
1865 2638 2023 2675 assumit
2050 2645 2188 2675 statum
2207 2637 2448 2686 perfectionis
2468 2650 2524 2674 se-

388 2697 616 2733 Responmzo
645 2707 831 2733 memnon
864 2695 970 2744 quod
997 2695 1036 2732 in
1064 2695 1233 2744 qualibet
1261 2695 1404 2743 obliga·
1432 2695 1433 2699 ’

334 2749 437 2787 tione
466 2749 671 2798 praecipue
709 2748 851 2786 attendi
885 2749 998 2786 debet
1031 2748 1272 2796 obligationis
1304 2748 1403 2787 finis.

1432 2837 1433 2846 ἢ
1457 2809 1500 2838 ut
1527 2801 1667 2837 scilicet
1701 2811 1857 2836 necesse
1887 2798 1932 2834 sit
1961 2810 2048 2834 eum
2078 2797 2127 2834 ad
2156 2804 2294 2834 statum
2335 2796 2523 2844 religionis

335 2857 474 2894 storale
501 2856 673 2893 officium
702 2863 860 2904 propter
883 2855 1124 2893 subditorum
1153 2855 1326 2892 salutem.
1357 2855 1406 2891 Et
1431 2851 1434 2884 ³

335 2909 445 2956 ideo,
475 2909 541 2946 ubi
576 2909 818 2946 subditorum
846 2909 947 2946 salus
986 2908 1095 2956 exigit
1123 2919 1311 2956 personae
1339 2920 1406 2957 pa·
1432 2907 1434 2941 ζ

1459 2695 1629 2732 cundum
1658 2693 1814 2741 aliquod
1832 2691 2075 2740 perfectionis
2098 2703 2238 2739 genus:
2267 2703 2289 2728 a
2309 2703 2386 2738 quo
2407 2691 2437 2726 si
2456 2691 2523 2727 im-

1457 2748 1645 2798 pediatur,
1667 2747 1714 2783 ad
1744 2745 1845 2782 aliud
1865 2757 1984 2793 genus
2003 2744 2245 2793 perfectionis
2264 2756 2343 2780 non
2362 2751 2521 2787 tenetur,

1457 2854 1628 2892 transire.
1664 2852 1840 2889 Imminet
1876 2859 2006 2888 tamen
2035 2850 2105 2887 sibi
2129 2850 2332 2887 necessitas
2364 2857 2407 2886 ut
2443 2850 2521 2886 ani-

1459 2919 1569 2945 mum
1605 2906 1763 2943 retineat
1794 2904 2015 2942 intendendi
2047 2903 2311 2952 proximorum
2348 2903 2456 2940 saluti
2491 2903 2519 2939 si

1459 2959 1724 3010 opportunitas
1752 2958 1849 2995 adsit
1877 2966 1913 2994 et
1942 2957 2145 2994 necessitas
2173 2956 2347 3005 requirat.

1514 3146 1541 3178 γ)
1561 3145 1639 3170 enim.
1652 3159 1670 3163 —
1688 3147 1778 3169 autem
1796 3144 1935 3176 BFKpAC.

1011 3261 1345 3294 commentar-ia
1366 3259 1617 3293 cardinalis
1638 3258 1842 3291 Caietam

345 3342 392 3404 IN
415 3330 547 3362 articulo
570 3332 684 3372 quinto
706 3333 850 3365 eiusdem
873 3331 1083 3373 quaestionis,
1108 3331 1244 3361 dubium
1273 3330 1408 3360 occurrit

374 3376 413 3405 de
435 3375 602 3406 residentia
631 3376 858 3416 episcoporum
881 3377 914 3407 in
938 3377 1002 3407 suis
1032 3375 1184 3407 ecclesiis:
1213 3377 1265 3405 An
1289 3374 1406 3405 scilicet

343 3426 508 3451 teneantur
530 3419 590 3450 sub
612 3420 731 3459 peoeati
759 3421 902 3453 mortalis
929 3420 1058 3451 vinculo
1083 3420 1121 3450 ad
1149 3419 1350 3450 residendum
1372 3418 1406 3448 in

343 3464 408 3495 suis
425 3463 572 3494 ecclesiis.
592 3463 633 3494 Et
645 3464 786 3495 estratio
805 3464 892 3496 dubii
904 3465 1059 3505 quoniam
1075 3470 1208 3504 utraque
1224 3472 1295 3503 pars
1311 3471 1406 3503 quae-

343 3507 454 3539 stionis
477 3507 572 3538 habet
593 3517 652 3548 pro
672 3517 706 3541 se
728 3515 923 3548 argumenta.

397 3552 495 3589 Quod
519 3551 604 3582 enim
620 3560 687 3582 non
700 3551 741 3582 sit
763 3558 929 3591 peccatum
947 3553 1090 3588 mortale,
1107 3552 1259 3592 probatur
1274 3561 1311 3582 ex
1333 3550 1405 3585 hoc,

345 3596 420 3637 quia
449 3603 504 3627 aut
530 3596 591 3627 hoc
623 3603 704 3628 esset
726 3605 763 3626 ex
793 3595 860 3626 iure
890 3595 1049 3636 positivo:
1079 3603 1109 3628 et
1137 3603 1214 3628 tunc
1241 3595 1303 3626 hoc
1327 3595 1407 3626 esset

1461 3339 1517 3369 per
1545 3328 1705 3363 accidens,
1729 3327 1862 3363 scilicet,
1886 3327 2009 3357 malum
2032 3326 2106 3366 quia
2129 3326 2341 3366 prohibitum3
2366 3327 2455 3366 quod
2479 3333 2525 3356 est

1462 3373 1543 3404 exire
1559 3372 1772 3412 propositum,
1788 3381 1862 3402 cum
1877 3371 1927 3401 ius
1943 3371 2116 3411 positivum
2132 3370 2284 3401 contraria
2300 3370 2430 3401 tollatur
2449 3380 2523 3400 con-

1461 3417 1638 3448 suetudine.
1665 3419 1732 3446 Aut
1753 3425 1790 3446 ex
1813 3415 1931 3451 divino,
1949 3425 2004 3445 seu
2028 3414 2141 3445 morali
2163 3414 2242 3445 iure.
2266 3414 2307 3445 Et
2329 3414 2391 3445 hoc
2415 3424 2481 3445 non
2495 3414 2522 3445 *.
2550 3411 2561 3422 ⁸
2575 3411 2609 3433 ct.
2624 3416 2686 3432 ⁰⁰⁸¹·
2702 3416 2724 3431 ¹·

1461 3461 1549 3492 Tum
1565 3460 1640 3500 quia
1663 3466 1786 3491 constat
1804 3459 1838 3489 in
1853 3459 1996 3499 pluribus
2020 3459 2143 3489 casibus
2165 3458 2288 3489 licitum
2305 3468 2371 3488 esse
2387 3469 2453 3488 non
2476 3468 2523 3488 re—

1461 3505 1572 3536 sidere.
1588 3521 1606 3527 —
1622 3505 1709 3535 Tum
1726 3504 1801 3544 quia
1816 3503 1982 3534 necessitas
1996 3502 2055 3533 ista
2071 3513 2138 3534 non
2156 3502 2216 3533 nisi
2232 3512 2269 3533 ex
2283 3502 2346 3533 fine
2362 3509 2451 3539 esset,
2468 3502 2522 3532 sci-

1459 3549 1533 3581 licet
1548 3549 1648 3579 salute
1671 3548 1850 3579 animarum
1865 3547 2012 3578 curanda.
2037 3547 2176 3584 Quando
2192 3557 2267 3587 ergo
2284 3547 2452 3587 episcopus
2467 3556 2522 3585 per

1461 3593 1561 3625 alium
1583 3592 1781 3629 sufficienter,
1804 3591 1855 3622 vel
1878 3591 1973 3623 etiam
1996 3591 2201 3622 sufficientius
2224 3601 2333 3622 curam
2355 3591 2433 3630 gerit
2455 3589 2520 3619 ani-
