2768 4198
300 317 372 353 382
951 312 1220 359 QUAESTIO
1250 311 1439 357 CLXXII,
1469 311 1770 349 ARTICULUS
1799 311 1833 347 V

57 400 138 423 ‘Vers
162 403 195 431 38-
290 395 493 443 phetarum
513 395 656 443 legitur,
687 395 738 431 IV
765 395 918 442 Reg.1v
937 391 967 437 ἦ
998 390 1103 439 quod
1128 390 1241 426 szmul
1258 389 1362 426 habi·
1389 400 1392 430 l
1418 401 1512 425 nens
1532 389 1622 427 illud
1641 390 1672 436 ³¹⁶,
1703 389 1812 427 dicit:
1842 391 1946 427 Dum
1975 391 2103 427 audita
2121 401 2285 450 superna
2314 388 2486 426 caelestia
2514 391 2674 448 2¹12?¹¹1·⁵.“¹’·
2690 399 2728 421 xv»

297 449 427 485 tabant
461 460 546 485 cum
574 448 716 485 Eliseo:
750 446 855 494 quasi
892 443 1096 480 solitariam
1134 443 1253 479 vitam
1295 442 1362 478 du·
1390 435 1609 512 lamamus,
1639 449 1768 480 amata
1805 444 1882 480 iam
1911 443 2105 480 novimus.-
2138 443 2227 492 quia
2265 454 2377 479 amor
2411 442 2488 490 ipse

298 509 437 548 centes,
458 514 506 538 ne
526 500 730 538 mundanis
751 496 1065 546 occupationibus
1087 487 1392 544 impedirentur
1419 495 1548 531 notitia
1577 501 1639 532 est.
1675 496 1810 533 Omnia
1839 508 1933 546 ergo
1953 497 2005 533 eis
2033 503 2121 534 nota
2139 497 2312 557 fecerat.-
2341 496 2442 544 quia,
2462 507 2487 532 a

297 567 318 591 a
348 555 451 592 dono
485 554 719 603 prophetiae.
1390 549 1572 586 terrenis
1601 549 1792 586 desideriis
1821 550 2028 596 immutati,
2057 550 2201 587 amoris
2228 549 2368 586 summi
2381 549 2486 597 faci-

350 611 408 644 An
429 620 565 644 PmMUM
585 617 683 643 ERGO
703 615 887 641 DiCENDUM
903 602 1008 651 quod
1030 604 1175 639 donum
1197 602 1391 650 prophe·
1389 612 1391 642 i
1418 602 1486 637 bus
1505 601 1700 638 ardebant.
1731 603 1780 638 Et
1797 603 1873 639 hoc
1892 603 2013 640 modo
2034 615 2112 641 non
2142 604 2360 640 revelantur
2387 614 2487 639 sem-

296 661 368 697 tiae
389 660 593 708 aliquando
625 660 732 695 datur
750 656 898 693 homini
927 663 964 691 et
991 661 1148 704 propter
1166 654 1362 691 utilitatem
1389 681 1391 693 .
1418 666 1487 703 per
1515 662 1661 690 secreta
1690 654 1818 691 divina
1846 656 2054 705 prophetis.

297 713 479 759 aliorum,
511 720 547 749 et
572 719 729 760 propter
761 709 939 758 propriae
977 708 1113 745 mentis
1151 707 1363 744 illustratio·
1389 708 1391 727 ³
1471 709 1530 743 AD
1550 719 1711 744 TERTIUM
1737 719 1922 745 DICENDUM
1950 710 2056 757 quod
2093 722 2171 746 non
2190 709 2204 732 ὅ
2233 721 2370 746 omnes
2399 708 2490 745 mali
2617 703 2633 729 ⁸

295 779 397 803 nem
428 767 475 802 Et
503 766 542 801 hi
562 773 649 801 sunt
669 764 706 800 in
730 775 897 811 quorum
919 761 1066 798 animas
1096 761 1289 809 Sapientia
1310 761 1363 797 di·
1389 797 1391 812 Ι
1419 769 1506 797 sunt
1534 761 1613 809 lupi
1643 773 1820 809 rapaces,
1861 762 1929 799 sed
1958 763 2083 799 solum
2113 763 2164 799 illi
2191 763 2256 812 qui
2289 762 2490 799 intendunt

295 819 383 856 vina
399 831 467 867 per
485 818 642 865 gratiam
662 824 809 864 gratum
839 815 1040 851 facientem
1061 826 1100 851 se
1119 815 1362 862 transferens,
1419 813 1497 850 aliis
1541 825 1701 850 nocere:
1747 814 1834 851 dicit
1877 814 1978 851 enirn
2017 815 2339 864 Chrysostomus,
2376 827 2490 864 super

293 873 435 909 amicos
454 872 528 907 Dei
554 877 588 907 et
607 871 810 918 prophetas
838 881 901 905 eos
929 868 1125 904 constituit.
1147 888 1171 894 —
1193 867 1361 914 Quidam
1389 865 1391 904 i
1417 868 1556 903 Matth.
1577 866 1608 912 ³¹²,
1631 867 1735 927 quod
1761 868 1944 905 Catholici
1961 869 2142 914 doctores,
2162 870 2390 918 etsifuerint
2401 877 2529 919 pec·
2517 875 2691 924 Mota-hm
2646 901 2728 924 homn-

292 937 386 961 vero
417 932 701 972 consequuntur
730 923 876 959 donum
906 920 1133 980 prophetiae
1158 922 1283 957 solum
1314 920 1391 957 ad
1418 926 1575 966 catores,
1595 921 1698 957 servi
1723 921 1872 968 quidem
1893 922 2020 958 carnis
2038 922 2231 968 dicuntur,
2261 935 2335 960 non
2365 928 2489 960 tamen
2517 902 2594 978 {¹le-
2583 918 2730 957 -Ynteroi’i’-

294 978 490 1014 utilitatem
527 977 700 1013 aliorum.
740 975 817 1022 Qui
848 982 935 1011 sunt
973 975 1080 1022 quasi
1113 974 1363 1022 instrumenta
1389 979 1391 1013 i
1419 974 1498 1022 lupi
1525 985 1701 1022 rapaces:
1739 975 1828 1022 quia
1858 987 1932 1011 non
1971 976 2111 1012 habent
2141 976 2375 1024 propositum
2402 988 2490 1025 per·
2554 962 2600 984 ‘y'

295 1031 445 1068 divinae
475 1029 718 1079 operationis.
748 1028 860 1066 Unde
887 1027 1148 1088 Hieronymus
1177 1027 1277 1074 dicit,
1302 1040 1362 1064 su·
1389 1028 1507 1064 dere
1539 1027 1782 1064 Christianos.
1814 1028 1862 1064 Et
1890 1028 1980 1077 quia
1998 1028 2200 1077 prophetia
2229 1029 2423 1067 ordinatur
2443 1030 2491 1067 ad

56 1092 192 1140 ’wcapcm
206 1096 264 1138 wi.
287 1096 360 1132 per
392 1084 529 1120 Matth.
550 1083 587 1119 *ε
622 1083 869 1131 Prophetare,
899 1081 958 1118 vel
989 1081 1143 1118 virtutes
1159 1083 1298 1130 facere
1330 1085 1391 1122 et
1418 1080 1615 1118 utilitatem
1645 1080 1822 1128 aliorum,
1844 1081 2090 1119 manifestum
2121 1090 2176 1119 est
2195 1083 2288 1119 tales
2317 1095 2400 1119 esse
2427 1083 2492 1119 fal-

55 1124 114 1166 ῗῑῗν
108 1145 124 1165 1
154 1123 232 1139 ‘mm
233 1123 246 1138 ῃ
293 1137 492 1173 daemonia
525 1137 678 1181 eiicere,
708 1136 895 1172 interdum
934 1147 1008 1172 non
1044 1141 1098 1171 est
1124 1136 1203 1171 eius
1240 1135 1365 1172 meriti
1390 1125 1391 1186 i
1419 1146 1483 1171 sos
1502 1134 1729 1183 prophetas:
1760 1135 1849 1184 quia
1869 1135 1917 1172 ad
1937 1136 2013 1173 hoc
2033 1148 2110 1173 non
2133 1136 2332 1173 mittuntur
2351 1148 2373 1172 a
2392 1137 2490 1173 Deo.

55 1387 160 1409 'Homih
177 1387 264 1409 XXVH

54 1414 76 1435 in
92 1415 176 1442 Evang.

51 2038 124 2074 ’Arg
141 2037 189 2059 Sed
201 2040 262 2060 cont.

51 2066 71 2075 ⁸·
86 2064 129 2086 Res
119 2071 153 2090 s.p
170 2065 198 2086 ad
216 2071 230 2086 ι.

57 2948 66 2957 “
72 2948 150 2970 Gloss.
161 2947 267 2970 Cassiod

56 2975 117 3023 ἓξὲξ
132 2974 222 3023 &⁹3¹²
244 2980 266 2995 ”¹

59 3165 68 3173 ⁸
85 3163 131 3190 Qu.
143 3168 218 3189 cuni,
229 3166 270 3184 art.

60 3269 70 3279 ⁸
85 3269 132 3296 Qu.
144 3273 190 3295 cix,
200 3271 241 3290 nrt.
252 3275 272 3297 3.

62 3534 152 3556 ἰνιτ
167 3534 188 3556 6

293 1202 354 1238 quz
384 1195 584 1238 operatur.-
620 1190 686 1226 sed
712 1189 772 1225 vel
804 1188 992 1225 invocatio
1031 1189 1194 1225 nominis
1227 1188 1366 1225 Christi

291 1245 362 1279 hoc
389 1244 488 1292 agit,·
516 1243 576 1279 vel
602 1244 649 1279 ob
678 1242 1028 1279 condemnationem
1053 1254 1186 1278 eorum
1216 1242 1282 1290 qui
1309 1243 1363 1278 in-

292 1302 438 1341 vocant,
459 1296 519 1332 vel
538 1296 729 1333 utilitatem
751 1308 883 1332 eorum
906 1295 973 1343 qui
990 1295 1118 1332 vident
1134 1301 1170 1332 et
1192 1296 1392 1341 audiunt,

292 1350 517 1386 concedimur

346 1406 403 1440 AD
424 1415 614 1440 SECUNDUM
634 1414 820 1439 DlCENDUM
840 1402 945 1450 quod
966 1402 1225 1450 Gregorius,
1194 1402 1214 1423 '¹‘
1248 1414 1393 1450 expo·
1391 1416 1392 1435 i

343 1517 368 1548 δ)
390 1526 450 1543 non.
464 1532 482 1537 —
500 1521 570 1542 sicut
590 1525 642 1542 non
663 1517 903 1549 ABDEFHIKLpC
923 1522 948 1542 et
968 1525 994 1542 a.

1472 1190 1531 1224 Ao
1561 1199 1735 1230 QUARTUM
1764 1200 1951 1226 DICENDUM
1980 1189 2086 1238 quod
2116 1189 2218 1226 dona
2254 1189 2385 1227 divina
2413 1201 2492 1226 non

1391 1281 1392 1287 χ
1419 1253 1573 1290 semper
1602 1242 1741 1278 dantur
1769 1242 1924 1302 optimi-s
1952 1242 2188 1302 simpliciter,
2223 1243 2291 1280 sed
2319 1242 2494 1292 quando-

1390 1307 1495 1348 que
1523 1294 1592 1331 illis
1622 1295 1687 1342 qui
1717 1303 1804 1332 sunt
1833 1295 1965 1355 optimi
1994 1304 2181 1344 quantum
2210 1297 2261 1333 ad
2288 1296 2371 1333 talis
2401 1296 2492 1333 doni

1419 1348 1720 1397 perceptionem.
1752 1349 1801 1385 Et
1821 1349 1872 1386 sic
1901 1350 2007 1386 Deus
2036 1350 2182 1387 donum
2207 1350 2430 1399 prophetiae
2453 1349 2494 1409 il-

1417 1401 1461 1438 lis
1491 1401 1555 1438 dat
1584 1402 1722 1450 quibus
1751 1402 1942 1451 optimum
1973 1403 2113 1440 iudicat
2142 1403 2245 1440 dare.

969 1597 1306 1630 Commentario.
1329 1596 1584 1644 §ardinalis
1607 1596 1809 1630 Caietam

321 1690 340 1709 N
365 1679 496 1710 articulo
514 1685 628 1719 quarto
646 1678 789 1708 eiusdem
807 1677 1362 1718 centesimaeseptuagesimaesecun-

295 1691 380 1754 Idae
396 1722 602 1764 quaestionis,
620 1729 706 1756 nota.
724 1722 804 1753 circa
820 1722 998 1753 bonitatem
1013 1732 1143 1752 morum
1164 1722 1274 1763 quoad
1293 1732 1364 1762 pas-

290 1769 394 1799 siones
418 1775 448 1798 et
471 1767 611 1798 actiones
635 1767 813 1803 exteriores,
838 1767 927 1808 quod
952 1777 1018 1797 non
1034 1766 1169 1797 intendit
1187 1769 1308 1797 Auctor
1324 1767 1363 1796 ad

290 1812 491 1853 prophetiam
515 1811 631 1853 requiri
656 1811 832 1843 bonitatem
852 1821 982 1842 morum
999 1822 1036 1842 ex
1051 1811 1109 1842 hac
1128 1818 1226 1851 parte,
1246 1811 1364 1841 scilicet

290 1857 405 1898 quietis
437 1867 454 1887 a
477 1856 679 1897 passionibus
708 1863 738 1887 et
764 1856 942 1887 actionibus
967 1856 1191 1892 exterioribus,
1217 1855 1363 1896 quamvis

291 1912 355 1932 non
380 1901 557 1942 requiratur
580 1911 616 1931 ex
640 1901 701 1931 alia
724 1908 822 1941 parte,
846 1901 964 1932 scilicet
987 1910 1024 1931 ex
1049 1907 1135 1941 parte
1160 1900 1283 1936 radicis,
1307 1910 1363 1931 seu

291 1946 435 1977 caritatis.
460 1946 582 1977 Veritas
606 1946 692 1976 enim
709 1952 764 1981 est,
790 1953 821 1976 et
845 1946 927 1976 clara
951 1946 1037 1986 apud
1062 1948 1248 1981 Auctorem,
1273 1945 1363 1985 quod

290 1991 458 2031 prophetia
479 1997 539 2021 stat
555 2000 630 2021 cum
646 1997 776 2031 peccato
793 1990 920 2022 mortali
944 1997 974 2021 et
997 1989 1202 2020 damnatione
1219 1996 1361 2020 aeterna:

291 2043 326 2066 ut
350 2042 435 2075 patet
458 2045 495 2066 ex
518 2035 649 2065 Domini
675 2035 861 2066 auctoritate
890 2035 983 2065 allata
1000 2033 1027 2070 *,
1052 2042 1082 2065 et
1106 2033 1296 2075 Hieronymi
1318 2033 1362 2070 **,

291 2087 322 2111 et
352 2080 470 2110 directo
500 2089 651 2120 processu
684 2079 806 2110 articuli
834 2079 930 2110 huius
957 2079 1182 2119 respondendo
1210 2079 1249 2109 ad
1273 2088 1364 2118 argu-

290 2131 407 2155 menta.
439 2124 500 2155 Sed
523 2124 668 2160 intendit,
686 2131 716 2155 et
737 2124 881 2164 explicat,
905 2123 995 2165 quod
1018 2123 1139 2154 malitia
1155 2133 1285 2154 morum
1304 2123 1362 2153 im—

291 2169 378 2210 pedit
401 2169 613 2209 prophetiam,
638 2179 697 2209 pro
719 2175 841 2209 quanto
856 2168 991 2208 impedit
1007 2178 1157 2208 magnam
1173 2168 1288 2199 mentis
1305 2168 1364 2198 ele-

291 2213 453 2244 vationem
477 2213 516 2243 ad
541 2213 846 2253 contemplationem
866 2212 1089 2253 spiritualium.
1114 2213 1212 2250 Quod
1232 2213 1364 2253 quidem

292 2267 403 2288 verum
435 2267 502 2288 esse
530 2263 670 2293 constat,
696 2267 770 2288 cum
799 2257 962 2298 passiones
990 2263 1065 2287 sunt
1088 2258 1308 2292 vehementes,
1334 2263 1364 2287 et

294 2302 461 2332 exteriores
485 2302 712 2342 occupationes
736 2302 873 2332 multae:
899 2302 958 2332 sub
983 2301 1041 2331 hac
1065 2301 1150 2332 enim
1168 2301 1289 2332 ratione
1305 2301 1364 2331 im-

294 2346 428 2387 pediunt
451 2346 565 2376 mentis
587 2346 806 2377 elevationem.
832 2346 872 2376 Et
895 2352 1062 2386 propterea
1085 2346 1110 2376 si
1127 2346 1222 2376 etiam
1246 2355 1283 2375 ex
1306 2345 1364 2375 hac

294 2398 382 2431 parte
405 2389 511 2431 aliqua
534 2390 726 2421 inordinatio
750 2389 889 2426 moralis,
914 2390 980 2420 sine
996 2389 1184 2421 huiusmodi
1207 2389 1364 2429 magnitu-

1417 1677 1491 1708 dine
1509 1677 1558 1707 vel
1582 1677 1798 1714 multitudine,
1815 1685 1982 1714 occurrat;
2007 1678 2058 1709 vel
2081 1678 2177 1710 etiam
2198 1679 2388 1711 huiusmodi
2403 1679 2495 1722 quies

1415 1732 1434 1752 a
1450 1721 1653 1762 passionibus
1673 1729 1704 1752 et
1728 1722 1995 1763 occupationibus
2012 1723 2166 1754 extraneis
2182 1723 2246 1762 fiat.
2272 1734 2338 1755 non
2362 1731 2495 1766 propter

1417 1767 1542 1796 bonum
1559 1776 1695 1802 morem,
1713 1767 1768 1797 sed
1786 1774 1934 1798 naturam
1951 1767 2001 1798 vel
2017 1768 2280 1808 speculationem,
2298 1779 2334 1799 ac
2357 1779 2414 1810 per
2432 1769 2495 1800 hoc

1418 1818 1499 1841 esset
1515 1810 1598 1841 dicta
1611 1810 1703 1852 quies
1718 1810 1785 1841 sine
1802 1811 1944 1842 bonitate
1961 1811 2087 1842 morali.
2104 1819 2199 1844 staret
2213 1813 2382 1854 prophetia
2397 1813 2493 1845 etiam

1418 1865 1454 1885 ex
1478 1855 1536 1886 hac
1561 1863 1648 1895 parte
1673 1855 1740 1885 sine
1762 1855 1905 1887 bonitate
1929 1856 2054 1887 morali.

1474 1900 1512 1930 11.
1538 1900 1573 1930 ln
1597 1900 1806 1940 responsione
1834 1900 1875 1930 ad
1905 1907 2057 1941 quartum
2081 1901 2225 1932 eiusdem
2249 1902 2390 1939 articuli,
2417 1909 2495 1934 nota

1417 1944 1583 1984 diligenter
1606 1945 1748 1984 glossam
1772 1944 1922 1975 Auctoris
1945 1946 1985 1975 ad
2009 1951 2132 1976 textum
2155 1946 2334 1977 Aristotelis
2357 1954 2413 1978 aut
2428 1956 2495 1978 non

1417 1999 1483 2019 esse
1508 1989 1665 2028 glossam,
1691 1989 1746 2019 sed
1775 1989 2020 2029 responsionem
2051 1990 2091 2020 ad
2124 1990 2281 2022 rationem
2305 1991 2494 2029 Aristotelia,

1417 2033 1552 2064 dicendo
1577 2034 1666 2075 quod
1691 2033 1771 2064 ratio
1795 2034 1849 2064 illa
1874 2044 1940 2064 non
1965 2041 2011 2065 est
2034 2044 2107 2065 vera
2131 2035 2169 2066 de
2189 2035 2320 2076 optimis
2344 2035 2496 2078 simplici-

1418 2085 1473 2115 ter,
1489 2078 1543 2109 sed
1561 2078 1599 2108 ad
1616 2078 1678 2109 hoc
1701 2088 1739 2109 ex
1755 2078 1861 2111 divina
1884 2078 2048 2110 electione.
2061 2097 2082 2102 —
2099 2081 2175 2116 Aut,
2191 2079 2217 2110 si
2233 2086 2280 2111 est
2295 2081 2411 2121 glossa,
2428 2091 2495 2112 non

1417 2123 1523 2163 glossa
1535 2130 1637 2154 textus
1654 2123 1738 2153 illius
1754 2122 1948 2164 inquantum
1965 2130 2012 2154 est
2027 2123 2216 2161 Aristotelis,
2230 2125 2285 2155 sed
2301 2124 2495 2166 inquantum

1417 2174 1464 2198 est
1480 2167 1676 2208 philosophi.
1703 2167 1869 2205 Quoniam
1885 2167 2092 2209 philosophia
2108 2178 2174 2200 non
2195 2175 2242 2200 est
2257 2169 2318 2200 nisi
2333 2179 2495 2208 verorum,

1418 2220 1447 2244 et
1468 2219 1591 2243 constat
1618 2222 1728 2243 verum
1753 2221 1829 2242 vero
1854 2222 1917 2243 non
1942 2222 2011 2244 esse
2034 2214 2236 2245 contrarium
2251 2213 2284 2245 *t
2309 2214 2496 2247 Aristoteles

1417 2263 1526 2287 autem
1555 2263 1679 2287 constat
1708 2257 1797 2297 quod
1827 2256 1962 2288 intendit
1993 2257 2032 2289 de
2055 2258 2186 2300 optimis
2210 2258 2404 2300 simpliciter.

1475 2301 1515 2331 Et
1545 2301 1624 2331 scito
1653 2301 1743 2341 quod
1773 2303 1896 2331 Auctor
1925 2302 2044 2342 pluries
2077 2302 2197 2343 glossat
2227 2303 2432 2336 Aristotelem
2460 2311 2496 2337 ut

1420 2344 1653 2396 philosophum
1667 2369 1674 2381 ,
1708 2354 1773 2375 non
1806 2352 1841 2375 ut
1870 2346 2085 2377 Aristotelem.
2121 2347 2162 2378 Et
2193 2347 2255 2379 hoc
2286 2347 2318 2378 in
2353 2348 2495 2380 favorem

1419 2396 1568 2420 veritatis.

1091 2525 1413 2569 ARTICULUS
1444 2526 1704 2576 QUINTUS

858 2619 1015 2651 UTRUM
1039 2620 1206 2657 ALtQUA
1229 2619 1480 2652 PROPHETIA
1504 2620 1571 2651 str
1595 2623 1624 2651 A
1649 2620 1931 2653 DAEMONIBUS

1037 2699 1068 2724 111
1091 2699 1167 2724 Cont.
1189 2700 1276 2729 Gent„
1298 2707 1354 2732 cap.
1373 2706 1446 2730 cmv;
1469 2700 1498 2725 ln
1519 2700 1626 2730 Isaram,
1648 2708 1703 2732 cap.
1723 2707 1759 2726 tu.

323 2796 481 2892 ξεῖ
507 2790 715 2870 ἓυῗῗέτῖἕ
736 2778 1242 2872 ittizss‘zfissffl‘gzmffiffls‘.
1259 2779 1365 2870 qffid

312 2885 346 2930 ⁴.
330 2867 433 2933 fler.
444 2870 476 2925 6
491 2844 758 2935 phetiapenilin
780 2893 835 2922 est
853 2885 980 2922 divina
1001 2886 1191 2932 revelatio,
1213 2893 1254 2923 ut
1273 2886 1364 2924 Cas-

297 2991 500 3040 daemone,
522 3004 601 3029 non
631 3000 686 3029 est
705 2991 889 3029 divinum.
920 2993 1023 3040 Ergo
1045 2993 1147 3030 nulla
1166 2993 1366 3042 prophetia

297 3052 422 3093 potest
451 3057 532 3082 esse
562 3058 584 3082 a
613 3038 819 3083 daemone.

352 3110 386 3136 2.
415 3099 650 3146 PRAETEREA,
672 3099 719 3136 ad
739 3098 1003 3148 propheticam
1025 3099 1283 3148 cognitionem
1309 3112 1365 3137 re—

298 3151 456 3201 quiritur
475 3152 601 3201 aliqua
629 3152 866 3199 illuminatio,
887 3160 929 3189 ut
948 3165 1062 3202 supra
1081 3152 1102 3174 '¹²
1130 3153 1273 3191 dictum
1299 3161 1364 3191 est.

300 3205 373 3242 Sed
412 3206 624 3243 daemones
661 3218 740 3244 non
777 3205 991 3244 illuminant
1028 3206 1259 3244 intellectum
1298 3208 1367 3244 hu-

299 3270 475 3307 manum,
504 3267 547 3296 ut
574 3271 689 3308 supra
718 3259 861 3298 dictum
892 3267 948 3297 est
975 3259 1014 3297 in
1042 3259 1172 3298 Primo
1192 3260 1222 3298 ²¹³.
1263 3261 1366 3310 Ergo

301 3312 403 3348 nulla
430 3312 631 3361 prophetia
658 3319 783 3362 potest
811 3325 894 3351 esse
923 3326 945 3351 a
974 3313 1241 3353 daemonibus.

357 3365 391 3402 3.
421 3365 662 3412 palmeam,
699 3378 778 3404 non
815 3374 871 3404 est
903 3367 1037 3404 efficax
1076 3366 1226 3415 signum
1262 3369 1367 3417 quod
1394 3376 1396 3380 ’

303 3417 415 3454 etiam
445 3418 492 3456 ad
523 3419 707 3457 contraria
737 3433 775 3457 se
805 3419 930 3458 habet.
971 3420 1048 3458 Sed
1083 3421 1284 3470 prophetia
1313 3428 1368 3458 est

303 3469 452 3518 signum
490 3473 791 3510 confirmationis
833 3473 940 3510 fidei:
984 3474 1086 3512 unde
1129 3486 1243 3523 super
1277 3474 1367 3512 illud

302 3523 414 3560 Rom.
444 3524 546 3570 xi1*,
576 3526 662 3562 Sive
684 3526 920 3575 prophetiam
949 3527 1154 3564 secundum
1182 3527 1367 3564 rationem

62 3582 275 3631 „ssgmffigmffb
298 3577 404 3623 fidei,
435 3576 522 3614 dicit
550 3578 686 3615 Glossa
707 3578 747 3615 *z
777 3579 881 3615 Nota
910 3579 1011 3627 quod
1042 3580 1079 3617 in
1108 3579 1369 3617 numeratione

302 3629 518 3680 gratiarum
538 3643 561 3667 a
578 3631 772 3679 prophetia
793 3631 930 3679 incipit,
951 3644 1048 3680 quae
1067 3638 1121 3669 est
1131 3632 1261 3681 prima
1275 3643 1368 3681 pro-

324 2934 326 2937 ’
351 2930 479 2969 ‘iu-395)
479 2938 684 2976 siodorus
703 2938 723 2960 '¹‘
760 2938 860 2976 dicit.
899 2938 976 2976 Sed
1013 2938 1104 2977 illud
1139 2939 1245 2989 quod
1272 2940 1316 2977 fit
1343 2952 1365 2977 a
1392 2935 1394 2946 ‘

1418 2779 1518 2816 batio
1547 2779 1650 2828 quod
1670 2779 1767 2826 fides
1795 2785 1924 2817 nostra
1943 2780 1992 2818 sit
2008 2780 2264 2818 rationabilis.-
2293 2781 2383 2831 quia
2411 2793 2491 2820 cre-

1418 2833 1561 2878 dentes,
1592 2839 1743 2882 accepto
1773 2833 1925 2882 Spiritu,
1949 2834 2241 2882 prophetabant.
2280 2835 2373 2872 Non
2401 2847 2492 2884 ergo

1419 2886 1621 2936 prophetia
1650 2898 1672 2923 a
1701 2886 1960 2924 daemonibus
1990 2887 2071 2925 dari
2098 2895 2236 2937 potest.

1475 2940 1550 2977 SED
1579 2951 1727 2977 CONTRA
1755 2951 1822 2978 EST
1850 2940 1957 2989 quod
1987 2940 2124 2978 dicitur
2152 2941 2202 2978 111
2230 2941 2330 2992 Reg.
2350 2953 2436 2980 xviii
2455 2941 2476 2964 *

1421 3046 1529 3093 meli,
1559 3052 1594 3083 et
1614 3047 1820 3096 prophetas
1847 3047 1949 3086 Baal
1985 3052 2167 3086 trecentos
2202 3047 2492 3099 quinquaginta,

1393 3100 1395 3146 J
1416 3101 1693 3149 prophetasque
1726 3100 1898 3139 lucorum
1931 3100 2239 3152 quadringentoe,
2273 3101 2340 3150 qui
2369 3113 2492 3140 come-

1394 3147 1395 3200 }
1421 3154 1515 3191 dunt
1531 3154 1577 3190 de
1595 3165 1725 3191 mensa
1739 3154 1897 3203 Iezabel.
1920 3153 1999 3192 Sed
2013 3154 2106 3192 tales
2128 3161 2234 3192 erant
2254 3154 2491 3194 daemonum

1423 3208 1596 3244 cultores.
1628 3208 1730 3255 Ergo
1750 3207 1902 3246 videtur
1920 3206 2026 3255 quod
2051 3206 2166 3244 etiam
2193 3219 2215 3244 a
2236 3207 2492 3247 daemonibus

1423 3260 1468 3298 sit
1496 3261 1623 3309 aliqua
1651 3260 1863 3310 prophetia.

1477 3315 1704 3352 REsrounao
1737 3325 1922 3352 otei-:unum
1954 3312 2079 3362 quod,
2110 3313 2205 3351 sicut
2242 3327 2357 3365 supra
2381 3314 2402 3337 ¹⁸
2438 3314 2492 3353 di-

1423 3375 1527 3405 ctum
1557 3374 1623 3414 est,
1653 3365 1853 3416 prophetia
1881 3365 2060 3416 importat
2090 3367 2347 3416 cognitionem
2372 3380 2491 3418 quan·
2530 3365 2536 3371 ’

1424 3420 1514 3458 dam
1534 3420 1668 3470 procul
1688 3418 1909 3456 existentem
1930 3431 1952 3457 a
1968 3419 2182 3468 cognitione
2202 3421 2386 3460 humana.
2408 3421 2491 3465 Ma-

1423 3473 1601 3511 nifestum
1622 3479 1679 3509 est
1697 3479 1824 3510 autem
1845 3473 1951 3522 quod
1971 3472 2181 3512 intellectus
2201 3474 2406 3524 superioris
2431 3487 2490 3513 or·

1423 3525 1521 3564 dinis
1550 3525 1676 3574 aliqua
1697 3537 1929 3574 cognoscere
1955 3534 2080 3576 potest
2099 3539 2199 3576 quae
2228 3535 2316 3565 sunt
2343 3535 2491 3566 remota

1423 3591 1444 3615 a
1474 3577 1688 3626 cognitione
1717 3577 1926 3616 intellectus
1959 3580 2158 3618 inferioris.
2198 3581 2323 3632 Supra
2350 3580 2491 3619 intelle·

1424 3638 1526 3668 ctum
1554 3638 1683 3668 autem
1711 3632 1925 3670 humanum
1945 3641 2002 3671 est
2020 3646 2099 3671 non
2127 3634 2252 3672 solum
2282 3634 2491 3672 intellectus

2522 2219 2596 2322 η.

2553 2217 2736 2348 ..zi-{i

2630 2315 2674 2348 ᾖ.

2483 2955 2492 2980 :
2522 2950 2532 2959 ⁸
2546 2948 2614 2973 νπ-
2627 2954 2661 2978 η-

1392 3004 1394 3034 l
1426 2993 1633 3044 Congrega
1655 2993 1707 3031 ad
1723 3006 1785 3030 me
1814 2994 2031 3032 universum
2051 2993 2174 3032 Israel
2191 2994 2229 3032 in
2249 3000 2376 3032 monte
2399 2995 2492 3033 Car-

2519 3321 2532 3334 ·
2545 3321 2594 3350 Qu.
2603 3323 2733 3348 enimn.
