2768 4198
61 391 77 407 ι.
58 358 143 381 'Gaea
148 357 217 380 Hier
223 363 273 385 cap.

47 1652 153 1681 ἐν...
167 1657 204 1681 ¹7·

62 2075 76 2088 ⁶
88 2075 155 2098 Vera.
169 2081 199 2104 ¹5-

28 3432 31 3441 ,
75 3411 88 3422 ⁸
98 3411 165 3434 Vm.
181 3417 212 3441 ¹9·

950 275 1218 323 QUAESTlO
1249 275 1443 322 CLXXII,
1471 276 1769 314 ARTICULUS
1799 277 1850 312 IV

301 356 582 392 similitudinibus,
608 362 643 386 ut
671 354 846 396 Dionysius
882 355 991 385 docuit
1009 355 1036 385 *.
1068 355 1108 385 Et
1139 361 1262 385 constat
1285 355 1374 395 quod

299 400 473 441 impeditur
501 410 558 440 per
581 399 763 430 ebrietatem
786 405 817 429 et
840 399 1003 439 passiones
1031 399 1231 429 vehementes
1262 406 1292 429 et
1315 398 1373 429 hu-

299 444 451 480 iusmodi,
463 453 546 485 quae
561 443 743 484 impediunt
759 443 1011 483 speculationem
1028 443 1174 474 veritatis.
1196 444 1260 474 Nec
1277 443 1372 474 huius

300 487 490 528 oppositum
513 487 668 518 docemur
690 486 722 517 in
746 487 858 518 littera.

355 532 429 562 Alio
453 542 529 572 ergo
554 532 653 562 modo
677 531 862 572 intelligitur
885 532 923 562 de
948 533 1035 562 dono
1060 532 1245 572 prophetiae
1269 531 1301 561 in
1321 542 1372 562 or—

299 576 372 606 dine
395 576 436 606 ad
459 586 515 616 per
535 586 569 607 se
592 586 721 606 causam
739 576 912 607 effectivam
929 577 999 607 talis
1016 576 1102 607 doni.
1127 577 1168 608 Et
1191 577 1234 607 sic
1259 576 1372 606 dicitur
1396 582 1399 596 ¹

298 621 387 661 quod
411 620 535 651 nullam
558 620 688 661 requirit
711 621 956 661 dispositionem
980 621 1166 653 naturalem.
1192 622 1232 652 Et
1256 620 1371 651 dicitur
1396 625 1398 641 ἒ

299 665 362 695 hoc
392 665 431 694 ad
462 664 671 695 differentiam
701 665 886 706 prophetiae
915 666 1092 697 secundum
1121 666 1215 707 quid,
1239 665 1301 695 hoc
1325 673 1371 696 est
1396 667 1397 676 ¹

299 700 462 748 naturalis,
487 719 570 750 quae
594 719 659 740 non
684 710 792 741 solum
817 711 994 741 secundum
1017 721 1059 747 se,
1085 711 1139 740 sed
1163 718 1259 741 enam
1273 720 1305 739 in
1323 719 1371 739 or-

299 753 372 783 dine
395 753 436 783 ad
458 763 515 794 per
538 764 571 784 se
595 764 723 785 causam
747 754 921 785 effectivam
945 755 1044 791 illius,
1070 755 1240 796 praeexigit
1265 763 1370 784 neces-

299 797 381 828 sario
403 797 649 838 dispositionem
664 799 864 830 naturalem
856 809 888 829 in
905 779 1071 840 propheta.
1095 799 1260 837 Quoniam
1277 808 1371 829 causa

299 842 450 873 naturalis
473 843 659 883 prophetiae
683 850 730 874 est
753 851 880 881 natura,
905 854 986 885 quae
1017 854 1083 874 non
1114 851 1219 884 potest
1246 843 1370 882 operari

298 886 359 917 nisi
381 886 415 916 in
439 887 577 927 patiente
600 895 631 919 et
650 888 821 928 disposito,
847 896 883 919 ut
906 896 1000 929 patet.
1030 888 1092 919 Sed
1116 899 1209 919 causa
1233 887 1370 928 prophe-

298 931 359 962 tiae
383 930 567 972 simpliciter
590 940 636 963 est
659 933 756 969 Deus,
780 933 835 974 qui
859 943 926 964 non
950 933 1121 973 praeexigit
1144 933 1284 974 aliquam
1309 932 1371 962 dis-

298 975 511 1016 positionem,
536 977 617 1008 sicut
640 987 697 1008 nec
721 977 902 1014 materiam,
927 978 982 1008 sed
1011 984 1116 1017 potest
1146 977 1242 1007 simul
1265 984 1370 1008 totum

299 1020 485 1060 producere.
510 1022 551 1052 Et
574 1022 651 1053 haec
675 1029 721 1053 est
744 1022 892 1059 intentio,
917 1022 968 1052 hic
991 1029 1038 1052 est
1061 1022 1162 1052 clarus
1186 1031 1296 1052 sensus
1320 1021 1370 1052 lit-

298 1071 398 1095 terae:
431 1072 467 1096 ut
497 1073 582 1106 patet
612 1076 649 1097 ex
679 1066 802 1097 ratione
828 1066 950 1098 litterae
980 1073 1012 1096 et
1038 1066 1300 1106 responsionibus
1331 1066 1370 1096 ad

299 1117 496 1149 argumenta.

356 1154 394 1184 11.
418 1154 480 1185 Sed
504 1154 638 1195 insurgit
661 1162 737 1186 tunc
761 1154 847 1185 aliud
868 1154 1018 1185 dubium:
1042 1154 1092 1184 Ad
1116 1154 1195 1194 quid
1219 1154 1371 1184 articulus

2417 273 2486 310 381

1427 355 1500 392 iste,
1526 362 1556 386 et
1578 355 1723 396 quaestio
1747 355 1822 391 ista,
1848 355 1948 395 magis
1972 354 2010 385 de
2034 353 2201 394 prophetia
2224 363 2323 394 quam
2351 353 2390 383 de
2413 363 2493 393 quo-

1427 410 1566 440 cumque
1590 400 1652 430 alio
1677 400 1764 430 dono
1788 399 1864 430 Dei:
1898 409 1972 430 cum
2003 398 2080 429 haec
2104 397 2263 434 conditio,
2288 396 2405 428 scilicet
2429 407 2494 427 non

1425 444 1622 484 praeexigere
1646 443 1889 484 dispositionem
1912 443 1945 474 in
1967 443 2077 473 ordine
2093 442 2132 472 ad
2149 442 2264 478 Deum,
2290 441 2329 472 sit
2353 441 2493 472 conditio

1426 488 1607 519 communis
1635 488 1783 518 omnium
1816 498 1897 529 quae
1926 498 1943 518 a
1971 488 2040 518 Deo
2065 486 2164 523 fiunt,
2190 493 2220 517 et
2243 492 2290 516 est
2313 485 2494 516 communis

1424 532 1596 563 differentia
1620 533 1699 563 inter
1724 532 1876 563 naturalia
1900 539 1930 563 et
1954 532 2059 562 divina
2082 528 2200 572 opera?

1479 578 1530 608 Ad
1555 577 1616 608 hoc
1639 577 1753 607 dicitur
1776 577 1865 627 quod
1888 576 2033 618 quaestio
2049 576 2118 612 ista,
2136 575 2282 616 quamvis
2300 573 2409 605 multis
2427 573 2494 603 aliis

1424 622 1605 652 communis
1625 621 1674 657 sit,
1699 621 1901 661 appropriata
1916 628 2023 651 tamen
2038 619 2264 651 rationabiliter
2287 626 2334 650 est
2357 618 2494 659 prophe—

1423 666 1500 696 tiae:
1526 676 1592 696 non
1617 666 1723 696 solum
1747 665 1823 706 quia
1839 665 2006 706 prophetia
2029 664 2190 695 invenitur
2212 663 2363 695 naturalis
2387 670 2417 693 et
2441 672 2495 692 su-

1423 710 1645 750 pernaturalis;
1671 710 1725 740 sed
1750 716 1785 740 ut
1808 720 1844 740 ex
1868 710 1963 740 huius
1987 709 2148 740 solutione
2171 707 2367 749 quaestionis
2390 713 2495 747 pateat

1395 777 1397 796 ἰ
1422 756 1511 796 quod
1535 756 1622 785 Deus
1646 764 1712 784 non
1736 754 1895 784 distribuit
1918 753 2103 804 prophetiae
2119 754 2244 783 donum
2268 753 2350 783 sicut
2373 751 2495 782 animas

1421 799 1562 830 infundit
1585 798 1790 839 corporibus,
1815 798 1932 829 scilicet
1960 798 2047 828 iuxta
2071 797 2182 828 merita
2213 797 2362 828 materiae
2385 795 2495 835 dispo-

1423 844 1510 874 sitae.
1527 844 1593 874 Nec
1609 843 1681 873 ideo
1698 843 1791 883 elegit
1806 843 1950 893 Moysen,
1967 842 2078 878 David,
2097 842 2220 878 Isaiam,
2237 841 2412 876 Ieremiam,
2424 846 2494 875 etc„

1421 889 1454 918 in
1478 888 1659 928 prophetas.
1684 887 1760 928 quia
1783 887 1843 927 ipsi
1867 887 2024 918 habebant
2048 886 2293 927 dispositionem
2317 884 2495 916 naturalem

1423 933 1462 963 ad
1486 933 1581 963 huius
1605 932 1729 962 donum
1754 932 1980 962 deducentem:
2005 931 2059 961 sed
2079 941 2095 961 e
2113 937 2232 966 contra,
2257 930 2332 971 quia
2349 929 2416 970 ipse
2432 928 2494 959 dis-

1422 977 1534 1007 tribuit
1548 977 1689 1017 singulis
1699 981 1800 1016 prout
1816 976 1884 1006 vult
1898 975 1925 1011 *,
1947 982 1976 1006 et
1992 975 2079 1006 dedit
2093 974 2247 1015 quosdam
2261 974 2439 1015 prophetas
2450 972 2494 1008 **,

1421 1021 1494 1051 ideo
1522 1021 1600 1051 istos
1631 1019 1789 1060 disposuit
1819 1019 2043 1050 convenienter
2073 1020 2112 1049 ad
2145 1018 2331 1059 prophetiae
2359 1019 2495 1048 donum.

1421 1065 1608 1095 Excluditur
1632 1064 1718 1094 enim
1742 1064 1815 1094 hinc
1840 1074 1926 1094 error
1949 1063 2219 1104 philosophorum
2243 1062 2298 1103 qui
2322 1062 2495 1103 prophetas

1422 1119 1535 1140 omnes
1559 1119 1596 1139 ex
1619 1108 1753 1138 naturali
1778 1108 1987 1148 dispositione
2008 1108 2256 1138 constituerunt:
2282 1113 2318 1137 ut
2341 1106 2495 1136 Aristote-

1422 1154 1477 1190 les,
1494 1153 1528 1183 in
1543 1152 1797 1183 Problematibus
1811 1152 1838 1188 *‚
1863 1159 1894 1182 et
1916 1153 2088 1187 Avicenna,
2112 1152 2144 1182 in
2165 1152 2206 1182 Vl
2223 1151 2434 1189 Naturalium
2450 1150 2495 1180 **.

380 1326 429 1330 -->
1091 1290 1412 1334 ARTICULUS
1441 1289 1716 1342 QUARTUS

772 1386 929 1417 UTRUM
953 1384 1141 1416 BONITAS
1166 1385 1328 1416 MORUM
1351 1385 1640 1422 REQUIRATUR
1664 1385 1722 1414 AD
1746 1384 2030 1415 PROPHETIAM

995 1464 1037 1489 De
1055 1464 1145 1493 Verit.,
1165 1472 1209 1497 qu.
1229 1472 1273 1493 xn,
1293 1469 1339 1489 art.
1362 1463 1389 1493 5;
1410 1464 1440 1488 In
1461 1463 1544 1491 Ioan..
1565 1471 1619 1495 cap.
1639 1471 1672 1494 xl,
1692 1464 1749 1488 lect.
1767 1470 1811 1488 vn.

303 1801 501 1841 constituit.
532 1803 610 1840 Sed
638 1804 816 1841 sanctitas
835 1816 915 1841 non
942 1811 1068 1852 potest
1097 1815 1180 1840 esse
1206 1803 1286 1840 sine
1307 1803 1376 1839 bo-

302 1857 420 1895 nitate
441 1868 595 1894 morum
615 1865 652 1894 et
670 1857 752 1894 sine
772 1858 890 1905 gratia
909 1865 1058 1905 gratum
1078 1857 1251 1894 faciente.
1273 1857 1376 1904 Ergo

303 1909 506 1960 prophetia
535 1922 613 1947 non
642 1919 769 1960 potest
797 1923 880 1947 esse
910 1912 991 1948 sine
1021 1911 1190 1948 bonitate
1220 1922 1375 1947 morum
1401 1942 1403 1944 .

1402 1979 1403 1993 ÷
1430 1962 1476 1999 de
1507 1963 1543 1999 T
1539 1962 1611 1998 rin.
1632 1961 1672 1998 *ε
1701 1962 1792 1999 Nisi
1808 1961 2045 2009 impertiatur
2063 1961 2197 2008 cuique
2216 1961 2375 2008 Spiritus
2402 1962 2497 1998 San-

305 1972 343 2002 et
369 1962 488 2012 gratia
516 1971 666 2012 gratum
695 1965 869 2002 faciente.

360 2029 394 2054 2.
416 2017 652 2065 PRAETEREA,
674 2025 819 2056 secreta
849 2031 927 2055 non
947 2018 1165 2055 revelantur
1183 2016 1254 2054 nisi
1283 2016 1377 2055 arni-

306 2071 375 2108 cis:
405 2071 620 2109 secundum
649 2071 740 2110 illud
770 2073 874 2109 Ioan.
894 2083 943 2108 xv
961 2071 997 2108 *ε
1033 2072 1107 2108 Vos
1143 2077 1268 2108 autem
1297 2070 1380 2107 dixi

305 2124 472 2162 amicos.-
499 2126 589 2173 quia
617 2126 747 2163 omnia
775 2137 1035 2174 quaecumque
1061 2125 1192 2162 audivi
1213 2136 1237 2161 a
1264 2125 1379 2161 Patre

305 2189 402 2224 meo,
423 2183 513 2216 nota
527 2180 616 2228 feci
640 2180 757 2216 vobis.
789 2180 866 2217 Sed
888 2178 1083 2227 prophetis
1103 2179 1207 2215 Deus
1234 2189 1304 2214 sua
1323 2190 1378 2214 se·
1403 2200 1405 2214 .

306 2237 409 2269 creta
437 2233 589 2279 revelat,
618 2240 660 2269 ut
688 2233 825 2271 dicitur
846 2235 969 2270 Amos
989 2244 1024 2269 111
1043 2231 1075 2268 ⁸.
1106 2232 1208 2280 Ergo
1228 2230 1379 2268 videtur

306 2285 412 2334 quod
439 2287 651 2335 prophetae
671 2286 745 2324 sint
762 2286 835 2323 Dei
863 2285 988 2323 amici.
1018 2285 1136 2332 Quod
1155 2297 1235 2322 non
1254 2291 1380 2333 potest

307 2350 390 2376 esse
420 2339 500 2376 sine
531 2340 695 2378 caritate.
730 2340 833 2388 Ergo
861 2339 1015 2376 videtur
1043 2338 1148 2387 quod
1177 2338 1380 2387 prophetia

307 2404 386 2429 non
415 2393 535 2441 possit
564 2406 646 2431 esse
675 2393 755 2430 sine
785 2393 950 2439 caritate,
976 2404 1076 2442 quae
1106 2404 1184 2429 non
1214 2399 1270 2428 est
1298 2391 1380 2435 sine

307 2445 424 2495 gratia
451 2454 599 2494 gratum
629 2447 802 2484 faciente.

364 2503 399 2537 3.
429 2500 654 2537 PRAETEREA
668 2499 694 2547 β,
716 2500 850 2537 Matth.
866 2511 915 2536 vn
934 2498 954 2520 *
974 2498 1128 2536 dicitur:
1152 2499 1339 2535 Attendite
1356 2511 1381 2536 a

296 2553 412 2602 falsis
434 2554 639 2602 prophetis,
660 2554 726 2602 qui
751 2553 907 2590 veniunt
923 2552 975 2590 ad
991 2563 1059 2589 vos
1087 2552 1124 2588 in
1153 2552 1380 2589 vestimentis

309 2609 450 2653 ovium,
479 2607 701 2644 intrinsecus
728 2613 854 2644 autem
881 2611 970 2643 sunt
994 2605 1074 2653 lupi
1101 2617 1271 2654 rapaces.
1303 2606 1381 2643 Sed

309 2660 543 2710 quicumque
563 2667 650 2697 sunt
670 2660 751 2697 sine
770 2659 888 2708 gratia
912 2659 1078 2706 interius,
1098 2658 1278 2695 videntur
1297 2671 1381 2696 esse

309 2714 387 2764 lupi
417 2726 586 2763 rapaces.
623 2714 726 2762 Ergo
756 2725 892 2750 omnes
921 2721 1008 2749 sunt
1040 2711 1122 2749 falsi
1154 2712 1379 2760 prophetae.

309 2768 447 2805 Nullus
477 2774 534 2804 est
566 2779 656 2816 ergo
683 2779 801 2804 verus
828 2766 1016 2815 propheta
1050 2764 1121 2802 nisi
1158 2765 1283 2802 bonus
1312 2777 1382 2814 per

308 2830 480 2870 gratiam.

361 2887 399 2923 4.
427 2876 671 2921 PRAETEREA,
703 2872 961 2920 Philosophus
995 2871 1100 2917 dicit,
1131 2871 1167 2908 in
1206 2870 1302 2908 libro
1335 2872 1407 2915 de!

254 2963 282 2973 ,,
308 2929 438 2966 Somn.
468 2934 504 2965 et
527 2927 638 2978 Vigil.
659 2927 695 2974 ²¹²,
725 2926 843 2975 quod,
871 2925 906 2962 si
931 2925 1110 2962 divinatio
1143 2925 1379 2962 somniorum

309 2988 364 3020 est
389 2995 413 3020 a
441 2983 546 3028 Deo,
576 2980 842 3018 inconveniens
869 2984 923 3015 est
953 2991 1038 3015 eam
1076 2978 1274 3015 immittere
1301 2978 1381 3026 qui-

310 3036 477 3082 buslibet,
497 3041 534 3072 et
551 3047 626 3072 non
647 3034 794 3083 optimis
821 3033 923 3070 viris.
955 3032 1033 3069 Sed
1062 3039 1209 3069 constat
1232 3031 1378 3068 donum

310 3088 555 3139 prophetiae
566 3101 648 3126 esse
677 3100 699 3125 a
726 3088 824 3124 Deo.
854 3087 957 3134 Ergo
979 3086 1126 3123 donum
1153 3084 1379 3134 prophetiae

312 3155 390 3180 non
419 3143 530 3180 datur
557 3143 627 3180 nisi
656 3140 811 3191 optimis
838 3139 942 3177 viris.

366 3196 442 3232 SED
468 3207 617 3233 CONTRA
634 3207 702 3233 EST
727 3193 834 3242 quod
863 3193 997 3230 Matth.
1017 3204 1065 3229 vn
1083 3191 1116 3239 ²¹⁸,
1146 3190 1204 3227 his
1231 3190 1297 3238 qui
1327 3190 1380 3227 di-

313 3256 457 3294 xerant,
486 3249 652 3286 Domine
685 3260 810 3285 nonne
837 3247 874 3283 in
905 3246 1056 3283 nomine
1082 3256 1150 3281 suo
1178 3245 1380 3293 propheta-

312 3301 466 3339 vimus?
494 3301 766 3351 respondetur:
795 3301 1007 3349 Nunquam
1036 3298 1127 3335 novi
1151 3308 1228 3334 vos.
1262 3297 1382 3334 Novit

314 3363 443 3392 autem
472 3354 660 3392 Dominus
687 3366 751 3392 eos
779 3354 845 3404 qui
877 3359 966 3390 sunt
990 3353 1086 3399 eius,
1116 3359 1158 3388 ut
1186 3350 1319 3387 dicitur
1347 3350 1378 3386 II

314 3408 366 3445 ad
396 3407 492 3444 Tim.
513 3419 536 3444 11
554 3406 586 3444 *.
625 3408 727 3455 Ergo
755 3407 957 3456 prophetia
993 3412 1118 3456 potest
1146 3416 1229 3441 esse
1258 3403 1296 3440 in
1323 3402 1381 3440 his

315 3461 380 3510 qui
408 3473 488 3498 non
516 3467 603 3507 sunt
630 3460 703 3497 Dei
728 3472 798 3509 per
825 3460 997 3508 gratiam.

369 3575 396 3606 α)
417 3573 547 3599 nationes.
558 3586 578 3591 -
596 3572 732 3597 orationes
750 3571 976 3604 ABDEFHLpCK
995 3577 1022 3597 et
1038 3580 1063 3602 a,
1083 3571 1203 3597 rationes
1223 3571 1250 3596 P.

370 3609 395 3642 β)
415 3610 569 3634 Prueterea.
579 3621 600 3629 —
617 3608 674 3632 Hoc
693 3611 876 3640 argumentum
894 3611 987 3640 quarto
1004 3608 1064 3632 loco
1082 3612 1183 3640 ponunt
1200 3607 1287 3632 AFlL.

1115 3737 1120 3753 l

363 1717 367 1721 ·
444 1724 446 1726 ,
490 1719 503 1729 s
1399 1707 1401 1724 ι
1428 1695 1480 1731 tia
1508 1702 1657 1743 gratum
1687 1694 1849 1739 faciens;

301 1734 452 1788 sanctas
478 1760 519 1786 se
546 1750 745 1798 transfert,
775 1756 813 1787 et
836 1750 980 1787 amicos
1007 1751 1083 1788 Dei
1114 1755 1151 1786 et
1156 1696 1375 1809 propbetas
1400 1754 1402 1776 ἓ

1400 1801 1402 1831 ³
1430 1814 1510 1838 nes.
1548 1801 1678 1839 Gratia
1707 1809 1835 1838 autem
1865 1809 2015 1848 gratum
2044 1800 2186 1837 faciens
2213 1800 2262 1838 ad
2290 1801 2365 1837 hoc
2397 1802 2498 1850 prin-

1482 1535 1710 1571 REsponm-:o
1737 1545 1924 1570 mci-:noum
1947 1533 2052 1581 quod
2074 1533 2223 1570 bonitas
2242 1546 2396 1570 morum
2415 1543 2496 1582 pot-

1361 1595 1400 1620 -=
1429 1595 1485 1624 est
1514 1587 1656 1625 attendi
1685 1588 1900 1623 secundum
1931 1586 2026 1623 duo:
2061 1598 2139 1623 uno
2170 1587 2325 1635 quidem
2365 1589 2496 1635 modo,

1399 1642 1644 1679 {secundum
1664 1640 1884 1677 interiorem
1906 1639 1986 1677 eius
2012 1639 2192 1686 radicem,
2213 1652 2312 1688 quae
2337 1649 2393 1677 est
2415 1653 2498 1689 gra-

1889 1693 1962 1730 alio
1991 1701 2121 1730 autem
2141 1693 2280 1740 modo,
2311 1703 2497 1743 quantum

1429 1748 1479 1785 ad
1498 1748 1696 1785 interiores
1716 1747 1868 1784 animae
1888 1747 2086 1795 passiones
2107 1755 2143 1783 et
2159 1746 2362 1784 exteriores
2382 1748 2498 1785 actio-

1430 1855 1599 1904 cipaliter
1627 1855 1737 1892 datur
1765 1862 1806 1891 ut
1834 1854 1962 1891 anima
1990 1853 2158 1890 hominis
2192 1854 2278 1890 Deo
2306 1866 2376 1902 per
2405 1855 2498 1892 cari—

1429 1916 1546 1945 tatem
1566 1908 1836 1956 coniungatur:
1865 1907 1968 1944 unde
1988 1906 2222 1955 Augustinus
2243 1907 2342 1954 dicit,
2364 1908 2402 1944 in
2428 1909 2498 1945 XV

1431 2021 1521 2062 ctus,
1543 2021 1584 2052 ut
1609 2027 1695 2052 eum
1715 2015 1791 2052 Dei
1807 2020 1844 2051 et
1862 2015 2037 2063 proximi
2042 2015 2170 2062 faciat
2195 2019 2418 2059 amatorem,
2439 2014 2500 2052 ille

1431 2081 1454 2106 a
1492 2069 1643 2106 sinistra
1680 2080 1755 2105 non
1791 2069 2018 2116 transfertur
2054 2068 2105 2104 ad
2139 2067 2347 2104 dexteram.
2387 2068 2498 2105 Unde

1432 2122 1618 2171 quidquid
1637 2130 1764 2170 potest
1783 2134 1865 2158 esse
1885 2121 1966 2158 sine
1986 2121 2150 2167 caritate,
2171 2128 2297 2169 potest
2316 2133 2398 2157 esse
2419 2121 2499 2158 sine

1431 2177 1551 2224 gratia
1585 2183 1734 2224 gratum
1774 2175 1950 2221 faciente,
1981 2182 2016 2211 et
2043 2186 2113 2223 per
2151 2186 2390 2223 consequens
2419 2174 2499 2211 sine

1432 2230 1601 2266 bonitate
1622 2241 1786 2265 morum.
1809 2228 2013 2276 Prophetia
2033 2235 2161 2264 autem
2175 2234 2301 2276 potest
2316 2240 2399 2264 esse
2419 2228 2500 2264 sine

1433 2283 1597 2320 caritate.
1620 2282 1739 2329 Quod
1758 2289 1916 2331 apparet
1936 2293 1981 2317 ex
2002 2281 2165 2318 duobus.
2186 2280 2317 2317 Primo
2333 2280 2500 2329 quidem,

1434 2348 1479 2373 ex
1507 2344 1594 2373 actu
1612 2335 1830 2383 utriusque:
1861 2347 1951 2372 nam
1970 2333 2171 2383 prophetia
2190 2333 2351 2382 pertinet
2378 2335 2426 2371 ad
2447 2335 2502 2371 in-

1432 2391 1637 2435 tellectum,
1659 2389 1765 2426 cuius
1794 2395 1898 2425 actus
1927 2387 2120 2436 praecedit
2139 2394 2264 2424 actum
2285 2388 2501 2434 voluntatis,

1434 2456 1552 2492 quam
1572 2442 1721 2492 perficit
1741 2441 1887 2478 caritas.
1917 2441 2028 2478 Unde
2053 2441 2273 2490 Apostolus,
2301 2442 2314 2476 I
2340 2442 2391 2477 ad
2413 2442 2499 2477 Cor.

1433 2509 1493 2534 x111
1511 2497 1544 2544 *,
1570 2495 1811 2546 prophetiam
1833 2502 2083 2531 connumerat
2103 2494 2182 2530 aliis
2203 2493 2251 2531 ad
2271 2493 2539 2530 intellectum·

1433 2549 1711 2600 pertinentibus
1745 2560 1844 2596 quae
1873 2555 2035 2596 possunt
2063 2547 2143 2583 sine
2173 2547 2325 2583 caritate
2354 2547 2500 2583 haberi.

1435 2604 1630 2650 Secundo,
1651 2614 1696 2639 ex
1724 2602 1803 2638 fine
1831 2601 2046 2648 utriusque.
2077 2600 2186 2637 datur
2205 2599 2306 2636 enim
2336 2601 2501 2659 prophe-

1433 2658 1484 2695 tia
1513 2658 1560 2694 ad
1589 2655 1787 2693 utilitatem
1816 2654 2022 2699 Ecclesiae,
2052 2653 2148 2689 sicut
2174 2660 2210 2689 et
2237 2652 2331 2689 aliae
2360 2653 2500 2700 gratiae

1434 2710 1546 2759 gratis
1576 2710 1698 2755 datae,
1728 2707 1941 2744 secundum
1969 2706 2060 2743 illud
2090 2705 2275 2754 Apostoli,
2298 2707 2310 2741 Ι
2338 2705 2389 2742 ad
2411 2707 2499 2742 Cor.

1433 2763 1537 2809 X11*,
1583 2762 1792 2810 Unicuique
1827 2760 1940 2797 datur
1975 2771 2065 2796 man
2068 2759 2226 2808 festatzo
2256 2758 2415 2806 Spiritus
2449 2759 2539 2795 ad

1405 2811 1407 2845 ῗ
1435 2817 1647 2859 utilitatem,
1683 2826 1762 2851 non
1791 2821 1919 2850 autern
1948 2813 2144 2850 ordinatur
2181 2812 2321 2849 directe
2349 2812 2399 2849 ad
2425 2812 2501 2849 hoc

1433 2870 1539 2920 quod
1568 2868 1727 2906 affectus
1755 2867 1873 2916 ipsius
1892 2867 2102 2915 prophetae
2127 2865 2378 2913 coniungatur
2400 2865 2499 2911 Deo,

1434 2924 1483 2960 ad
1508 2922 1614 2972 quod
1633 2921 1830 2958 ordinatur
1850 2920 1994 2956 caritas.
2024 2920 2073 2956 Et
2092 2918 2179 2956 ideo
2198 2917 2398 2968 prophetia
2418 2926 2501 2977 pot-

1435 2984 1491 3014 est
1519 2987 1601 3012 esse
1631 2974 1710 3011 sine
1739 2973 1907 3010 bonitate
1935 2984 2111 3019 morum,
2141 2979 2325 3020 quantum
2353 2971 2401 3008 ad
2426 2971 2500 3019 pri-

1435 3042 1541 3067 mam
1561 3034 1576 3056 Υ
1605 3027 1773 3065 radicem
1802 3026 1916 3063 huius
1944 3025 2133 3063 bonitatis.

1489 3082 1528 3119 Si
1555 3093 1650 3118 vero
1689 3079 1975 3117 consideremus
2011 3078 2221 3115 bonitatem
2260 3088 2413 3113 morum
2443 3089 2500 3112 se-

1434 3135 1603 3172 cundum
1631 3133 1830 3183 passiones
1850 3133 2001 3169 animae
2031 3139 2067 3168 et
2095 3131 2262 3168 actiones
2283 3129 2499 3176 exteriores,

1434 3187 1646 3225 secundum
1675 3187 1750 3223 hoc
1777 3185 1983 3234 impeditur
2010 3184 2144 3232 aliquis
2164 3196 2186 3220 a
2205 3182 2404 3242 prophetia
2431 3194 2501 3231 per

1434 3253 1588 3278 morum
1611 3239 1807 3277 malitiam.
1837 3239 1940 3275 Nam
1961 3237 2010 3275 ad
2029 3236 2270 3287 prophetiam
2299 3235 2501 3284 requiritur

1435 3294 1602 3331 maxima
1631 3292 1768 3329 mentis
1789 3291 1950 3329 elevatio
1979 3291 2027 3328 ad
2056 3289 2304 3339 spiritualium
2329 3296 2500 3326 contem-

1434 3347 1665 3407 plationem,
1705 3356 1804 3404 quae
1842 3344 2001 3392 quidem
2037 3342 2243 3392 impeditur
2278 3354 2348 3391 per
2382 3343 2499 3378 vehe-

1435 3400 1619 3438 mentiam
1647 3398 1892 3448 passionum,
1924 3404 1960 3434 et
1995 3409 2063 3445 per
2094 3395 2350 3433 inordinatam
2386 3407 2499 3432 occu-

1434 3454 1630 3504 pationem
1650 3463 1778 3489 rerum
1798 3450 2038 3488 exteriorum.
2059 3449 2171 3487 Unde
2191 3456 2228 3487 et
2247 3448 2296 3486 de
2298 3448 2396 3497 filus
2409 3460 2499 3497 pro—

1489 3568 1515 3601 γ)
1532 3567 1660 3600 primam.
1673 3580 1691 3585 -
1705 3565 1848 3598 propriam
1868 3565 1895 3590 P.

2522 966 2556 987 ⁸1
2570 966 2604 988 ad
2613 966 2669 988 Cor.
2684 973 2735 995 cap.

2520 999 2555 1017 ιιι
2579 999 2638 1015 ν.ει·ε
2656 999 2680 1015 ιι.

2535 1009 2735 1046 ⁸1’bid.ve1-s.28;

2522 1046 2556 1068 aa
2572 1036 2659 1074 effi.
2683 1052 2734 1074 cap.

2523 1079 2545 1094 iv
2568 1079 2627 1095 vern.
2643 1079 2668 1095 ιι.

2523 1089 2602 1121 'Sect
2608 1098 2682 1126 XXX,
2692 1105 2714 1121 n.
2718 1105 2737 1121 1.

2524 1127 2590 1148 ⁸·.A1
2601 1116 2734 1153 άεΑηῗηια,

2524 1156 2581 1181 part.
2592 1152 2633 1180 1v,
2644 1159 2695 1180 cap.
2709 1159 2734 1174 ιι.

2526 1971 2535 1981 ’
2549 1970 2607 1998 Cap.
2621 1976 2687 1992 xviu.

2554 2508 2621 2529 Vers.
2637 2513 2652 2534 1,
2667 2514 2687 2528 2.

2553 2765 2618 2787 Vera.
2633 2772 2653 2793 7.
