2768 4198
60 563 69 573 ⁴
77 562 155 584 Matth.
166 567 215 589 cap.
224 567 272 587 xix,

59 595 117 610 vers.
133 595 166 614 27.

59 649 68 659 ·
90 648 145 670 Luc.
167 654 217 675 cap.
240 654 272 675 vr,

59 681 118 696 vers.
136 681 164 704 13.

60 738 68 747 ⁸
83 737 145 758 loun.
161 742 211 764 cap.
222 741 271 762 xxx,

59 769 117 785 vers.
136 769 164 790 ¹7·

55 1500 65 1510 ⁸
80 1499 146 1521 Vers.
163 1505 192 1526 ¹7-

81 1818 144 1839 vers.
161 1824 191 1844 ¹4·

63 2818 72 2828 ⁸
88 2817 134 2845 Qu.
147 2822 192 2844 etv,
203 2821 244 2839 art.
256 2823 274 2845 5.

65 3051 74 3059 ·
90 3049 155 3071 Vere.
169 3055 190 3077 7.

297 271 375 307 494

299 337 471 369 differentia
502 338 583 368 inter
610 344 723 368 votum
754 336 946 376 paupertatis
978 342 1008 365 et
1037 334 1185 364 castitatis
1216 342 1298 373 quae
1330 332 1363 362 in

298 382 399 412 littera
423 382 612 422 assignatur:
645 391 718 412 curn
742 379 929 420 episcopalis
953 385 1052 409 status
1076 384 1227 408 neutrum
1250 383 1363 407 votum

300 427 411 466 exigat.

355 471 405 501 Ad
429 470 490 500 hoc
514 470 627 500 dicitur
646 469 744 509 quod,
769 467 844 508 quia
862 466 1012 507 Apostoli
1035 465 1139 496 vocati
1155 472 1229 496 sunt
1253 464 1364 495 ordine

299 515 442 555 quodam
467 515 505 544 ad
530 521 700 553 utrumque
724 519 856 547 statum;
881 511 996 550 primo,
1022 509 1191 549 religionis,
1217 509 1295 539 dum
1320 508 1364 538 di-

300 559 412 598 scipuli
437 557 599 588 constituti
623 563 705 591 sunt,
731 556 852 586 dicente
876 555 968 585 Petro
983 555 1010 590 *‚
1035 555 1129 591 Ecce,
1154 563 1212 584 nos
1235 553 1364 593 reliqui-

300 613 372 633 mus
394 603 501 633 omnia
525 606 555 631 et
577 601 678 631 secuti
699 609 813 630 sumus
836 605 883 636 te;
906 599 1019 629 deinde
1049 598 1260 638 episcopatus,
1286 598 1363 627 dum

299 646 446 687 Apostoli
471 645 633 675 constituti
657 651 731 674 sunt
746 644 763 663 *
787 643 946 686 (quamvis
970 643 1032 673 hoc
1048 653 1114 672 non
1134 641 1228 672 fuerit
1251 641 1364 672 confir-

297 699 421 721 matum
445 689 503 719 nisi
528 696 602 729 post
623 688 884 718 resurrectionem
906 687 1049 723 Domini,
1075 687 1197 716 dicente
1221 685 1364 716 Domino

298 735 390 765 Petro
406 734 439 770 *‚
463 734 563 763 Pasce
590 743 664 763 oves
687 741 794 763 meas:
823 739 853 762 et
880 741 936 772 per
963 731 1071 771 ipsum
1101 730 1195 761 ceteri
1229 730 1365 760 ordinati
1391 727 1393 730 ’

297 786 370 809 sunt
394 775 565 819 episcopi):
591 777 662 807 ideo
686 778 781 808 verba
803 776 922 807 litterae
946 775 1042 806 huius
1066 775 1104 805 de
1129 782 1266 815 utroque
1283 781 1365 805 statu

925 255 1193 303 QUAESTIO
1224 254 1475 301 CLXXXVI,
1503 255 1802 292 ARTICULUS
1831 255 1866 291 V

1419 333 1499 372 gerit
1521 341 1644 369 votum,
1670 334 1787 364 scilicet
1811 334 2014 374 paupertatis,
2039 334 2071 364 in
2096 341 2179 365 statu
2203 333 2406 374 perfectionis
2422 333 2490 364 reli-

1419 376 1544 416 giosae,
1576 378 1615 407 ad
1645 378 1748 418 ipsam
1777 378 1938 418 religionis
1969 386 2115 409 naturam
2145 378 2434 409 commendandam
2462 385 2492 408 et

1419 421 1650 451 observandam
1674 429 1803 462 spectat.
1839 423 1937 460 Quod
1969 430 2076 453 autem
2104 429 2219 453 votum
2250 422 2397 453 castitatis
2426 432 2492 452 non

1420 465 1571 504 exegerit,
1597 476 1663 496 non
1687 467 1727 496 ad
1751 474 1882 503 statum,
1908 467 1963 498 sed
1985 468 2025 497 ad
2049 467 2251 507 perfectionis
2275 466 2492 497 excellentiam

1419 518 1517 549 quam
1541 509 1608 549 ipse
1633 509 1795 550 discipulis
1820 511 1964 547 contulit,
1990 518 2119 551 spectat.
2148 511 2236 542 Sicut
2259 511 2345 541 enim
2370 510 2492 541 divitia-

1419 562 1492 583 rum
1511 554 1686 593 proprietas
1703 554 1916 594 perfectorum
1933 556 2058 586 animos
2074 566 2141 586 non
2157 556 2253 587 allicit
2269 562 2324 586 aut
2339 555 2492 591 distrahit,

1420 604 1455 628 ut
1479 598 1518 627 de
1541 598 1703 628 Abraham
1727 607 1872 638 apparet;
1896 599 1939 630 ita
1963 600 2158 630 matrimonii
2177 611 2254 631 usus
2278 599 2492 640 perfectorum

1420 641 1545 672 animos
1570 652 1634 672 non
1660 642 1773 679 deiicit,
1799 650 1834 673 ut
1857 644 1896 674 de
1911 645 2026 674 eodem
2047 652 2078 675 et
2093 645 2237 675 Patribus
2252 645 2362 686 priscis
2382 644 2414 674 in
2435 644 2493 675 hac

1418 686 1536 722 littera,
1561 686 1593 716 in
1618 687 1826 727 responsione
1849 688 1889 718 ad
1912 689 2106 726 secundum,
2131 696 2227 729 patet.
2262 690 2303 720 Et
2326 696 2494 729 propterea

1420 730 1609 771 episcopalis
1640 738 1757 766 status,
1789 731 1846 771 qui
1874 732 2063 772 perfectivus
2091 741 2153 769 est,
2183 740 2335 764 neutrum
2361 740 2492 769 votum;

1420 774 1586 814 religiosus
1617 782 1741 812 autem,
1779 775 1835 817 qui
1866 776 2067 807 tendentium
2097 778 2137 807 ad
2168 777 2398 819 perfectionem
2428 785 2491 814 est,

297 822 474 852 indistincte
497 822 684 862 loquuntur.
709 822 829 853 Verum
853 820 943 861 quod
967 818 1283 860 Dominnsaliquod
1298 828 1367 849 exe·
1421 825 1596 859 utrumque
1621 819 1724 859 exigit.

1087 936 1406 980 ARTICULUS
1441 936 1702 986 QUINTUS

675 1024 831 1055 UTRUM
856 1023 1122 1054 OBEDIENTIA
1145 1021 1394 1052 PERTINEAT
1418 1021 1477 1052 AD
1501 1020 1842 1052 PERFECTIONEM
1866 1022 2113 1054 RELIGIONIS

713 1102 744 1127 111
766 1103 842 1128 Cont.
865 1103 952 1129 Gent..
972 1109 1028 1135 cap.
1047 1109 1124 1132 cxxx;
1146 1101 1187 1125 De
1206 1100 1278 1134 Pers.
1303 1100 1378 1125 Vitae
1397 1100 1479 1132 Spir„
1499 1108 1556 1133 cap.
1575 1109 1605 1132 x;
1627 1101 1703 1127 Cont.
1725 1102 1845 1134 impugn.
1865 1101 1963 1135 Relig..
1983 1109 2038 1134 cap.
2058 1109 2075 1128 1.

378 1193 385 1207 ι
412 1203 450 1221 ’,μ
507 1184 530 1209 D
551 1184 715 1215 QUINTUM
734 1184 788 1209 stc
809 1183 1052 1209 PROCEDlTUR.
1081 1171 1240 1208 Videtur
1259 1171 1365 1218 quod

509 1226 726 1265 obedientia
762 1238 841 1262 non
868 1225 1055 1275 pertineat
1089 1225 1138 1262 ad
1166 1224 1366 1274 perfectio-

313 1312 324 1326 ,
509 1293 599 1318 nem
629 1279 828 1328 religionis.
868 1280 934 1316 Illa
972 1279 1071 1316 enim
1105 1278 1284 1316 videntur
1317 1278 1366 1316 ad

315 1329 326 1339 ”
351 1350 362 1362 x
384 1330 440 1369 ῒ”ε’
464 1326 786 1385 &perfectionem
817 1333 1007 1381 religionis
1044 1333 1232 1381 pertinere
1267 1344 1367 1380 quae

297 1396 383 1426 sunt
420 1387 787 1436 supererogationis,
827 1388 875 1424 ad
905 1399 1002 1436 quae
1040 1398 1119 1423 non
1149 1398 1286 1423 omnes
1315 1394 1368 1422 te-

296 1450 444 1480 nentur.
476 1443 553 1479 Sed
582 1442 631 1478 ad
651 1441 912 1478 obediendum
932 1440 1109 1489 praelatis
1130 1439 1206 1477 suis
1231 1451 1367 1476 omnes

295 1502 494 1533 tenentur:
525 1495 737 1532 secundum
767 1494 857 1531 illud
886 1493 1073 1543 Apostoli,
1101 1494 1224 1530 Hebr.
1249 1492 1366 1530 ult.*:

302 1549 452 1588 obedite
474 1549 698 1598 praepositis
726 1549 868 1593 vestris,
898 1553 932 1584 et
958 1548 1146 1584 subiacete
1169 1547 1232 1583 eis.
1263 1547 1365 1594 Ergo

295 1604 447 1640 videtur
476 1604 581 1652 quod
611 1602 827 1639 obedientia
856 1613 935 1638 non
954 1600 1141 1649 pertineat
1169 1601 1215 1637 ad
1245 1600 1366 1648 perfe-

298 1658 463 1694 ctionem
493 1655 695 1704 religionis.

352 1723 386 1747 2.
409 1711 653 1755 PRAETEREA,
684 1707 900 1744 obedientia
928 1706 1082 1755 proprie
1102 1706 1292 1754 pertinere
1312 1706 1368 1742 vi-

298 1764 406 1800 detur
435 1763 482 1799 ad
513 1775 578 1799 eos
608 1761 671 1810 qui
701 1761 842 1797 debent
870 1760 948 1807 regi
968 1771 1082 1796 sensu
1103 1759 1240 1805 alieno,
1261 1759 1367 1808 quod

298 1825 352 1853 est
367 1816 671 1853 indiscretorum.
694 1814 771 1851 Sed
791 1814 999 1862 Apostolus
1015 1812 1116 1859 dicit,
1132 1812 1185 1849 ad
1195 1812 1368 1859 Heh.v*,

297 1870 402 1919 quod
416 1870 674 1918 perfectorum
689 1873 744 1904 est
755 1867 893 1904 solidus
913 1867 1028 1912 cibus,
1044 1866 1111 1915 qui
1124 1877 1196 1914 pro
1216 1877 1369 1903 consue-

297 1924 423 1961 tudine
455 1923 679 1960 exercitatos
706 1922 846 1958 habent
870 1932 1000 1957 sensus
1027 1920 1080 1956 ad
1105 1919 1365 1956 discretionem

297 1978 388 2015 boni
413 1982 449 2013 et
474 1976 577 2013 mali.
608 1976 711 2023 Ergo
735 1974 887 2012 videtur
915 1973 1020 2023 quod
1041 1972 1260 2011 obedientia
1289 1985 1368 2010 non

297 2031 484 2080 pertineat
513 2030 561 2067 ad
591 2037 728 2066 statum
758 2028 1026 2077 perfectorum.

354 2086 387 2122 3.
433 2085 676 2130 PRAETEREA,
715 2081 746 2118 si
779 2081 995 2119 obedientia
1033 2080 1285 2129 requireretur
1320 2080 1369 2117 ad

297 2137 571 2188 perfectionem
601 2135 802 2184 religionis,
832 2141 1025 2184 oporteret
1054 2134 1159 2183 quod
1188 2133 1369 2171 omnibus

298 2191 480 2240 religiosis
510 2190 744 2228 conveniret.
784 2189 874 2226 Non
905 2196 1035 2225 autem
1070 2186 1249 2224 omnibus
1279 2199 1370 2224 con—

298 2246 424 2283 venit:
454 2252 542 2281 sunt
571 2244 672 2281 enim
702 2243 860 2292 quidam
891 2241 1051 2290 religiosi
1080 2240 1287 2278 solitariam
1315 2240 1371 2277 vi·

298 2308 378 2336 tam
408 2306 574 2346 agenteS,
605 2298 669 2346 qui
699 2309 777 2334 non
806 2297 949 2333 habent
972 2295 1200 2344 superiores,
1231 2294 1370 2343 quibus

301 2352 494 2390 obediant.
524 2350 685 2388 Praelati
716 2350 830 2387 etiam
851 2349 1079 2397 religionum
1109 2348 1157 2386 ad
1186 2347 1370 2385 obedien-

299 2406 389 2443 tiam
420 2417 499 2442 non
525 2404 704 2442 videntur
732 2403 862 2441 teneri.
907 2403 1009 2450 Ergo
1039 2401 1257 2439 obedientia
1291 2413 1369 2439 non

300 2459 452 2497 videtur
480 2458 667 2507 pertinere
697 2458 745 2495 ad
774 2456 1049 2506 perfectionem
1078 2454 1279 2503 religionis.

354 2525 390 2560 4.
426 2513 667 2558 PRAETEREA,
702 2511 732 2548 si
764 2518 900 2547 votum
930 2508 1172 2546 obedientiae
1206 2508 1255 2546 ad
1289 2508 1370 2545 reli-

300 2567 454 2615 gionem
484 2565 752 2615 requireretur,
783 2575 1024 2613 consequens
1053 2570 1152 2600 esset
1179 2561 1286 2610 quod
1314 2574 1371 2599 re-

301 2620 421 2668 ligiosi
449 2626 668 2657 tenerentur
696 2617 873 2667 praelatis
902 2617 978 2654 suis
1008 2616 1047 2653 in
1069 2614 1250 2652 omnibus
1278 2615 1371 2652 obe-

302 2674 402 2712 dire:
442 2673 538 2710 sicut
573 2680 610 2709 et
647 2684 716 2722 per
742 2678 878 2708 votum
909 2669 1163 2707 continentiae
1196 2675 1372 2706 tenentur

302 2729 350 2765 ab
372 2727 553 2764 omnibus
571 2725 748 2764 venereis
768 2724 968 2762 abstinere.
1000 2722 1077 2760 Sed
1097 2734 1176 2760 non
1195 2729 1371 2759 tenentur

303 2781 460 2818 obedire
481 2785 499 2802 ²
528 2780 566 2817 in
595 2779 796 2816 omnibus:
835 2785 876 2815 ut
908 2789 1023 2826 supra
1042 2776 1063 2798 *
1089 2775 1263 2813 habitum
1294 2783 1369 2823 est,

303 2847 391 2872 cum
417 2836 465 2872 de
484 2833 621 2871 virtute
642 2831 882 2869 obedientiae
903 2838 1087 2879 ageretur.
1114 2830 1217 2877 Ergo
1237 2836 1370 2866 votum

303 2887 543 2926 obedientiae
573 2899 652 2924 non
682 2885 882 2935 requiritur
909 2884 959 2921 ad
987 2882 1222 2931 religionem.

361 2943 393 2979 5.
426 2942 668 2986 PRAETEREA,
703 2939 763 2976 illa
791 2937 943 2975 servitia
972 2944 1059 2973 sunt
1086 2937 1171 2973 Deo
1202 2936 1370 2973 maxime

303 3002 460 3043 accepta
502 3006 601 3042 quae
639 2992 840 3030 liberaliter
877 2998 913 3027 et
950 3002 1029 3027 non
1065 3002 1110 3026 ex
1150 2989 1371 3026 necessitate

304 3049 419 3086 fiunt:
460 3047 673 3085 secundum
710 3045 800 3082 illud
830 3045 861 3081 ΙΙ
887 3045 939 3081 ad
961 3044 1105 3081 Cor.1x
1123 3042 1163 3080 *ε
1201 3042 1292 3080 Νοη
1322 3054 1372 3080 ex

303 3102 448 3139 tristitia
476 3107 543 3138 aut
569 3113 620 3138 ex
647 3099 871 3137 necessitate.
903 3098 979 3135 Sed
1009 3097 1069 3133 illa
1098 3108 1197 3145 quae
1217 3107 1262 3133 ex
1282 3096 1372 3133 obe-

305 3155 444 3193 dientia
468 3155 577 3201 fiunt,
607 3154 704 3191 fiunt
724 3165 769 3189 ex
790 3151 1011 3189 necessitate
1031 3150 1235 3199 praecepti.
1267 3150 1369 3198 Ergo

305 3209 530 3246 laudabilius
563 3208 660 3245 fiunt
692 3206 795 3243 bona
824 3217 942 3254 opera
977 3216 1075 3253 quae
1104 3203 1188 3252 quis
1216 3203 1371 3252 propria

306 3270 440 3310 sponte
470 3262 567 3299 facit.
597 3261 741 3298 Votum
771 3271 860 3307 ergo
891 3257 1132 3295 obedientiae
1161 3268 1240 3294 non
1269 3269 1371 3294 corn-

306 3315 395 3363 petit
434 3314 621 3363 religioni,
660 3325 728 3363 per
757 3324 873 3361 quam
903 3311 1079 3349 homines
1107 3317 1295 3360 quaerunt
1322 3310 1370 3347 ad

308 3368 464 3405 meliora
493 3366 712 3418 promoveri
732 3364 758 3402 β.

362 3479 390 3509 α)
409 3478 523 3504 obedire.
535 3492 554 3497 -
567 3479 699 3510 praelatis
717 3479 772 3504 suis
790 3479 898 3504 obedire
916 3478 943 3504 P.

361 3513 386 3546 ι3)
403 3514 567 3545 promoveri.
579 3527 597 3532 —
611 3513 753 3546 pervenire
775 3514 794 3538 P

360 3549 386 3582 γ)
407 3549 474 3574 vade
498 3552 525 3574 et
548 3549 656 3574 vende...
676 3556 725 3574 me.
737 3562 756 3568 -
774 3549 843 3574 vade
860 3552 908 3574 etc.
929 3549 958 3580 C,
978 3552 1026 3575 etc.
1045 3552 1071 3574 et
1088 3555 1198 3581 sequere
1223 3555 1264 3573 me
1287 3548 1328 3573 ed.
1346 3554 1372 3576 a,

306 3587 355 3611 etc.
375 3591 483 3617 sequere
502 3591 543 3610 me
562 3585 590 3614 Ρ,
607 3592 661 3609 om.
680 3585 713 3609 Η.

1473 1171 1548 1208 SED
1578 1183 1745 1218 CONTRA,
1775 1171 1958 1220 perfectio
1988 1172 2178 1220 religionis
2207 1173 2375 1210 maxime
2405 1186 2493 1211 con-

1419 1224 1512 1261 sistit
1532 1224 1570 1261 in
1590 1224 1801 1262 imitatione
1822 1225 1980 1262 Christi:
2010 1226 2225 1264 secundum
2245 1226 2335 1264 illud
2356 1227 2492 1265 Matth.

1419 1290 1479 1314 xix
1497 1277 1535 1314 *:
1565 1278 1608 1315 Si
1632 1278 1689 1315 vis
1711 1280 1902 1327 perfectus
1930 1291 2019 1325 esse,
2049 1280 2148 1317 vade
2165 1286 2203 1317 et
2224 1281 2345 1318 vende
2363 1281 2492 1319 omnia

1419 1343 1517 1380 quae
1535 1332 1650 1369 habes
1668 1337 1705 1368 et
1721 1332 1770 1369 da
1786 1333 2030 1382 pauperibus,
2051 1339 2088 1370 et
2103 1334 2201 1380 veni,
2220 1345 2378 1383 sequere
2393 1346 2455 1371 me
2463 1339 2491 1372 Υ.

1420 1385 1498 1422 Sed
1522 1384 1560 1422 in
1580 1385 1731 1422 Christo
1753 1385 1920 1422 maxime
1940 1387 2236 1424 commendatur
2256 1387 2493 1426 obedientia:

1420 1439 1634 1475 secundum
1665 1439 1756 1476 illud
1783 1439 1929 1488 Phillip.
1962 1451 1983 1476 11
2003 1439 2043 1477 *ε
2072 1441 2213 1478 Factus
2239 1447 2295 1478 est
2320 1441 2495 1479 obediens

1421 1503 1538 1540 usque
1565 1492 1617 1528 ad
1635 1497 1806 1530 mortem.
1838 1493 1940 1541 Ergo
1961 1493 2113 1530 videtur
2141 1495 2246 1544 quod
2276 1495 2495 1533 obedientia

1392 1582 1394 1595 ¹
1419 1545 1607 1594 pertineat
1635 1546 1684 1583 ad
1713 1546 1988 1594 perfectionem
2019 1547 2222 1596 religionis.

1475 1599 1704 1636 Rsspoumzo
1723 1611 1910 1637 meramnum
1930 1602 2047 1649 quod,
2069 1602 2165 1638 sicut
2184 1601 2330 1651 supra*
2350 1602 2494 1640 dictum
2521 1609 2533 1620 ⁴

1393 1652 1395 1676 ἱ
1422 1659 1498 1698 est,
1529 1659 1647 1688 status
1677 1652 1866 1700 religionis
1895 1661 1951 1691 est
1983 1655 2177 1701 quaedam
2207 1655 2404 1705 disciplina
2431 1657 2495 1693 vel

1421 1705 1643 1742 exercitium
1668 1706 1849 1743 tendendi
1869 1706 1907 1743 in
1925 1708 2214 1755 perfectionem.
2246 1709 2494 1759 Quicumque

1421 1765 1550 1794 autem
1579 1757 1816 1796 instruuntur
1834 1760 1894 1796 vel
1917 1761 2169 1799 exercitantur
2197 1770 2239 1799 ut
2266 1763 2494 1812 perveniant

1421 1810 1471 1848 ad
1500 1810 1667 1860 aliquem
1696 1812 1829 1861 finem,
1855 1821 2007 1862 oportet
2033 1817 2139 1864 quod
2160 1815 2410 1855 directionem
2430 1817 2494 1854 ali·

1423 1863 1529 1900 cuius
1564 1873 1792 1914 sequantur,
1827 1867 2041 1904 secundum
2076 1868 2184 1905 cuius
2213 1869 2411 1907 arbitrium
2440 1870 2494 1907 in-

1423 1925 1614 1955 struantur
1639 1919 1702 1955 vel
1732 1919 1984 1957 exercitentur
2007 1918 2041 1968 ⁶,
2072 1921 2181 1971 quasi
2215 1922 2388 1973 discipuli
2423 1923 2495 1962 sub

1423 1971 1616 2019 magistro.
1655 1973 1702 2009 Et
1730 1973 1817 2011 ideo
1847 1982 1998 2023 oportet
2024 1975 2131 2023 quod
2161 1975 2341 2025 religiosi,
2370 1976 2410 2015 in
2437 1976 2497 2015 his

1423 2036 1523 2073 quae
1552 2025 1744 2074 pertinent
1771 2027 1821 2064 ad
1850 2027 2064 2076 religiosam
2092 2029 2225 2077 vitam,
2254 2029 2412 2068 alicuius
2440 2031 2495 2069 in-

1423 2078 1619 2116 structioni
1655 2087 1691 2116 et
1727 2081 1887 2130 imperio
1925 2082 2149 2120 subdantur.
2189 2082 2301 2121 Unde
2331 2091 2367 2122 et
2402 2083 2496 2134 vn,

1424 2144 1488 2180 qu.
1515 2144 1524 2169 1
1549 2132 1589 2179 ²¹⁸,
1628 2133 1783 2171 dicitur:
1822 2135 2108 2173 Monachorum
2145 2136 2222 2175 vita
2258 2136 2497 2176 subiectionis

1422 2186 1536 2222 habet
1560 2188 1718 2223 verbum
1747 2193 1784 2224 et
1804 2188 2046 2237 discipulatus
2064 2195 2088 2227 ⁸.
2120 2190 2286 2240 Imperio
2310 2199 2439 2230 autem
2461 2199 2498 2230 et

1423 2238 1659 2277 instructioni
1689 2241 1839 2278 alterius
1868 2242 2064 2280 subiicitur
2086 2244 2206 2282 homo
2225 2256 2295 2294 per
2314 2245 2498 2284 obedien-

1423 2292 1528 2330 tiam.
1559 2293 1608 2330 Et
1633 2293 1720 2331 ideo
1750 2295 1967 2333 obedientia
1997 2297 2200 2345 requiritur
2227 2299 2276 2336 ad
2306 2298 2498 2348 religionis

1424 2346 1712 2394 perfectionem.

1478 2401 1537 2436 An
1563 2411 1702 2438 prunum
1721 2412 1821 2438 ano
1850 2413 2036 2440 mesanum
2065 2404 2171 2453 quod
2200 2405 2359 2442 obedire
2387 2417 2497 2455 prae-

1425 2452 1507 2490 latis
1536 2453 1573 2490 in
1601 2453 1659 2491 his
1697 2466 1796 2504 quae
1830 2455 2020 2504 pertinent
2052 2458 2100 2495 ad
2131 2458 2395 2496 necessitatem
2423 2459 2498 2497 vir-

1424 2506 1524 2553 tutis,
1546 2519 1625 2544 non
1646 2515 1702 2544 est
1720 2510 2078 2558 supererogationis,
2100 2511 2169 2549 sed
2189 2511 2371 2550 omnibus
2391 2524 2498 2551 com-

1425 2572 1563 2597 mune:
1594 2561 1661 2598 sed
1682 2561 1839 2599 obedire
1860 2562 1898 2600 in
1917 2563 1974 2601 his
1995 2576 2095 2612 quae
2114 2564 2306 2615 pertinent
2325 2567 2373 2604 ad
2393 2578 2498 2605 exer-

1425 2613 1556 2651 citium
1585 2615 1838 2663 perfectionis,
1859 2617 2022 2665 pertinet
2045 2618 2198 2668 proprie
2218 2619 2268 2656 ad
2288 2619 2496 2668 religiosos.

1426 2668 1474 2704 Et
1503 2675 1749 2717 comparatur
1770 2669 1839 2707 ista
1859 2671 2077 2709 obedientia
2097 2673 2146 2710 ad
2166 2672 2279 2710 aliam
2300 2672 2397 2710 sicut
2414 2673 2498 2712 uni-

1425 2721 1574 2758 versale
1602 2722 1651 2759 ad
1679 2721 1918 2771 particulare.
1959 2725 2012 2762 Illi
2042 2726 2146 2763 enim
2182 2725 2247 2775 qui
2275 2726 2314 2764 in
2342 2727 2496 2766 saeculo

1425 2773 1579 2821 vivunt,
1610 2775 1751 2825 aliquid
1789 2777 1859 2814 sibi
1889 2778 2050 2816 retinent
2078 2786 2115 2817 et
2143 2779 2283 2830 aliquid
2311 2780 2398 2818 Deo
2426 2781 2497 2819 lar-

1424 2828 1594 2876 giuntur:
1630 2837 1667 2866 et
1694 2830 1907 2868 secundum
1937 2832 2012 2869 hoc
2041 2832 2281 2871 obedientiae
2309 2834 2496 2882 praelato-

1426 2893 1511 2919 rum
1541 2882 1768 2921 subduntur.
1800 2884 1854 2921 Illi
1877 2897 1973 2923 vero
2003 2886 2067 2935 qui
2086 2886 2224 2924 vivunt
2243 2886 2280 2924 in
2301 2886 2495 2935 religione,

1425 2935 1586 2972 totaliter
1615 2948 1655 2973 se
1685 2944 1721 2974 et
1749 2949 1819 2974 sua
1854 2938 2023 2976 tribuunt
2052 2941 2159 2987 Deo,
2193 2947 2234 2977 ut
2268 2951 2313 2977 ex
2341 2953 2458 2991 supra
2476 2940 2497 2963 ¹⁸
2522 2942 2534 2952 ⁹

1426 2988 1533 3079 clip-tis
1562 2997 1675 3038 patet.
1706 2990 1819 3028 Unde
1848 2992 2066 3030 obedientia
2095 3005 2231 3030 eorum
2260 3001 2316 3030 est
2344 2993 2496 3032 univer·

1425 3055 1524 3080 sais.

1479 3097 1538 3133 An
1558 3108 1749 3135 secunaum
1778 3109 1964 3136 oicaunuu
1983 3098 2101 3148 quod,
2122 3098 2219 3136 sicut
2237 3099 2496 3150 Philosophus

1426 3149 1524 3196 dicit,
1541 3149 1579 3187 in
1595 3151 1626 3187 ll
1641 3151 1796 3199 Ethic.*,
1811 3151 1989 3189 homines
2003 3152 2248 3190 exercitantes
2264 3165 2304 3190 se
2319 3153 2358 3191 in
2374 3154 2498 3204 operi—

1425 3203 1497 3240 bus
1507 3203 1736 3252 perveniunt
1749 3204 1799 3242 ad
1810 3204 1957 3253 aliquos
1972 3205 2136 3252 habitus,
2148 3218 2246 3255 quos
2263 3219 2351 3244 cum
2368 3207 2496 3257 acqui-

1426 3256 1573 3303 sierint,
1611 3257 1770 3295 eosdem
1803 3265 1909 3295 actus
1943 3258 2110 3296 maxime
2142 3267 2304 3309 possunt
2331 3261 2495 3311 operari.

1427 3309 1489 3347 Sic
1518 3310 1628 3358 igitur
1655 3310 1872 3348 obediendo
1901 3311 1950 3348 illi
1980 3312 2045 3360 qui
2076 3325 2154 3350 non
2183 3322 2270 3351 sunt
2298 3314 2496 3363 perfectio—

1426 3375 1516 3401 nem
1535 3363 1676 3412 adepti,
1704 3363 1755 3401 ad
1783 3364 2055 3412 perfectionem
2085 3367 2324 3415 perveniunt.
2356 3367 2411 3404 llli
2430 3380 2496 3405 au-

1480 3474 1505 3508 δ)
1525 3474 1717 3501 exercitentur.
1730 3489 1747 3494 -
1766 3479 1796 3501 ut
1809 3476 1971 3508 perveniant
1989 3478 2026 3503 ad
2044 3478 2160 3512 aquuem
2171 3479 2256 3513 finem
2276 3479 2374 3506 addunt
2393 3479 2439 3506 Pa.
2476 3471 2478 3477 ¹

1480 3511 1502 3544 ι)
1523 3510 1706 3544 discipulatus.
1719 3525 1738 3530 -
1756 3510 1942 3544 disciplinatus
1962 3513 2107 3547 PDHleC
2126 3519 2151 3540 et
2168 3521 2194 3540 a.

2520 1285 2532 1298 ⁸
2544 1285 2613 1308 Vere.
2627 1279 2659 1308 εἰ.

2521 1444 2532 1456 ⁸
2545 1442 2615 1466 Vm.
2627 1443 2650 1467 8.

2523 2145 2535 2156 ⁸
2547 2143 2606 2167 Cn.
2619 2136 2676 2167 Hoc
2694 2149 2737 2166 ne-

2522 3157 2533 3206 1·
2531 3155 2736 3211 gnta-ipssa
