2768 4198
0 1497 6 1549 ς

0 1552 8 1606 i

908 284 1176 330 QUAESTIO
1207 284 1398 331 CLXXV,
1428 284 1725 322 ARTICULUS
1755 284 1805 320 VI

262 364 533 414 intelligamus:
574 369 720 409 utrum,
750 363 900 411 quando
937 363 973 399 in
1003 364 1151 400 tertium
1180 364 1326 400 caelum

262 423 392 465 raptus
419 422 483 462 est,
512 417 549 453 in
579 428 738 465 corpore
753 416 880 464 fuerit
897 417 1039 461 anima,
1069 418 1256 465 quomodo
1277 423 1330 454 est

262 471 392 507 anima
421 470 458 506 in
488 481 647 518 corpore
675 481 762 506 cum
782 481 918 518 corpus
941 471 1068 506 vivere
1086 470 1231 516 dicitur,
1251 472 1330 507 sive

262 523 454 573 vigilantis
480 523 559 560 siue
587 522 805 559 dormientis
827 523 906 559 sive
924 523 962 559 in
982 524 1105 560 extasi
1120 536 1145 560 a
1163 524 1330 560 sensibus

265 636 306 666 ut
331 634 523 666 mortuum
552 640 689 677 corpus
718 629 867 666 iaceret.

317 685 376 719 An
405 693 544 719 patmum
573 694 672 719 ERGO
700 694 886 720 chENDUM
915 683 1022 731 quod
1049 695 1118 732 per
1146 684 1332 731 synecdo-
1358 696 1359 735 ᾗ

266 737 363 774 chen
405 735 638 784 quandoque
671 748 760 784 pars
798 736 965 773 hominis
1002 737 1123 773 homo
1157 736 1359 773 nomina-¹

259 797 344 834 ‚turz
377 796 412 826 et
440 789 645 838 praecipue
670 789 808 836 anima,
838 802 938 839 quae
968 797 1023 826 est
1050 802 1139 838 pars
1167 790 1333 826 hominis

265 908 384 945 quem
419 903 571 944 raptum
609 896 718 944 dicit,
748 909 828 934 non
860 903 951 933 tunc
987 896 1100 933 fuisse
1133 896 1332 934 hominem

265 948 423 998 quando
443 957 572 998 raptus
592 949 672 996 fuit,
693 950 761 986 secl
786 955 870 998 post
887 962 1008 986 annos
1027 950 1333 998 quatuordecim:

266 1004 368 1040 unde
397 1002 498 1050 dicit,
519 1003 604 1039 Scio
623 1003 833 1048 hominem‚·
858 1015 937 1040 non
957 1003 1056 1049 dicit,
1079 1003 1163 1039 Scio
1183 1009 1334 1051 raptum

267 1163 437 1212 gustinus
467 1162 566 1209 dicit,
587 1164 658 1200 XII
678 1175 792 1212 super
813 1163 907 1200 Gen.
927 1162 979 1199 ad
1000 1162 1063 1198 litt.
1084 1161 1116 1208 ²⁸,
1145 1162 1336 1198 dubitante

268 1270 381 1307 Unde
400 1270 466 1319 qui
485 1281 601 1319 super
618 1270 693 1307 hoc
713 1270 931 1318 loquuntur,
952 1268 1072 1316 magis
1101 1267 1337 1304 coniectura-

268 1323 351 1360 liter
377 1324 498 1371 quani
527 1335 596 1372 per
625 1322 891 1360 certitudinem
919 1322 1139 1370 loquuntur.

323 1452 348 1487 Θ)
367 1454 444 1480 sicut.
456 1466 475 1473 —
493 1454 532 1479 sic
549 1453 629 1479 PGH.
641 1467 660 1473 -
677 1453 715 1478 ad
732 1453 784 1479 liu.
803 1461 857 1479 om.
875 1452 987 1485 emp&
1006 1460 1055 1485 pro
1074 1452 1136 1477 inde
1160 1456 1250 1477 certus
1275 1459 1340 1481 esse,

270 1496 326 1515 esne
343 1493 434 1516 certus
451 1490 492 1515 ed.
511 1496 543 1521 a;
561 1497 610 1522 pro
623 1489 724 1521 potuit,
739 1492 831 1521 potest
849 1489 882 1518 Η,
899 1488 1001 1513 audeat
1018 1488 1120 1521 aliquae
1139 1487 1274 1513 editiones.

332 1525 350 1557 ι)
369 1525 565 1558 incorporeum.
575 1538 596 1545 -·
613 1531 771 1557 corporeum
791 1525 846 1550 PH.
928 1535 930 1537 ·

2373 294 2451 331 409

1435 366 1494 400 Ao
1524 376 1715 401 SECUNDUM
1744 375 1930 400 DtCENDUM
1969 363 2074 412 quod
2102 363 2310 411 Apostolus
2345 362 2454 399 scivit

1383 418 1444 453 vel
1477 417 1568 454 illud
1598 418 1745 454 caelum
1782 429 1864 454 esse
1903 416 1995 465 quid
2033 416 2305 465 incorporeum
2333 421 2363 463 ‘‚
2393 416 2454 452 vel

1384 470 1527 518 aliquid
1561 470 1831 519 incorporeum
1868 482 1890 506 a
1924 482 1963 506 se
1992 469 2120 507 visum
2157 469 2196 507 in
2227 469 2289 506 illo
2326 470 2453 505 caelo:

1357 567 1358 572 ¹
1383 531 1514 560 tamen
1549 524 1625 560 hoc
1659 531 1809 572 poterat
1828 529 1844 544 κ
1873 523 1956 559 fieri
1989 535 2058 572 per
2085 523 2318 560 intellectum
2353 522 2453 566 eius,

263 576 433 625 corporis
460 576 616 612 alienati
623 589 635 619 ;
663 587 713 612 an
743 576 897 613 omnino
925 577 971 613 de
998 588 1157 625 corpore
1185 578 1329 623 exierit,
1357 577 1358 581 ’

1386 577 1500 613 etiam
1540 577 1570 613 si
1608 577 1737 613 anima
1777 577 1856 613 eius
1895 588 1973 613 non
2008 585 2107 614 esset
2140 589 2163 613 a
2199 588 2360 624 corpore
2399 588 2455 611 se-

1386 638 1530 678 parata.

1439 685 1498 720 AD
1527 694 1688 720 TERTIUM
1716 695 1903 720 DICENDUM
1937 684 2042 732 quod
2070 682 2167 719 visio
2197 681 2304 719 Pauli
2334 682 2371 718 in
2401 693 2457 717 ra-

1386 744 1453 785 ptu
1483 744 1669 785 quantum
1699 736 1747 773 ad
1777 736 1919 785 aliquid
1948 736 2016 773 fuit
2044 736 2174 772 similis
2201 735 2340 772 visioni
2368 736 2457 771 bea—

1359 822 1361 834 ,
1386 797 1536 836 torum,
1568 789 1708 826 scilicet
1736 797 1921 838 quantum
1950 790 1998 826 ad
2027 789 2065 826 id
2098 790 2204 838 quod
2231 788 2456 825 videbatur:

266 842 504 879 eminentior.
541 842 733 889 Quamvis
763 843 876 880 etiarn
905 843 1026 892 possit
1053 843 1205 891 intelligi
1242 855 1331 880 eum
1359 836 1360 849 ¹

1388 851 1425 879 et
1452 850 1640 890 quantum
1670 843 1719 879 ad
1753 843 1894 891 aliquid
1924 842 2133 890 dissimilis,
2164 842 2306 879 scilicet
2339 853 2458 890 quan-

1387 904 1469 933 tum
1499 897 1547 933 ad
1577 895 1739 932 modum
1767 895 1945 943 videndi,
1976 896 2064 944 quia
2101 908 2179 932 non
2207 895 2256 932 ita
2292 895 2458 944 perfecte

1388 949 1484 986 vidit
1512 949 1608 985 sicut
1636 949 1754 985 sancti
1791 949 1856 997 qui
1885 957 1972 986 sunt
2006 949 2044 986 in
2072 949 2202 997 patria.
2239 948 2351 986 Unde
2379 949 2458 984 Au-

1361 1032 1362 1054 3
1389 1002 1561 1050 gustinus
1591 1001 1690 1048 dicit,
1721 1003 1789 1038 XII
1810 1013 1923 1050 super
1946 1002 2038 1039 Gen.
2059 1003 2111 1039 ad
2129 1002 2192 1038 litt.
2212 1001 2251 1038 *ε
2279 1001 2458 1050 Apostolo

265 1056 468 1093 hominem.
498 1076 522 1084 -
552 1056 656 1093 Nihil
685 1056 800 1093 etiam
838 1055 1059 1105 prohiberet
1086 1063 1252 1093 mortem
1282 1056 1334 1093 di—
1361 1074 1363 1088 τ

266 1109 408 1147 vinitus
445 1118 690 1159 procuratam
728 1117 880 1158 raptum
911 1109 995 1146 dici.
1027 1110 1076 1145 Et
1103 1109 1197 1146 sicut
1215 1107 1228 1130 θ
1257 1110 1335 1145 Au·
1362 1116 1364 1155 ξ

1389 1061 1541 1103 arrepto
1570 1067 1594 1091 a
1623 1055 1750 1091 carnis
1777 1055 1945 1091 sensibus
1973 1056 2010 1092 in
2032 1055 2180 1091 tertium
2200 1054 2359 1100 caelum,
2389 1055 2460 1090 hoc

1390 1109 1509 1156 defuit
1520 1108 1572 1144 ad
1585 1108 1740 1155 plenam
1755 1109 2039 1157 perfectamque
2058 1109 2310 1158 cognitionem
2330 1119 2457 1144 rerum

1362 1195 1364 1210 ἦ
1390 1173 1488 1209 quae
1507 1160 1654 1210 angelis
1674 1162 1778 1206 inest,
1799 1161 1900 1209 quod
1917 1162 1995 1198 sive
2014 1162 2051 1198 in
2071 1173 2230 1210 corpore
2251 1162 2330 1198 sive
2348 1166 2456 1197 extra

268 1217 354 1254 inde
367 1216 559 1265 Apostolo,
576 1217 658 1265 quis
678 1222 846 1253 nostrum
862 1216 948 1252 inde
961 1221 1082 1252 certus
1097 1227 1175 1251 esse
1189 1214 1337 1262 potuit?
1363 1218 1364 1235 ἶ

1391 1226 1528 1263 corpus
1557 1219 1659 1258 esset,
1691 1214 1885 1251 nesciebat.
1925 1216 2015 1251 Hoc
2043 1215 2167 1263 itaque
2204 1227 2277 1251 non
2312 1212 2459 1251 deerit*

1392 1279 1491 1312 cum,
1522 1267 1676 1314 receptis
1695 1268 1915 1315 corporibus
1935 1268 1972 1304 in
1999 1268 2272 1304 resurrectione
2294 1273 2461 1304 mortuo-

1364 1337 1366 1366 i
1392 1332 1490 1365 rum,
1508 1332 1595 1356 cum
1609 1321 1850 1368 corruptibile
1863 1322 1935 1357 hoc
1950 1321 2112 1358 induerit
2130 1321 2459 1368 incorruptionem.

1397 1487 1417 1511 p
1449 1452 1475 1484 κ)
1494 1455 1584 1494 famen
1604 1451 1654 1477 hoc
1668 1455 1786 1483 poterat.
1799 1466 1817 1470 -
1835 1459 1894 1476 cum
1913 1452 1962 1477 hoc
1976 1455 2087 1484 poterat
2106 1452 2146 1477 ed.
2163 1460 2188 1482 a,
2203 1460 2262 1477 cum
2282 1452 2331 1478 hoc
2343 1453 2465 1484 potuerit

1420 1506 1426 1512 .
1442 1488 1635 1583 ’Μειὲἒεέἰιῗὶἓ
1642 1487 1965 1555 άιὲἓῖαῗῇΒὲἓὲΚᾙρΟ.
1977 1536 1997 1543 -
2014 1530 2073 1548 cum
2093 1523 2178 1556 primo
2202 1524 2261 1547 Ioco
2280 1530 2333 1548 om.
2352 1523 2405 1553 Pa,
2425 1531 2466 1548 re-

1397 1563 1507 1591 petitum
1525 1566 1580 1583 om.
1600 1566 1612 1583 s
1638 1578 1644 1584 .

951 1648 1290 1682 Commenta-ia
1312 1647 1567 1681 cardinalis
1590 1646 1794 1680 Caietam

275 1751 323 1815 Iu
346 1740 480 1779 articulo
503 1746 592 1771 sexto
616 1739 761 1770 eiusdem
783 1738 989 1780 quaestionis,
1013 1738 1046 1768 in
1070 1738 1278 1778 responsione
1301 1738 1341 1768 ad

1368 1744 1370 1780 ξ
1396 1738 1456 1768 alia
1472 1747 1539 1768 non
1555 1737 1755 1778 pertinebant
1771 1737 1809 1767 ad
1826 1737 1934 1778 ipsum
1949 1736 2103 1767 Paulum:
2122 1746 2154 1767 se
2167 1744 2276 1768 autem
2288 1737 2321 1767 in
2334 1747 2467 1778 corpore

227 1821 229 1825 ,
303 1785 466 1822 ultimum,
479 1784 535 1815 ubi
551 1783 751 1824 Augustinus
766 1783 914 1815 recitatus
931 1783 1015 1819 dicit,
1029 1782 1105 1814 Hoc
1117 1782 1222 1823 defuit
1236 1782 1340 1813 Paulo
1368 1787 1370 1795 ¹

272 1833 366 1872 rapto
395 1829 441 1861 ad
456 1829 589 1871 plenam
613 1828 857 1870 perfectamque
879 1828 1096 1869 cognitionem
1122 1837 1232 1858 rerum
1257 1836 1341 1868 quae
1369 1835 1370 1843 ¹

271 1873 401 1916 angelis
422 1875 515 1911 inest,
537 1879 606 1910 etc„
623 1880 735 1904 cautus
755 1879 833 1910 esto,
850 1879 882 1903 et
903 1882 970 1902 non
993 1871 1149 1912 intelligas
1166 1871 1255 1912 quod
1278 1872 1340 1901 hoc
1369 1877 1370 1899 ὲ

234 1933 246 1939 ·
273 1925 399 1952 tantum
422 1917 572 1949 defuerit:
597 1917 762 1959 quoniam.
788 1924 823 1948 ut
846 1917 982 1948 diximus
997 1917 1024 1953 *,
1049 1916 1152 1947 simile
1168 1923 1224 1955 est,
1241 1916 1343 1946 immo
1369 1904 1371 1936 ἶ

274 1963 378 1995 maius
401 1970 448 1994 est
469 1962 624 1994 iudicium
647 1962 688 1993 de
710 1962 820 1993 multis
843 1961 921 1992 aliis.
947 1961 1219 2002 Quandoquidem
1243 1960 1344 1991 multa
1369 1957 1371 1994 ἰ

1395 1782 1446 1812 vel
1469 1789 1553 1812 extra
1577 1791 1695 1822 corpus
1719 1791 1786 1812 esse
1809 1782 1859 1812 vel
1882 1781 1959 1822 rapi,
1984 1781 2025 1811 ad
2049 1791 2081 1811 se
2106 1781 2290 1822 pertinebat.
2321 1782 2468 1812 Meminit

1396 1833 1504 1857 autem
1528 1826 1624 1857 huius
1648 1826 1748 1857 solius
1772 1826 1982 1867 Augustinus,
2007 1835 2073 1855 non
2097 1826 2186 1867 quod
2210 1826 2271 1857 hoc
2294 1826 2400 1857 solum
2416 1836 2467 1856 ex-

1397 1877 1527 1912 ceptum
1550 1871 1605 1901 sit:
1631 1871 1686 1901 sed
1710 1870 1784 1912 quia
1809 1871 1871 1902 hoc
1895 1870 2003 1901 solum
2026 1870 2179 1911 scriptum
2204 1878 2258 1901 est.

1453 1915 1494 1946 Et
1517 1915 1595 1946 haec
1619 1915 1657 1945 de
1681 1915 1867 1956 quaestione
1895 1914 2423 1956 centesimaseptuagesimaquinta.

432 3667 543 3692 suman
561 3666 663 3691 Tuon.
682 3666 714 3691 D.
728 3665 844 3691 ’raom
862 3665 895 3691 T.
909 3667 962 3692 VII.

2299 3663 2330 3688 52

2489 1009 2497 1019 ⁸
2511 1007 2568 1036 Cap.
2583 1013 2662 1029 mvn.
