2768 4198
79 593 88 601 ⁸
103 591 138 613 Cf.
154 598 217 613 num.
235 598 257 612 v.

316 248 394 295 478

317 328 392 368 quia
420 334 522 358 textus
553 327 654 357 clarus
685 332 744 361 est,
770 331 800 354 et
823 321 935 353 rationi
966 320 1109 351 innititur
1138 324 1289 366 sanctae:.
1310 315 1382 346 ideo

319 372 491 403 dicendum
506 371 631 401 videtur
654 369 742 410 quod
759 366 965 398 cardinalatus
990 372 1020 395 et
1044 363 1246 403 episcopatus
1266 367 1328 410 sint
1345 360 1383 390 de

318 426 453 447 numero
476 413 764 455 incompatibilium
787 412 825 441 de
847 411 925 446 iure,
950 415 985 439 ut
1008 406 1252 456 Parnomitanus
1277 411 1381 440 etiam,

317 461 446 496 ibidem,
460 460 567 496 sentit;
591 457 747 499 quidquid
763 455 802 485 sit
819 456 856 485 de
870 452 1118 487 consuetudine;
1143 461 1168 480 Si
1185 457 1292 481 tamen
1308 459 1383 479 con—

318 505 465 539 suetudo,
491 510 521 534 et
544 513 610 534 non
634 501 741 542 potius
764 498 875 529 abusio
899 496 1088 537 appellanda
1111 502 1166 526 est.
1358 537 1365 543 ι

373 549 441 579 Vll.
455 547 540 578 Cum
556 554 663 577 autem
679 543 844 584 negotium
857 542 896 572 ad
912 543 1036 572 bonum
1048 539 1175 571 alterius
1189 538 1383 579 particularis

318 593 464 624 ecclesiae
477 592 525 622 vel
536 599 687 631 personae
704 588 886 618 ordinatum
893 586 919 622 *,
937 585 1031 625 exigit
1043 583 1218 615 absentiam
1231 581 1382 623 episcopi,

318 637 471 676 contingit
486 636 578 671 licite,
596 642 625 665 et
638 633 743 663 illicite
760 632 948 672 episcopum
964 631 1083 660 abesse.
1099 629 1182 659 Nam
1199 637 1273 658 cum
1289 636 1384 667 quae-

316 682 392 712 libet
414 679 607 721 particularis
631 677 760 708 ecclesia
784 686 816 706 se
840 675 954 705 habeat
976 674 1015 704 ad
1039 673 1134 704 aliam
1160 671 1382 712 particularem

287 752 292 760 ,
317 734 381 757 tam
405 725 567 755 ecclesiam
590 732 687 763 quam
712 730 881 761 personam
905 727 941 750 ut
956 728 1028 758 pars
1052 718 1091 748 ad
1115 723 1322 757 compartem,
1343 725 1382 746 eo

79 814 88 824 ⁸
101 813 137 834 Ad
154 813 217 834 Rom.
237 818 287 839 cap.

77 846 119 864 xii.
133 845 191 861 vers.
205 845 224 867 5.

78 2284 88 2295 ’
98 2283 118 2305 11
128 2283 162 2305 ad
172 2283 230 2305 Tim.
239 2289 290 2311 αφ.

78 2316 103 2338 ιι,
118 2316 176 2331 vers.
191 2316 215 2336 4.

80 2863 90 2873 ·
110 2862 166 2890 Sap.
189 2868 238 2890 cap.
258 2869 290 2890 ix,

79 2895 137 2910 vers.
153 2895 184 2916 14.

80 2953 91 2964 ·
105 2953 139 2974 ef.
155 2958 217 2975 num.
234 2959 263 2974 iv.

82 3305 92 3316 ⁸
106 3303 174 3326 Num.
190 3310 221 3326 vt.

316 770 405 810 quod
420 778 531 799 sumus
547 776 656 798 omnes
672 775 771 796 unum
789 774 906 804 corpus
921 765 953 794 in
973 763 1111 799 Christo,
1127 761 1253 802 singuli
1272 765 1379 791 autem

315 815 399 844 alter
421 813 555 844 alterius
579 810 719 841 membra
741 809 774 839 *z
800 815 904 849 potest
928 815 958 838 et
987 807 1079 837 debet
1101 806 1190 836 illam
1223 805 1382 835 adiuvare.

371 856 546 897 Dupliciter
562 863 668 886 tamen
692 863 795 884 unum
811 853 994 883 membrum
1018 850 1182 882 ordinatur
1198 850 1237 880 ad
1257 850 1382 880 bonum

315 902 451 938 alterius,
475 907 541 931 tam
564 900 597 930 in
622 898 816 929 naturalibus
841 907 939 938 quam
961 896 995 927 in
1018 895 1171 936 politicis:
1196 894 1314 925 scilicet
1329 894 1381 924 ab-

315 947 428 982 solute,
451 945 501 975 vel
524 945 557 975 in
581 954 666 974 casu.
690 942 731 973 Et
754 942 898 973 absolute
921 940 1063 982 quidem,
1088 939 1255 981 quodlibet
1283 948 1383 969 mem-

314 991 408 1021 brum
431 990 519 1020 salvo
543 998 604 1019 suo
629 987 762 1018 naturali
787 993 869 1017 statu
894 985 1016 1016 confert
1040 985 1144 1015 alteri:
1170 983 1252 1015 sicut
1267 983 1382 1014 oculus

314 1124 444 1154 ecclesia
467 1133 502 1153 ac
526 1131 672 1163 persona,
696 1121 729 1151 in
753 1131 812 1151 sua
836 1119 1029 1161 perfectione
1054 1119 1245 1154 consistens,
1271 1124 1302 1148 et
1324 1116 1382 1147 sibi

314 1175 344 1199 et
367 1168 495 1198 cuilibet
517 1167 662 1207 prodest:
688 1165 842 1206 scriptum
865 1171 911 1195 est
934 1164 1020 1195 enim
1051 1163 1083 1194 in
1108 1163 1279 1204 SymbolO,
1303 1161 1383 1192 San-

314 1218 437 1244 ctorum
465 1211 737 1242 Communionem.

371 1258 406 1287 ln
429 1266 502 1287 casu
520 1262 627 1286 autem
651 1254 854 1290 necessitatis,
871 1253 1018 1284 videmus
1035 1260 1182 1284 naturam
1198 1251 1382 1282 membrum

314 1356 397 1381 nere,
422 1352 457 1376 ut
480 1345 595 1385 pedem
619 1354 678 1384 pro
702 1343 820 1384 capite:
845 1343 901 1374 sed
924 1352 992 1373 non
1015 1352 1032 1373 e
1055 1349 1175 1373 contra.
1211 1341 1252 1371 Et
1275 1349 1384 1371 rursus
1411 1349 1413 1362 ¹

313 1390 458 1421 videmus
482 1390 580 1430 quod,
606 1399 664 1428 pro
689 1387 801 1419 maiori
826 1387 1010 1418 necessitate
1034 1387 1169 1418 membri
1193 1385 1300 1416 minus
1324 1395 1384 1425 op·
1411 1385 1414 1398 '

313 1435 453 1475 portuni,
471 1444 537 1465 non
560 1433 708 1464 abhorret
723 1432 844 1473 aliquid
864 1431 1044 1463 detrimenti
1066 1431 1220 1462 sustinere
1235 1430 1268 1460 in
1285 1439 1384 1460 mem-

313 1480 370 1510 bro
401 1479 501 1519 magis
525 1477 625 1509 nobili
648 1484 678 1508 et
702 1477 892 1508 necessario:
919 1484 955 1508 ut
976 1483 1062 1517 patet
1085 1475 1226 1517 quando,
1251 1484 1290 1505 ne
1314 1483 1385 1514 per-

313 1524 426 1554 damus
449 1523 581 1564 pedem,
606 1521 800 1553 sustinemus
822 1521 998 1553 laesionem
1022 1520 1194 1562 aliqualem
1216 1520 1249 1550 in
1274 1518 1385 1559 capite,

313 1576 390 1609 puta
414 1567 599 1599 cauterium.
632 1567 807 1605 Quocirca,
833 1576 908 1597 cum
936 1566 1078 1597 officium
1103 1564 1245 1606 episcopi
1270 1563 1385 1604 praeci-

314 1624 377 1655 pue
405 1614 485 1644 circa
508 1612 683 1652 spiritualia
706 1618 864 1648 versetur;
890 1618 921 1642 et
942 1611 1104 1651 spirituale
1131 1617 1177 1640 est
1207 1608 1309 1649 magis
1333 1618 1385 1638 ne-

314 1658 483 1689 cessarium
505 1656 652 1688 ecclesiae
669 1666 768 1697 quam
791 1656 983 1696 temporale:
1009 1665 1075 1686 non
1096 1654 1179 1686 licite
1205 1653 1384 1694 episcopus,

314 1710 443 1744 propter
474 1701 650 1742 temporale
678 1700 844 1741 negotium
875 1700 1002 1731 alterius
1027 1709 1181 1740 personae
1203 1698 1255 1729 vel
1289 1697 1384 1728 eccle-

314 1748 394 1784 siae,
419 1748 556 1787 privaret
577 1744 742 1777 ecclesiam
773 1755 866 1776 suam
895 1744 1050 1785 spirituali
1074 1751 1184 1785 pastu,
1214 1743 1253 1773 ad
1286 1751 1385 1783 quem
1412 1752 1414 1761 =

314 1802 468 1833 personae
491 1802 566 1822 suae
590 1789 766 1831 praesentia
782 1796 916 1821 tenetur.
942 1789 1003 1821 Sed
1028 1799 1045 1820 e
1069 1795 1179 1820 contra
1202 1787 1324 1828 optime
1341 1786 1384 1817 fa-

315 1845 396 1868 ceret
419 1836 445 1867 si
468 1837 501 1867 in
514 1835 744 1876 temporalibus
768 1834 924 1865 damnum
941 1833 1109 1865 sustineret
1125 1843 1201 1864 suae
1225 1831 1383 1867 ecclesiae,

315 1889 350 1913 ut
373 1882 460 1912 alteri
474 1882 507 1912 in
523 1879 738 1921 spiritualibus
755 1879 945 1910 subveniret.
970 1896 989 1902 -
1013 1878 1173 1914 Similiter,
1191 1887 1266 1908 cum
1282 1886 1384 1907 unum

315 1927 475 1967 spirituale
499 1925 538 1956 sit
562 1924 662 1964 magis
682 1924 806 1955 bonum
831 1923 1044 1954 necessarium
1068 1933 1167 1964 quam
1190 1922 1287 1958 aliud,
1308 1927 1385 1962 puta

315 1971 481 2012 negotium
505 1969 578 2000 fidei
596 1969 647 1999 vel
670 1968 756 2010 pacis
779 1978 878 2009 quam
901 1967 1090 1999 ministratio
1114 1973 1385 1998 sacramentorum

316 2024 346 2047 et
370 2014 571 2050 huiusmodi,
595 2013 794 2044 laudabiliter
816 2013 986 2053 episcopus
1010 2023 1069 2053 pro
1093 2011 1223 2052 negotio
1246 2010 1321 2042 fidei
1336 2010 1386 2041 vel
1412 2022 1414 2027 ’

317 2061 402 2103 pacis
425 2060 457 2090 in
482 2059 583 2090 aliena
607 2065 750 2088 moratur
774 2057 915 2088 ecclesia.
946 2058 986 2088 Et
1010 2058 1068 2088 hac
1092 2057 1214 2088 ratione
1244 2054 1386 2096 episcopi

315 2106 399 2137 licite
422 2113 496 2136 sunt
520 2103 613 2143 legati
630 2103 670 2133 ad
694 2111 806 2143 pacem
825 2102 906 2133 inter
929 2111 1016 2142 reges
1033 2101 1232 2133 Christianos
1255 2109 1388 2140 compo-

317 2150 472 2181 nendam:
497 2149 525 2180 si
541 2149 624 2179 enim
645 2148 856 2188 cuiusquam,
880 2146 986 2187 inquit
1007 2146 1218 2184 Ambrosius,
1243 2144 1385 2187 officium

318 2200 364 2226 est
381 2203 496 2235 pacem
518 2192 642 2232 facere,
666 2191 842 2223 sacerdotis
866 2192 1007 2222 maxime
1029 2191 1172 2232 officium
1197 2195 1253 2222 est.
1288 2189 1387 2227 Quod

318 2245 426 2270 autem
441 2237 535 2278 legati
549 2243 622 2267 eant
644 2235 826 2276 promiscue
843 2236 882 2266 ad
896 2236 1084 2276 temporalia
1107 2234 1244 2275 negotia,
1260 2233 1387 2265 abusio-

318 2283 366 2314 nis
383 2289 446 2313 est:
472 2281 627 2322 scriptum
643 2287 690 2311 est
705 2280 791 2310 enim
805 2280 838 2310 *z
862 2281 965 2311 Nemo
989 2280 1131 2310 militans
1154 2280 1224 2310 Deo
1245 2279 1388 2319 implicat

318 2337 353 2359 se
377 2327 514 2367 negotiis
535 2325 767 2357 saecularibus.
791 2341 812 2347 -
835 2324 948 2355 Posset
970 2334 1103 2365 quoque
1119 2330 1205 2354 tanta
1221 2322 1388 2354 necessitas

319 2371 409 2403 alteri
432 2370 580 2401 ecclesiae
603 2370 654 2400 vel
676 2378 830 2410 personae
853 2369 886 2399 in
910 2368 1017 2399 minus
1041 2369 1129 2399 bono
1153 2367 1306 2408 spirituali
1334 2374 1389 2398 aut

319 2415 487 2456 temporali
510 2414 677 2445 imminere
701 2421 737 2444 ut
759 2413 958 2444 laudabiliter
986 2413 1116 2444 ecclesia
1139 2412 1267 2453 eligeret
1295 2411 1388 2443 susti-

320 2470 393 2491 nere
417 2459 548 2500 aliquod
571 2459 799 2490 detrimentum
821 2457 854 2488 in
871 2458 973 2498 seipsa
997 2467 1052 2498 per
1071 2457 1320 2488 subtractionem
1340 2457 1388 2487 sui

318 2503 454 2546 pastoris
470 2504 509 2534 ad
525 2510 662 2544 tempus,
681 2510 716 2534 ut
734 2509 839 2534 tantae
863 2502 990 2534 alterius
1007 2501 1182 2534 necessitati
1198 2501 1387 2532 subveniret.

375 2548 564 2580 Prudentiae
587 2554 695 2579 autem
718 2547 877 2578 humanae
900 2547 1089 2587 relinquitur
1104 2547 1266 2587 pensanda
1289 2555 1388 2587 quan-

318 2593 390 2624 titas
413 2593 533 2624 alienae
557 2592 760 2628 necessitatis,
785 2602 860 2623 cum
883 2591 1058 2633 quantitate
1083 2591 1201 2627 damni,
1218 2590 1388 2632 spiritualis

318 2638 498 2679 praecipue,
523 2637 671 2669 ecclesiae
696 2636 851 2678 propriae.
885 2636 918 2668 Si
942 2636 1027 2667 enim
1050 2637 1136 2667 bona
1158 2635 1222 2666 fide
1249 2636 1388 2676 prudens

319 2690 449 2724 propter
473 2682 603 2723 aliquod
627 2681 753 2722 pietatis
779 2691 864 2722 opus
886 2681 1052 2712 ecclesiam
1082 2690 1174 2711 suam
1197 2680 1238 2711 ad
1261 2687 1388 2721 tempus

319 2727 524 2768 corporaliter
550 2726 683 2763 deserit,
708 2725 801 2757 etiam
827 2726 852 2756 si
878 2725 985 2756 minus
1014 2733 1095 2756 recte
1125 2725 1297 2762 iudicaret,
1322 2735 1387 2756 non

318 2772 529 2812 imputaretur
551 2771 580 2802 ei
604 2772 642 2802 ad
667 2771 796 2812 culpam
823 2770 1008 2807 mortalem,
1033 2771 1072 2801 ab
1096 2780 1135 2801 eo
1168 2770 1224 2811 qui
1248 2770 1388 2801 intuetur

319 2817 408 2858 quod
423 2817 635 2858 cogitationes
650 2817 835 2847 mortalium
860 2815 1001 2853 timidae,
1018 2821 1048 2846 et
1064 2816 1206 2846 incertae
1216 2815 1388 2855 providen-

319 2863 382 2893 tiae
407 2867 537 2892 nostrae
550 2861 577 2891 *.

374 2906 457 2937 Vlll.
482 2905 636 2938 Conditio
669 2912 776 2936 autem
799 2914 954 2946 personae
982 2914 1134 2935 excusans
1157 2904 1347 2945 episcopum
1371 2914 1388 2934 a

320 2950 478 2991 personali
492 2950 687 2981 residentia*
699 2957 746 2981 est
761 2949 866 2981 unica:
887 2949 1018 2990 quando
1035 2949 1152 2980 scilicet
1167 2959 1303 2990 persona
1319 2948 1388 2980 talis

320 3002 366 3026 est
390 3002 426 3026 ut
449 2995 581 3031 melius,
606 3001 661 3025 aut
684 2995 795 3026 saltem
819 3003 920 3035 aeque
944 2994 1024 3025 bene
1048 3001 1195 3034 pascatur
1217 2993 1347 3025 ecclesia
1370 3004 1387 3024 a

319 3039 373 3070 tali
398 3049 534 3081 persona
567 3039 711 3075 absente,
735 3049 834 3080 quam
858 3045 1037 3079 pasceretur
1061 3038 1099 3069 ab
1126 3038 1189 3069 alio
1213 3045 1386 3079 praesente.

321 3084 372 3115 Ob
397 3084 478 3115 hanc
502 3083 658 3115 rationem
682 3091 757 3115 sunt
781 3093 833 3114 sex
857 3083 998 3124 episcopi
1023 3083 1117 3114 vicini
1141 3083 1306 3114 Romanae
1329 3083 1387 3114 Ec·

320 3129 445 3165 clesiae,
470 3128 621 3160 habentes
644 3129 767 3159 Romae
790 3127 1002 3164 residentiam,
1027 3127 1101 3169 quia
1125 3134 1199 3159 sunt
1224 3127 1387 3168 episcopa-

320 3180 371 3204 tus
395 3173 575 3204 cardinales.
601 3173 653 3204 Ob
677 3173 758 3204 hanc
774 3182 907 3214 quoque
922 3173 1079 3204 rationem
1094 3179 1203 3213 posset
1217 3182 1301 3203 unus
1316 3172 1387 3213 plu-

321 3227 368 3247 res
393 3218 536 3249 ecclesias
560 3217 684 3253 habere,
711 3216 928 3249 deficientibus
951 3217 1020 3248 aliis
1044 3217 1180 3248 idoneis:
1209 3224 1241 3249 et
1264 3226 1389 3248 excusa-

322 3269 406 3292 retur
429 3272 446 3292 a
470 3262 535 3303 iugi
559 3262 726 3293 residentia
750 3261 782 3292 in
798 3271 872 3293 una.
897 3262 948 3293 Ob
972 3262 1054 3293 hanc
1069 3271 1201 3303 quoque
1220 3261 1386 3298 rationem,

322 3307 498 3337 secundum
522 3307 726 3348 quorundam
750 3306 948 3346 opinionem,
967 3314 1002 3338 ut
1018 3306 1139 3338 dictum
1163 3313 1209 3338 est
1222 3306 1249 3343 ¹⁸⁸,
1274 3315 1387 3338 conce-

323 3350 402 3380 dunt
424 3350 493 3381 iura
516 3358 551 3383 ut
575 3351 740 3382 cardinalis
763 3352 927 3382 Romanae
950 3351 1109 3382 Ecclesiae
1133 3351 1234 3390 possit
1259 3350 1331 3391 eligi
1355 3350 1386 3381 in

323 3394 510 3434 episcopum
526 3395 659 3426 alicuius
673 3395 868 3436 particularis
891 3395 1052 3427 ecclesiae.

377 3438 418 3468 Et
433 3438 508 3478 quia
527 3439 685 3470 excusatio
702 3449 739 3470 ex
754 3440 815 3471 isto
832 3440 933 3480 capite
957 3446 1003 3470 est
1018 3450 1075 3480 per
1097 3439 1252 3476 accidens,
1269 3449 1326 3480 per
1341 3449 1388 3470 ac-

323 3481 479 3512 cidentem
502 3483 618 3514 scilicet
637 3484 803 3523 penuriam
826 3491 989 3524 pastorum
1025 3485 1201 3521 bonorum;
1225 3483 1298 3515 ideo
1322 3493 1387 3518 non

323 3532 370 3557 est
385 3525 503 3556 mirum
520 3527 545 3557 si
557 3537 614 3567 per
628 3527 771 3558 accidens
787 3528 819 3558 in
832 3528 1016 3560 huiusmodi
1030 3538 1104 3559 casu
1121 3535 1248 3569 oportet
1262 3537 1319 3569 per
1333 3527 1388 3558 ali-

322 3579 421 3611 quem
444 3570 603 3602 titularem
622 3571 820 3611 episcopum,
844 3578 900 3603 aut
920 3571 1082 3609 vicarium,
1099 3571 1248 3613 supplere
1271 3581 1388 3613 oppor-

322 3621 419 3646 tunos
436 3621 524 3646 actus
539 3615 594 3656 qui
614 3615 814 3655 personalem
831 3615 1039 3655 praesentiam
1055 3616 1088 3646 in
1104 3615 1235 3647 ecclesia
1250 3615 1387 3656 exigunt.

957 238 1224 288 QUAESTIO
1255 236 1485 283 CLXXXV,
1515 237 1814 276 ARTICULUS
1843 239 1878 276 V

1495 317 1548 347 IX.
1573 317 1672 354 Quod
1696 324 1804 348 autem
1826 318 1904 348 haec
1928 328 2010 359 quae
2034 319 2073 348 de
2096 318 2255 358 personali
2278 317 2446 348 residentia
2469 318 2513 349 di-

1437 361 1553 397 ximus,
1577 361 1621 392 ita
1644 371 1677 392 se
1701 362 1848 399 habeant,
1873 373 1911 393 ex
1933 363 2004 403 ipso
2029 363 2125 394 etiam
2147 362 2215 393 iure
2240 362 2368 404 scripto,
2384 362 2424 393 de
2441 362 2511 393 Cle-

1438 406 1516 436 ricis
1531 415 1594 436 non
1612 406 1824 439 residentibus
1838 407 1866 446 *‚
1890 407 1963 438 satis
1979 414 2078 448 patet:
2104 407 2179 448 quia
2194 407 2340 447 privandi
2355 413 2430 438 sunt
2445 417 2511 438 non

1437 449 1610 480 residentes
1633 451 1753 492 absque
1776 452 1955 483 rationabili
1979 462 2082 483 causa.
2244 464 2249 470 ⁴

1494 494 1542 524 Ex
1565 495 1681 534 regulis
1710 506 1842 537 quoque
1872 496 2017 538 Gregorii
2041 497 2074 527 in
2097 497 2260 528 Pastorali
2274 496 2309 532 *,
2333 506 2413 537 quas
2441 506 2511 536 per-

1438 539 1583 569 sonalem
1607 539 1728 580 exigere
1750 539 1939 572 industriam
1963 552 1999 572 ac
2022 541 2214 582 probitatem
2241 547 2343 582 patet,
2369 547 2511 571 constare

1438 593 1571 624 quoque
1595 591 1710 624 potest.

2540 414 2550 425 ⁸
2564 414 2607 437 Per
2619 417 2662 437 tot.

2538 500 2549 510 ⁸
2563 499 2623 521 Part.
2637 498 2667 525 11,
2682 498 2721 521 111.

1494 628 1535 659 Et
1558 638 1594 659 ex
1617 629 1750 659 articulo
1781 629 1844 660 hoc
1867 629 1963 660 huius
1993 630 2189 670 quaestionis
2219 636 2305 670 patet
2335 630 2416 660 hanc
2444 639 2512 660 esse
2562 663 2565 666 ,

1438 673 1587 703 Auctoris
1620 673 1817 710 doctrinam,
1842 673 1898 704 ubi
1921 684 1978 705 nec
2006 675 2235 714 persecutionis
2263 682 2408 715 tempore
2437 684 2511 704 con-

1438 717 1521 748 cedit
1542 717 1662 748 licitam
1684 728 1751 748 esse
1766 718 1943 749 absentiam
1965 719 2111 759 pastoris,
2128 719 2188 750 nisi
2211 719 2245 750 in
2269 729 2354 750 casu.
2380 719 2511 756 Quanto

1437 771 1513 802 ergo
1537 762 1638 802 magis
1667 763 1787 803 absque
1819 763 2041 803 persecutione
2069 764 2177 795 illicita
2200 771 2248 795 est
2273 771 2304 795 et
2335 763 2512 805 perniciosa

1438 807 1578 837 absentia
1595 806 1730 847 pastoris
1747 807 1814 838 sine
1829 807 2008 839 rationabili
2023 806 2134 839 causa?
2155 826 2177 832 -
2200 809 2288 840 Haec
2303 809 2342 839 de
2357 809 2510 839 secundo.

1493 852 1532 882 X.
1557 852 1675 889 Quoad
1699 852 1829 883 tertium
1850 852 1884 889 *‚
1908 853 2132 893 respondendo
2157 853 2305 890 obiectis,
2330 853 2444 884 dicitur
2472 853 2511 884 ad

1437 895 1579 935 primum
1595 896 1627 933 *‚
1653 897 1742 938 quod
1762 897 1915 936 obligatio
1939 897 2082 937 episcopi
2106 897 2147 927 ad
2169 898 2374 928 residendum
2396 898 2430 928 in
2454 908 2512 929 sua

1408 1004 1411 1023 ς
1437 986 1479 1016 Et
1500 986 1541 1015 ad
1564 986 1703 1026 primam
1733 986 1948 1017 obiectionem
1979 986 2012 1017 in
2043 987 2232 1028 oppositum
2266 987 2381 1018 dicitur
2410 988 2511 1028 quod,

313 1035 399 1065 videt
423 1034 479 1065 sibi
513 1041 543 1064 et
566 1033 700 1073 pedibus
725 1042 760 1062 ac
784 1030 949 1067 manibus,
975 1037 1006 1061 et
1029 1029 1173 1060 similiter
1195 1028 1292 1069 pedes
1315 1038 1382 1058 am·

314 1079 425 1110 bulant
449 1078 507 1109 sibi
531 1085 561 1108 et
578 1076 696 1113 ocutis,
721 1083 751 1106 et
773 1076 818 1106 sic
834 1075 873 1106 de
893 1075 972 1106 aliis.
997 1075 1038 1106 Et
1062 1073 1205 1104 similiter
1223 1072 1383 1114 quaelibet
1409 1079 1411 1118 ᾖ

1437 1030 1513 1071 quia
1537 1038 1743 1071 praeceptum
1761 1031 1822 1062 hoc
1839 1039 1886 1062 est
1908 1031 2145 1070 affirmativum,
2160 1032 2234 1062 ideo
2250 1031 2330 1062 nihil
2345 1031 2392 1062 illi
2407 1033 2513 1063 obstat

1437 1075 1528 1116 quod
1547 1075 1580 1106 in
1603 1075 1714 1106 multis
1739 1075 1863 1107 casibus
1887 1076 2042 1116 contingit
2065 1076 2148 1108 licite
2171 1086 2238 1107 non
2254 1076 2400 1118 residere.

1493 1120 1544 1150 Ad
1568 1121 1744 1151 secundam
1766 1131 1843 1151 vero
1868 1120 1982 1152 dicitur
2004 1121 2094 1162 quod
2119 1131 2176 1152 nec
2199 1121 2253 1152 illa
2284 1120 2509 1162 comparativa,

1438 1164 1566 1201 scilicet,
1586 1164 1809 1207 Sufficientius
1826 1175 1890 1206 per
1911 1166 2012 1196 alium
2029 1175 2125 1207 quam
2143 1175 2208 1206 per
2221 1175 2258 1197 se
2279 1167 2444 1206 episcopus
2462 1175 2514 1196 re-

1410 1207 1411 1210 ’
1437 1210 1497 1251 git,
1519 1216 1647 1241 excusat
1665 1209 1773 1250 ipsum
1797 1220 1815 1240 a
1837 1210 2015 1242 residentia.
2039 1211 2124 1248 Quia
2140 1211 2212 1242 licet
2227 1220 2341 1241 verum
2360 1210 2401 1241 sit
2423 1210 2514 1251 quod

1410 1282 1412 1288 ⁴
1439 1254 1646 1286 sufficientius
1669 1265 1727 1295 per
1749 1254 1849 1286 alium
1873 1265 1972 1296 quam
1995 1265 2052 1296 per
2074 1265 2108 1286 se
2131 1255 2303 1296 episcopus
2325 1262 2422 1295 regat,
2446 1264 2514 1285 non

314 1302 444 1342 quidem
475 1300 581 1331 minus
613 1298 825 1330 necessarium
856 1308 915 1338 pro
947 1297 1048 1338 magis
1079 1296 1256 1328 necessario
1286 1305 1384 1335 expo·
1411 1313 1413 1347 '.

2539 852 2634 875 ’Num
2647 858 2672 875 n.

2540 899 2550 910 “
2563 899 2634 922 Νιιιιι.
2649 904 2666 922 ι.

2539 943 2551 954 ⁸
2563 942 2635 965 Num.
2649 948 2676 965 ιι.

1439 1306 1546 1330 tamen
1573 1309 1611 1330 ex
1644 1299 1707 1330 hoc
1738 1299 1871 1331 habetur
1900 1300 1990 1341 quod
2021 1299 2214 1332 sufficienter
2242 1306 2339 1340 regat.
2371 1299 2514 1337 Quilibet
2568 1323 2571 1325 .

1439 1344 1526 1375 enim
1551 1344 1654 1375 malus
1669 1351 1774 1375 rector
1789 1343 1996 1376 sufficientius
2012 1355 2069 1385 per
2085 1345 2185 1376 alium
2201 1345 2326 1376 bonum
2342 1353 2443 1385 quam
2458 1353 2514 1385 per

1439 1399 1472 1420 se
1497 1389 1590 1429 regit:
1617 1395 1647 1419 et
1670 1395 1776 1420 tamen
1801 1395 1861 1420 stat
1884 1387 1974 1430 quod
1990 1399 2048 1421 nec
2070 1389 2124 1421 ille
2146 1389 2228 1421 alius
2251 1388 2445 1420 sufficienter
2466 1398 2513 1419 re—

1440 1440 1532 1474 gat.—
1548 1434 1615 1464 Nec
1630 1433 1684 1464 illa
1699 1433 1846 1474 positiva,
1862 1433 1990 1471 scilicet,
2001 1434 2210 1476 Sufficienter
2218 1444 2283 1475 per
2296 1434 2398 1465 alium
2415 1434 2513 1475 regit,

1441 1485 1569 1509 excusat
1591 1478 1699 1519 ipsum
1723 1489 1741 1509 a
1764 1478 1942 1510 residentia.
1977 1479 2142 1517 Quoniam
2164 1479 2238 1510 licet
2260 1488 2317 1520 per
2339 1478 2403 1510 hoc
2424 1477 2513 1510 suffi-

1441 1523 1559 1554 cienter
1588 1523 1628 1554 sit
1650 1523 1816 1564 provisum
1848 1524 2047 1564 episcopatui
2070 1534 2108 1555 ex
2137 1531 2227 1565 parte
2256 1523 2422 1560 ecclesiae,
2446 1533 2514 1555 non

1439 1574 1547 1599 tamen
1571 1567 1764 1599 sufficienter
1786 1578 1824 1598 ex
1847 1575 1935 1609 parte
1958 1569 2115 1609 episcopi:
2149 1568 2224 1610 quia
2247 1578 2314 1599 non
2338 1569 2446 1599 solum
2468 1574 2514 1600 te—

1441 1620 1534 1644 netur
1557 1613 1597 1643 ad
1620 1612 1857 1653 providendum
1881 1613 2047 1650 ecclesiae,
2072 1613 2127 1644 sed
2150 1620 2276 1645 tenetur
2298 1613 2339 1644 ad
2361 1622 2513 1654 persona?

1439 1657 1510 1688 liter
1533 1657 1731 1698 pascendum
1747 1657 1922 1695 ecclesiam,
1941 1665 1976 1689 ut
1992 1665 2207 1689 monstratum
2230 1657 2322 1694 est*;
2345 1657 2379 1689 in
2400 1657 2514 1689 debitis

1441 1708 1548 1733 autem
1578 1702 1799 1742 personalibus
1827 1712 1893 1733 non
1923 1702 2100 1734 absolvitur
2126 1703 2252 1734 debitor
2278 1702 2306 1733 si
2329 1712 2385 1743 per
2413 1701 2514 1733 alium

1440 1745 1524 1778 facit.
1550 1746 1646 1777 Verbi
1660 1746 1769 1786 gratia,
1786 1747 1942 1783 sacerdos,
1963 1747 1989 1778 si
2013 1747 2158 1778 divinum
2180 1746 2325 1778 officium
2346 1747 2440 1779 faciat
2458 1756 2515 1788 per

1440 1791 1580 1832 aliquem
1605 1791 1759 1822 devotum
1783 1801 1818 1822 ac
1842 1798 1990 1823 sanctum
2013 1791 2163 1823 clericum
2185 1802 2245 1833 pro
2269 1802 2302 1823 se
2326 1791 2402 1829 dici,
2426 1790 2513 1830 stiffi·-

1439 1835 1558 1866 cienter
1580 1835 1730 1867 satisfacit
1755 1835 1818 1866 illis
1840 1845 1899 1876 pro
1929 1836 2048 1878 quibus
2074 1843 2200 1868 tenetur
2221 1845 2327 1867 orare:
2359 1836 2416 1868 sed
2446 1845 2515 1868 non

1439 1887 1609 1921 propterea
1631 1887 1798 1912 excusatur
1820 1890 1839 1911 a
1863 1880 1998 1912 dicendo
2022 1879 2176 1918 officium,
2201 1880 2277 1922 quia
2300 1887 2348 1912 est
2369 1881 2515 1913 debitus

1439 1925 1616 1966 personale.
1637 1926 1678 1956 Et
1693 1925 1838 1957 similiter
1851 1925 1964 1956 accidit
1978 1925 2012 1956 in
2029 1925 2207 1966 proposito.
2219 1943 2242 1951 -
2258 1925 2362 1963 Unde,
2377 1925 2515 1957 cumdi-

1441 1970 1539 2006 citur‚
1564 1970 1600 2000 Si
1630 1970 1804 2001 residentia
1827 1970 1885 2002 sub
1903 1975 2078 2011 praecepto
2108 1970 2256 2009 caderet,
2279 1971 2339 2002 hoc
2367 1975 2452 2002 esset
2471 1979 2516 2002 ea·

1441 2016 1628 2046 necessitate
1641 2015 1737 2056 finis,
1761 2015 1818 2056 qui
1840 2020 1887 2046 est
1908 2015 2001 2047 salus
2022 2016 2227 2053 animarum,
2252 2014 2456 2047 conceditur:
2475 2021 2516 2047 *et

1440 2059 1556 2090 dicitur
1577 2060 1667 2101 quod
1690 2059 1776 2090 salus
1794 2059 1976 2091 animarum
1999 2059 2164 2091 necessitat
2179 2066 2343 2101 pastorem
2357 2055 2455 2092 subm
2474 2060 2515 2091 ad

1440 2105 1608 2145 personale
1631 2104 1786 2141 debitum,
1802 2105 1865 2136 hoc
1888 2111 1945 2141 est,
1970 2105 2172 2146 personalem
2187 2114 2297 2136 curam
2320 2105 2512 2136 animarum.

1441 2149 1482 2180 Et
1505 2159 1580 2180 cum
1603 2148 1728 2186 dicitur,
1748 2149 1847 2181 Salus
1868 2150 2056 2180 animarum
2073 2154 2182 2190 potest
2194 2150 2374 2190 procurari
2395 2149 2515 2193 absque

1413 2189 1415 2209 ³
1434 2194 1605 2234 personali
1634 2194 1773 2234 episcopi
1800 2203 1892 2232 cura,
1922 2194 2017 2236 Ergo
2048 2204 2112 2225 non
2143 2195 2314 2226 necessitas
2342 2195 2446 2236 ipsum
2469 2194 2514 2227 ad

1435 2239 1643 2278 personalem
1667 2246 1800 2269 curam:
1830 2238 2042 2279 respondetur
2064 2239 2165 2280 quod,
2181 2238 2258 2280 quia
2280 2239 2313 2270 iti
2337 2238 2514 2271 moralibus

1441 2292 1508 2314 non
1532 2282 1704 2314 attenditur
1719 2282 1870 2323 possibile
1886 2283 2064 2314 secundum
2083 2283 2261 2324 potentiam
2285 2283 2435 2324 logicam,
2451 2283 2515 2316 boc

1441 2333 1502 2363 est,
1526 2327 1616 2368 quod
1639 2337 1706 2358 non
1729 2327 1872 2368 implicat
1895 2327 2154 2365 contradictoria,
2178 2328 2234 2359 sed
2256 2328 2436 2360 secundum
2458 2336 2516 2370 po-

1441 2371 1573 2403 tentiam
1603 2372 1759 2402 moralem
1789 2371 1987 2409 officiorum;
2020 2379 2144 2404 constat
2175 2379 2283 2403 autem
2314 2383 2351 2404 ex
2381 2373 2513 2404 Domini

1441 2415 1596 2448 sententia
1613 2415 1631 2435 '⁸‘
1657 2416 1748 2457 quod
1774 2415 1958 2447 mercenarii
1986 2415 2130 2448 officium
2157 2426 2225 2447 non
2251 2426 2285 2448 se
2313 2417 2452 2449 extendit
2473 2417 2514 2448 ad
2541 2415 2552 2427 ⁸

1441 2460 1474 2491 id
1491 2460 1580 2502 quod
1599 2461 1809 2501 praecipuum
1827 2461 1922 2492 estin
1939 2468 2077 2502 pastore,
2093 2461 2211 2492 scilicet
2233 2471 2379 2493 amorem
2401 2461 2514 2493 ovium

1414 2532 1416 2550 ἦ
1442 2515 1583 2542 suarum,
1602 2515 1668 2536 non
1692 2505 1886 2536 alienarum:
1910 2521 1932 2529 -
1956 2513 1987 2536 et
2010 2513 2178 2546 propterea
2201 2505 2316 2537 dicitur
2337 2506 2438 2548 quod,
2458 2515 2515 2548 per

1441 2559 1474 2580 se
1490 2550 1666 2591 loquendo,
1679 2549 1765 2580 salus
1781 2549 1962 2581 animarum
1977 2549 2020 2581 ita
2032 2549 2199 2581 necessitat
2210 2556 2372 2591 pastorem
2387 2551 2429 2582 ad
2443 2560 2515 2592 per-

1442 2594 1585 2625 sonalem
1623 2604 1732 2626 curam
1760 2594 1850 2635 quod
1880 2594 2064 2635 regulariter
2092 2604 2159 2626 non
2187 2601 2293 2636 potest
2321 2594 2390 2626 sine
2412 2595 2514 2636 ipsiu·

1442 2638 1600 2680 personali
1620 2649 1695 2670 cura
1717 2638 1859 2680 episcopi
1878 2638 2002 2670 haberi:
2027 2639 2174 2681 quamvis
2197 2649 2253 2680 per
2275 2639 2422 2672 accidens
2436 2649 2513 2672 con·

1440 2683 1560 2724 tingere
1584 2682 1664 2715 forte
1695 2683 1758 2715 hoc
1780 2683 1891 2724 possit.
1921 2683 1982 2715 Sed
2005 2684 2094 2725 quod
2119 2691 2166 2716 est
2189 2693 2246 2725 per
2267 2683 2424 2722 accidens,
2446 2692 2514 2716 noa

1442 2728 1540 2759 variat
1566 2735 1715 2759 naturam
1744 2728 1917 2759 moralium
1942 2728 2158 2760 vinculorum.
2189 2728 2232 2760 Et
2254 2735 2423 2770 propterea
2445 2738 2513 2761 non

1441 2779 1608 2804 excusatur
1638 2773 1809 2813 episcopus
1832 2783 1850 2803 a
1874 2773 2033 2814 personali
2058 2772 2302 2810 residentimex
2331 2773 2394 2805 hoc
2422 2773 2513 2814 quod

1442 2827 1498 2858 per
1521 2817 1684 2858 optimum
1706 2817 1860 2848 vicarium
1883 2817 2030 2858 providet
2053 2817 2212 2850 ecclesiae.

1497 2862 1548 2894 Ad
1575 2862 1700 2894 tertiam
1731 2861 1846 2893 dicitur
1867 2861 1958 2903 quod
1985 2871 2052 2894 non
2081 2862 2292 2899 consuetudo,
2316 2862 2373 2893 sed
2393 2861 2514 2894 abusu·

1441 2914 1487 2938 est
1503 2914 1551 2938 tot
1574 2906 1802 2948 episcoporum
1819 2916 1885 2938 non
1901 2906 2118 2944 residentium,
2133 2913 2166 2938 et
2178 2905 2383 2948 sequentium
2397 2905 2512 2941 curias.

1441 2951 1481 2983 Et
1504 2951 1579 2993 quia
1610 2951 1832 2992 unusquisque
1855 2950 2069 2991 praesumitur
2090 2951 2258 2992 poenitens
2281 2950 2313 2981 in
2336 2949 2399 2981 fine
2429 2950 2512 2984 vitae

1441 3006 1527 3032 suae,
1547 2995 1678 3037 quando
1702 3005 1777 3027 curn
1801 3002 1927 3027 sanctae
1945 2995 2104 3027 Ecclesiae
2127 2995 2358 3027 communione
2377 2995 2510 3032 recedit;

1440 3040 1514 3071 ideo
1530 3040 1610 3071 nihil
1625 3040 1758 3071 honoris
1774 3049 1839 3071 non
1857 3039 2063 3072 residentium
2085 3039 2218 3071 tumulis
2234 3039 2375 3071 Ecclesia
2388 3039 2511 3074 adimit.

1441 3085 1507 3116 Nec
1537 3084 1599 3116 hoc
1629 3084 1727 3116 videri
1758 3084 1852 3115 debet
1883 3085 2001 3116 durum
2030 3084 2061 3115 ei
2090 3083 2146 3125 qui
2177 3083 2256 3114 illud
2285 3083 2476 3126 Hieronymi
2491 3083 2512 3107 Ἀ*

1441 3129 1635 3161 considerat:
1659 3130 1734 3160 Non
1757 3138 1867 3160 omnes
1889 3129 2028 3170 episcopi
2048 3133 2125 3160 sunt
2148 3129 2295 3169 episcopi.

1496 3174 1550 3206 XI.
1566 3174 1617 3206 Ad
1634 3173 1812 3205 secundum
1827 3178 2053 3213 argumentum
2065 3171 2084 3191 ¹⁸
2107 3171 2221 3204 dicitur
2235 3173 2326 3214 quod
2340 3172 2512 3214 episcopm

1441 3226 1566 3250 tenetur
1589 3218 1628 3249 ad
1643 3225 1818 3259 utrumque
1833 3217 1940 3254 simul,
1955 3216 2073 3248 seilicet
2087 3217 2289 3248 residentiam
2306 3224 2336 3249 et
2351 3227 2447 3260 opus.
2469 3217 2512 3249 131

1441 3273 1515 3295 cum
1538 3263 1673 3294 instatur
1695 3268 1804 3294 conti-a
1832 3261 1895 3292 hoc
1910 3270 1948 3292 ex
1974 3267 2062 3301 parte
2091 3261 2319 3302 magnitudinis
2339 3262 2509 3294 dioecesis:

1439 3308 1650 3348 respondetur
1672 3306 1763 3348 quod
1781 3305 1870 3337 nulla
1891 3311 1939 3336 est
1953 3304 2034 3336 adeo
2055 3315 2171 3346 magna
2194 3305 2347 3338 dioecesis
2369 3306 2422 3338 eui
2444 3315 2510 3341 noa

1440 3351 1541 3393 possit
1565 3361 1649 3382 unus
1675 3350 1845 3391 episcopus
1876 3349 2084 3390 personaliter
2116 3350 2262 3382 exhibere
2291 3350 2402 3383 omnia
2427 3359 2511 3394 quae

1442 3396 1492 3428 sui
1515 3402 1590 3427 sunt
1612 3394 1720 3431 officii,
1740 3393 1767 3424 si
1788 3403 1861 3424 vere
1883 3394 1953 3425 vult
1975 3404 2084 3425 curam
2108 3395 2221 3426 ovium
2242 3403 2375 3427 suarum
2393 3403 2509 3436 genre.

1496 3439 1582 3472 Cum
1606 3445 1714 3470 autem
1727 3438 1861 3469 instatur
1877 3447 1914 3469 ex
1930 3445 2016 3479 parte
2032 3438 2163 3471 illustris
2174 3439 2314 3480 generis:
2339 3439 2510 3480 responde·

1442 3491 1494 3516 tur
1509 3483 1599 3526 quod
1621 3492 1719 3514 nemo
1734 3482 1887 3514 illustrior
1901 3482 1958 3513 illo
1981 3483 2054 3524 qui,
2069 3483 2223 3526 Pontifex
2245 3485 2399 3516 assistens
2411 3482 2508 3525 siitu—

1442 3537 1554 3559 rorum
1570 3528 1737 3564 bonorum,
1754 3527 1898 3558 introivit
1919 3528 2017 3559 semel
2040 3529 2072 3559 in
2087 3533 2201 3560 sancta
2215 3527 2243 3566 Ψ,
2261 3528 2319 3569 qui
2341 3528 2381 3560 de
2403 3526 2508 3568 seipso

1443 3571 1560 3603 dieit*:
1580 3571 1684 3602 Filius
1698 3571 1836 3603 hominis
1850 3581 1912 3603 non
1930 3573 2015 3604 venit
2031 3573 2223 3611 ministrari,
2238 3572 2296 3604 sed
2310 3573 2507 3608 ministrare.

1442 3615 1516 3647 Non
1540 3622 1680 3656 acceptet
1701 3615 1750 3646 vir
1772 3615 1901 3647 illustris
1924 3616 2157 3658 episcopatum,
2181 3617 2206 3648 si
2228 3625 2296 3648 non
2311 3616 2382 3648 vult
2402 3622 2508 3657 pasto—

2538 3081 2753 3138 {wita

2538 3173 2549 3184 ⁸
2561 3171 2634 3196 Nam.
2645 3177 2662 3200 ι,
2675 3170 2751 3194 Pno-

2538 3201 2613 3222 tera.

2537 3527 2548 3539 ‘
2563 3526 2603 3549 Ad
2618 3526 2679 3550 Heo.
2693 3532 2748 3576 ἓν.

2536 3559 2641 3603 Pam
2648 3559 2699 3609 ἐς..
2709 3569 2748 3607 a,

2535 3612 2594 3629 ven.
2606 3607 2642 3631 28.
