2768 4198
34 463 45 474 ⁸
54 462 87 485 Cn
105 478 111 485 .
122 468 171 489 vni,
182 469 206 484 n.
217 468 246 484 ι.-

34 488 59 512 S.
73 469 118 511 'ltin
132 489 184 510 lect.
195 494 246 511 vm.

33 889 43 900 ⁸
56 888 125 916 lbid„
139 895 162 911 n.
176 895 195 918 5.

955 276 1225 323 QUAESTlO
1256 277 1392 324 ema,
1422 278 1721 316 ARTICULUS
1751 280 1799 315 111

275 356 444 393 habitus:
473 356 575 393 unde
603 355 835 393 assimilatur
847 355 1066 404 phthisicae,
1087 358 1149 394 vel
1179 357 1347 394 cuicum-

275 421 350 459 que
378 409 516 446 morbo
537 408 731 455 continuo,
752 416 794 445 ut
812 408 1068 458 Philosophus
1098 409 1197 457 dicit,
1218 410 1254 446 in
1276 410 1345 446 Vll

273 515 526 564 intemperati,
548 523 734 563 quantum
755 515 804 552 ad
824 515 862 552 id
883 516 988 564 quod
1007 515 1212 564 ignoratur.
1243 517 1346 553 Nam

273 569 485 616 ignorantia
504 568 769 605 incontinentis
790 569 993 606 attenditur
1012 577 1197 618 quantum
1213 570 1261 607 ad
1282 570 1346 606 ali-

275 622 381 670 quod
409 621 634 671 particulare
664 621 836 670 eligibile,
865 630 980 671 prout
1008 622 1148 660 scilicet
1173 623 1346 659 aestimat

274 676 347 712 hoc
367 687 470 712 nunc
489 687 572 712 esse
593 675 831 723 eligendum:
853 675 919 712 sed
939 675 1210 724 intemperatus
1229 677 1346 713 habet

273 728 524 776 ignorantiam
556 728 654 765 circa
682 728 808 777 ipsum
838 729 970 777 finem,
999 729 1225 778 inquantum
1250 729 1344 766 scili-

274 789 334 818 cet
361 781 502 818 iudicat
529 782 604 818 hoc
633 794 715 818 esse
745 782 910 830 bonurn,
940 790 981 819 ut
1009 782 1224 819 irrefrenate
1254 795 1344 819 con·
1370 793 1372 812 1

275 834 525 883 cupiscentias
554 842 745 883 sequatur.
782 835 895 873 Unde
923 835 1192 884 Philosophus,
1218 835 1255 872 in
1275 836 1343 873 VII

271 888 393 925 Ethic.
413 888 446 936 ²⁸,
468 887 555 925 dicit
581 888 686 937 quod
715 889 947 925 incontinens
973 894 1026 926 est
1053 889 1188 925 melior
1215 890 1345 925 intem·
1370 876 1372 912 7

267 947 422 989 percito,
457 941 546 990 quia
573 942 745 979 salvatur
772 942 810 979 in
831 954 874 978 eo
899 942 1080 991 optimum
1100 942 1344 990 principium,

273 993 413 1031 scilicet
441 1002 543 1032 recta
571 994 797 1032 existimatio
827 995 874 1032 de
901 996 992 1032 firie.

325 1050 384 1085 An
414 1060 606 1086 SECUNDUM
625 1060 811 1086 montinum
830 1048 936 1097 quod
961 1049 1010 1085 ad
1029 1048 1268 1085 sanationem
1289 1048 1344 1084 in·
1370 1070 1372 1083 ς

273 1101 500 1139 continentis
529 1114 607 1139 non
636 1102 775 1139 sufficit
802 1102 884 1138 sola
912 1101 1093 1149 cognitio,
1123 1101 1191 1138 sed
1221 1101 1344 1150 requi—

273 1154 364 1191 ritur
400 1154 556 1192 interius
594 1155 774 1192 auxilium
816 1153 957 1202 gratiae
995 1154 1343 1203 concupiscentiam

273 1207 488 1256 mitigantis,
510 1215 546 1244 et
573 1207 775 1245 adhibetur
804 1207 918 1244 etiam
939 1207 1101 1244 exterius
1131 1206 1342 1244 remedium
1370 1212 1372 1243 l

272 1261 550 1307 admonitionis
565 1269 601 1297 et
621 1260 877 1307 correctionis,
898 1272 944 1297 ex
963 1260 1102 1308 quibus
1132 1259 1267 1308 aliquis
1287 1259 1344 1296 in-

241 1334 243 1336 >
272 1314 360 1363 cipit
398 1314 714 1363 concupiscentiis
752 1314 943 1361 resistere,
974 1325 1020 1350 ex
1049 1325 1127 1362 quo
1164 1312 1343 1361 concupi-

56 1375 105 1404 Qu.
119 1380 189 1403 αιιι,
201 1378 243 1397 m.

32 1789 43 1800 ⁸
54 1789 166 1813 cenaus.
180 1787 203 1811 ⁶.

32 2010 42 2020 ·
56 2008 93 2031 Εἰ.
107 2014 171 2031 num.
185 2013 217 2030 m.

32 2098 43 2108 ·
56 2096 93 2119 Cf.
104 2096 203 2119 Armet.
213 2095 246 2118 Ε-

31 2122 245 2173 aranee:

34 2274 44 2283 ⁸
53 2272 100 2300 Qu.
112 2278 162 2299 σιν,
172 2276 214 2294 art.
223 2278 243 2300 3.

33 2583 44 2594 ·
63 2581 137 2610 thid„
157 2585 200 2604 art.
223 2587 245 2607 ι,

33 2609 180 2635 Commeat:
203 2611 244 2630 art.

31 2642 57 2684 ξι,-
72 2635 206 2658 Comm-t.
222 2640 245 2656 n.

37 3072 46 3082 '
61 3073 87 3094 lu
106 3077 166 3099 resp.
186 3070 214 3092 nd
230 3077 245 3092 ι.

36 3292 45 3302 ·
59 3291 129 3314 Num.
145 3297 160 3312 1.

271 1367 415 1404 scentia
443 1367 669 1414 debilitatur,
690 1374 731 1404 ut
759 1379 874 1415 supra
892 1366 912 1388 ’¹‘
941 1366 1084 1404 dictum
1113 1374 1179 1403 est.
1211 1366 1259 1402 Et
1284 1365 1344 1402 iis-

271 1421 362 1458 dem
383 1420 498 1458 etiam
517 1420 645 1458 modis
664 1427 790 1469 potest
809 1420 934 1457 sanari
954 1420 1246 1468 intemperatus:
1277 1419 1344 1456 sed

271 1473 460 1512 difficilior
489 1481 544 1510 est
573 1473 654 1510 eius
682 1473 841 1520 sanatio,
862 1481 1018 1522 propter
1045 1472 1134 1510 duo.
1166 1472 1345 1518 Quorum

2394 279 2467 316 263

1399 357 1569 406 primum
1598 365 1654 395 est
1683 370 1727 395 ex
1754 365 1861 407 parte
1890 357 2056 406 rationis,
2081 370 2180 407 quae
2210 366 2386 407 corrupta
2415 366 2470 395 est

273 462 364 499 ΕΜ.
414 460 436 484 *
514 461 572 499 Al·
672 469 686 498 t
712 474 750 498 m
772 462 891 499 mOdO
920 470 975 499 est
1061 462 1068 469 ·
1137 463 1143 469 .
1296 463 1319 500 t'
1372 455 1374 470 ἰ
1401 410 1501 447 circa
1529 411 1834 448 aestimationem
1862 411 1983 448 ultimi
2012 411 2117 459 finis,
2147 412 2252 461 quod
2281 423 2321 448 se
2355 412 2470 448 habet

349 474 394 499 ic.
462 483 486 490 -
564 474 600 498 10
621 474 670 498 au
688 474 708 498 e
994 475 1117 500 maior
1136 475 1295 510 ignoran
1311 475 1346 500 ia

1400 463 1496 500 sicut
1514 464 1743 513 principium
1758 464 1796 501 in
1813 464 2120 502 demonstrativis
2134 465 2172 502 *z
2199 464 2385 502 difficilius
2405 477 2470 501 au-

1400 524 1478 554 tem
1494 517 1685 554 reducitur
1704 518 1752 555 ad
1766 518 1965 555 veritatem
1982 517 2041 555 ille
2057 518 2122 567 qui
2138 525 2236 555 errat
2256 517 2354 555 circa
2368 518 2468 567 prin-

1400 570 1563 619 cipium,
1594 579 1629 607 et
1663 571 1832 608 similiter
1859 571 1898 608 in
1935 572 2139 620 operativis
2176 572 2236 608 ille
2273 571 2339 620 qui
2372 578 2469 608 errat

1400 623 1498 660 circa
1525 624 1655 660 finem.
1686 624 1800 661 Aliud
1829 632 1956 661 autern
1977 632 2033 662 est
2061 637 2106 662 ex
2134 633 2240 674 parte
2260 624 2468 662 inclinatio-

1398 676 1457 713 nis
1486 677 1686 726 appetitus,
1711 690 1809 726 quae
1837 678 1875 715 in
1903 678 2155 728 intemperato
2177 686 2232 715 est
2252 690 2297 715 ex
2323 678 2467 725 habitu,

1399 730 1464 779 qui
1485 729 1635 767 difficile
1654 731 1812 768 tollitur:
1843 731 2031 768 inclinatio
2054 739 2182 769 autern
2201 731 2469 769 incontinentis

1400 790 1456 820 est
1484 795 1528 819 ex
1558 783 1748 832 passione,
1778 796 1876 832 quae
1907 785 2050 822 facilius
2079 785 2232 834 reprimi
2259 792 2395 833 potest.

1452 838 1511 872 An
1545 848 1706 874 TERTmM
1739 849 1927 875 morannum
1965 838 2070 886 quod
2102 838 2218 875 libido
2250 838 2467 885 voluntatis,

1399 901 1499 937 quae
1529 897 1641 938 auget
1668 898 1885 938 peccatum,
1917 891 2039 928 m‘aior
2068 899 2122 928 est
2150 892 2189 928 in
2216 891 2468 940 intemperato

1383 954 1516 990 *quarn
1545 942 1585 979 in
1613 943 1887 991 incontinente,
1917 952 1958 981 ut
1987 957 2032 981 ex
2067 944 2172 982 dictis
2190 944 2210 966 '¹‘
2237 951 2351 994 patet.
2391 944 2469 982 Sed

1399 995 1516 1032 libido
1547 996 1876 1044 concupiscentiae
1896 997 2085 1046 appetitus
2109 997 2275 1035 sensitivi
2296 997 2469 1047 quando-

1399 1060 1474 1096 que
1502 1048 1626 1085 maior
1655 1057 1710 1085 est
1738 1049 1776 1086 in
1804 1049 2078 1087 incontinente:
2113 1051 2202 1099 quia
2230 1051 2468 1088 incontinens

1399 1113 1478 1138 non
1505 1109 1638 1149 peccat
1667 1102 1738 1139 nisi
1767 1115 1789 1139 a
1817 1103 1924 1150 gravi
1957 1104 2283 1152 concupiscentia;
2317 1104 2384 1141 sed
2413 1104 2467 1142 in·

1398 1161 1632 1202 temperatus
1662 1155 1774 1192 etiarn
1804 1167 1849 1192 ex
1878 1156 1952 1193 levi
1982 1157 2290 1205 concupiscentia
2323 1165 2467 1206 peccat,

1400 1215 1437 1244 et
1464 1207 1698 1255 quandoque
1728 1220 1814 1245 eam
1844 1209 2053 1257 praevenit.
2092 1211 2141 1247 Et
2173 1210 2260 1247 ideo
2295 1211 2467 1248 Philoso-

1399 1260 1498 1308 phus
1528 1259 1625 1307 dicit,
1655 1260 1694 1298 in
1721 1261 1790 1298 VII
1817 1263 1937 1299 Ethic.
1957 1262 1989 1310 ²⁸,
2019 1263 2125 1310 quod
2145 1264 2264 1311 magis
2283 1264 2467 1313 intempe-

1399 1320 1523 1350 ratum
1551 1313 1836 1362 vituperamus,
1871 1315 1960 1364 quia
1995 1328 2069 1352 non
2099 1318 2381 1366 concupiscens,
2410 1317 2470 1354 vel

1399 1367 1539 1414 quiete,
1578 1366 1674 1403 idest
1708 1367 1864 1404 remisse
1898 1369 2192 1417 concupiscens,
2230 1370 2470 1419 persequitur

1401 1419 1682 1457 delectationes.
1724 1421 1824 1462 Quid
1857 1422 1956 1459 enim
1974 1423 2128 1470 faceret
2151 1423 2185 1459 si
2211 1424 2355 1461 adesset
2381 1435 2467 1460 con-

1401 1473 1627 1521 cupiscentia
1656 1474 1855 1511 iuvenilis?

956 1595 1293 1628 Commenta-ia
1317 1594 1572 1628 Cardinalis
1596 1595 1800 1629 Caietam

301 1705 322 1726 u
345 1694 478 1725 articulo
493 1693 586 1725 tertio
611 1693 755 1724 eiusdem
774 1693 971 1735 quaestionis
991 1692 1342 1734 centesimaequinqua-

275 1706 556 1780 {gesimaesextae
573 1738 709 1777 dubium
733 1748 770 1769 ex
793 1738 941 1775 Martino,
958 1738 991 1768 in
1015 1737 1204 1779 quaestione
1228 1737 1267 1767 de
1291 1737 1341 1767 In-

1396 1694 1495 1731 Quod
1518 1694 1550 1724 in
1575 1694 1661 1724 idem
1686 1694 1766 1724 redit
1790 1704 1864 1725 cum
1888 1705 1927 1725 eo
1955 1695 2044 1736 quod
2075 1695 2188 1726 dicitur
2210 1696 2243 1726 in
2271 1696 2388 1733 littera,
2413 1697 2469 1728 sci-

1396 1738 1478 1775 licet,
1496 1748 1533 1769 ex
1548 1738 1708 1779 passione.
1739 1739 1823 1769 Nam
1848 1738 2015 1780 dispositio
2039 1750 2138 1780 quam
2162 1740 2268 1780 passio
2293 1748 2400 1772 causat
2423 1749 2470 1773 est

271 1782 466 1816 continentia
480 1782 507 1820 ³⁸¹,
531 1782 678 1819 occurrit,
695 1782 818 1813 dicente
841 1783 930 1824 quod
953 1782 1012 1812 ista
1035 1781 1116 1812 ratio
1140 1781 1238 1812 sancti
1254 1781 1343 1812 Tho·
1367 1786 1370 1838 ἲ
1396 1782 1486 1814 facile
1511 1782 1649 1819 mobilis,
1675 1790 1705 1813 et
1729 1782 1895 1823 dispositio
1919 1783 1972 1814 illa
1993 1794 2060 1814 non
2083 1784 2143 1814 nisi
2158 1794 2215 1825 per
2238 1785 2375 1815 modum
2398 1796 2469 1826 pas-

271 1824 342 1859 mae
365 1827 431 1868 pati
454 1827 579 1858 videtur
602 1827 796 1858 calumniam
812 1827 845 1857 in
869 1827 931 1857 hoc
955 1826 1044 1867 quod
1059 1826 1209 1856 voluntas
1233 1826 1343 1856 incon·
1368 1839 1370 1878 Ι
1397 1827 1505 1863 sionis,
1531 1835 1560 1858 et
1584 1827 1765 1867 insurgente
1789 1827 1946 1867 passione,
1971 1828 2118 1859 inclinat:
2143 1828 2234 1859 cuius
2257 1829 2402 1870 locuples
2426 1837 2469 1861 te-

271 1872 399 1903 tinentis
422 1871 566 1902 inclinari
582 1871 697 1902 dicitur
711 1871 751 1901 ad
770 1872 969 1911 peccandum
994 1881 1031 1901 ex
1055 1870 1203 1910 passione
1219 1877 1345 1900 tantum

271 1924 306 1949 et·
325 1926 392 1948 non
415 1926 453 1947 ex
474 1916 597 1946 habitu.
620 1916 704 1946 Nam
735 1915 761 1945 si
784 1915 939 1955 intelligat
961 1915 1051 1955 quod
1081 1924 1119 1945 ex
1139 1914 1344 1955 frequentatis

271 1960 520 1992 incontinentiae
535 1960 657 1991 actibus
674 1970 739 1990 non
759 1966 926 2000 generatur
942 1959 1056 2000 aliquis
1072 1959 1208 1995 habitus,
1221 1959 1346 1990 videtur

272 2005 398 2036 falsum.
429 2004 470 2035 Et
487 2003 596 2045 primo
611 2004 644 2040 *‚
670 2011 779 2035 contra
802 2010 904 2035 totam
928 2003 1166 2044 philosophiam
1189 2003 1344 2034 moralem

273 2048 464 2081 clamantem
488 2048 578 2090 quod
608 2058 645 2079 ex
670 2047 874 2089 frequentatis
906 2047 1027 2079 actibus
1059 2054 1225 2087 generatur
1256 2046 1344 2078 habi-

272 2093 365 2125 tus*:
390 2092 526 2124 maxime
540 2092 573 2123 in
590 2092 732 2123 subiecto
749 2102 815 2123 non
832 2092 966 2123 habente
978 2091 1123 2123 habitum
1140 2092 1343 2123 contrarium.

328 2137 490 2175 Secundo,
514 2137 590 2178 quia
613 2137 675 2167 hoc
700 2143 746 2167 est
769 2143 878 2168 contra
902 2136 1145 2177 experientiam:
1174 2147 1247 2177 qua,
1271 2143 1346 2177 post

273 2182 489 2223 frequentatos
512 2181 762 2212 incontinentiae
785 2188 884 2217 actus,
908 2181 1008 2221 magis
1033 2191 1065 2211 se
1088 2191 1209 2221 pronos
1233 2181 1273 2211 ad
1296 2181 1344 2211 in-

273 2226 501 2258 continentiam
525 2226 665 2257 sentiunt
687 2235 785 2266 quarn
809 2233 892 2256 ante.

333 2272 451 2308 Tertio,
469 2270 545 2315 quia
577 2270 754 2301 secundum
785 2270 948 2300 'rhomam
971 2269 1004 2306 *,
1030 2268 1260 2300 incontinentia
1275 2278 1345 2309 per-

273 2314 352 2347 tinet
374 2315 414 2345 ad
437 2315 655 2350 voluntatem,
680 2320 711 2344 et
743 2324 809 2344 non
839 2313 914 2344 dicit
942 2312 1080 2354 praecise
1110 2319 1236 2344 actum:
1269 2313 1344 2354 quia

272 2359 354 2390 sicut
376 2358 474 2390 virtus
498 2365 545 2389 est
567 2358 703 2395 habitus,
724 2358 767 2389 ita
784 2365 815 2389 et
837 2357 961 2388 vitium.
987 2357 1028 2388 Et
1043 2365 1220 2398 propterea,
1240 2357 1346 2399 inquit

257 2403 436 2440 Martinus,
460 2403 610 2434 voluntas
633 2402 858 2433 incontinentis
882 2402 1052 2433 inclinatur
1075 2412 1112 2432 ex
1135 2402 1266 2442 proprio
1291 2402 1344 2433 ha-

272 2448 340 2480 bitu
363 2448 404 2478 ad
426 2448 637 2488 peccandum,
653 2447 730 2488 quia
753 2447 793 2478 ad
809 2457 875 2478 non
892 2447 1104 2478 resistendum
1123 2446 1343 2487 passionibus:

272 2493 327 2524 sed
350 2502 416 2523 non
437 2492 606 2523 inclinatur
622 2491 662 2522 ad
685 2492 887 2532 sequendum
911 2491 1184 2532 concupiscentias
1200 2491 1299 2522 malas
1315 2499 1345 2523 et

272 2544 391 2577 turpes,
405 2536 480 2577 quia
497 2535 639 2567 inclinari
661 2536 701 2565 ad
721 2535 833 2566 talium
861 2535 1051 2566 electionem
1068 2542 1114 2566 est
1133 2535 1344 2576 intemperati.

329 2581 366 2611 11.
391 2580 442 2610 Ad
465 2579 527 2610 hoc
551 2579 696 2616 dubium,
722 2590 787 2610 non
812 2590 849 2610 ex
872 2579 940 2610 aliis
964 2590 1062 2621 quam
1087 2589 1124 2610 ex
1147 2579 1275 2620 supra*
1299 2580 1345 2610 di-

275 2625 330 2656 ctis
354 2624 526 2665 principiis,
545 2623 658 2654 dicitur
678 2624 768 2664 quod
785 2634 872 2654 error
887 2624 938 2654 hic
959 2624 1072 2655 accidit
1094 2624 1183 2664 quod
1200 2634 1265 2654 non
1284 2624 1345 2654 dis-

273 2669 427 2709 tinguitur
450 2668 558 2709 quoad
583 2678 649 2698 rem
672 2667 754 2698 inter
768 2668 913 2699 habiturn
937 2675 968 2699 et
990 2668 1253 2708 dispositionem:
1289 2679 1346 2700 nec

274 2713 478 2753 distinguitur
508 2713 616 2754 quoad
647 2713 785 2743 modum
817 2712 969 2752 operandi
1003 2713 1083 2743 inter
1115 2712 1259 2753 inclinari
1291 2723 1347 2753 per

274 2757 410 2789 modum
442 2757 584 2793 habitus,
609 2763 639 2787 et
662 2766 718 2797 per
750 2757 886 2787 modum
919 2757 1085 2797 passionis.
1116 2757 1347 2788 Incontinentia

274 2812 413 2844 namque
437 2812 504 2832 non
528 2808 574 2832 est
593 2801 729 2837 habitus,
755 2801 809 2832 sed
834 2801 1012 2842 dispositio.
1037 2801 1131 2832 Unde
1147 2808 1177 2832 et
1193 2802 1225 2832 in
1245 2801 1346 2832 littera

273 2847 332 2878 hac
356 2846 560 2887 distinguitur
583 2845 784 2876 incontinens
809 2846 847 2876 ab
874 2845 1084 2886 intemperato
1116 2855 1172 2885 per
1187 2845 1292 2887 facile
1316 2853 1347 2877 et

272 2889 406 2934 άῂᾑῖεἰιε
429 2890 564 2921 mobile:
587 2890 663 2931 quia
678 2890 784 2929 passio
808 2890 870 2920 cito
894 2889 1013 2926 transit,
1039 2899 1074 2920 ac
1098 2899 1154 2929 per
1177 2889 1248 2926 hoc,
1266 2890 1346 2920 circa

273 2935 342 2966 eius
365 2944 508 2975 pugnam
525 2934 806 2975 proportionaliter
822 2934 994 2974 respondet
1017 2933 1199 2974 dispositio;
1220 2934 1346 2965 habitus

273 2986 382 3011 autem
406 2987 453 3011 est
477 2978 602 3010 difficile
625 2979 763 3010 mobilis.
790 2978 892 3009 Cuius
916 2978 1043 3019 signum
1060 2985 1107 3008 est
1122 2979 1212 3019 quod
1234 2979 1344 3010 incon-

273 3024 428 3055 tinentem
451 3024 557 3055 statim
581 3023 752 3054 comitatur
774 3022 978 3063 poenitentia.
1010 3022 1225 3062 Comparatur
1248 3023 1343 3054 etiam

273 3068 306 3099 in
330 3068 432 3099 littera
450 3068 468 3088 *
491 3078 528 3098 ex
550 3067 730 3104 Aristotele,
747 3067 804 3098 VII
820 3067 938 3105 Ethic„
954 3066 1184 3098 incontinentia
1201 3066 1277 3097 febri
1298 3078 1344 3098 ac-

275 3112 439 3148 cessoriae,
455 3112 698 3152 intemperantia
721 3118 829 3143 autem
845 3111 1008 3151 phtisicae.
1025 3129 1045 3134 -
1070 3110 1220 3142 Similiter
1234 3110 1343 3142 incon-

274 3156 377 3187 tinens
392 3156 561 3188 inclinatur
577 3163 607 3187 et
623 3163 772 3197 operatur
787 3166 843 3196 per
859 3156 995 3186 modum
1011 3155 1177 3196 passionis,
1191 3162 1226 3186 ut
1240 3165 1344 3186 exem-

275 3201 367 3241 plum
389 3201 428 3231 de
451 3200 536 3231 febre
559 3201 732 3231 accessoria
754 3200 954 3231 manifestat:
986 3200 1213 3240 intemperatus
1236 3206 1344 3230 autem

276 3254 331 3285 per
354 3245 490 3275 modum
513 3245 648 3282 habitus,
669 3252 705 3276 ut
729 3245 910 3285 exemplum
933 3245 972 3275 de
994 3244 1130 3285 phtisico
1154 3244 1344 3279 manifestat.

331 3288 382 3319 III.
407 3289 458 3319 Ad
466 3290 609 3329 primam
631 3299 706 3330 ergo
722 3289 848 3320 Martini
864 3289 1076 3320 obiectionem
1090 3289 1107 3308 *
1126 3288 1239 3319 dicitur
1254 3289 1344 3329 quod

276 3342 313 3363 ex
336 3332 541 3373 frequentatis
564 3333 685 3364 actibus
699 3334 935 3365 incontinentis
956 3339 1125 3374 generatur
1148 3333 1181 3363 in
1205 3333 1272 3363 eius
1288 3343 1344 3363 vo-

275 3377 406 3413 luntate,
421 3386 488 3407 non
504 3376 639 3414 habitus,
654 3378 709 3408 sed
729 3377 912 3418 dispositio:
934 3387 1016 3418 quae
1032 3387 1199 3418 nunquam
1213 3377 1344 3408 transire

276 3427 382 3461 potest
396 3421 430 3451 in
445 3420 600 3456 habitum,
618 3421 699 3452 sicut
714 3431 774 3453 nec
788 3422 902 3453 albedo
921 3422 954 3452 in
971 3422 1179 3462 nigredinem.
1202 3422 1243 3452 Et
1262 3422 1344 3452 ultra

275 3465 346 3500 hoc,
364 3475 401 3495 ex
423 3464 609 3495 huiusmodi
624 3465 746 3496 actibus
761 3466 941 3497 habilitatur
957 3466 1212 3507 concupiscibilis
1226 3466 1266 3496 ad
1282 3466 1343 3497 hoc

276 3516 311 3540 ut
334 3509 366 3539 in
391 3519 427 3539 ea
449 3515 615 3549 generetur
635 3509 886 3549 intemperantia,
910 3521 947 3541 ex
970 3521 1035 3552 qua
1056 3511 1206 3542 voluntas
1228 3511 1342 3541 intem-

275 3554 372 3594 perati
403 3553 572 3584 inclinatur
595 3553 635 3583 ad
661 3553 766 3593 turpia
792 3555 1023 3595 prosequenda.
1054 3555 1095 3586 Et
1125 3555 1169 3586 sic
1194 3555 1343 3586 voluntas

275 3595 500 3629 incontinentis
515 3596 692 3634 inclinatur,
709 3606 774 3628 non
799 3607 836 3628 ex
858 3598 979 3636 habitu,
997 3600 1051 3630 sed
1068 3609 1104 3630 ex
1121 3599 1340 3640 dispositione.

1397 1871 1452 1902 stis
1476 1878 1523 1902 est
1546 1871 1742 1911 poenitentia
1765 1871 1871 1903 statim
1895 1882 2042 1913 sequens,
2063 1880 2203 1903 cessante
2227 1874 2384 1913 passionis
2408 1874 2468 1905 im-

1397 1923 1484 1956 petu.
1510 1916 1666 1946 Voluntas
1691 1923 1798 1947 autem
1821 1916 2021 1956 intemperati
2044 1916 2228 1954 inclinatur,
2253 1924 2290 1948 ut
2311 1918 2344 1948 in
2367 1918 2470 1950 littera

1398 1960 1522 1997 dicitur,
1548 1970 1590 1991 ex
1608 1962 1745 2001 propria
1769 1961 1933 1999 electione,
1950 1961 2013 1992 hoc
2036 1968 2092 1999 est,
2110 1971 2166 2001 per
2190 1963 2327 1993 modum
2350 1963 2466 2003 eligen-

1397 2005 1437 2035 tis
1461 2012 1492 2036 et
1514 2004 1644 2045 propria
1660 2004 1814 2045 principia
1838 2006 2012 2042 electionis,
2029 2016 2112 2047 quae
2136 2013 2210 2037 sunt
2233 2006 2368 2038 intentio
2384 2007 2466 2046 finis,

1398 2059 1479 2090 quae
1504 2049 1590 2089 apud
1607 2049 1853 2090 intemperatum
1870 2050 1934 2080 iam
1952 2057 1998 2081 est
2020 2050 2113 2087 mala,
2132 2057 2162 2081 et
2181 2051 2362 2088 consilium,
2378 2052 2467 2093 quod

1398 2094 1461 2124 iam
1486 2104 1522 2124 ex
1546 2093 1788 2134 intemperantia
1811 2094 1958 2135 quietum
1982 2102 2036 2126 est.

1454 2138 1495 2168 Et
1518 2144 1628 2168 caveto
1652 2138 1712 2174 hic,
1730 2138 1857 2175 novitie,
1876 2149 1915 2169 ne
1940 2139 2066 2175 fallaris,
2083 2149 2158 2169 cum
2180 2139 2213 2169 in
2230 2139 2332 2170 littera
2356 2140 2469 2172 dicitur

1398 2183 1488 2223 quod
1512 2184 1715 2222 intemperati
1745 2183 1895 2214 voluntas
1925 2184 2101 2214 inclinatur
2132 2183 2175 2214 ad
2198 2184 2399 2224 peccandum
2427 2195 2470 2216 ex

1394 2228 1530 2267 propria
1554 2227 1718 2264 electione,
1743 2237 1826 2267 quae
1842 2228 1991 2267 procedit
2015 2238 2056 2258 ex
2079 2228 2188 2258 habitu
2205 2237 2270 2268 per
2296 2235 2468 2260 consuetu-

1397 2272 1504 2302 dinem
1521 2271 1685 2311 acquisito.
1710 2271 1839 2301 Falleris
1855 2282 1995 2312 namque
2015 2272 2040 2302 si
2059 2271 2215 2312 intelligas
2232 2282 2268 2302 ex
2288 2272 2396 2304 habitu
2413 2285 2470 2314 per

1399 2315 1665 2346 consuetudinem
1689 2315 1844 2356 acquisito
1868 2315 1900 2345 in
1919 2316 2097 2347 voluntate:
2124 2323 2159 2347 ut
2181 2323 2267 2357 patet
2286 2326 2323 2347 ex
2343 2328 2437 2358 supra
2452 2319 2470 2338 ¹⁸³

1398 2360 1489 2391 dictis
1513 2359 1551 2390 de
1576 2359 1718 2390 subiecto
1742 2360 1985 2400 temperantiae;
2011 2361 2166 2401 quoniam
2189 2361 2258 2402 ipsa
2282 2370 2348 2391 non
2363 2362 2395 2392 in
2411 2373 2468 2393 vo-

1397 2405 1536 2440 luntate,
1561 2404 1616 2434 sed
1639 2404 1672 2434 in
1696 2404 1935 2444 concupiscibili
1963 2405 2105 2445 appetitu
2137 2412 2183 2436 est
2210 2405 2389 2437 subiective.
2423 2407 2470 2438 In-

1397 2449 1519 2489 telliges
1542 2455 1650 2479 autem
1674 2455 1756 2479 recte
1772 2448 1798 2479 si
1813 2448 1968 2489 intelliges
1992 2450 2081 2490 quod
2105 2449 2305 2490 intemperati
2320 2451 2468 2483 voluntas

1397 2494 1567 2525 inclinatur
1590 2503 1627 2523 ex
1650 2493 1803 2523 electione
1834 2494 2024 2533 procedente
2055 2504 2091 2524 ex
2119 2494 2227 2525 habitu
2257 2495 2412 2535 acquisito
2435 2496 2468 2526 in

1398 2538 1540 2579 appetitu
1558 2537 1807 2578 concupiscibili.
1833 2538 1932 2575 Quod
1954 2538 2089 2579 qualiter
2109 2537 2173 2575 fiat,
2191 2538 2336 2579 superius
2352 2539 2369 2558 *
2393 2541 2466 2571 satis

1398 2583 1592 2613 declaratum
1616 2581 1684 2613 fuit.

1454 2626 1541 2658 Cum
1564 2626 1660 2667 igitur
1686 2639 1700 2654 <‹
1721 2625 1834 2656 clamat
1857 2626 1986 2656 moralis
2011 2626 2215 2666 philosophia
2239 2629 2327 2668 quod
2351 2638 2387 2658 ex
2406 2628 2466 2659 fre-

1398 2671 1556 2712 quentatis
1581 2670 1701 2702 actibus
1721 2677 1910 2710 generantur
1925 2670 2050 2701 habitus
2070 2683 2097 2707 »,
2115 2671 2251 2701 sumitur
2267 2672 2392 2702 habitus
2408 2683 2467 2712 pro

1398 2716 1501 2756 prima
1523 2715 1627 2755 specie
1651 2714 1820 2756 qualitatis,
1845 2721 1876 2745 et
1898 2725 1964 2745 non
1989 2722 2024 2745 ut
2048 2714 2250 2754 distinguitur
2273 2723 2381 2747 contra
2405 2717 2466 2747 dis-

1398 2760 1601 2800 positionem.
1626 2777 1646 2782 -
1671 2759 1739 2796 Vel,
1764 2759 1790 2789 si
1813 2758 1998 2798 intelligitur
2021 2759 2059 2789 de
2083 2759 2192 2790 habitu
2217 2761 2362 2801 proprie,
2387 2761 2468 2792 sicut

1397 2804 1582 2844 intelligitur
1605 2803 1637 2834 in
1662 2803 1803 2834 subiecto
1820 2810 1895 2843 apto
1912 2810 1987 2834 nato
2012 2803 2169 2844 suscipere
2193 2804 2289 2835 talem
2311 2805 2465 2841 habitum,

1396 2849 1440 2880 ita
1462 2847 1647 2888 intelligitur
1670 2848 1702 2877 in
1727 2854 1808 2878 statu
1833 2858 1899 2878 non
1924 2847 2054 2878 dissono
2079 2858 2134 2878 seu
2159 2849 2309 2888 opposito
2333 2849 2465 2880 habitui.

1398 2893 1533 2924 Constat
1568 2898 1675 2928 autem
1706 2892 1795 2932 quod
1826 2898 1925 2922 status
1961 2892 2151 2923 continentis
2183 2899 2213 2923 et
2243 2893 2466 2924 incontinentis

1398 2944 1445 2968 est
1468 2936 1644 2967 contrarius
1669 2936 1763 2966 statui
1787 2936 2046 2967 habituatorum:
2072 2935 2228 2977 quoniam
2252 2937 2303 2967 ille
2328 2944 2374 2968 est
2397 2948 2467 2978 per-

1397 2980 1596 3016 turbationis,
1620 2981 1678 3011 iste
1701 2980 1832 3021 quietis;
1852 2980 1906 3011 ille
1929 2980 2028 3017 facile,
2044 2980 2102 3012 iste
2124 2980 2250 3011 difficile
2273 2982 2411 3012 mobilis.

1453 3026 1505 3056 Ad
1528 3025 1702 3056 secundam
1721 3024 1944 3062 obiectionem,
1961 3025 1999 3055 de
2023 3025 2222 3065 experientia,
2240 3025 2354 3057 dicitur
2377 3027 2467 3066 quod

1399 3070 1439 3099 ad
1462 3069 1523 3100 hoc
1547 3068 1661 3100 sufficit
1684 3069 1737 3099 illa
1760 3069 1928 3099 habitualis
1952 3069 2130 3109 dispositio.

1455 3114 1506 3143 Ad
1529 3115 1655 3144 tertiam
1680 3113 1822 3144 similiter
1845 3113 1959 3144 dicitur
1974 3114 2064 3154 quod
2086 3114 2314 3144 incontinentia
2338 3114 2412 3145 dicit
2433 3114 2466 3145 in

1398 3157 1563 3188 voluntate
1598 3172 1612 3186 «
1639 3167 1703 3187 non
1730 3157 1868 3197 praecise
1899 3164 2005 3188 actum
2029 3170 2060 3194 »,
2093 3158 2147 3188 sed
2178 3157 2371 3188 habitualem
2405 3158 2466 3189 dis-

1397 3201 1605 3241 positionem:
1642 3211 1724 3242 quae
1748 3211 1814 3232 non
1838 3209 1883 3233 est
1913 3202 2041 3238 vitium,
2071 3202 2152 3232 sicut
2183 3212 2240 3232 nec
2271 3202 2467 3234 continentia

1399 3252 1446 3276 est
1468 3245 1567 3277 virtus
1580 3254 1588 3281 ;
1616 3246 1670 3275 sed
1699 3252 1746 3276 est
1770 3246 1993 3286 imperfectum
2023 3246 2101 3286 quid
2124 3245 2156 3276 in
2179 3256 2292 3286 genere
2315 3246 2408 3277 vitiis
2426 3247 2467 3278 Et

1397 3289 1460 3319 hoc
1484 3289 1634 3329 expressit
1647 3289 1711 3319 iam
1727 3290 1911 3321 Aristoteles
1930 3290 1961 3320 in
1983 3290 2139 3330 principio
2156 3290 2213 3320 VII
2233 3290 2336 3322 Ethic.
2352 3290 2380 3327 *,
2400 3301 2466 3322 rna-
2494 3300 2504 3309 ⁴

1396 3333 1480 3364 litiae
1509 3333 1676 3370 virtutem,
1702 3340 1732 3364 et
1763 3334 1974 3365 continentiae
2006 3334 2269 3366 incontinentiam
2295 3342 2466 3376 contrapo-
2514 3343 2518 3347 ’

1397 3378 1515 3408 nendo,
2342 3403 2344 3405 .

1452 3421 1696 3462 Expositionem
1724 3431 1799 3452 vero
1830 3421 1957 3452 allatam
1989 3431 2026 3452 ex
2053 3422 2191 3454 Martino
2219 3424 2388 3463 quomodo
2418 3424 2466 3454 in-

1397 3466 1563 3497 continens
1587 3465 1708 3496 differat
1730 3466 1769 3496 ab
1792 3466 2014 3506 intemperato,
2039 3466 2065 3497 si
2088 3477 2162 3498 sane
2186 3467 2382 3505 intellexeris,
2408 3468 2464 3499 sci-

1395 3511 1468 3541 licet
1490 3511 1580 3551 quod
1610 3510 1856 3541 incontinentiae
1886 3510 2052 3551 dispositio
2082 3511 2211 3542 inclinat
2234 3512 2274 3542 ad
2302 3522 2367 3542 non
2391 3512 2464 3542 resi-

1395 3555 1555 3594 stendum,
1575 3555 1650 3596 quia
1665 3561 1791 3586 tantum
1809 3561 1952 3595 tempore
1968 3565 2094 3596 pugnae
2113 3563 2233 3587 exercet
2248 3566 2280 3586 se
2297 3554 2464 3599 (quoniam

1396 3606 1480 3630 extra
1503 3609 1645 3640 pugnam
1669 3606 1798 3640 apparet
1820 3598 2039 3643 poenitentia),
2063 3600 2304 3641 intemperantia
2326 3610 2400 3630 vero
2424 3600 2463 3630 ad

2498 474 2506 483 ⁸
2529 473 2625 495 Aristot.
2646 474 2708 502 Phy-

2496 499 2538 521 sic.
2555 499 2598 521 lib.
2613 500 2641 527 11,
2658 507 2708 533 ca..

2496 531 2604 574 ‘T'ifl‘ssgl
2615 533 2667 575 tv?
2702 544 2707 549 ·

2497 951 2506 961 ⁸
2521 950 2546 972 ln
2562 956 2666 978 corpore.

2495 1275 2578 1324 scii:
2587 1282 2661 1324 Ἴὲεέῗ
2667 1282 2709 1325 v³.'1f

2497 2323 2506 2332 ⁸
2515 2322 2634 2350 Qua-vm,
2642 2327 2683 2345 art.
2690 2330 2709 2351 5.

2496 2349 2524 2370 ad
2539 2355 2564 2375 2;
2596 2356 2619 2371 u.
2630 2355 2709 2377 cxxin,

2495 2379 2537 2397 art.
2549 2382 2566 2403 ι,
2613 2381 2707 2398 minent.

2495 2408 2559 2424 num.
2571 2408 2600 2429 ης
2615 2403 2639 2424 Ι*
2653 2403 2707 2431 11²⁶,

2496 2435 2534 2456 qu.
2550 2435 2596 2456 ui,
2611 2434 2651 2451 art.
2668 2436 2686 2451 2.

2495 2547 2504 2556 ⁴
2541 2551 2563 2566 u.
2574 2551 2654 2571 cxxiii,
2666 2550 2706 2567 art.

2494 2578 2509 2598 ι,
2566 2576 2662 2594 minent.
2685 2579 2707 2594 n.

2494 2604 2578 2626 insqq.
2586 2605 2591 2611 ·
2602 2605 2640 2626 qu.
2648 2604 2708 2626 cm,

2493 2628 2535 2672 alst.
2548 2631 2563 2651 ι,
2594 2629 2708 2647 omment.

2512 2668 2516 2672 .
2533 2658 2548 2673 1.

2518 3299 2551 3321 Ca
2570 3315 2575 3320 .
2596 3306 2602 3321 ι
2631 3306 2645 3321 n
2671 3307 2677 3321 1

2494 3326 2510 3348 S
2533 3306 2579 3348 Til.
2597 3327 2640 3348 lect
2663 3333 2670 3348 ι
