2768 4198
918 303 1198 361 ›QUAESTIO
1228 305 1474 354 CLXXXVI,
1503 307 1800 346 ARTICULUS
1832 310 1882 346 IV

1102 437 1421 481 ARTICULUS
1453 441 1724 492 QUARTUS

527 528 683 559 UTRUM
707 527 937 558 PERPETUA
960 527 1262 560 CONTINENTIA
1285 531 1569 568 REQUIRATUR
1593 534 1650 564 AD
1674 535 2011 568 PERFEcrioNEM
2035 538 2278 570 RELIGIONIS

434 609 525 640 Supra,
545 615 590 640 qu,
608 614 726 636 uxxvm,
745 612 791 632 art.
816 615 859 638 ¹¹3
879 607 910 631 111
932 607 1008 632 Cont.
1029 608 1116 635 Geni„
1136 615 1191 639 cap.
1210 615 1282 649 cxxx.
1302 616 1405 640 cxxxv13
1426 611 1468 651 pe
1485 611 1556 645 Pers.
1581 613 1654 637 Vitae
1674 614 1754 646 Spin,
1774 622 1828 647 cap.
1847 623 1908 646 v1113
1932 617 2007 642 Cont.
2027 618 2144 651 impugn.
2163 619 2260 652 Relig„
2279 627 2335 653 cap.
2355 628 2375 651 ις

1117 643 1243 674 Ετροςιΐ.
1263 644 1372 677 Prolog.
1393 646 1504 671 Hzeron.
1523 654 1604 679 super
1624 648 1699 674 Ioan.

344 738 412 769 *fr
427 742 435 768 ι,
448 753 483 769 1,(
524 734 547 760 D
567 734 743 765 QUARTUM
762 734 816 759 sm
832 733 1075 759 PROCEDITUR.
1096 722 1256 759 Videtur
1275 724 1381 771 quod

339 757 496 834 &fiai
522 783 709 825 perpetua
737 775 969 813 continentia
997 787 1076 812 non
1098 776 1309 823 requiratur
1332 777 1381 812 ad

330 834 365 876 ,γ
388 845 443 863 ν»
461 815 493 877 ἦ
508 828 798 878 perfectionem
843 828 1045 876 religionis.
1095 829 1234 865 Omnis
1277 829 1380 865 enim

334 877 342 882 ”
366 858 466 915 ἐῷ)
482 875 762 920 XChristianae
781 882 884 920 vitae
903 882 1086 931 perfectio
1117 882 1165 918 ab
1187 883 1381 930 Apostolis

310 934 450 971 Christi
486 936 622 985 coepit.
663 937 741 973 Sed
775 935 951 985 Apostoli
990 935 1263 972 continentiam
1302 947 1381 973 non

307 987 487 1025 videntur
505 1001 698 1027 servasse:
728 997 769 1026 ut
795 997 899 1038 patet
918 989 965 1026 de
986 990 1112 1034 Petro,
1134 987 1198 1036 qui
1227 1001 1381 1025 socrum

308 1041 444 1090 legitur
461 1042 654 1090 habuisse,
684 1043 820 1080 Matth.
840 1055 901 1080 viu
920 1041 951 1079 *.
981 1043 1085 1090 Ergo
1105 1042 1256 1078 videtur
1275 1043 1380 1090 quod

309 1095 359 1131 ad
378 1094 653 1143 perfectionem
670 1096 859 1145 religionis
874 1108 953 1133 non
969 1095 1181 1144 requiratur
1195 1102 1379 1144 perpetua

309 1148 436 1185 contin
442 1149 553 1186 entia.

67 1041 159 1064 ’Vera
173 1047 207 1069 ¹⁴-

365 1213 400 1238 2.
430 1202 674 1249 ΡΚΑΕΤΕΒΕΑ,
710 1203 881 1252 primum
913 1201 1158 1251 perfectionis
1187 1201 1381 1250 exemplar

309 1254 422 1292 nobis
449 1254 714 1305 inssAbraham
739 1257 962 1302 ostenditur,
983 1255 1044 1292 cui
1063 1254 1256 1292 Dominus
1277 1254 1379 1302 dixit,

311 1306 500 1346 Gean'v‘u
519 1308 552 1357 ²⁸⁸,
579 1309 746 1348 Ambula
765 1321 898 1347 coram
917 1321 990 1356 me,
1015 1314 1052 1346 et
1076 1313 1152 1345 esto
1175 1309 1378 1356 perfectus.

310 1361 388 1399 Sed
409 1363 668 1412 exemplatum
688 1376 767 1400 non
782 1370 934 1412 oportet
951 1362 1058 1411 quod
1079 1361 1237 1398 excedat
1252 1373 1380 1398 exem-

306 1415 401 1464 plar.
439 1416 542 1464 Ergo
570 1428 650 1454 non
678 1416 877 1465 requiritur
910 1416 960 1454 ad
993 1415 1268 1465 perfectionem
1297 1415 1380 1452 reli-

305 1467 430 1517 gionis
458 1477 645 1518 perpetua
674 1469 915 1508 continentia.

363 1522 398 1559 3.
427 1522 665 1570 Pium-emax,
694 1523 786 1562 illud
815 1523 920 1573 quod
950 1521 1153 1571 requiritur
1180 1522 1229 1559 ad
1258 1522 1380 1570 perfe-

309 1574 475 1612 ctionem
511 1575 723 1625 religionis,
761 1577 798 1614 in
831 1576 939 1615 omni
967 1575 1147 1624 religione
1176 1575 1379 1613 invenitur.

309 1628 407 1666 Sunt
433 1637 563 1667 autem
592 1629 708 1679 aliqui
732 1629 895 1679 religiosi
925 1630 989 1679 qui
1007 1628 1191 1666 uxoribus
1210 1637 1380 1667 utuntur.

308 1681 401 1719 Non
434 1694 525 1731 ergo
561 1683 752 1732 religionis
789 1683 971 1734 perfectio
1008 1682 1120 1731 exigit
1153 1691 1379 1732 perpetuam

308 1734 594 1773 continentiam.

362 1789 437 1827 SED
472 1801 619 1827 coum
652 1802 719 1828 Es‘r
753 1790 859 1840 quod
891 1790 1102 1839 Apostolus
1131 1789 1238 1836 dicit,
1269 1791 1300 1826 ΙΙ
1330 1790 1383 1827 ad

312 1841 401 1880 Cor.
420 1854 470 1880 vu
488 1842 528 1880 *ε
558 1844 793 1881 Mundemus
812 1856 881 1881 nos
904 1845 954 1881 ab
974 1844 1080 1881 omni
1096 1843 1380 1892 inquinamento

307 1895 435 1933 carnis
462 1902 499 1933 et
522 1897 686 1945 spiritus,
705 1898 944 1946 perficientes
961 1897 1294 1945 sanctificationem
1315 1909 1381 1934 no-

165 1973 177 1992 ,s
306 1954 426 1986 stram
454 1949 492 1987 in
521 1950 656 1988 timore
682 1952 767 1989 Dei.
799 1951 876 1989 Sed
901 1950 1087 1988 munditia
1107 1950 1229 1988 carnis
1249 1958 1286 1987 et
1305 1950 1380 1999 spi-

307 2001 398 2040 ritus
427 2011 676 2042 conservatur
702 2017 772 2054 per
800 2004 1092 2042 continentiam:
1121 2003 1258 2041 dicitur
1277 2004 1378 2043 enim

309 2056 324 2092 I
352 2056 405 2094 ad
427 2057 515 2104 Cor.
535 2058 640 2096 vi1*:
678 2059 826 2096 Mulier
853 2059 1010 2107 innupta
1038 2063 1075 2095 et
1099 2058 1212 2108 virgo
1240 2058 1384 2108 cogitat

308 2120 407 2158 quae
432 2110 594 2148 Domini
617 2117 720 2159 sunt,
751 2118 791 2149 ut
820 2112 868 2149 sit
897 2117 1028 2150 sancta
1061 2123 1222 2160 corpore
1248 2117 1285 2148 et
1308 2111 1381 2160 spi-

164 2173 184 2205 s·
307 2162 394 2201 ritu.
438 2163 540 2212 Ergo
579 2165 760 2214 perfectio
794 2165 986 2214 religionis
1013 2170 1031 2186 ²
1069 2164 1225 2212 requirit
1261 2165 1380 2202 conti·
1405 2177 1407 2199 2

184 2222 185 2225 ’
206 2224 209 2227 ’
250 2227 251 2230 ’
307 2215 490 2254 nentium.

361 2270 589 2309 Responmso
608 2284 794 2310 memnon
823 2273 928 2321 quod
957 2272 1008 2309 ad
1027 2279 1167 2309 statum
1189 2271 1380 2319 religionis

165 2327 182 2363 β
307 2323 512 2373 requiritur
530 2325 736 2363 subtractio
757 2324 773 2355 β
801 2338 936 2363 eorum
961 2338 1031 2374 per
1049 2337 1148 2374 quae
1169 2320 1290 2362 hoino
1310 2325 1380 2362 irn-
1405 2335 1407 2362 1

306 2377 459 2426 peditur
477 2390 526 2415 ne
546 2379 710 2416 totaliter
728 2380 869 2417 feratur
887 2379 936 2417 ad
955 2379 1030 2417 Dei
1048 2378 1257 2416 servitium.
1278 2379 1380 2416 Usus
1405 2373 1407 2401 ἶ

308 2439 437 2470 autem
466 2433 625 2471 carnalis
654 2434 816 2482 copulae
845 2433 1000 2470 retrahit
1022 2432 1196 2470 animum
1216 2445 1264 2470 ne
1285 2440 1380 2470 tota-

307 2484 390 2523 liter
430 2485 570 2524 feratur
606 2486 644 2524 in
681 2486 756 2524 Dei
792 2486 1003 2535 servitium,
1034 2485 1242 2535 dupliciter.
1290 2486 1378 2523 Uno

308 2539 451 2587 modo,
489 2547 646 2589 propter
682 2540 971 2578 vehementiam
1010 2539 1294 2577 delectationis:
1333 2551 1379 2576 ex

309 2591 417 2630 cuius
444 2592 632 2641 frequenti
661 2593 893 2642 experientia
921 2600 1082 2642 augetur
1105 2592 1379 2641 concupiscen-

67 2648 281 2700 3333117312273
307 2645 371 2693 tia,
391 2653 433 2683 ut
458 2645 573 2684 etiam
602 2646 860 2696 Philosophus
890 2646 991 2694 dicit,
1012 2647 1050 2683 in
1070 2647 1120 2683 111
1139 2647 1262 2683 Ethic.
1282 2645 1302 2667 ’¹⁵
1330 2647 1380 2684 Et

308 2699 401 2736 inde*
427 2707 484 2736 est
511 2700 617 2749 quod
644 2713 736 2738 usus
755 2712 1014 2738 venereorum
1035 2699 1189 2736 retrahit
1207 2699 1379 2737 animam

67 1307 160 1333 ‘Ven-
173 1315 199 1339 ι,

67 1839 159 1864 ‘Voem
173 1846 190 1863 ι.

67 2055 159 2080 ’ναι
173 2062 210 2087 ³⁴·

309 2753 357 2790 ab
395 2751 457 2790 illa
493 2753 662 2802 perfecta
699 2754 906 2791 intentione
944 2752 1124 2791 tendendi
1161 2752 1199 2790 in
1236 2754 1377 2791 Deum.

308 2806 359 2843 Et
385 2806 461 2843 hoc
485 2815 542 2844 est
570 2807 676 2857 quod
704 2807 939 2856 Augustinus
958 2807 1059 2853 dicit,
1079 2806 1118 2843 in
1138 2806 1152 2842 I
1173 2806 1324 2855 Soliloq.
1340 2806 1377 2844 *ε

307 2859 418 2898 Nihil
444 2872 523 2898 esse
548 2862 667 2898 sentio
695 2862 798 2910 quod
814 2861 940 2911 magis
958 2873 1009 2897 ex
1026 2872 1117 2898 arce
1135 2859 1286 2897 deiiciat
1300 2860 1380 2898 ani-

308 2925 418 2955 mum¹
440 2914 589 2951 virilem
618 2926 734 2964 quam
762 2915 1016 2952 blandimenta
1033 2913 1221 2963 feminae,
1250 2925 1380 2962 corpo-

307 2977 470 3016 rumque
497 2967 558 3005 ille
585 2974 777 3006 contactus
803 2969 884 3005 sine
912 2980 986 3017 quo
1015 2979 1116 3004 uxor
1143 2967 1278 3004 haberi
1302 2979 1378 3005 non

302 3026 436 3068 potest.

362 3074 448 3111 Alio
469 3075 601 3122 modo,
623 3082 780 3124 propter
799 3073 1091 3111 sollicitudinem
1110 3086 1226 3123 quam
1246 3073 1381 3122 ingerit
1404 3094 1406 3122 2

308 3127 458 3166 homini
494 3127 542 3165 de
577 3128 853 3177 gubernatione
886 3127 1016 3165 uxoris
1050 3134 1088 3164 et
1119 3127 1309 3174 filiorum,
1345 3125 1406 3164 et]

309 3192 438 3218 rerum
465 3181 734 3231 temporalium
767 3193 867 3230 quae
896 3181 946 3219 ad
974 3193 1110 3219 eorum
1140 3180 1380 3219 sustentatio-

67 2809 188 2838 ‘Ceyx-

363 3295 391 3327 α)
411 3294 560 3329 religionis.
571 3309 591 3315 -
607 3295 733 3321 caritatis
750 3295 974 3321 ABCEFHIKLa.

363 3328 389 3364 β)
409 3330 564 3356 subtractio.
576 3344 596 3350 —
613 3331 760 3356 abstractio
779 3331 826 3357 Pa.

1435 736 1523 783 nem
1553 727 1753 764 sufficiant.
1783 730 1892 766 Unde
1914 733 2120 779 Apostolus
2149 732 2270 770 dicit*
2298 735 2403 783 quod
2431 737 2497 783 qui

1433 788 1513 814 sme
1542 790 1663 815 uxore
1690 786 1760 826 est,
1797 783 1971 820 sollicitus
2003 790 2057 821 est
2091 797 2187 833 quae
2213 792 2300 823 sunt
2324 789 2492 834 Domini,

1435 833 1622 877 quomodo
1645 833 1796 880 placeat
1820 836 1924 872 Deo:
1954 838 2019 884 qui
2040 844 2164 874 autem
2184 851 2269 876 cum
2290 852 2411 877 uxore
2429 847 2492 887 est,

1434 883 1610 943 sollicitus
1637 891 1692 921 est
1717 897 1813 933 quae
1839 894 1925 925 sunt
1950 891 2098 935 mundi,
2133 893 2318 939 quomodo
2345 894 2495 941 placeat

1437 947 1560 972 uxori.

2522 745 2532 753 ⁸
2542 750 2549 764 ι
2560 743 2594 764 ad
2606 743 2670 770 Cor„
2681 751 2731 773 cap.

2521 776 2562 796 vu,
2575 776 2633 792 veru.
2650 777 2684 800 32,
2698 778 2730 800 33.

1488 989 1536 1025 Et
1562 989 1648 1026 ideo
1670 991 1898 1029 continentia
1916 1002 2098 1042 perpetua
2118 997 2315 1044 requiritur
2334 1000 2382 1035 ad
2410 1011 2493 1047 per-

1435 1041 1636 1079 fectionem
1661 1043 1858 1092 religionis,
1880 1046 1974 1083 sicut
1994 1055 2028 1084 et
2046 1049 2258 1086 voluntaria
2277 1060 2491 1100 paupertas.

1434 1094 1545 1131 Unde
1575 1095 1669 1132 sicut
1698 1097 1899 1135 damnatus
1923 1108 1978 1136 est
1996 1100 2216 1147 Vigilantius
2229 1103 2261 1146 ²¹³,
2291 1105 2354 1152 qui
2382 1106 2493 1141 adae·
2522 1113 2530 1120 ⁴

1434 1147 1564 1196 quavit
1593 1149 1741 1186 divitias
1762 1153 1989 1199 paupertati3
2020 1154 2070 1189 ita
2089 1155 2287 1192 damnatus
2314 1165 2369 1193 est
2396 1158 2494 1195 Iovi·
2520 1143 2595 1185 {¹¹¹³
2651 1170 2662 1185 ¹

1434 1201 1569 1238 nianus
1592 1201 1624 1249 ³⁸,
1645 1203 1709 1250 qui
1730 1203 1956 1253 adaequavit
1979 1206 2263 1245 matrimonium
2282 1209 2492 1257 virginitati.
2521 1191 2731 1263 &iscar-¹³¹¹*-

1486 1256 1545 1291 AD
1575 1267 1712 1292 PRIMUM
1741 1268 1838 1294 ERGO
1864 1270 2047 1296 DmENDUM
2076 1261 2179 1308 quod
2207 1262 2386 1309 perfectio
2416 1275 2494 1300 non
2544 1249 2645 1264 'mm'

1434 1309 1560 1344 solum
1590 1310 1832 1357 paupertatis,
1863 1311 1930 1348 sed
1960 1312 2074 1349 etiam
2098 1314 2362 1363 continentiae,
2382 1316 2495 1353 intro-

1434 1361 1548 1398 ducta
1582 1370 1637 1398 est
1671 1374 1740 1410 per
1768 1363 1974 1411 Christum,
2004 1366 2068 1412 qui
2097 1366 2195 1414 dicit,
2225 1369 2357 1405 Matth.
2377 1380 2437 1406 x1x
2455 1369 2493 1406 *ε

1434 1415 1530 1451 Sunt
1555 1416 1718 1452 eunuchi
1743 1417 1808 1464 qui
1825 1423 2085 1455 castraverunt
2104 1420 2241 1467 seipsos
2263 1427 2418 1469 propter
2440 1434 2497 1458 re-

1433 1479 1554 1517 gnum
1590 1468 1806 1506 caelorum.-
1849 1477 1883 1506 et
1920 1478 2053 1519 postea
2091 1473 2235 1509 subdit:
2277 1474 2351 1515 Qui
2379 1481 2501 1523 potest

1434 1533 1581 1570 capere,
1611 1522 1746 1569 capiat.
1777 1523 1826 1559 Et
1853 1535 1900 1560 ne
1921 1523 2031 1560 alicui
2059 1537 2144 1573 spes
2173 1526 2419 1574 perveniendi
2449 1528 2497 1564 ad

1435 1574 1708 1623 perfectionem
1729 1576 1931 1623 tolleretur,
1953 1578 2156 1626 assumpsit
2183 1579 2232 1615 ad
2259 1580 2498 1627 perfectionis

1435 1635 1574 1666 statum
1605 1628 1718 1665 etiam
1748 1628 1831 1665 illos
1859 1642 1956 1678 quos
1986 1630 2128 1667 invenit
2154 1632 2398 1669 matrimonio
2418 1633 2499 1670 iun-

2524 1374 2533 1382 ·
2547 1372 2612 1394 Vero.
2628 1378 2656 1394 12.

1436 1689 1528 1718 ctos.
1551 1682 1643 1718 Non
1663 1689 1791 1718 autem
1812 1691 1961 1730 poterat
1981 1684 2125 1732 absque
2142 1685 2274 1722 iniuria
2291 1685 2375 1722 fieri
2394 1687 2498 1735 quod

1434 1734 1505 1772 viri
1526 1747 1663 1772 uxores
1684 1735 1918 1773 desererent:
1949 1737 2043 1773 sicut
2063 1738 2206 1786 absque
2226 1738 2359 1775 iniuria
2382 1739 2498 1776 fiebat

1435 1788 1540 1838 quod
1560 1788 1737 1826 homines
1753 1794 1768 1816 Υ
1789 1789 1936 1827 divitias
1957 1790 2221 1840 relinquerent.
2252 1792 2301 1828 Et
2319 1792 2406 1829 ideo
2427 1794 2496 1830 Pe·
2622 1801 2638 1828 τ

1435 1850 1557 1890 trum,
1593 1854 1711 1890 quern
1746 1842 1889 1880 invenit
1922 1843 2164 1881 matrimonio
2194 1844 2384 1892 iunctum,
2419 1859 2496 1883 non

1435 1896 1626 1945 separavit
1653 1896 1702 1932 ab
1730 1908 1861 1933 uxore.
1899 1898 2081 1934 Ioannem
2110 1906 2236 1935 tamen
2265 1900 2405 1936 nubere
2433 1911 2495 1936 vo-

1436 1950 1572 1987 lentem
1601 1961 1625 1986 a
1654 1950 1791 1997 nuptiis
1819 1951 2010 1987 revocavit
2025 1950 2056 1987 *.
2524 1948 2735 2002 ζ’ἷξῖέβὸὃζῖἷῇῗξζ

1487 2005 1547 2040 AD
1567 2014 1758 2040 SECUNDUM
1787 2015 1971 2041 DiCENnuM
1995 2004 2110 2053 quod,
2140 2004 2235 2041 sicut
2262 2006 2496 2053 Augustinus
2523 2007 2574 2023 ‘⁰¹¹‘

1435 2056 1536 2104 dicit,
1566 2056 1604 2093 in
1632 2055 1728 2093 libro
1758 2056 1802 2093 de
1821 2058 1929 2094 Bono
1955 2058 2114 2107 Coniug.
2135 2057 2166 2106 ³⁸,
2196 2058 2330 2095 melior
2357 2064 2411 2095 est
2436 2071 2496 2096 ca·
2524 2066 2604 2094 'Cap-
2619 2072 2675 2088 1¹1¹-

1432 2111 1537 2147 stitas
1556 2109 1742 2147 caelibum
1762 2121 1877 2158 quam
1897 2111 2045 2148 castitas
2070 2111 2305 2159 nuptiarum:
2333 2123 2495 2160 quarum

1433 2165 1632 2201 Abraham
1672 2175 1788 2200 unam
1822 2165 1983 2200 habebat
2013 2164 2050 2201 in
2088 2176 2168 2210 usu,
2196 2166 2329 2202 ambas
2360 2166 2397 2202 in
2431 2166 2496 2202 ha-

1405 2221 1407 2235 ²
1434 2218 1511 2254 bitu
1530 2217 1561 2254 *.
1597 2218 1706 2254 Caste
1730 2217 1864 2265 quippe
1888 2218 2136 2267 coniugaliter
2152 2218 2257 2264 vixit,
2277 2230 2355 2254 esse
2372 2224 2496 2255 autem
2525 2226 2534 2235 ·
2549 2225 2575 2245 ὓ·
2590 2230 2605 2246 ¹·

1434 2277 1558 2308 castus
1585 2271 1666 2308 sine
1699 2271 1877 2320 coniugio
1909 2271 2050 2319 potuit:
2077 2271 2143 2307 sed
2168 2276 2256 2308 tunc
2283 2283 2357 2308 non
2387 2283 2495 2320 opor-

1433 2325 1512 2362 tuit.
1538 2325 1622 2361 Nec
1641 2331 1770 2361 tamen
1797 2324 1887 2373 quia
1911 2324 2055 2373 antiqui
2073 2325 2204 2361 Patres
2224 2324 2495 2373 perfectionem

1434 2377 1554 2415 animi
1588 2377 1702 2415 simul
1732 2389 1819 2414 cum
1849 2377 1984 2415 divitiis
2019 2385 2055 2414 et
2084 2377 2327 2415 matrimonio
2356 2378 2498 2415 habue-

1434 2439 1532 2478 runt,
1563 2431 1669 2479 quod
1698 2431 1745 2468 ad
1774 2431 2073 2479 magnitudinem
2102 2431 2248 2468 virtutis
2275 2430 2497 2479 pertinebat,

1434 2492 1590 2534 propter
1617 2485 1692 2522 hoc
1720 2484 1948 2521 infirmiores
1976 2485 2118 2533 quique
2138 2482 2151 2506 ὅ
2180 2485 2319 2521 debent
2346 2496 2498 2532 praesu·
2624 2484 2639 2507 ὃ

1434 2551 1540 2576 mere
1575 2550 1616 2575 se
1653 2545 1778 2575 tantae
1806 2538 1953 2575 virtutis
1983 2550 2064 2574 esse
2101 2545 2142 2573 ut
2176 2550 2263 2574 curn
2297 2537 2432 2574 divitiis
2462 2545 2497 2574 et

1433 2592 1678 2630 matrimonio
1717 2591 1863 2640 possint
1894 2591 1943 2628 ad
1974 2591 2246 2640 perfectionem
2272 2590 2493 2638 pervenire:

1434 2646 1530 2683 sicut
1556 2658 1629 2683 nec
1656 2644 1790 2694 aliquis
1818 2644 2026 2693 praesumit
2052 2644 2180 2680 hostes
2208 2643 2361 2680 inermis
2388 2643 2493 2679 inva-

1435 2699 1525 2737 dere
1554 2699 1644 2748 quia
1669 2700 1834 2736 Samson
1864 2710 1951 2734 cum
1980 2697 2201 2734 mandibula
2233 2696 2327 2732 asini
2355 2696 2492 2732 multos

2105 2751 2246 2795 Patres,
2277 2749 2306 2785 si
2341 2756 2492 2796 tempus
2519 2749 2731 2804 {efflfng-*ffi

1434 2753 1601 2790 hostium
1639 2751 1801 2801 peremit
1819 2750 1850 2787 ³¹⁸.
1880 2751 1982 2787 Nam
2019 2750 2067 2787 illi

1433 2806 1564 2844 fuisset
1583 2805 1835 2843 continentiae
1864 2811 1901 2840 et
1926 2803 2157 2853 paupertatis
2176 2803 2396 2848 servandae,
2418 2810 2492 2838 stu-

1404 2853 1406 2903 }
1434 2860 1578 2898 diosius
1606 2860 1682 2896 hoc
1710 2858 1939 2907 implessent.

1485 2915 1545 2950 AD
1578 2924 1739 2950 TERTlUM
1773 2923 1956 2948 memnon
1989 2909 2094 2958 quod
2127 2909 2176 2946 illi
2204 2908 2309 2946 modi
2335 2907 2492 2945 vivendi

1434 2966 1649 3004 secundum
1687 2978 1783 3015 quos
1821 2964 1996 3001 homines
2034 2962 2274 3000 matrimonio
2316 2969 2490 3007 utuntur,

1434 3033 1512 3058 non
1542 3027 1629 3057 sunt
1665 3018 1880 3067 simpliciter
1913 3026 1949 3054 et
1984 3017 2154 3053 absolute
2190 3015 2380 3064 loquendo
2410 3014 2492 3051 reli-

1433 3074 1586 3122 giones:
1621 3073 1688 3109 sed
1717 3071 1927 3109 secundum
1957 3070 2069 3119 quid,
2104 3069 2326 3117 inquantum
2355 3067 2493 3104 scilicet

1433 3127 1472 3164 in
1505 3127 1631 3175 aliquo
1669 3125 1892 3174 participant
1931 3123 2119 3172 quaedam
2153 3134 2249 3171 quae
2276 3121 2324 3158 ad
2353 3129 2491 3158 statum

1434 3179 1624 3228 religionis
1652 3178 1850 3228 pertinent.

1490 3295 1517 3327 γ)
1537 3293 1664 3318 homines.
1676 3306 1695 3311 -
1713 3297 1803 3316 omnes
1822 3290 1849 3315 Ρ.

1490 3328 1515 3361 Ξ)
1535 3329 1639 3362 quique.
1652 3342 1670 3346 —
1688 3326 1784 3359 quique
1803 3332 1854 3350 non
1874 3324 1961 3354 PAIK,
1980 3323 2076 3355 quippe
2094 3329 2146 3347 non
2165 3321 2237 3354 DpB.

989 3410 1324 3443 Commentario.
1347 3408 1599 3442 CardinauS
1623 3406 1823 3438 Caietam

314 3499 361 3561 IN
385 3488 516 3519 articulo
540 3495 654 3530 quarto
679 3488 821 3519 eiusdem
845 3489 1041 3530 quaestionis
1061 3488 1379 3528 centesimaeoctoge-

342 3532 555 3568 simaesextae,
581 3531 716 3563 dubium
732 3532 878 3569 occurrit,
892 3532 926 3564 in
941 3533 1151 3574 responsione
1165 3533 1206 3563 ad
1226 3531 1378 3573 primum,

311 3577 391 3608 circa
406 3577 494 3613 illud,
510 3577 671 3608 Dominus
686 3578 859 3618 assumpsit
873 3577 917 3608 ad
930 3577 1139 3618 perfectionis
1150 3582 1269 3608 statum
1283 3577 1377 3607 etiam

311 3622 384 3652 illos
413 3631 492 3662 quos
520 3622 640 3652 invenit
670 3622 875 3652 matrimonio
906 3622 1050 3653 iunctos:
1080 3632 1118 3652 an
1148 3621 1188 3652 sit
1211 3631 1316 3651 sermo
1341 3621 1379 3650 de

1432 3494 1513 3517 statu
1537 3483 1712 3524 religionis,
1738 3492 1777 3512 an
1801 3482 1839 3511 de
1863 3487 1943 3511 statu
1969 3479 2150 3520 episcopali.
2184 3479 2215 3510 Si
2246 3479 2284 3509 de
2313 3485 2394 3509 statu
2424 3478 2491 3508 reli-

1431 3530 1544 3571 gionis,
1569 3529 1644 3558 falsa
1669 3534 1714 3557 est
1737 3535 1811 3565 ergo
1836 3524 1997 3556 conclusio
2021 3523 2201 3564 principalis
2222 3523 2254 3554 in
2271 3523 2333 3553 hoc
2348 3522 2490 3557 articulo,

1404 3572 1406 3598 ἕ
1433 3574 1564 3605 scilicet:
1596 3572 1705 3602 Votum
1737 3570 1951 3601 continentiae
1978 3569 2155 3608 requiritur
2180 3567 2223 3599 ad
2244 3572 2361 3598 statum
2379 3565 2489 3606 perfe-

1433 3618 1545 3649 ctionis
1573 3616 1749 3656 religionis.
1783 3614 1814 3645 Si
1845 3614 1883 3644 de
1906 3619 1988 3643 statu
2012 3612 2204 3652 episcopali,
2233 3621 2306 3652 ergo
2336 3610 2422 3640 nulla
2445 3616 2490 3639 est
