2768 4198
77 1204 89 1216 ι

75 1204 190 1285 ἑᾷᾷι,
193 1239 233 1262 qu.
239 1239 290 1261 xm,

182 1846 189 1859 ‚
199 1836 239 1860 qu.
249 1836 296 1860 ni,

133 1829 181 1879 ⁹2

85 2316 151 2366 23.
159 2316 217 2365 ii}
224 2343 263 2366 eit.
274 2343 298 2366 in

83 2375 136 2398 etp.
149 2373 191 2392 ιη.

87 2679 99 2690 ⁸
107 2678 205 2700 Ariston
214 2677 301 2706 διας.

87 2711 138 2733 cap.
153 2710 186 2732 vt,
199 2710 222 2727 n.
236 2711 260 2732 4.

93 3265 183 3288 ⁸1·ssss
196 3271 305 3294 quasin,

92 3295 134 3315 art.
144 3298 164 3322 3,
173 3282 305 3315 dommem.

997 263 1265 310 QUAESTIO
1296 263 1415 310 CLV,
1443 261 1741 300 ARTICULUS
1770 262 1820 298 111

2435 263 2509 310 257

311 358 357 383 eo
387 345 451 394 qui
481 351 537 381 est
564 344 783 389 continens,
820 350 857 379 et
894 343 930 378 in
971 354 1016 378 eo
1050 342 1115 390 qui
1144 349 1199 378 est
1227 341 1383 378 inconti-
1409 343 1413 382 Ι
1439 342 1504 378 bet
1531 341 1731 378 materiam
1770 340 2096 389 concupiscentias
2134 340 2428 377 delectationum
2457 349 2510 378 ta—

311 411 424 436 nens:
454 397 544 445 quia
577 397 615 433 in
643 404 807 444 utroque
845 395 1061 444 prorumpit
1089 395 1136 432 ad
1157 400 1174 416 ²
1204 396 1384 444 concupi-

310 451 471 489 scentias
505 462 646 499 pravas
679 450 944 486 vehementes.
987 447 1099 486 Unde
1138 448 1384 485 manifestum

312 512 368 542 est
403 503 509 553 quod
544 502 776 540 continentia
818 514 897 538 non
935 509 991 538 est
1026 501 1064 538 in
1099 501 1384 550 concupiscibili

312 558 408 595 sicut
435 557 474 594 in
501 556 685 594 subiecto.
707 577 730 584 -
761 555 939 592 Similiter
975 555 1087 591 etiam
1117 555 1209 592 ratio
1244 556 1383 592 eodem

313 611 432 648 modo
462 622 502 647 se
531 609 646 646 habet
673 609 711 645 in
739 617 924 657 utroque:
954 609 1044 657 quia
1079 616 1158 645 tam
1188 609 1384 645 continens

313 676 430 713 quam
449 662 690 700 incontinens
706 662 822 699 habet
837 662 1025 699 rationem
1046 669 1207 707 rectam;
1230 669 1267 699 et
1284 669 1385 699 uter-

313 729 400 766 que,
428 724 533 754 extra
560 716 780 765 passionem
800 713 816 746 β
844 715 1027 762 existens,
1054 715 1147 763 gerit
1174 716 1213 751 in
1241 727 1384 764 propo-

314 770 385 808 sito
414 769 742 818 concupiscentias
770 768 915 806 illicitas
950 781 1029 805 non
1058 767 1177 816 sequi.
1203 789 1227 796 -
1258 768 1384 805 Prima

314 831 442 861 autem
477 822 690 860 differentia
719 835 854 859 eorum
889 822 1079 859 invenitur
1106 822 1144 858 in
1181 821 1384 859 electione:

314 876 404 926 quia
424 876 634 923 continens,
651 875 830 924 quamvis
849 875 1013 924 patiatur
1026 875 1277 912 vehementes
1297 887 1387 912 con-

316 930 567 979 cupiscentias
586 935 614 977 ἵ,
634 937 763 966 tamen
783 928 884 977 eligit
901 941 981 966 non
1000 928 1108 978 sequi
1134 940 1210 975 eas,
1230 936 1387 977 propter

316 983 521 1030 rationem;
551 982 791 1020 incontinens
810 989 940 1019 autem
960 981 1059 1030 eligit
1077 981 1187 1029 sequi
1210 993 1286 1028 eas,
1308 993 1386 1018 non

316 1037 490 1074 obstante
520 1035 819 1074 contradictione
848 1035 1016 1072 rationis.
1047 1035 1096 1071 Et
1120 1034 1207 1071 ideo
1237 1041 1388 1083 oportet

317 1090 424 1139 quod
453 1090 683 1127 continentia
711 1089 768 1137 sit,
789 1089 885 1126 sicut
911 1087 951 1124 in
980 1088 1162 1133 subiecto,
1192 1087 1230 1124 in
1259 1087 1320 1124 illa
1346 1087 1387 1124 vi

317 1144 468 1182 animae
503 1143 609 1181 cuius
637 1151 742 1180 actus
772 1149 828 1179 est
861 1140 1005 1178 electio.
1036 1141 1085 1177 Et
1111 1141 1207 1176 haec
1237 1148 1292 1177 est
1318 1152 1386 1176 vo-

317 1198 440 1235 luntas
459 1197 490 1244 *,
511 1205 554 1234 ut
580 1208 696 1245 supra
713 1195 755 1218 ²¹⁸*
782 1194 954 1232 habitum
984 1201 1050 1230 est.

373 1253 431 1288 An
451 1262 589 1287 ptumum
608 1261 707 1287 ano
727 1259 912 1286 mesanum
933 1247 1038 1296 quod
1063 1246 1296 1284 continentia
1324 1246 1389 1282 ha-

412 1316 516 1334 J!

373 1367 401 1399 α)
419 1366 499 1392 ad.-
516 1366 543 1391 in
563 1365 634 1391 PKa.

373 1401 399 1436 β)
414 1402 610 1436 passionem-
623 1401 765 1434 passiones
783 1400 830 1425 Pa.
841 1412 861 1419 —
880 1399 930 1424 Pro
948 1398 1028 1431 gerit,
1047 1397 1124 1430 eligit
1143 1397 1172 1422 Ρ.

1440 403 1533 441 ctus,
1554 407 1633 432 non
1653 394 1750 431 sicut
1777 406 1873 443 quas
1893 394 2127 440 moderetur,
2149 394 2254 442 quod
2282 394 2442 442 pertinet
2462 395 2511 432 ad

1439 448 1746 497 temperantiam,
1768 459 1867 495 quae
1889 455 1944 484 est
1971 447 2009 484 in
2035 446 2338 496 concupiscibili:
2368 447 2435 484 sed
2456 456 2512 484 est

1439 501 1538 538 circa
1555 513 1620 538 eas
1635 500 1743 549 quasi
1758 500 1812 538 eis
1832 501 2021 538 resistens.
2042 501 2155 538 Unde
2175 507 2326 549 oportet
2340 501 2446 549 quod
2466 501 2512 537 sit

1438 555 1477 592 in
1497 554 1569 592 alia
1588 554 1646 591 vi:
1677 553 1767 603 quia
1786 554 1996 591 resistentia
2023 561 2079 590 est
2098 553 2248 591 alterius
2269 553 2318 591 ad
2337 554 2510 591 alterum.

1493 610 1552 644 AD
1580 619 1772 644 SECUNDUM
1810 619 1995 645 melerinum
2033 607 2139 655 quod
2167 607 2346 644 voluntas
2384 607 2512 644 media

1441 669 1497 698 est
1523 661 1620 698 inter
1648 660 1832 697 rationem
1864 669 1900 697 et
1937 660 2292 709 concupiscibilem,
2324 668 2360 697 et
2387 668 2513 709 potest

1440 715 1488 751 ab
1516 722 1679 763 utroque
1709 713 1870 751 moveri.
1902 715 1943 751 In
1973 726 2019 751 eo
2050 722 2178 751 autem
2214 713 2280 762 qui
2309 721 2365 751 est
2393 713 2512 751 conti-

1441 779 1555 814 nens,
1582 775 1761 804 movetur
1795 779 1817 804 a
1845 767 2011 804 ratione:
2050 767 2088 804 in
2117 779 2164 804 eo
2198 774 2328 804 autem
2363 767 2429 815 qui
2458 774 2513 804 est

1441 821 1700 867 incontinens,
1731 827 1911 858 movetur
1947 833 1970 857 a
2009 820 2303 870 concupiscibili.
2346 820 2397 857 Et
2424 819 2512 858 ideo

1442 874 1673 911 continentia
1691 881 1817 922 potest
1835 873 1987 910 attribui
2007 874 2142 911 rationi
2165 874 2262 911 sicut
2285 873 2409 922 primo
2430 886 2513 911 mo-

1440 927 1567 974 venti,
1602 935 1639 963 et
1679 926 1950 963 incontinentia
1993 927 2294 975 concupiscibili:
2334 927 2513 975 quamvis

1441 988 1648 1028 utrumque
1669 979 1890 1016 immediate
1908 980 2093 1028 pertineat
2112 980 2161 1017 ad
2184 981 2423 1017 voluntatem
2444 980 2514 1017 sic-

1441 1041 1484 1070 ut
1511 1033 1560 1069 ad
1589 1032 1788 1081 proprium
1818 1032 2044 1070 subiectum.

1496 1088 1555 1122 An
1574 1097 1736 1122 ‘ramum
1756 1097 1943 1122 montinum
1971 1086 2088 1135 quod,
2110 1085 2195 1122 licet
2218 1086 2416 1135 passiones
2435 1098 2514 1123 non

1444 1138 1516 1175 sint
1544 1139 1581 1175 in
1609 1139 1806 1175 voluntate
1836 1138 1930 1175 sicut
1958 1138 1997 1175 in
2025 1139 2208 1186 subiecto,
2235 1148 2291 1176 est
2318 1147 2448 1176 tamen
2476 1139 2515 1176 in

1444 1199 1630 1240 potestate
1658 1191 1864 1228 voluntatis
1889 1192 1943 1228 eis
1972 1195 2144 1229 resistere
2163 1192 2194 1228 ²¹³.
2225 1193 2274 1229 Et
2292 1193 2367 1229 hoc
2394 1193 2514 1230 modo

1443 1245 1623 1282 voluntas
1651 1244 1878 1281 continentis
1907 1245 2040 1282 resistit
2069 1245 2394 1294 concupiscentiis.

1496 1361 1524 1393 γ)
1543 1359 1782 1391 concupIscentias.
1793 1373 1812 1379 -
1831 1359 2021 1385 deIectationes
2039 1363 2066 1384 et
2083 1360 2311 1392 concupiscentias
2330 1361 2376 1385 Pa,

1005 1477 1345 1511 Commentariun.
1366 1474 1622 1509 Gardjnalis
1644 1473 1848 1508 Caietam·

351 1573 372 1593 n
400 1561 533 1593 articulo
563 1560 656 1592 tertio
683 1559 826 1590 eiusdem
850 1557 1059 1600 quaestionis,
1082 1556 1219 1588 dubium
1249 1555 1387 1587 occurrit

325 1574 392 1642 lad
423 1605 609 1642 hominem,
632 1603 740 1646 quoad
767 1603 835 1635 tria.
859 1603 979 1634 Primo.
1011 1603 1086 1640 Quo
1114 1608 1209 1642 pacto
1233 1610 1308 1632 cum
1331 1600 1389 1630 do-

321 1651 420 1682 ctrina
446 1649 596 1681 Auctoris
619 1654 680 1680 stat
703 1647 933 1679 continentiam
957 1657 1024 1678 esse
1046 1646 1192 1678 habiturn
1220 1644 1391 1677 subiective

321 1694 355 1726 in
369 1695 553 1726 voluntate:
579 1702 654 1724 cum
668 1693 707 1724 ad
723 1693 849 1724 bonum
871 1691 993 1723 morale
1017 1691 1188 1732 supposito
1211 1689 1391 1731 proprium,

320 1739 410 1781 quod
447 1748 503 1779 per
533 1737 697 1779 passiones
729 1737 918 1778 impeditur,
950 1737 1098 1767 voluntas
1133 1736 1174 1767 sit
1210 1734 1393 1766 naturaliter

321 1783 488 1820 inclinata,
512 1783 556 1815 ita
577 1782 667 1824 quod
697 1792 764 1813 non
794 1788 884 1822 egeat
910 1781 1025 1812 virtute
1048 1790 1107 1811 nec
1130 1779 1238 1811 habitu
1271 1779 1391 1819 aliquo,

322 1829 501 1860 secundum
524 1824 721 1859 Auctorem?
736 1826 754 1846 ’⁸‘

378 1872 539 1910 Secundo,
556 1871 631 1913 quia
650 1874 774 1902 Auctor
792 1869 1001 1910 repugnantia
1019 1869 1070 1900 hic
1086 1869 1125 1899 de
1141 1869 1211 1909 ipsa
1229 1868 1394 1899 voluntate

323 1916 415 1955 dicit,
440 1917 519 1948 dum
549 1915 625 1947 dicit
654 1915 743 1957 quod
767 1920 833 1946 tam
857 1915 1024 1945 continens
1051 1923 1148 1955 quam
1179 1913 1391 1949 incontinens,

324 1966 420 1992 extra
438 1961 623 2002 passionem
647 1959 798 1997 existens,
815 1959 904 2000 gerit
927 1959 960 1989 in
977 1958 1145 1999 proposito
1169 1957 1392 1998 concupiscen-

324 2006 388 2037 tias
417 2006 548 2037 illicitas
571 2014 634 2035 non
658 2005 757 2045 sequi.
789 2003 836 2034 Ex
860 2003 922 2034 hoc
949 2003 1035 2033 enim
1065 2001 1231 2033 manifeste
1261 2002 1394 2032 habetur

323 2050 415 2092 quod
442 2049 538 2081 habet
563 2048 776 2080 intentionem
803 2055 936 2080 rectam:
961 2057 997 2078 ac
1021 2057 1077 2087 per
1098 2047 1171 2083 hoc,
1195 2046 1394 2077 voluntatem

325 2101 452 2126 rectam.
485 2094 527 2125 Et
555 2100 788 2135 consequenter
819 2092 902 2123 male
934 2091 1136 2132 subiungitur
1167 2091 1257 2132 quod
1283 2091 1394 2131 prima

325 2148 437 2171 eorum
459 2137 645 2180 differentia
669 2143 716 2169 est
739 2138 772 2168 in
797 2137 974 2168 voluntate.

386 2183 510 2221 Tertio,
535 2183 612 2224 quia
642 2182 727 2223 apud
757 2183 949 2217 Auctorem,
975 2179 1169 2211 continentia
1199 2186 1246 2210 est
1275 2178 1395 2219 species

325 2227 536 2259 constantiae:
561 2233 598 2258 ut
627 2233 714 2267 patet
742 2225 888 2266 superius
918 2225 950 2255 in
981 2234 1037 2266 qu.
1061 2234 1131 2260 Lm,
1155 2229 1211 2254 art.
1240 2224 1269 2262 5,
1294 2223 1333 2253 ad
1365 2223 1394 2253 3.

325 2271 515 2304 Constantia
537 2277 645 2302 autem
669 2277 716 2301 est
738 2279 810 2311 pars
832 2268 993 2310 integralis
1016 2268 1213 2309 prudentiae,
1238 2274 1269 2298 et
1292 2267 1332 2297 ad
1347 2276 1395 2296 ra—

325 2317 448 2349 donem
470 2322 591 2356 spectat
605 2314 632 2346 *.
662 2315 705 2346 Et
726 2314 845 2355 pluries
868 2315 907 2344 ab
931 2315 1071 2344 Auctore
1084 2312 1120 2332 *⁸²
1150 2312 1283 2343 habetur
1305 2311 1396 2352 quod

325 2360 520 2392 continentia
549 2366 596 2390 est
625 2359 658 2390 in
688 2359 824 2395 ratione,
850 2368 906 2389 seu
933 2357 1112 2389 rationabili
1143 2363 1231 2398 parte
1259 2355 1395 2387 animae.

325 2405 504 2444 Quomodo
529 2414 604 2445 ergo
627 2404 706 2434 haec
729 2413 767 2434 ex
790 2403 958 2444 proposito
987 2401 1208 2434 determinatio
1236 2400 1326 2441 quod
1351 2407 1397 2431 est

325 2448 358 2481 in
381 2446 557 2486 voluntate,
583 2445 758 2479 consonat?
1228 2449 1230 2452 ’

381 2493 420 2524 11.
445 2493 497 2524 Ad
514 2494 661 2534 primum
686 2492 804 2523 horum
828 2491 942 2522 dicitur
965 2491 1064 2532 quod,
1080 2491 1259 2521 secundum
1282 2488 1396 2520 doctri-

326 2547 402 2569 nam
421 2537 570 2568 Auctoris
586 2544 618 2568 et
632 2537 806 2572 veritatem,
823 2535 1027 2572 continentia,
1044 2535 1124 2566 sicut
1139 2544 1205 2565 non
1224 2541 1271 2565 est
1286 2534 1396 2570 virtus,

326 2583 371 2614 ita
393 2591 460 2613 non
484 2589 531 2612 est
553 2581 690 2618 habitus,
710 2580 839 2622 proprie
862 2580 1044 2621 loquendo:
1070 2579 1126 2610 sed
1149 2586 1196 2610 est
1218 2578 1396 2619 dispositio,

328 2627 428 2665 Quod
451 2636 488 2657 ex
511 2625 686 2656 differentia
713 2623 859 2667 specifica
885 2625 967 2656 inter
993 2624 1139 2655 habitum
1163 2630 1194 2654 et
1216 2622 1396 2664 dispositio—

328 2681 404 2702 nem
427 2677 528 2711 patet:
553 2669 629 2711 quia
652 2669 769 2701 scilicet
788 2676 835 2700 est
853 2668 893 2700 de
907 2669 1007 2710 sacili
1029 2668 1154 2700 mobilis
1167 2668 1184 2687 *
1209 2678 1245 2699 ex
1268 2667 1398 2708 propria

328 2715 465 2751 ratione,
495 2725 562 2745 non
593 2724 629 2746 ex
659 2714 759 2744 modo
789 2712 986 2744 inexistendi.
1017 2713 1058 2744 Et
1088 2722 1127 2742 ne
1157 2712 1220 2743 hoc
1249 2717 1398 2753 appareat

326 2758 562 2796 voluntarium,
588 2759 742 2800 probatur
765 2767 801 2788 ex
826 2763 897 2788 actu
928 2756 1151 2788 continentiae.
1182 2759 1281 2787 Actus
1312 2756 1397 2786 enim

329 2804 396 2835 eius
419 2803 547 2845 proprie
571 2810 618 2834 est
641 2802 781 2833 hominis
796 2802 829 2832 in
845 2801 1046 2842 passionibus
1070 2801 1239 2832 existentis.
1263 2800 1398 2832 Constat

328 2855 436 2880 autem
460 2848 550 2889 quod
573 2847 679 2888 passio
696 2854 743 2878 est
759 2847 797 2876 de
813 2846 896 2876 facili
920 2846 1058 2876 mobilis.
1082 2846 1130 2876 Ex
1153 2845 1281 2886 propria
1303 2845 1399 2885 igitur

328 2893 450 2924 ratione
473 2891 667 2923 continentia
689 2899 736 2922 est
759 2891 798 2922 de
820 2890 904 2921 facili
927 2890 1065 2921 mobilis.
1089 2892 1136 2921 Ac
1160 2899 1216 2930 per
1238 2890 1311 2926 hoc,
1331 2899 1398 2920 non

329 2945 376 2968 est
398 2937 535 2973 habitus,
558 2937 615 2967 sed
638 2935 823 2976 dispositio:
847 2935 1011 2976 quamvis,
1036 2941 1165 2965 extenso
1190 2934 1314 2965 habitus
1338 2944 1396 2964 no-

329 2982 415 3012 mine
448 2981 488 3012 ad
520 2987 623 3012 totam
655 2980 793 3021 primam
825 2979 965 3020 speciem
997 2979 1174 3020 qualitatis,
1203 2978 1398 3009 continentia

329 3026 456 3057 habitus
485 3032 617 3056 vocetur
646 3025 817 3055 interdum.
842 3042 863 3047 —
886 3024 962 3054 Non
985 3024 1090 3054 obstat
1119 3029 1227 3054 autem
1249 3022 1398 3053 Auctoris

330 3070 491 3101 doctrinae
514 3070 604 3111 quod
626 3069 773 3100 voluntas
798 3075 886 3109 egeat
909 3067 1118 3108 dispositione
1142 3067 1343 3108 superaddita
1359 3067 1399 3097 ad

329 3115 541 3155 pugnandum
565 3120 674 3145 contra
692 3113 896 3144 vehementes
919 3112 1083 3153 passiones
1099 3121 1182 3152 quae
1197 3111 1308 3142 insunt
1323 3121 1398 3142 con·

330 3165 378 3189 tra
392 3158 512 3189 morale
530 3159 655 3189 bonum
670 3158 838 3199 proprium
857 3157 958 3197 ipsius
981 3156 1157 3197 suppositi:
1181 3156 1254 3186 licet
1270 3155 1309 3186 sit
1323 3164 1399 3186 con-

331 3209 379 3234 tra
393 3200 479 3234 illius
494 3203 672 3234 doctrinam
687 3212 808 3243 ponere
822 3202 856 3232 in
871 3212 908 3232 ea
931 3201 1075 3232 habitum
1099 3207 1154 3231 aut
1171 3200 1322 3231 virtutem
1337 3209 1399 3230 res—

332 3254 427 3287 pectu
438 3246 624 3278 huiusmodi
635 3247 723 3279 boni.
732 3264 753 3271 -
765 3247 807 3278 Et
819 3246 863 3277 sic
877 3246 1043 3277 terminata
1056 3245 1096 3276 sit
1107 3244 1251 3287 quaestio
1263 3244 1296 3275 in
1311 3254 1399 3285 prae-

333 3290 456 3322 cedenti
471 3290 568 3322 Libro
582 3291 601 3311 ⁴⁸
614 3298 703 3322 mota
718 3298 750 3322 et
765 3291 934 3332 disputata,
954 3291 993 3321 de
1009 3290 1151 3321 subiecto
1175 3289 1397 3320 continentiae.

478 3489 588 3513 Smne
606 3488 710 3513 Tnox..
728 3489 759 3513 D.
773 3489 889 3514 Tnouan
907 3489 940 3514 T.
955 3489 1008 3513 vn.

1499 1555 1551 1586 Ad
1574 1555 1751 1585 secundum
1783 1554 1898 1585 dicitur
1921 1555 2011 1595 quod
2034 1557 2157 1586 Auctor
2187 1565 2331 1595 expresse
2360 1555 2520 1596 specificat

1444 1600 1535 1640 quod
1558 1599 1662 1640 prima
1685 1598 1860 1630 differentia
1883 1598 2043 1630 invenitur
2066 1599 2099 1629 in
2123 1599 2288 1630 voluntate
2313 1607 2348 1630 ut
2371 1600 2466 1640 eligit,
2488 1608 2519 1631 et

1445 1654 1512 1675 non
1543 1644 1720 1674 secundum
1753 1644 1842 1684 quod
1871 1643 2015 1674 intendit.
2048 1644 2124 1681 Quo
2148 1642 2183 1674 fit
2207 1651 2243 1674 ut
2265 1644 2346 1674 inter
2368 1645 2519 1675 virtutem

1446 1689 1601 1719 moralem
1626 1696 1656 1720 et
1680 1688 1910 1719 continentiam
1938 1695 2024 1719 tanta
2048 1689 2088 1719 sit
2111 1687 2284 1719 differentia
2308 1689 2398 1730 quod
2420 1689 2519 1720 vinus

1446 1733 1576 1764 moralis
1600 1731 1750 1763 rectificat
1774 1733 1986 1764 intentionem
2010 1739 2041 1764 et
2064 1732 2270 1769 electionem,
2294 1733 2450 1774 quoniam
2473 1744 2519 1764 re-

1447 1777 1562 1809 ctificat
1585 1777 1784 1808 voluntatem
1803 1784 1946 1817 respectu
1962 1776 2035 1808 finis
2051 1784 2082 1808 et
2097 1777 2165 1808 eius
2184 1778 2273 1818 quod
2290 1785 2336 1808 est
2351 1778 2391 1808 ad
2406 1777 2517 1809 finem:

1447 1829 1478 1853 et
1499 1823 1572 1852 ideo
1597 1832 1615 1852 a
1639 1821 1737 1862 priori
1761 1828 1792 1852 et
1815 1822 1952 1862 perfecte
1980 1828 2026 1852 est
2049 1822 2177 1853 habitus
2206 1822 2359 1853 electivus
2371 1821 2399 1853 *.
2432 1822 2518 1854 Con-

1447 1866 1578 1898 tinentia
1602 1874 1709 1898 autem
1734 1866 1837 1896 solam
1861 1867 2050 1897 electionem
2074 1865 2223 1897 rectificat
2246 1876 2305 1906 pro
2330 1874 2416 1903 tunc,
2437 1867 2519 1898 scili-

1447 1918 1496 1942 cet
1514 1911 1547 1942 in
1571 1918 1653 1942 statu
1678 1920 1820 1951 pugnae:
1845 1911 1926 1942 sicut
1948 1910 2178 1941 incontinentia
2202 1911 2305 1941 solam
2329 1910 2519 1942 electionem

1446 1955 1545 1986 inficit
1569 1962 1600 1986 et
1623 1955 1768 1996 obliquat
1791 1955 1823 1986 in
1848 1962 1931 1986 statu
1955 1964 2092 1996 pugnae.

1504 2000 1555 2031 Ad
1579 2001 1709 2031 tertium
1735 1999 1849 2030 dicitur
1872 2000 1961 2040 quod
1986 2010 2023 2030 ex
2046 1999 2255 2039 responsione
2278 1999 2318 2030 ad
2342 2000 2519 2030 secundum

1447 2045 1480 2075 in
1504 2044 1607 2076 littera
1637 2044 1772 2075 habetur
1797 2044 1903 2084 glossa
1926 2051 1957 2075 et
1980 2044 2060 2075 ratio
2092 2043 2241 2074 omnium
2271 2044 2444 2075 verborum
2467 2055 2520 2075 so-

1448 2089 1596 2120 nantium
1626 2090 1716 2130 quod
1748 2088 1943 2120 continentia
1970 2088 2011 2119 sit
2043 2089 2076 2118 in
2114 2088 2252 2119 ratione:
2284 2088 2401 2120 scilicet
2431 2090 2520 2130 quod

1448 2133 1635 2174 intelligitur
1664 2139 1698 2164 ut
1729 2134 1761 2164 in
1787 2134 1896 2174 primo
1926 2138 2081 2164 movente.
2114 2133 2154 2163 Et
2183 2132 2245 2163 hoc
2275 2133 2376 2163 modo
2407 2133 2521 2164 dicitur

1449 2178 1569 2219 species
1594 2177 1790 2208 constantiae
1815 2184 1849 2208 ut
1873 2177 2042 2208 moventis.

1506 2223 1557 2253 111.
1591 2223 1625 2252 In
1665 2222 1780 2252 eodem
1812 2221 1945 2252 articulo
1975 2221 2068 2252 tertio
2105 2221 2240 2252 dubium
2272 2221 2410 2252 occurrit
2446 2221 2522 2262 quia

1449 2267 1550 2297 littera
1578 2266 1638 2297 ista
1662 2276 1806 2306 expresse
1830 2266 2016 2297 contradicit
2039 2265 2211 2301 Aristoteli,
2236 2265 2268 2295 in
2292 2266 2349 2296 VII
2373 2266 2478 2297 Ethic.
2494 2266 2521 2302 *,

1450 2310 1504 2342 ubi
1535 2311 1628 2351 ponit
1659 2310 1867 2341 differentiam
1896 2311 1978 2341 inter
2006 2317 2220 2350 temperatum
2250 2316 2282 2340 et
2305 2311 2522 2341 continentem

1449 2355 1483 2386 in
1498 2356 1562 2387 hoc
1578 2356 1669 2396 quod
1688 2361 1886 2396 temperatus
1909 2356 2012 2396 eligit,
2028 2356 2195 2385 continens
2219 2364 2282 2385 non
2307 2355 2409 2396 eligit.
2435 2355 2523 2392 Quo-

1451 2400 1559 2468 modop
1571 2410 1646 2440 ergo
1667 2400 1699 2430 in
1718 2399 1820 2430 littera
1842 2399 1956 2431 dicitur
1975 2399 2064 2440 quod
2084 2399 2251 2430 continens
2271 2405 2302 2429 et
2320 2399 2523 2430 incontinens

1451 2445 1555 2485 eligit.

1507 2489 1558 2520 Ad
1582 2489 1644 2520 hoc
1668 2488 1782 2519 dicitur
1806 2488 1895 2529 quod
1919 2487 2087 2528 dupliciter
2110 2494 2215 2527 potest
2239 2486 2387 2518 affirmari
2402 2488 2453 2518 vel
2468 2498 2522 2518 ne-

1450 2534 1516 2573 gari
1539 2534 1630 2575 quod
1654 2533 1768 2574 aliquis
1792 2533 1903 2573 eligat:
1929 2532 2046 2573 primo,
2070 2532 2180 2573 quoad
2203 2532 2415 2563 substantiam
2434 2539 2523 2563 actus

1451 2578 1603 2619 eligendi;
1628 2578 1787 2614 secundo,
1812 2577 1922 2618 quoad
1952 2577 2089 2607 modum
2120 2575 2271 2616 eligendi,
2296 2576 2359 2607 hoc
2387 2583 2443 2613 est.
2467 2586 2524 2616 per

1451 2624 1589 2654 modurn
1612 2622 1766 2663 eligentis.
1790 2622 1832 2652 Et
1847 2622 1957 2662 quoad
1980 2621 2088 2661 ipsum
2112 2621 2243 2661 quidem
2268 2626 2375 2651 actum
2395 2621 2522 2651 electio-

1451 2668 1500 2699 nis
1523 2667 1737 2708 respiciendo,
1761 2676 1872 2697 verum
1902 2665 1977 2696 dicit
2005 2667 2126 2695 Auctor
2155 2665 2243 2705 quod
2267 2671 2333 2695 tam
2357 2665 2522 2695 continens

1451 2723 1551 2754 quam
1573 2711 1776 2742 incontinens
1800 2710 1897 2750 eligit.
1922 2709 2091 2750 Alioquin,
2116 2719 2183 2739 non
2207 2715 2311 2739 essent
2333 2708 2414 2739 inter
2437 2709 2522 2749 prin-

1452 2757 1534 2798 cipia
1556 2756 1730 2787 moralium
1754 2764 1886 2786 actuum
1910 2753 2104 2785 continentia
2125 2760 2154 2783 et
2170 2753 2415 2784 incontinentia:
2440 2763 2521 2794 quo-

1451 2801 1539 2832 niam
1562 2807 1647 2831 extra
1675 2800 1811 2830 liberum
1841 2798 2007 2830 arbitrium
2031 2797 2110 2828 nihil
2134 2804 2180 2828 est
2202 2797 2334 2828 morale.
2358 2815 2379 2820 -
2404 2798 2522 2834 Quoad

1451 2846 1628 2876 volendum
1651 2854 1726 2874 vero
1751 2853 1807 2884 per
1830 2844 1966 2873 modum
1990 2838 2141 2882 eligentis,
2167 2852 2279 2872 verum
2303 2841 2379 2872 dixit
2402 2842 2522 2872 Aristo-

1451 2890 1544 2920 teles:
1569 2899 1608 2920 eo
1628 2889 1718 2929 quod
1741 2895 1875 2929 uterque
1899 2888 1932 2918 in
1956 2886 2192 2927 perturbatione
2217 2886 2374 2917 consentit
2389 2886 2416 2916 ei
2432 2886 2522 2927 quod

1451 2934 1625 2970 consentit;
1648 2933 1837 2964 consentire
1868 2939 1977 2963 autem
2005 2942 2062 2971 per
2090 2931 2226 2961 modum
2257 2931 2431 2971 perturbati
2455 2940 2522 2960 non

1452 2986 1499 3010 est
1523 2978 1700 3009 consentire
1723 2987 1779 3017 per
1803 2977 1939 3007 modum
1963 2975 2122 3016 eligentiS‚
2147 2975 2222 3016 quia
2245 2976 2362 3005 modus
2386 2975 2522 3015 eligendi

1452 3030 1499 3054 est
1534 3033 1571 3054 ex
1605 3021 1739 3052 consilio
1767 3021 1877 3062 quieto
1910 3020 2018 3051 animo
2050 3019 2231 3051 conferente
2257 3020 2319 3050 hoc
2347 3029 2422 3050 cum
2447 3019 2521 3055 illo,

1454 3074 1564 3108 optare
1588 3067 1734 3097 alterum.

1508 3111 1616 3142 Minus
1639 3117 1747 3141 autem
1771 3116 1902 3150 apparet
1925 3109 2015 3140 modi
2039 3109 2134 3139 huius
2150 3108 2234 3148 apud
2259 3107 2521 3143 incontinentem,

1453 3155 1530 3196 quia
1553 3165 1620 3185 non
1644 3165 1681 3185 ex
1704 3154 1856 3190 consilio,
1881 3154 1935 3184 sed
1960 3160 2069 3184 contra
2093 3152 2281 3188 consilium,
2306 3162 2343 3182 ex
2366 3151 2523 3192 passionis

1453 3198 1690 3240 perturbatione
1715 3198 1818 3238 eligit:
1843 3198 2010 3229 continens
2029 3207 2105 3228 vero
2124 3197 2157 3227 in
2174 3196 2309 3227 consilio
2333 3203 2451 3232 manet,
2467 3196 2522 3226 sed

1453 3244 1648 3284 perturbato,
1674 3249 1732 3274 etc.

2349 3483 2379 3508 33

2542 1203 2552 1214 ⁴
2566 1202 2594 1224 D.
2609 1202 2655 1231 981.

2547 1829 2557 1838 ⁸
2570 1827 2668 1850 Aristot.
2682 1828 2759 1850 Elhae'c.

2546 1855 2585 1876 lib.
2607 1854 2636 1881 11,
2658 1861 2708 1883 cap,
2728 1861 2761 1882 vr,

2546 1887 2652 1930 ἷέοὲἥιὶ.
2667 1882 2692 1903 s.
2714 1881 2759 1903 ῃ·

2549 2265 2634 2314 §.citt
2646 2271 2763 2314 lam?
