2768 4198
72 838 123 859 'De
134 837 282 863 Temperavit,

72 866 92 874 ⁴·
105 864 141 885 De
155 862 227 888 Gula,
244 868 281 889 qu.

71 897 106 912 ιιι.

72 925 81 934 “
96 924 147 944 Art.
161 928 181 950 5.

71 968 80 977 ⁸
94 966 204 988 Conclus.
220 971 240 993 3.

313 293 383 341 176
947 256 1216 333 QUAEsTm
1246 283 1455 330 CXLvm,
1485 282 1783 320 ARTmULUs
1811 281 1862 318 V1

308 384 394 409 sum
424 379 480 408 est
507 370 613 419 quod
646 369 779 417 aliquis
806 366 896 403 huic
929 363 1141 402 necessitati
1170 375 1211 399 se
1240 362 1378 399 subdat
1403 361 1406 445 ἱ
1484 364 1543 399 AD
1571 374 1732 399 TER'rlUM
1762 373 1947 399 DICENDUM
1976 360 2082 410 quod
2109 359 2312 397 scurrilitas
2332 357 2505 408 procedit

308 437 378 474 per
405 422 741 461 immoderantiam
771 419 842 456 cibi
867 419 926 455 vel
956 424 1082 465 potus.
1112 438 1136 444 -
1165 417 1295 452 Potest
1323 422 1377 451 ta·
1404 449 1406 458 1
1432 415 1588 463 quidem
1615 427 1660 452 ex
1690 422 1776 452 actu
1801 415 1929 463 gulae:
1961 426 2040 451 non
2067 421 2196 450 autem
2217 425 2262 449 ex
2282 419 2369 449 actu
2399 412 2506 447 luxu-

309 490 400 515 men
419 479 562 526 absque
593 476 704 524 culpa
721 472 891 510 vomitus
919 469 1116 519 procurari
1145 480 1191 505 ex
1220 467 1377 504 consilio
1404 469 1408 555 ἱ
1434 467 1524 514 riae,
1545 467 1613 504 sed
1639 480 1684 504 ex
1704 468 1785 505 eius
1803 468 2013 504 voluntate.
2045 467 2093 504 Et
2121 467 2208 504 ideo
2231 465 2278 503 ad
2299 473 2504 513 utrumque

310 531 523 569 medicinae
553 530 590 566 in
619 526 834 565 remedium
864 523 1020 561 alicuius
1049 521 1252 570 languoris.
1432 519 1570 557 vitium
1600 528 1726 568 potest
1753 521 1953 570 pertinere.

984 636 1321 669 Commentariis,
1343 633 1598 667 Cardinalis
1620 633 1824 666 Caietani

341 751 361 770 N
384 739 521 770 articulis
545 737 659 778 quinto
685 742 715 766 et
739 741 826 765 sexto
858 734 1002 764 eiusdem
1025 732 1221 774 quaestionis
1250 731 1379 762 centesi-
1490 730 1527 760 ΙΙ.
1553 729 1587 759 In
1611 729 1820 770 responsione
1843 730 1883 760 ad
1907 731 2049 771 primum
2072 730 2147 762 dicti
2163 730 2267 771 quinti
2283 729 2415 766 articuli,
2437 739 2506 770 spe-

314 753 804 824 lmaequadragesimaeoctavae
832 778 967 809 dubium
995 787 1032 808 ex
1059 777 1215 813 Martino,
1244 776 1300 807 ubi
1328 786 1379 806 su·
1434 774 1551 805 cialiter
1574 774 1700 804 adverte
1724 773 1803 804 duas
1819 773 1938 805 radices
1963 785 2000 805 ex
2015 774 2133 815 quibus
2150 775 2244 806 trahit
2261 775 2336 815 gula
2360 774 2450 815 quod
2469 774 2508 804 sit

310 838 365 869 pra
379 828 405 863 *‚
423 828 455 857 in
468 836 522 866 qu·
545 826 596 855 An
611 825 692 866 gula
708 825 749 854 Sit
765 824 876 855 vilium
894 823 1032 863 capitale
1049 821 1094 858 **‚
1112 821 1258 857 Occurrit,
1274 821 1380 861 impu·
1406 846 1409 868 1
1434 825 1548 855 vitium
1572 824 1716 865 capitale.
1740 824 1893 861 Alteram,
1918 835 1955 855 ex
1980 825 2062 862 cibo,
2087 825 2142 866 qui
2167 832 2213 856 est
2235 825 2317 856 vitae
2341 834 2507 856 conserva-

309 878 424 913 gnante
439 870 528 911 quod
545 870 655 901 vitium
672 868 809 909 capitale
824 867 942 899 dicitur
958 876 1000 897 ex
1014 876 1076 907 quo
1098 871 1176 896 nata
1191 870 1267 896 sunl
1279 865 1380 895 mulla
1434 869 1532 900 tivus:
1558 875 1606 899 est
1628 868 1714 899 enim
1730 868 1792 899 hoc
1816 869 1907 899 valde
1927 868 2106 910 appetibile,
2127 875 2157 900 et
2175 876 2306 910 propter
2320 869 2383 900 hoc
2406 869 2508 899 multa

309 917 391 947 oriri
410 916 486 946 vitia
501 914 676 945 Secundum
698 914 855 943 rationem
876 920 994 942 causae
1003 910 1122 952 finalis
1136 908 1161 941 ¹⁸.
1187 910 1304 940 Probat
1326 919 1381 939 au·
1435 913 1526 944 valde
1551 920 1581 944 et
1604 912 1686 943 fiunt
1709 920 1739 944 et
1763 913 1968 944 sustinentur,
2001 913 2159 950 Alteram,
2184 923 2221 944 ex
2243 913 2452 944 delectatione
2475 913 2507 943 in

309 968 374 991 tem
391 960 452 990 hoc
463 959 481 978 *
496 958 672 999 specialiter
687 958 726 987 de
741 957 886 998 quinque
900 955 993 996 gulae
1007 954 1132 986 filiabus
1147 964 1230 995 quae
1244 954 1277 984 in
1293 960 1381 984 sexto
1436 958 1509 989 cibo
1533 964 1564 988 et
1587 963 1678 998 potu,
1703 966 1786 998 quae
1809 957 1892 997 sapit
1914 956 2133 988 conditionem
2156 956 2311 989 felicitatis
2323 981 2330 994 ‚
2355 967 2438 999 quae
2462 964 2509 988 est

309 1004 442 1035 arficulo
458 1009 641 1039 tractantur,
652 1002 763 1033 volens
780 1001 869 1042 qUOd
886 1010 952 1031 1¹0ss
969 1000 1116 1030 oriuntur
1128 1009 1165 1030 ex
1181 998 1255 1039 gula
1271 1008 1382 1029 secun·
1436 1012 1562 1033 summe
1587 1001 1780 1042 appetibilis:
1805 1011 1880 1032 nam
1904 1002 1984 1032 dum
1999 1001 2100 1032 homo
2117 1001 2151 1031 in
2166 1001 2339 1032 delectabili
2356 1009 2508 1038 moratur,

310 1050 388 1079 dum
413 1047 569 1079 rationem
582 1056 694 1078 causae
710 1045 823 1076 finalis.
854 1045 939 1083 Quia
955 1054 1051 1075 nerno
1069 1043 1190 1084 appetit
1204 1049 1292 1074 actus
1307 1043 1383 1073 isto·
1437 1046 1511 1077 felix
1534 1046 1779 1087 quodammodo
1804 1053 1860 1077 est,
1885 1046 1978 1077 Unde
2002 1052 2033 1077 et
2056 1045 2204 1076 homines
2227 1046 2282 1087 qui
2302 1055 2427 1087 semper
2442 1056 2508 1077 ver-

309 1103 382 1124 rum
406 1092 549 1134 quinque
573 1088 704 1132 propter
736 1098 844 1121 actum
867 1090 979 1130 gulae,
1005 1098 1109 1129 neque
1138 1087 1382 1118 delectationem
1437 1098 1548 1122 santur
1575 1090 1656 1121 circa
1687 1090 1882 1122 delectabilia
1908 1090 2014 1122 felices
2037 1097 2241 1131 putaremus,
2265 1090 2326 1120 nisi
2349 1091 2432 1122 mala
2455 1100 2510 1122 an-

310 1137 343 1168 in
359 1137 426 1168 istis
450 1143 581 1177 propter
596 1135 840 1166 delectationem
858 1134 966 1174 gulae:
991 1133 1147 1174 quoniam
1164 1132 1271 1163 nullus
1287 1141 1385 1172 appe·
1438 1145 1517 1166 nexa
1540 1142 1571 1166 et
1594 1134 1822 1176 consequentia
1846 1135 2130 1166 consideraremus,

310 1183 348 1213 tit
375 1181 603 1212 hebetudinem
623 1180 738 1211 mentis
755 1186 791 1210 ut
807 1179 979 1210 delectetur
994 1177 1027 1208 in
1044 1177 1120 1208 cibis
1136 1183 1168 1208 et
1183 1176 1324 1217 potibus.
1495 1179 1548 1210 ΙΙΙ.
1573 1179 1608 1210 In
1632 1186 1720 1210 sexto
1745 1179 1921 1220 specialiter
1944 1179 2077 1210 articulo
2102 1178 2238 1210 dubium
2262 1178 2302 1209 de
2324 1178 2510 1210 scurrilitate

366 1227 418 1257 Ad
433 1226 495 1257 hoc
511 1225 626 1256 dicitur
641 1224 817 1264 dupliciter.
835 1223 953 1259 Primo,
969 1222 1058 1263 quod
1075 1221 1253 1253 secundum
1269 1220 1384 1252 doctri·
1438 1223 1593 1260 occurrit,
1618 1230 1776 1264 quantum
1809 1230 1977 1264 peccatum
2001 1223 2050 1254 sit,
2081 1223 2123 1254 Et
2145 1229 2192 1254 est
2215 1222 2296 1254 ratio
2319 1222 2408 1254 dubii
2435 1222 2512 1264 quia

311 1281 387 1302 nam
402 1270 562 1306 Auctoris,
575 1270 647 1300 licet
662 1269 702 1300 sit
715 1278 828 1299 verum
842 1268 932 1310 quod
947 1267 1061 1298 vitium
1073 1266 1205 1307 capitale
1217 1266 1257 1296 sit
1266 1275 1304 1296 ex
1317 1275 1384 1306 quo
1438 1275 1504 1299 tarn
1527 1275 1634 1308 gestus
1657 1278 1756 1309 quam
1779 1269 1874 1299 verba
1897 1268 2067 1299 inhonesta
2089 1267 2237 1299 videntur
2259 1277 2296 1298 ex
2320 1277 2381 1298 suo
2396 1277 2511 1308 genere
2526 1269 2535 1276 “

312 1315 491 1346 secundum
507 1314 664 1346 rationem
687 1312 759 1343 finis
783 1313 884 1343 multa
908 1311 1056 1343 oriuntur
1077 1311 1168 1347 vitia;
1195 1320 1260 1340 non
1278 1317 1384 1341 tamen
1438 1320 1566 1354 peccata
1590 1312 1752 1343 mortalia:
1782 1312 1856 1344 licet
1879 1322 1916 1344 ex
1938 1311 2180 1353 imperfectione
2203 1319 2310 1348 actus,
2335 1317 2414 1352 puta
2436 1311 2512 1354 quin

312 1360 446 1391 habetur
462 1360 500 1390 ab
516 1358 587 1399 ipso
603 1358 680 1389 haec
697 1357 876 1398 propositio
893 1366 968 1387 cum
985 1355 1122 1386 dictione
1138 1354 1307 1390 exclusiva,
1324 1355 1384 1385 hoc
1438 1357 1563 1394 leviter,
1588 1364 1619 1388 et
1642 1357 1709 1388 sine
1733 1357 1817 1388 mala
1840 1357 2034 1394 intentione,
2058 1364 2089 1388 et
2113 1356 2194 1388 risus
2217 1355 2315 1397 gratia
2343 1356 2512 1394 dicuntur,

313 1411 360 1435 est
382 1404 471 1445 quod
492 1403 599 1434 solum
622 1403 666 1433 sic
685 1402 829 1433 oriantur
848 1411 885 1432 ex
900 1401 957 1431 illo
979 1400 1040 1431 alia
1055 1400 1140 1430 vitia.
1166 1399 1270 1430 Immo
1293 1409 1385 1439 supe·
1438 1401 1606 1433 videantur
1629 1402 1825 1443 quandoque
1849 1401 1992 1432 venialia.

312 1449 388 1485 rius,
404 1449 437 1479 in
453 1458 508 1489 qu.
526 1448 565 1478 de
580 1447 729 1483 Avaritia,
743 1453 798 1478 art.
816 1446 885 1482 ult.‚
896 1445 984 1476 dicit:
1004 1445 1060 1475 Ex
1075 1454 1138 1485 quo
1153 1445 1307 1475 oriuntur
1317 1444 1385 1474 alia
1495 1446 1547 1476 Ad
1570 1446 1632 1477 hoc
1656 1445 1770 1477 dicitur
1792 1446 1882 1487 quod
1905 1453 1972 1477 tam
1985 1452 2093 1487 gestus
2116 1455 2218 1486 quam
2233 1445 2328 1476 verba
2343 1444 2514 1476 inhonesta

314 1494 403 1530 vitia,
421 1498 451 1524 ee
463 1493 643 1533 praecipue
666 1491 842 1523 secundum
860 1491 1017 1521 rationem
1040 1498 1160 1520 causae
1172 1489 1308 1530 finalis:
1331 1488 1385 1519 ubi
1440 1490 1608 1531 dupliciter
1632 1490 1766 1521 exerceri
1789 1498 1935 1531 possunt.
1969 1490 2096 1527 Primo,
2119 1489 2154 1520 in
2177 1489 2289 1520 ordine
2317 1489 2358 1520 ad
2381 1489 2514 1531 aliquod

313 1544 400 1578 patet
421 1547 487 1568 non
504 1536 627 1568 excludi
643 1536 722 1566 alios
739 1536 855 1566 modos
876 1533 1026 1565 causandi
1042 1533 1103 1564 alia
1119 1543 1136 1563 a
1151 1533 1229 1564 vitio
1250 1533 1385 1573 capitali.
1440 1541 1607 1575 peccatum
1630 1535 1764 1566 mortale
1787 1535 1893 1575 operis
1908 1535 1958 1566 vel
1981 1533 2208 1566 delectationis.
2232 1534 2428 1575 Exemplum
2449 1533 2514 1575 pri-

368 1581 516 1613 Secundo
530 1580 643 1612 dicitur
655 1580 744 1622 quod
757 1580 834 1611 istae
847 1579 990 1620 quinque
1005 1577 1087 1609 filiae
1103 1577 1196 1617 gulae
1212 1577 1387 1617 assignatae
1441 1579 1502 1610 mi:
1527 1579 1553 1610 si
1576 1579 1648 1620 quis
1672 1579 1789 1611 diceret
1811 1580 1906 1610 verba
1924 1579 2092 1610 inhonesta
2116 1586 2152 1610 ut
2174 1585 2364 1620 provocaret
2386 1579 2427 1609 ad
2449 1577 2514 1609 for-

315 1637 332 1657 a
347 1625 502 1667 Gregorio
527 1625 674 1656 oriuntur
690 1635 726 1655 ex
742 1624 817 1664 gula
841 1624 1019 1655 secundum
1042 1622 1199 1653 rationem
1222 1632 1335 1652 causae
1350 1621 1386 1652 fi·
1440 1623 1635 1655 nicationem
1657 1631 1713 1655 aut
1736 1623 1776 1655 ad
1798 1623 1980 1655 vindictam.
2005 1623 2201 1664 Exemplum
2220 1622 2366 1654 secundi:
2392 1622 2418 1654 si
2441 1621 2514 1664 quis

315 1670 404 1701 nalis.
429 1670 470 1701 Et
486 1680 560 1701 cum
577 1677 686 1700 contra
703 1668 854 1709 arguitur,
871 1667 947 1709 quia
962 1677 1059 1698 nemo
1083 1666 1204 1707 appetit
1219 1666 1278 1697 ista
1293 1675 1389 1707 prop-
1441 1667 1557 1699 diceret
1579 1668 1673 1699 verba
1690 1667 1858 1700 inhonesta
1874 1675 1910 1699 ut
1925 1668 2101 1704 delectaret,
2125 1667 2176 1698 vel
2199 1667 2275 1708 quia
2299 1667 2433 1699 delectat
2446 1667 2515 1698 vin-

314 1722 361 1746 ter
380 1715 505 1755 gulam:
530 1714 740 1754 respondetur
762 1713 851 1754 quod
871 1712 977 1752 appeti
997 1711 1118 1752 aliquid
1137 1717 1268 1752 propter
1289 1710 1386 1741 finem
1440 1712 1524 1743 dicta
1547 1718 1603 1743 aut
1625 1711 1804 1750 fornicatio,
1827 1713 1866 1744 de
1881 1722 1946 1754 qua
1962 1719 2009 1743 est
2024 1721 2140 1744 sermo.
2166 1711 2208 1742 Et
2223 1711 2268 1743 sic
2283 1711 2398 1753 procul
2414 1711 2514 1743 dubio

314 1769 381 1790 non
397 1759 551 1799 contingit
566 1768 633 1789 uno
653 1758 764 1794 mod0‚
782 1764 817 1788 ut
835 1765 971 1796 arguens
994 1755 1138 1791 assumit,
1155 1755 1212 1785 sed
1230 1755 1385 1795 pluribus.
1441 1754 1628 1787 huiusmodi
1658 1763 1785 1797 peccata
1814 1757 1986 1788 verborum
2015 1757 2066 1788 vel
2096 1763 2247 1798 gestuum
2277 1763 2353 1788 sunt
2386 1763 2516 1797 peccam

315 1803 448 1844 Aliquid
471 1803 557 1834 enim
581 1802 740 1843 appetitur
763 1808 894 1842 propter
916 1799 1014 1830 finem
1038 1805 1073 1830 ut
1096 1798 1241 1829 medium
1255 1799 1295 1828 ad
1312 1809 1387 1829 con—
1443 1800 1601 1831 mortalia.

315 1847 515 1888 sequendum
539 1846 653 1877 finem:
682 1845 763 1876 sicut
792 1844 966 1886 appetitur.
981 1853 1084 1885 equus
1112 1843 1151 1874 ad
1175 1842 1314 1884 quietius
1338 1843 1388 1879 yel
1496 1844 1572 1875 Alio
1596 1844 1706 1881 modo,
1730 1844 1806 1885 quia
1829 1845 2002 1882 delectant,
2025 1845 2076 1876 vel
2098 1852 2136 1876 ut
2158 1844 2315 1877 delectent
2337 1844 2399 1885 ipsi
2421 1843 2514 1876 inho-

315 1891 445 1923 celerius
469 1891 687 1932 peragendum
710 1889 777 1920 iter.
802 1889 843 1920 Et
866 1889 928 1920 hoc
947 1888 1048 1918 modo
1071 1887 1130 1918 ista
1153 1887 1297 1929 quinque
1320 1897 1386 1917 non
1441 1887 1520 1920 nesti
1544 1895 1662 1928 gestuS,
1686 1887 1755 1929 ipsa
1778 1888 1947 1920 inhonesta
1968 1888 2108 1926 locutio,
2133 1895 2164 1920 et
2187 1889 2231 1920 sic
2254 1889 2392 1921 hilariter
2415 1895 2515 1920 trans-

314 1942 510 1977 appetuntur
532 1942 662 1976 propter
684 1934 794 1975 gulam
817 1940 854 1965 ut
875 1932 983 1964 finem.
1007 1932 1049 1963 Et
1065 1932 1127 1963 hoc
1143 1931 1251 1963 solum
1274 1932 1388 1972 probat
1441 1939 1519 1964 eunt
1541 1932 1593 1963 vel
1615 1939 1783 1964 transeant.
1808 1933 1850 1964 Et
1868 1932 1930 1964 hoc
1953 1932 2082 1974 proprie
2096 1932 2222 1964 videtur
2237 1933 2278 1964 ad
2293 1931 2516 1964 scurrilitatem

315 1990 460 2021 arguens.
484 1998 505 2003 —
528 1979 661 2020 Aliquid
684 1985 794 2010 autern
816 1977 976 2019 appetitur
999 1983 1130 2018 propter
1152 1975 1250 2007 finem
1274 1982 1310 2007 ut
1338 1985 1387 2007 ac·
1441 1984 1472 2008 et
1505 1976 1739 2017 turpitudinem
1769 1977 1924 2018 pertinere
1953 1977 1992 2008 de
2021 1976 2140 2019 quibus
2165 1977 2354 2018 Apostolus·
2373 1977 2518 2020 loquitur

315 2031 478 2065 ceptatum
501 2034 538 2055 ex
561 2023 634 2055 finis
649 2023 802 2064 appetitu,
827 2022 1008 2054 dummodo
1023 2021 1183 2053 intentum
1199 2020 1297 2052 finem
1314 2030 1387 2052 con·
1441 2022 1484 2053 ad
1506 2021 1623 2062 Ephes.
1646 2031 1677 2053 v.
1701 2021 1742 2052 Et
1771 2021 1816 2053 sic
1839 2031 1906 2053 non
1938 2028 2014 2053 sunt
2036 2028 2164 2063 peecata
2191 2022 2355 2058 mortalia,
2378 2021 2436 2053 sed
2460 2019 2516 2053 v'u·

315 2075 482 2111 sequatur:
511 2069 593 2100 sicut
620 2068 780 2109 appetitur
807 2067 963 2098 damnum
987 2066 1070 2097 exilii
1093 2077 1111 2097 a
1134 2065 1314 2097 vindicante
1337 2075 1387 2103 se,
1442 2066 1538 2098 nialia
1560 2066 1651 2096 valde
1674 2065 1869 2107 periculosa:
1894 2066 2048 2107 scriptum
2067 2073 2114 2098 est
2136 2066 2223 2098 euim
2237 2066 2271 2097 *z
2296 2066 2519 2108 Corrumpunt

315 2114 417 2145 sciens
440 2113 530 2154 quod
554 2123 591 2144 ex
613 2112 752 2143 vindicta
775 2111 914 2143 incurret
937 2110 1082 2148 exilium;
1117 2120 1154 2141 ex
1177 2110 1276 2141 nimia
1299 2120 1388 2141 nam·
1441 2111 1540 2142 bonos
1571 2120 1677 2142 mores
1699 2110 1858 2153 colloquia
1879 2118 2010 2152 pravam
2043 2111 2129 2142 unde
2157 2111 2336 2152 Apostolus
2365 2109 2519 2152 praecipit

316 2168 379 2200 que
403 2155 567 2189 affectione
591 2157 631 2188 ad
653 2156 762 2193 finem,
782 2163 861 2197 puta
874 2155 1058 2192 vindictam,
1075 2161 1216 2196 acceptat
1230 2155 1388 2186 incurrere
1443 2165 1502 2187 nec
1525 2156 1689 2186 nominari
1714 2155 1792 2187 haec
1815 2155 1896 2186 inter
1919 2154 2118 2187 Christianos
2131 2155 2157 2187 ¹⁸¹.
2186 2155 2228 2186 Et
2251 2155 2342 2197 quod
2364 2165 2432 2187 non
2455 2154 2519 2187 sint
2546 2162 2556 2173 ·

317 2202 456 2234 exilium.
481 2202 523 2233 Et
546 2202 632 2232 hunc
655 2201 792 2232 modum
816 2208 951 2241 arguens
973 2199 1193 2241 praetermisit.
1218 2199 1259 2230 Et
1282 2206 1388 2231 tamen
1442 2206 1570 2241 peccata
1593 2199 1749 2236 mortalia,
1774 2200 1925 2231 suadetur
1948 2199 2070 2231 ratione
2086 2206 2118 2231 et
2133 2199 2330 2232 auctoritate.
2353 2199 2439 2232 Nam
2457 2199 2517 2232 hu-

316 2248 379 2278 hoc
402 2247 502 2277 modo
527 2255 640 2277 omnes
664 2246 764 2277 dictae
787 2244 871 2276 filiae
893 2245 987 2286 gulae
1011 2254 1048 2275 ex
1071 2244 1146 2285 gula
1170 2244 1318 2275 oriuntur
1340 2253 1390 2275 se·
1442 2244 1585 2276 iusmodi
1608 2251 1736 2285 peccata
1759 2253 1826 2275 non
1850 2251 1925 2276 sunt
1948 2252 2058 2277 contra
2074 2245 2199 2276 bonum
2222 2244 2374 2286 proximi:
2398 2244 2456 2276 sed
2477 2243 2519 2276 ad

318 2291 462 2322 cundum
485 2290 642 2321 rationem
664 2289 745 2321 finis.
770 2290 827 2320 Est
851 2289 937 2320 euim
952 2289 1086 2330 gulosus
1109 2295 1176 2320 tam
1191 2288 1321 2320 affectus
1337 2289 1390 2320 de·
1445 2288 1688 2320 delectationem
1709 2288 1826 2320 directe
1841 2288 2040 2320 ordinantur.
2064 2288 2200 2321 Constat
2215 2299 2348 2331 quoque
2367 2298 2435 2321 non
2450 2297 2519 2322 me

318 2335 479 2366 lectationi
504 2335 564 2366 cibi
587 2342 618 2366 et
641 2341 738 2376 potus
761 2334 851 2375 quod
875 2344 941 2365 non
965 2340 1067 2370 curat,
1092 2334 1274 2365 dummodo
1301 2333 1389 2364 illam
1445 2340 1556 2365 contra
1570 2333 1695 2365 bonum
1713 2333 1874 2370 divinum;
1899 2340 1955 2364 aut
1970 2333 2139 2375 proprium
2153 2333 2240 2365 illius
2259 2333 2316 2375 qui
2335 2333 2414 2366 haec
2429 2342 2519 2366 com-

319 2379 452 2421 expleat,
476 2379 634 2410 incurrere
658 2379 775 2410 damna
797 2378 922 2419 ineptae
944 2377 1090 2415 laetitiae,
1108 2377 1314 2414 scurrilitatis,
1329 2377 1390 2408 im·
1446 2377 1552 2414 mittit,
1570 2387 1628 2408 nec
1643 2385 1803 2419 quantum
1818 2379 1859 2409 ad
1874 2378 1999 2409 bonum
2014 2377 2139 2409 anirnae
2154 2385 2210 2410 aut
2225 2378 2379 2420 corporis,
2395 2384 2452 2410 aut
2467 2387 2520 2409 ex-

319 2423 505 2464 munditiae,
530 2423 727 2465 multiloquii
751 2430 782 2454 et
805 2422 920 2454 mentis
936 2422 1146 2454 hebetudinis.
1170 2422 1212 2454 Et
1233 2421 1307 2454 licet
1329 2422 1391 2453 hoc
1446 2422 1608 2454 teriorum.
1621 2439 1643 2445 —
1659 2422 1837 2464 Apostolus
1856 2432 1999 2464 quoque,
2017 2422 2137 2454 ibidem
2154 2422 2182 2459 ²¹¹,
2200 2429 2236 2454 ut
2250 2421 2411 2454 Glossa*
2428 2428 2519 2454 nota·
2547 2427 2558 2439 ⁸

318 2479 387 2499 non
411 2468 451 2499 sit
473 2468 532 2500 ista
558 2467 634 2499 vitia
662 2467 839 2499 secundum
863 2477 896 2498 se
920 2467 995 2498 oriri
1019 2476 1056 2498 ex
1078 2467 1154 2508 gula
1177 2473 1214 2498 ut
1236 2465 1311 2505 fine,
1336 2467 1391 2498 sed
1445 2467 1499 2504 vit,
1524 2473 1555 2498 et
1577 2467 1673 2503 bene,
1699 2466 1847 2508 prohibet
1870 2466 1973 2498 multa
1995 2466 2080 2504 vitia,
2106 2467 2186 2498 dum
2209 2466 2307 2499 dicit:
2330 2466 2519 2498 Fornicatio

321 2519 368 2543 est
390 2512 505 2543 habere
529 2512 598 2553 ipsa
620 2512 695 2543 vitia
717 2521 755 2543 ex
777 2512 853 2552 gula
875 2518 912 2542 ut
934 2511 1007 2548 fine,
1032 2511 1189 2553 quoniam
1212 2517 1301 2542 actus
1317 2511 1392 2543 isto·
1447 2516 1478 2543 et
1492 2512 1596 2542 omnis
1619 2511 1834 2549 immunditia,
1851 2516 1883 2542 et
1904 2512 2056 2550 avaritia,
2074 2521 2133 2543 nec
2156 2512 2341 2543 nominetur
2355 2512 2389 2542 in
2413 2508 2519 2543 vobis:

321 2567 394 2588 rum
417 2556 568 2588 vitiorum
592 2566 658 2588 non
682 2556 869 2588 ordinantur
892 2557 1070 2587 secundum
1093 2566 1127 2587 se
1150 2556 1190 2587 ad
1212 2555 1311 2587 finem
1334 2566 1392 2596 gu·
1446 2565 1505 2587 nec
1527 2555 1693 2596 turpitudo
1717 2556 1767 2587 vel
1788 2555 2040 2597 stultiloquium,
2065 2561 2124 2588 aut
2145 2556 2342 2595 scurrilitas,
2366 2564 2450 2597 quae
2474 2555 2519 2587 d

321 2602 387 2637 lae,
411 2602 465 2632 sed
492 2601 651 2633 incurrere
681 2601 764 2632 dicta
793 2600 867 2632 vitia
897 2601 1042 2642 procedit
1064 2610 1102 2632 ex
1129 2599 1192 2632 fine
1221 2600 1332 2641 gulae,
1358 2607 1394 2631 ut
1447 2610 1515 2632 rem
1535 2610 1599 2631 non
1610 2601 1771 2641 pertinet:
1794 2607 1825 2632 et
1840 2600 1965 2637 deinde,
1981 2600 2179 2641 subiungens
2192 2609 2334 2642 poenam
2349 2599 2520 2632 criminum

322 2645 517 2676 declaratum
545 2652 609 2677 est:
641 2643 756 2677 sufficit
784 2652 890 2676 tamen
921 2645 960 2676 ad
989 2645 1107 2676 horum
1139 2644 1327 2676 filiationem
1350 2655 1394 2676 re·
1448 2654 1516 2676 esse
1534 2644 1751 2676 exclusionem
1770 2645 1810 2676 ab
1830 2645 2020 2677 haereditate
2035 2645 2123 2686 regni
2139 2644 2210 2682 Dei,
2226 2655 2293 2676 non
2309 2644 2442 2676 resumit
2460 2643 2521 2677 nini

321 2696 431 2731 spectu
455 2690 548 2730 gulae
564 2696 600 2721 ut
615 2689 696 2727 finis,
713 2689 898 2720 huiusmodi
923 2689 1133 2730 dependentia
1156 2688 1270 2720 finalis.
1295 2689 1393 2727 Quod
1448 2689 1505 2721 tria
1521 2688 1624 2730 prima
1639 2688 1724 2727 vitia,
1742 2689 1849 2720 dicens
1864 2689 1896 2719 *z
1921 2689 2145 2731 Intelligentes
2159 2689 2245 2731 quod
2257 2690 2362 2721 omnis
2366 2688 2522 2731 sor-ntea·
2549 2694 2559 2703 ·

321 2734 408 2765 enim
438 2744 504 2766 non
532 2734 575 2766 ita
605 2734 721 2766 directe
752 2734 930 2775 requiratur
957 2734 997 2765 ad
1025 2732 1212 2766 filiationem
1241 2733 1392 2766 vitiorum
1449 2739 1500 2765 tor
1515 2739 1573 2765 aut
1591 2733 1777 2765 immundus
1791 2739 1850 2765 aut
1864 2743 1988 2766 avarus
2011 2743 2074 2765 non
2095 2734 2189 2765 habet
2203 2733 2434 2765 haereditatem
2450 2739 2520 2770 etc„

322 2778 487 2810 causalitas
516 2778 620 2810 finalis
649 2779 780 2810 illorum
809 2779 988 2810 secundum
1017 2778 1133 2820 seipsa,
1158 2788 1195 2809 ex
1224 2788 1280 2820 qu.
1302 2788 1393 2815 xxxv,
1449 2788 1487 2810 ex
1505 2778 1567 2809 hoc
1590 2778 1755 2809 insinuans
1770 2778 1861 2820 quod
1875 2778 1937 2810 alia
1959 2778 2018 2810 tria
2041 2788 2109 2810 non
2132 2778 2314 2815 excludunt,
2331 2788 2370 2810 ex
2391 2787 2453 2809 suo
2467 2785 2521 2818 ge-

323 2823 478 2863 superius,
497 2823 536 2854 de
559 2822 683 2854 filiabus
699 2823 834 2860 acediae,
851 2823 884 2854 in
900 2830 958 2854 art.
974 2822 1042 2859 ult„
1059 2823 1247 2855 insinuatur.
1272 2823 1395 2861 Quam—
1448 2832 1541 2859 nere.
1565 2833 1584 2854 a
1612 2832 1710 2864 regno
1734 2822 1803 2854 Dei.
1837 2823 1937 2861 Quod
1967 2822 2064 2854 etiarn
2095 2823 2135 2854 de
2162 2822 2349 2855 scurrilitate
2377 2821 2521 2854 insinua-

323 2867 387 2904 vis,
412 2874 447 2899 ut
476 2867 510 2898 in
541 2867 643 2908 prima
673 2867 882 2908 responsione
911 2867 1033 2899 dictum
1062 2874 1124 2904 est,
1152 2877 1219 2898 non
1249 2874 1395 2908 oporteat
1422 2895 1423 2899 ,
1447 2874 1544 2904 verat,
1568 2867 1648 2898 dum
1672 2867 1800 2904 dixerat,
1822 2877 1907 2908 quae
1929 2867 1973 2899 ad
1995 2877 2064 2899 rem
2090 2877 2154 2899 non
2171 2868 2334 2910 pertinet,
2359 2867 2521 2899 declarans

321 2921 449 2952 semper
471 2911 688 2944 causalitatem
711 2911 840 2942 finalem
863 2911 895 2942 in
919 2911 1072 2943 filiatione
1095 2912 1248 2943 vitiorum
1272 2911 1394 2943 salvari.
1450 2921 1506 2953 per
1529 2911 1591 2943 hoc
1618 2911 1854 2943 deformitatem
1878 2911 1946 2943 eius
1971 2912 2143 2944 consistere
2166 2911 2199 2943 in
2222 2911 2370 2948 vanitate,
2386 2918 2426 2948 et,
2451 2917 2521 2942 tan·

380 2955 470 2987 Stant
493 2965 568 2996 ergo
593 2955 694 2987 solida
718 2956 926 2987 fundamenta
950 2956 1111 2987 Auctoris.
1421 2980 1425 2989 ,
1449 2966 1549 2998 quam
1572 2955 1651 2998 quid
1674 2966 1794 2987 vanum
1818 2966 1875 2987 seu
1898 2956 2021 2993 inutile,
2047 2966 2114 2988 esse
2137 2955 2269 2987 veniale.

2573 2691 2674 2721 Van&
