2768 4198
53 2454 139 2502 ⁸.‘L⁰⁰·
161 2454 266 2483 proxime

53 2488 74 2503 ci
87 2498 92 2503 .

53 2544 64 2554 ⁸
78 2543 172 2564 Numm.
188 2548 240 2570 sqq.

55 2633 66 2644 ⁸
81 2631 189 2653 conclus.
204 2636 224 2652 2.

294 285 372 330 304

291 363 351 393 nisi
374 363 518 394 habentis
542 370 588 393 est
610 363 743 398 bonum,
768 362 848 392 sicut
872 368 901 391 et
925 366 1042 390 ceterae
1068 358 1197 388 virtutes
1218 357 1354 386 morales

291 417 373 448 quae
390 408 469 438 circa
489 407 650 447 passiones
666 412 840 447 ponuntur.
866 404 956 434 Unde
973 403 1011 432 ad
1031 402 1170 442 primum
1188 410 1355 440 argumen-

291 459 362 482 tum
385 451 626 492 respondendo,
652 450 764 480 dicitur
791 448 879 489 quod
903 447 1019 477 falsum
1043 453 1089 476 est
1112 445 1264 476 iustitiam
1287 454 1355 474 esse

292 496 371 527 circa
399 495 603 537 cupiditatem
633 504 734 534 opum
758 500 788 523 et
811 491 1001 522 divitiarum.
1033 489 1172 520 Avaritia
1200 489 1285 519 enim
1310 495 1356 519 est
1381 502 1383 527 Ι

292 540 372 571 circa
395 539 579 570 huiusmodi
603 538 798 578 passionem:
827 535 944 565 iustit'la
969 541 1075 564 autem
1099 543 1165 564 non
1189 540 1235 563 est
1257 532 1356 563 virtus

292 585 371 615 circa
394 584 566 625 passiones,
590 583 644 612 sed
667 582 746 612 circa
762 579 961 620 operationes
978 579 1018 608 ad
1034 578 1178 614 alterum,
1203 584 1239 608 ut
1262 577 1316 608 sic.
1334 594 1355 600 -
1381 602 1383 617 2

293 629 343 659 Ad
359 628 579 669 probationem
596 626 708 656 dicitur
724 624 823 664 quod,
840 623 1045 653 discurrendo
1063 632 1119 662 per
1134 622 1251 652 modos
1268 631 1354 652 com-
1382 619 1383 624 ¹

293 673 462 703 mutativae
478 671 623 706 iustitiae,
649 677 815 709 nunquam
830 667 988 697 invenitur
1011 666 1101 707 quod
1124 666 1164 696 sit
1187 666 1267 697 circa
1286 676 1355 706 pas-

292 717 416 747 sionem
439 714 633 755 cupiditatis:
659 714 713 743 sed
729 712 808 743 circa
825 711 1025 752 operationes
1049 711 1089 741 ad
1112 710 1256 747 alterum,
1274 720 1356 751 quae

292 768 365 792 sunt
388 759 664 791 commutationes.
688 756 855 787 Difficilius
877 762 983 786 autem
1009 762 1055 786 est
1078 754 1223 786 exhibere
1247 765 1279 785 se
1299 755 1356 785 ho—

292 805 411 835 minem
435 805 557 834 bonum
580 802 619 832 ad
643 802 777 831 alterum
802 810 900 841 quam
924 800 963 830 ad
987 799 1139 840 seipsum.

347 849 396 879 Ad
419 847 594 878 secundum
619 845 732 877 dicitur
756 845 901 885 negando
926 844 1123 875 antecedens.
1149 843 1234 881 Quia
1257 843 1357 874 excel-

291 893 405 923 lentius
429 899 475 922 est
497 890 659 930 impellere
683 890 722 920 ad
742 891 866 920 bonum
882 889 1009 920 alterius
1025 895 1061 919 ut
1077 888 1131 925 sic,
1156 895 1192 919 ut
1214 887 1287 919 facit
1310 887 1358 918 iu-

291 937 388 973 stitia,
413 946 511 976 quam
541 935 702 975 impellere
730 935 769 965 ad
792 936 917 965 bonum
940 933 1067 965 alterius
1094 933 1286 974 inquantum
1310 942 1356 962 re-

291 981 411 1011 dundat
426 981 458 1010 in
475 979 651 1020 proprium,
669 986 704 1009 ut
720 979 794 1010 facit
809 978 980 1010 humilitas
1005 978 1046 1009 Et
1061 978 1136 1018 quia
1151 987 1248 1018 penes
1272 977 1357 1008 hunc

291 1025 435 1061 modum,
460 1035 515 1055 seu
539 1024 620 1054 hanc
644 1023 808 1060 rationem,
833 1023 1005 1054 attenditur
1029 1022 1200 1052 differentia
1220 1029 1250 1053 et
1266 1021 1356 1052 nobi-

290 1069 358 1100 litas
382 1068 611 1105 substantialis‚
636 1068 708 1099 ideo
739 1068 857 1099 iustitia
885 1075 931 1099 est
954 1067 1198 1098 substantialiter
1221 1066 1358 1097 nobilior

290 1113 477 1145 humilitate.
510 1113 596 1144 Cum
625 1123 692 1154 quo
723 1119 783 1144 stat
813 1113 902 1154 quod
928 1112 1090 1143 humilitas
1114 1112 1154 1142 sit
1181 1111 1358 1142 secundum

289 1158 368 1199 quid
384 1158 531 1194 nobilior,
557 1157 638 1188 sicut
654 1157 799 1188 accidens
815 1164 958 1198 respectu
975 1156 1177 1193 substantiae,
1195 1155 1276 1187 sicut
1291 1166 1358 1186 ma-

289 1203 477 1243 gnanimitas
493 1209 636 1243 respectu
652 1201 804 1233 iustitiae:
829 1201 905 1243 quia
929 1201 1046 1233 scilicet
1065 1201 1159 1231 habet
1177 1200 1285 1242 quoad
1304 1199 1359 1230 ali-

290 1247 367 1288 quid
395 1247 612 1278 conditionem
641 1246 781 1287 aliquam
812 1246 1018 1283 nobiliorem,
1044 1252 1121 1286 puta
1149 1245 1174 1275 si
1198 1245 1298 1285 magis
1322 1254 1359 1275 ex

290 1302 398 1323 amore
428 1292 527 1322 libero
555 1290 706 1331 impellit,
731 1298 762 1322 et
788 1291 814 1322 si
841 1291 920 1332 quid
943 1291 1029 1321 aliud
1053 1297 1099 1320 est
1123 1289 1298 1326 eiusmodi,
1324 1296 1360 1320 ut

290 1343 367 1377 puta
390 1337 415 1367 si
438 1336 470 1366 in
496 1335 600 1366 dubiis
624 1345 715 1366 suam
739 1335 911 1366 dictionem
937 1335 1074 1375 eligeret.
1099 1335 1187 1365 Haec
1210 1334 1295 1365 enim
1320 1334 1360 1364 ad

290 1382 468 1412 secundum
494 1380 571 1421 quid
595 1380 794 1411 nobilitatem
817 1387 968 1421 spectant.
994 1380 1029 1410 In
1053 1379 1143 1410 cuius
1167 1379 1305 1419 signum,
1321 1378 1359 1409 li-

290 1426 444 1462 beralitas,
461 1435 543 1466 quae
563 1424 635 1465 plus
651 1424 745 1456 habet
763 1425 852 1456 liberi
868 1424 996 1461 amoris,
1014 1434 1078 1454 non
1097 1430 1143 1455 est
1158 1423 1360 1454 excellentior

291 1470 420 1501 iustitia.

346 1515 397 1546 Ad
420 1514 548 1545 tertium
573 1513 687 1544 dicitur
709 1515 815 1554 quod,
840 1514 915 1555 quia
946 1512 1107 1544 humilitas
1130 1512 1360 1553 praesupponit

291 1559 453 1596 iustitiam,
470 1558 552 1589 sicut
578 1557 723 1588 accidens
751 1558 974 1594 substantiam;
1004 1557 1162 1598 appetitus
1192 1557 1278 1587 enim
1305 1567 1362 1597 per

292 1605 428 1635 modum
458 1601 576 1634 subditi
605 1603 645 1633 ad
668 1603 774 1634 Deum
803 1610 833 1634 et
857 1603 890 1633 id
919 1602 1008 1643 quod
1031 1602 1091 1633 Dei
1115 1609 1180 1637 est,
1206 1601 1360 1642 supponit

291 1649 454 1684 iustitiam,
471 1657 535 1688 qua
552 1645 652 1677 homo
668 1647 749 1686 Deo,
773 1654 804 1678 et
826 1647 858 1678 id
882 1647 971 1688 quod
986 1657 1023 1677 ex
1038 1653 1126 1686 parte
1142 1656 1175 1676 se
1191 1653 1276 1677 tenet
1299 1646 1360 1676 ho-

293 1693 403 1730 minis,
428 1692 457 1723 ei
480 1691 569 1732 quod
593 1702 630 1722 ex
653 1699 740 1732 parte
763 1702 796 1722 se
820 1698 905 1723 tenet
927 1691 1006 1728 Dei,
1030 1690 1080 1721 ius
1108 1700 1205 1721 suum
1233 1690 1357 1721 tribuit:

291 1738 364 1769 ideo
388 1734 611 1769 conditionalis
629 1736 692 1772 illa,
717 1736 752 1767 Si
767 1746 877 1767 omnes
899 1741 1004 1766 essent
1026 1735 1175 1772 humiles,
1200 1744 1262 1765 non
1280 1740 1361 1766 esset

292 1792 372 1823 opus
394 1782 526 1818 iustitia,
544 1779 675 1811 destruit
698 1781 844 1821 seipsam,
868 1780 943 1821 quia
966 1789 1003 1810 ex
1018 1779 1080 1810 hoc
1095 1779 1166 1819 ipso
1190 1779 1279 1819 quod
1302 1789 1360 1820 po-

292 1834 411 1858 nuntur
434 1824 586 1862 humiles,
612 1825 879 1865 praesupponitur
902 1823 1036 1860 iustitia;
1063 1823 1144 1853 sicut
1168 1823 1192 1853 si
1217 1823 1289 1863 quis
1313 1823 1358 1853 di-

292 1878 384 1908 ceret,
408 1870 444 1900 Si
466 1877 575 1900 omnes
593 1874 698 1900 essent
714 1869 873 1906 liberales,
890 1878 947 1900 seu
965 1868 1180 1909 magnanimi,
1198 1877 1261 1898 non
1279 1872 1361 1898 esset

290 1925 370 1956 opus
393 1915 535 1951 iustitia,
561 1923 635 1944 cum
661 1920 792 1954 utraque
815 1913 914 1944 virtus
937 1921 1032 1952 super
1055 1911 1175 1942 iustitia
1198 1911 1359 1948 fundetur,

291 1967 329 1996 et,
354 1959 407 1989 illa
431 1968 495 1988 non
519 1957 695 2000 supposita,
712 1968 778 1988 non
794 1958 935 1993 virtutes,
952 1956 1006 1987 sed
1022 1955 1097 1986 vitia
1114 1963 1228 1987 essent.
1253 1956 1361 1993 Quem

291 2005 330 2035 ad
353 2003 491 2034 modum
523 2005 619 2036 etiarn
645 2002 824 2039 humilitas,
849 2001 908 2032 nisi
932 2010 1027 2041 super
1050 2000 1168 2031 iustitia
1193 2000 1359 2037 fundetur,

290 2059 354 2090 qua
378 2047 552 2088 unicuique
575 2049 624 2079 ius
648 2057 745 2077 suum
768 2047 916 2083 debetur,
940 2045 1042 2076 vilitas
1073 2045 1171 2075 animi
1199 2052 1230 2076 et
1257 2044 1361 2076 defor-

291 2093 382 2124 mitas
405 2092 546 2125 humana
570 2098 658 2124 esset.
685 2109 703 2115 -
727 2091 850 2122 Dicitur
866 2090 1086 2126 nihilominus,
1111 2089 1289 2120 secundum
1311 2099 1360 2120 ea-

290 2148 362 2168 rum
389 2139 527 2177 praecise
550 2137 688 2169 rationes
712 2135 862 2167 formales
885 2135 1068 2176 loquendo,
1093 2134 1182 2175 quod
1213 2133 1290 2165 falsa
1314 2141 1362 2165 est

291 2182 372 2213 dicta
397 2181 629 2214 conditionalis.
659 2180 840 2219 Quoniam,
865 2180 939 2211 dato
963 2179 1051 2220 quod
1076 2188 1189 2210 omnes
1213 2178 1360 2209 homines

291 2232 394 2258 essent
417 2226 565 2264 humiles,
589 2236 625 2257 ac
648 2235 703 2266 per
726 2225 787 2256 hoc
811 2224 962 2265 sibiipsis
978 2223 1066 2260 boni,
1091 2233 1175 2264 opus
1195 2231 1277 2254 esset
1299 2223 1360 2254 vir-

291 2278 358 2302 tute
379 2280 443 2311 qua
458 2272 573 2303 directe
592 2277 695 2302 essent
709 2270 787 2300 boni
803 2269 879 2300 aliis.
905 2270 992 2300 Haec
1009 2275 1117 2299 autem
1133 2275 1180 2299 est
1194 2267 1322 2299 iustitia.
1339 2285 1361 2291 -

291 2316 342 2347 Ad
373 2315 610 2355 probationem,
641 2314 705 2345 iam
729 2321 815 2355 patet
845 2314 935 2355 quod
958 2313 1074 2344 falsum
1105 2312 1247 2349 assumit,
1272 2312 1362 2354 quod

291 2359 410 2391 iustitia
433 2361 472 2392 sit
495 2361 575 2392 circa
599 2359 815 2400 cupiditatem.
849 2359 905 2390 Est
934 2358 1020 2389 enim
1051 2357 1131 2388 circa
1160 2357 1361 2397 operationes

293 2405 333 2436 ad
355 2404 501 2443 alterum,
526 2412 561 2436 ut
584 2404 642 2435 sic:
667 2413 746 2444 quas
770 2413 835 2434 non
853 2403 1024 2440 humilitas,
1042 2403 1097 2433 sed
1112 2401 1231 2433 iustitia
1247 2401 1363 2433 directe

293 2447 451 2486 rectificat,
476 2456 511 2480 ut
535 2456 620 2491 patet
643 2448 675 2479 in
699 2448 727 2478 V
743 2448 846 2479 Ethic.
863 2448 880 2467 *

348 2493 399 2523 Ad
422 2501 589 2534 quartum,
614 2492 729 2524 sufficit
756 2491 921 2532 responsio
946 2491 1113 2528 Auctoris,
1137 2500 1220 2532 quae
1245 2490 1361 2522 exami-

295 2537 421 2568 nabitur
435 2538 462 2569 *.

349 2582 418 2612 XV.
443 2583 478 2613 In
502 2581 708 2622 responsione
730 2581 769 2611 ad
793 2581 934 2621 primum
950 2580 1094 2611 eiusdem
1110 2579 1233 2610 articuli
1248 2579 1361 2620 quinti,

295 2626 429 2657 dubium
460 2637 497 2658 ex
523 2625 678 2662 Martino,
703 2624 820 2655 ibidem
839 2625 872 2662 *,
898 2625 1051 2661 occurrit,
1075 2631 1226 2664 arguente
1253 2631 1362 2655 contra

293 2671 374 2701 hanc
397 2671 639 2712 responsionem
663 2669 798 2700 dicendo
822 2670 920 2710 quod,
945 2669 1063 2700 iudicio
1087 2679 1157 2705 suo,
1183 2678 1248 2699 non
1273 2669 1362 2700 satis-

294 2714 376 2746 facit.
401 2716 489 2747 Tum
507 2716 627 2756 primo,
653 2714 727 2755 quia
751 2724 816 2744 non
840 2714 964 2745 videtur
984 2713 1153 2744 verisimile
1177 2713 1266 2755 quod
1289 2723 1363 2744 vera

293 2759 410 2790 iustitia
434 2770 490 2800 per
507 2760 679 2790 adventum
695 2758 859 2798 superbiae
883 2758 1004 2789 desinat
1020 2768 1087 2789 esse
1102 2757 1231 2789 iustitia.
1249 2776 1269 2780 —
1285 2758 1362 2788 Pro—

293 2805 394 2836 batur.
418 2805 509 2835 Pono
529 2804 618 2845 quod
638 2803 751 2844 aliquis
770 2803 914 2834 habuerit
930 2803 1049 2834 multos
1065 2810 1153 2834 actus
1169 2802 1316 2839 iustitiae,
1333 2809 1363 2833 et

293 2855 404 2889 postea
427 2848 555 2880 extollat
578 2858 611 2879 se
635 2848 674 2878 de
696 2847 767 2878 illis.
790 2850 857 2878 Aut
872 2847 967 2887 igitur
981 2857 1066 2878 nunc
1081 2847 1124 2878 ita
1141 2854 1188 2878 est
1211 2847 1301 2888 quod
1316 2847 1361 2878 illi

293 2900 381 2923 actus
405 2892 520 2924 fuerint
549 2899 650 2924 rectae
680 2891 793 2923 rationi
825 2891 1025 2923 conformes:
1055 2898 1110 2923 aut
1126 2891 1296 2922 difformes.
1330 2891 1362 2922 Si

294 2936 484 2974 conformes,
498 2947 622 2978 semper
637 2936 765 2967 fuerunt
781 2943 866 2967 actus
882 2936 1029 2967 iustitiae.
1047 2936 1079 2967 Si
1096 2935 1267 2972 difformes,
1282 2946 1361 2967 nun-

293 2991 391 3022 quam
415 2981 544 3013 fuerunt
567 2988 655 3012 actus
678 2980 824 3012 iustitiae.

348 3026 436 3057 Tum
459 3026 610 3064 secundo,
635 3025 710 3066 quia
734 3025 811 3056 haec
826 3025 944 3055 solutio
965 3035 1030 3055 non
1046 3024 1170 3055 videtur
1187 3024 1361 3056 conformis

293 3070 461 3102 intentioni
485 3069 718 3111 Chrysostomi,
741 3069 796 3110 qui
813 3069 948 3100 intendit
963 3068 1087 3109 magnis
1103 3069 1278 3109 praeconiis
1302 3069 1360 3100 hu-

294 3114 457 3146 militatem
483 3115 641 3146 extollere.
665 3114 748 3145 Nam
771 3123 854 3154 quae
878 3123 991 3153 magna
1015 3113 1201 3144 humilitatis
1225 3114 1310 3150 laus,
1335 3114 1361 3144 si

295 3159 419 3190 excedat
450 3166 655 3200 apparentem
686 3157 855 3194 iustitiam,
883 3168 966 3199 quae
996 3157 1104 3198 potius
1135 3157 1286 3189 iniustitia
1315 3165 1361 3189 est

295 3213 392 3243 quam
414 3213 486 3234 vera
509 3201 648 3235 iustitia?
670 3221 691 3227 —
715 3203 757 3234 Et
779 3212 903 3239 rursus,
929 3212 966 3233 ex
989 3202 1051 3233 hoc
1081 3203 1169 3243 quod
1195 3203 1360 3234 humilitas

296 3247 402 3278 iuncta
420 3253 553 3287 peccato
577 3247 701 3279 excedit
724 3248 889 3285 iustitiam,
914 3246 1008 3277 infert
1031 3246 1120 3288 quod
1144 3248 1253 3278 iuncta
1271 3248 1359 3279 iusti-

296 3292 360 3320 tiae
388 3293 508 3323 assistit
538 3292 646 3323 divino
675 3291 832 3322 tribunali
862 3292 894 3322 in
927 3291 1030 3322 medio
1061 3291 1275 3332 angelorum:
1305 3292 1360 3323 ubi

296 3344 459 3366 ascensum
482 3336 575 3367 illum
597 3336 696 3376 magis
720 3335 890 3367 humilitati
915 3346 1013 3377 quam
1032 3335 1168 3367 iustitiae
1192 3336 1360 3367 attribuere

296 3378 427 3410 videtur.

351 3422 439 3452 Tum
461 3425 564 3460 tertio,
589 3424 664 3464 quia
687 3424 864 3455 secundum
888 3423 1172 3465 Chrysostomum,
1197 3425 1358 3456 humilitas

297 3475 359 3496 non
377 3468 556 3506 pertransit
575 3469 725 3499 iustitiam
746 3474 880 3510 propter
892 3468 1116 3510 fragilitatem
1134 3470 1284 3507 iustitiae,
1301 3469 1359 3500 sed

290 3515 426 3550 propter
447 3515 602 3542 tumorem
626 3521 681 3542 seu
698 3513 811 3543 molem
826 3513 1005 3553 superbiae.
1030 3514 1115 3554 Ergo
1132 3523 1198 3544 non
1214 3513 1358 3555 loquitur

295 3554 337 3585 ibi
361 3554 400 3584 de
415 3554 532 3586 iustitia
555 3565 636 3595 quae
658 3564 787 3596 propter
802 3557 942 3588 iunctam
959 3558 1140 3597 superbiam
1156 3557 1271 3589 desinit
1289 3567 1357 3589 esse

295 3598 422 3630 iustitia.
445 3616 467 3622 -
490 3599 687 3630 Antecedens
710 3606 794 3639 patet
818 3609 872 3640 per
895 3600 946 3631 illa
970 3602 1077 3638 verba,
1105 3602 1256 3633 Geminas
1280 3602 1358 3633 mihi

296 3642 388 3684 bigas
403 3650 461 3674 etc.

973 279 1241 327 QUAESTIO
1271 278 1411 325 CLXI,
1440 278 1738 316 ARTICULUS
1767 280 1802 316 V

1466 356 1554 387 Tum
1577 363 1704 398 quarto,
1730 358 1805 399 quia
1828 359 1992 390 humilitas
2011 360 2107 392 vincit
2123 361 2315 401 superbiam,
2333 362 2480 402 superbia

1409 400 1506 431 vincit
1521 401 1683 433 iustitiam.
1704 403 1790 443 Ergo
1807 403 1969 435 humilitas
1983 404 2080 436 vincit
2095 405 2263 436 iustitiam:
2285 416 2320 437 ac
2337 417 2393 447 per
2406 407 2478 443 hoc,

1410 451 1456 475 est
1479 445 1596 484 potior.
1621 464 1642 469 -
1667 446 1906 488 Consequentia
1933 455 1979 479 est
2009 456 2094 480 nota.
2119 467 2140 473 —
2163 450 2205 481 Et
2227 457 2330 490 partes
2354 458 2478 482 antece-

1410 488 1512 519 dentis
1536 495 1645 529 patent
1669 500 1706 521 ex
1729 491 1822 522 allata
1845 493 2040 524 auctoritate.

1465 533 1549 564 XVI.
1574 534 1626 564 Ad
1642 534 1704 565 hoc
1721 535 1856 566 dubium
1875 536 1990 568 dicitur
2005 538 2094 578 quod
2111 538 2230 569 solutio
2247 546 2294 570 est
2310 539 2477 570 sufficiens.

1410 577 1450 608 Et
1469 578 1558 618 quod
1583 578 1664 609 sicut
1687 587 1852 619 peccatum
1876 582 2085 621 praeexistens
2105 583 2227 620 desinit,
2245 584 2353 624 quoad
2371 594 2480 614 macu-

1410 622 1474 651 lam
1498 629 1529 652 et
1555 629 1677 652 reatum
1701 630 1844 655 aeternae
1868 626 1997 662 mortis,
2022 636 2089 657 esse
2111 627 2144 657 in
2168 627 2316 665 homine,
2342 638 2398 668 per
2419 628 2479 665 hu-

1411 665 1596 702 militatem;
1619 667 1663 697 ita
1677 677 1749 697 vera
1772 668 1891 699 iustitia
1914 670 2122 710 praeexistens
2147 671 2261 703 desinit
2279 682 2356 709 esse,
2372 673 2481 714 quoad

1410 710 1566 740 rationem
1590 710 1712 742 virtutis
1736 719 1767 742 et
1789 713 1892 744 meriti
1916 714 1997 744 vitae
2020 722 2173 752 aeternae,
2197 716 2230 747 in
2254 717 2400 754 homine,
2425 727 2481 758 per

1382 775 1384 797 ,
1411 754 1687 795 supervenientem
1717 757 1909 796 superbiam.
1943 759 2009 789 Nec
2039 759 2101 790 hoc
2131 767 2178 791 est
2207 761 2392 792 verisimile:
2424 762 2479 792 sed

1382 802 1384 810 ¹
1411 798 1622 830 verissimum.

1467 844 1518 873 Ad
1535 845 1681 884 primum
1700 854 1774 884 ergo
1791 845 1823 875 in
1841 846 2029 886 oppositum
2046 847 2160 879 dicitur
2183 850 2272 890 quod
2292 850 2388 890 gratis
2405 860 2480 881 con-

1412 887 1532 918 ceditur
1554 898 1666 918 verum
1695 899 1761 919 esse
1792 891 1882 930 quod
1912 898 2000 921 actus
2029 892 2085 932 qui
2108 893 2207 923 semel
2235 893 2363 925 fuerunt
2386 894 2480 931 iusti,

1411 941 1536 972 semper
1558 942 1670 963 verum
1694 933 1733 964 sit
1757 933 1860 965 dicere
1883 935 1972 975 quod
1995 935 2124 967 fuerunt
2146 937 2230 968 iusti.
2260 938 2322 969 Sed
2346 948 2410 969 non
2435 946 2482 970 est

1412 986 1537 1017 semper
1559 987 1672 1007 verum
1701 975 1790 1019 quo‘d
1822 987 2006 1011 remaneant
2031 980 2066 1010 in
2093 980 2203 1012 habitu
2227 988 2258 1013 et
2280 982 2395 1014 virtute
2426 990 2482 1014 aut

1411 1021 1526 1052 merito
1550 1021 1697 1053 iustitiae.
1730 1023 1895 1060 Quoniam
1921 1034 1978 1064 per
2001 1025 2277 1064 supervenientem
2300 1027 2482 1068 superbiam

1412 1066 1516 1106 perdit
1538 1066 1666 1097 habitus
1689 1067 1846 1098 rationem
1870 1067 2012 1105 virtutis,
2037 1075 2068 1100 et
2094 1069 2236 1110 perditur
2258 1070 2409 1102 meritum
2432 1082 2482 1103 ae-

1412 1117 1518 1141 ternae
1543 1110 1640 1141 vitae:
1672 1111 1754 1142 sicut
1781 1122 1798 1142 e
1827 1119 1952 1150 contra,
1982 1120 2056 1153 post
2084 1114 2332 1154 poenitentiam,
2356 1115 2483 1147 habitus

1411 1154 1517 1186 vitiosi
1541 1162 1739 1186 remanentes
1763 1167 1829 1187 non
1853 1165 2016 1189 remanent
2039 1157 2072 1188 in
2097 1158 2218 1190 ratione
2241 1158 2318 1190 vitii.

1467 1199 1519 1230 Ad
1541 1200 1718 1231 secundum
1743 1201 1857 1232 dicitur
1879 1203 1969 1243 quod
1989 1202 2164 1234 conformis
2180 1209 2228 1234 est
2243 1203 2399 1244 expositio
2415 1206 2481 1234 Au-

1413 1243 1507 1274 ctoris
1531 1243 1754 1286 Chrysostomi
1777 1245 1956 1278 intentioni.
1990 1247 2073 1277 Nam
2097 1248 2306 1288 praeconium
2329 1258 2484 1289 magnum

1413 1288 1600 1320 humilitatis
1623 1296 1670 1320 est
1693 1290 1817 1321 vincere
1841 1292 1961 1322 molem
1986 1291 2184 1332 reliquorum
2208 1299 2428 1333 peccatorum:
2454 1299 2486 1324 et
2521 1322 2526 1328 ,
2575 1314 2587 1326 ,ι

1413 1342 1510 1363 suum
1534 1334 1723 1374 oppositum
1746 1335 1925 1376 opprimere
1949 1336 2069 1367 molem
2094 1344 2198 1368 tantae
2219 1337 2366 1368 iustitiae.
2391 1337 2486 1369 Unde

1413 1387 1479 1408 non
1503 1378 1677 1417 praefertur
1699 1376 1836 1410 iustitiae
1852 1381 2032 1421 apparenti:
2057 1382 2112 1412 sed
2135 1391 2217 1422 quae
2241 1392 2298 1422 per
2313 1391 2410 1413 suum
2425 1391 2484 1423 op-

1413 1421 1555 1462 positum
1584 1423 1698 1453 desinit
1721 1433 1787 1454 esse
1811 1435 1893 1456 vera.
1925 1425 1971 1456 lta
2001 1427 2089 1466 quod
2113 1426 2183 1457 laus
2206 1426 2395 1458 humilitatis
2419 1436 2486 1458 non

1414 1473 1460 1497 est
1482 1466 1514 1496 in
1539 1468 1756 1508 comparando
1779 1469 1836 1499 has
1860 1469 1990 1500 virtutes
2015 1470 2096 1501 inter
2119 1480 2168 1501 se:
2201 1471 2256 1501 sed
2284 1471 2317 1501 in
2341 1469 2486 1511 magnifi-

1414 1511 1515 1541 cando
1539 1511 1620 1542 vires
1643 1512 1831 1544 humilitatis
1848 1521 1879 1544 et
1897 1514 2073 1555 superbiae.
2097 1515 2190 1546 Unde
2214 1525 2358 1556 expresse
2383 1514 2484 1557 Chry-

1414 1562 1576 1586 sostomus
1605 1556 1681 1587 dicit
1707 1557 1815 1599 bigam
1847 1559 1989 1590 iustitiae
2019 1565 2050 1590 et
2071 1560 2242 1600 superbiae
2269 1570 2332 1591 non
2356 1559 2485 1601 defectu

1413 1600 1565 1638 iustitiae,
1589 1601 1647 1632 sed
1670 1602 1753 1632 mole
1774 1603 1944 1643 superbiae
1966 1604 2183 1635 succumbere.
2209 1604 2244 1635 In
2268 1605 2330 1635 hoc
2347 1614 2423 1645 ergo
2439 1611 2487 1636 est

1413 1653 1528 1684 magna
1547 1645 1733 1676 humilitatis
1749 1646 1829 1684 laus,
1853 1648 1942 1688 quod
1965 1648 2034 1688 ipsa
2058 1648 2169 1679 omnia
2192 1656 2319 1690 peccata
2343 1649 2486 1686 destruit.

1414 1695 1444 1719 et
1467 1699 1564 1719 suum
1588 1690 1776 1730 oppositum
1800 1691 1932 1723 destruit
1956 1702 2068 1723 omnes
2087 1693 2229 1724 virtutes.
2252 1711 2274 1716 -
2298 1693 2341 1724 Et
2362 1703 2421 1734 pro
2437 1703 2486 1724 re·

1413 1733 1587 1773 sponsione
1618 1735 1775 1775 oppositi,
1804 1736 1918 1767 dicitur
1947 1737 2036 1778 quod
2066 1737 2164 1768 vincit
2193 1737 2365 1774 iustitiam,
2396 1738 2487 1779 quod

1412 1779 1535 1807 Auctor
1558 1779 1708 1818 expressit
1730 1779 1865 1818 vincere,
1889 1791 1955 1811 non
1974 1781 2136 1818 iustitiam,
2154 1782 2209 1812 sed
2231 1783 2386 1813 iustitiam
2403 1791 2488 1823 quae

1412 1820 1530 1852 desinit
1553 1831 1621 1852 esse
1644 1824 1765 1854 iustitia
1783 1834 1847 1865 per
1868 1826 2069 1866 superbiam,
2094 1836 2176 1867 quae
2207 1826 2358 1857 destruxit
2386 1826 2485 1858 illam.

1414 1865 1536 1895 Iustitia
1566 1866 1725 1907 siquidem
1750 1868 1872 1900 virtutis
1898 1879 2018 1900 nomen
2042 1877 2098 1902 est.
2123 1889 2144 1894 —
2167 1871 2218 1901 Ad
2242 1870 2274 1901 id
2297 1880 2373 1902 vero
2397 1871 2486 1912 quod

1414 1918 1523 1940 rursus
1545 1910 1744 1951 adiungitur,
1770 1912 1884 1944 dicitur
1907 1914 2015 1954 quod,
2040 1923 2077 1944 ex
2099 1924 2167 1955 quo
2199 1914 2371 1946 humilitati
2399 1915 2485 1947 attri-

1414 1953 1521 1984 buitur
1544 1964 1693 1986 ascensus
1719 1955 1773 1986 ille
1802 1966 1839 1987 ex
1867 1957 2015 1988 adiuncta
2042 1958 2161 1990 iustitia
2189 1969 2207 1989 a
2230 1958 2486 2000 chrysostomo,

1413 1997 1580 2029 manifeste
1609 2006 1696 2040 patet
1725 2001 1815 2041 quod
1843 2001 2058 2042 principaliter
2087 2001 2245 2040 iustitiae,
2269 2009 2300 2034 et
2327 2003 2488 2035 executive

1413 2042 1585 2074 humilitati
1609 2054 1758 2075 ascensus
1782 2045 1836 2076 ille
1860 2045 2051 2077 attribuitur.

1469 2087 1520 2118 Ad
1543 2089 1674 2120 tertium
1698 2089 1814 2120 dicitur
1836 2090 1925 2131 quod
1949 2090 2177 2132 consequentia
2196 2101 2262 2122 non
2278 2091 2373 2123 valet.
2397 2091 2489 2130 Quo-

1414 2131 1502 2162 niam
1532 2142 1569 2163 ex
1595 2133 1658 2164 hoc
1685 2135 1774 2175 quod
1802 2133 2055 2176 chrysostomus
2083 2135 2174 2173 dicit,
2204 2145 2268 2167 non
2293 2146 2335 2167 ex
2357 2135 2487 2178 defectu

1414 2177 1566 2215 iustitiae,
1591 2178 1730 2209 ostendit
1753 2179 1843 2220 quod
1865 2189 1933 2210 non
1956 2180 1995 2210 de
2016 2186 2197 2220 apparente,
2214 2180 2270 2211 sed
2285 2190 2360 2212 vera
2375 2190 2486 2213 secun·
2525 2210 2528 2214 .

1414 2220 1494 2251 dum
1517 2231 1550 2252 se
1574 2222 1691 2254 iustitia
1714 2223 1869 2264 loquitur,
1893 2234 1976 2265 quae
2000 2234 2066 2255 non
2086 2225 2128 2255 ob
2145 2224 2195 2256 sui
2215 2224 2376 2256 defectum
2391 2235 2486 2264 exse,
2525 2239 2528 2242 ’

1414 2265 1470 2296 sed
1499 2275 1542 2296 ex
1569 2266 1743 2298 adiunctae
1769 2268 1940 2308 superbiae
1966 2269 2050 2300 mole
2080 2270 2287 2301 succumbere
2317 2269 2488 2303 invenitur.

1414 2309 1460 2340 Ita
1476 2310 1566 2351 quod
1582 2321 1648 2342 non
1665 2311 1799 2343 intendit
1815 2313 1915 2354 quod,
1936 2313 2031 2344 etiam
2048 2313 2218 2345 coniuncta
2233 2314 2390 2355 superbia,
2406 2314 2491 2349 vires

1414 2364 1488 2385 suas
1511 2354 1630 2386 iustitia
1653 2356 1782 2387 habeat:
1812 2357 1867 2388 sed
1890 2358 1979 2398 quod
2003 2368 2085 2399 quae
2110 2368 2147 2388 ex
2170 2368 2203 2389 se
2231 2368 2297 2390 non
2321 2357 2486 2397 deficeret,

1415 2408 1452 2429 ex
1474 2398 1623 2431 adiuncta
1646 2401 1795 2441 superbia
1817 2400 1934 2441 deficit.

1469 2443 1521 2474 Ad
1539 2449 1690 2484 quartum
1707 2445 1821 2476 dicitur
1842 2446 1931 2487 quod
1948 2446 2176 2487 consequentia
2192 2446 2272 2477 nihil
2286 2446 2386 2478 valet:
2411 2447 2488 2488 quia

1416 2487 1551 2519 variatur
1578 2489 1659 2520 ratio
1683 2489 1846 2527 vincendi,
1871 2498 1901 2522 et
1924 2490 2151 2531 aequivocatur
2180 2491 2219 2522 de
2242 2490 2383 2523 victoria.
2417 2491 2486 2523 Hu-

1415 2532 1532 2563 militas
1556 2543 1695 2575 namque
1718 2534 1815 2566 vincit
1839 2534 2020 2576 superbiam
2043 2535 2125 2566 sicut
2147 2545 2251 2566 unum
2274 2535 2392 2566 directe
2411 2545 2487 2568 con-

1414 2577 1546 2608 trarium
1562 2578 1659 2610 vineit
1673 2578 1776 2616 aliud;
1797 2579 1944 2620 superbia
1960 2589 2092 2621 quoque
2108 2579 2206 2611 vincit
2220 2579 2375 2611 iustitiam
2391 2580 2488 2612 etiam

1415 2621 1495 2652 sicut
1526 2632 1630 2653 unum
1660 2623 1854 2655 contrarium
1877 2623 2051 2655 virtualiter
2073 2623 2170 2655 vincit
2197 2623 2300 2661 aliud;
2333 2631 2364 2655 et
2387 2625 2432 2656 sic
2453 2624 2488 2657 in

1415 2672 1549 2707 utraque
1572 2674 1659 2708 parte
1680 2668 1891 2699 antecedentis
1907 2679 2012 2700 sermo
2030 2675 2076 2699 est
2099 2669 2138 2699 de
2153 2668 2286 2700 victoria
2299 2668 2396 2700 unius
2412 2679 2488 2701 con-

1414 2710 1499 2741 trarii
1522 2719 1666 2752 respectu
1690 2712 1827 2744 alterius.
1852 2713 1894 2744 Et
1908 2713 1941 2744 in
1957 2713 2165 2754 consequenti
2189 2719 2235 2744 est
2258 2723 2363 2744 sermo
2387 2713 2427 2744 de
2442 2713 2488 2745 vi—

1415 2755 1513 2786 ctoria
1537 2756 1765 2788 excellentioris
1788 2757 1978 2794 nobilitatis,
2003 2767 2067 2799 qua
2094 2757 2126 2788 id
2150 2757 2226 2789 dicit
2248 2757 2372 2789 vincere
2396 2758 2487 2799 quod

1414 2806 1460 2830 est
1483 2800 1633 2832 nobilius.
1658 2801 1825 2834 Manifesta
1841 2809 1887 2833 est
1903 2802 2124 2844 aequivocatio
2140 2802 2303 2840 victoriae,
2321 2808 2357 2833 ut
2372 2801 2488 2834 dicitur

1415 2844 1453 2875 de
1478 2854 1648 2885 congressu
1673 2847 1923 2878 contrariorum:
1948 2854 1979 2878 et
2003 2853 2038 2878 ut
2057 2846 2171 2877 dicitur
2191 2847 2231 2877 de
2246 2846 2486 2887 comparatione

1414 2899 1521 2919 rerum
1544 2889 1577 2921 in
1600 2890 1774 2922 nobilitate.
1798 2909 1819 2915 -
1844 2891 1901 2922 Est
1916 2891 2012 2922 etiam
2027 2898 2059 2922 et
2074 2891 2154 2922 alius
2169 2890 2203 2922 in
2218 2890 2280 2921 hoc
2293 2898 2486 2931 argumento

1414 2933 1568 2965 defectus:
1594 2936 1693 2976 quod,
1711 2935 1787 2977 quia
1802 2936 1968 2967 contraria
1983 2940 2095 2966 mutuo
2108 2945 2144 2967 se
2158 2935 2325 2976 expellunt
2339 2934 2366 2972 *,
2383 2945 2486 2976 quan-

1414 2978 1522 3020 doque
1556 2980 1703 3020 superbia
1735 2980 1833 3012 vincit
1867 2980 2089 3012 humilitatem.
2125 2979 2286 3020 Scriptum
2321 2986 2368 3010 est
2398 2979 2484 3012 enim

1414 3022 1489 3063 Sap.
1504 3022 1551 3059 1²⁸¹,
1571 3025 1661 3065 quod
1677 3024 1819 3065 Spiritus
1833 3024 1974 3056 Sanctus
1989 3024 2184 3065 corripietur
2202 3033 2223 3055 a
2239 3025 2485 3064 superveniente

1414 3068 1592 3108 iniquitate.

1469 3112 1568 3145 XVII.
1591 3114 1626 3144 In
1642 3113 1851 3155 responsione
1869 3113 1910 3144 ad
1924 3113 2102 3144 secundum
2118 3112 2262 3143 eiusdem
2277 3112 2411 3150 articuli,
2427 3113 2485 3144 du-

1413 3156 1503 3187 bium
1520 3166 1557 3188 ex
1571 3157 1722 3195 Martino,
1742 3157 1861 3189 ibidem
1874 3157 1902 3194 ³⁸,
1918 3156 2065 3193 occurrit,
2083 3162 2192 3188 contra
2206 3156 2288 3187 hanc
2303 3157 2484 3197 responsio-

1414 3211 1488 3232 nem
1504 3209 1664 3242 arguente,
1677 3202 1753 3244 quia
1764 3202 1842 3233 haec
1853 3201 1972 3233 solutio
1986 3211 2052 3232 non
2069 3208 2199 3232 evacuat
2214 3201 2381 3233 rationem.
2394 3202 2483 3234 Tum

1407 3246 1532 3286 primo,
1560 3246 1636 3288 quia
1659 3246 1822 3278 conclusio
1846 3255 1913 3277 non
1936 3252 2100 3286 comparat
2122 3245 2335 3277 humilitatem
2360 3245 2419 3277 nisi
2443 3247 2482 3278 ad

1412 3290 1488 3321 alias
1511 3291 1642 3322 virtutes
1666 3291 1812 3322 morales.
1837 3290 1931 3321 Fides
1946 3296 2054 3320 autem
2070 3299 2136 3320 non
2161 3297 2208 3321 est
2226 3290 2325 3322 virtus
2342 3291 2481 3324 moralis.

1468 3335 1557 3366 Tum
1586 3335 1744 3373 secundo,
1769 3341 1878 3366 contra
1901 3333 2091 3374 opinionem
2114 3335 2203 3375 quod
2228 3334 2391 3366 humilitas
2414 3345 2482 3367 non

1413 3386 1459 3410 est
1482 3379 1728 3411 fundamentum
1751 3378 1905 3410 virtutum
1937 3378 1997 3408 nisi
2025 3378 2101 3419 quia
2128 3386 2270 3410 removet
2297 3379 2490 3420 prohibens,

1412 3423 1554 3464 arguitur
1582 3424 1636 3455 sic.
1667 3424 1844 3454 Removere
1872 3422 2060 3463 prohibens,
2085 3423 2146 3454 hoc
2170 3430 2215 3454 est
2243 3423 2426 3464 superbiam
2448 3423 2482 3457 in

1412 3468 1589 3508 proposito,
1613 3466 1760 3498 convenit
1784 3477 1850 3498 non
1874 3466 1981 3497 solum
2005 3467 2190 3504 humilitati,
2214 3468 2269 3499 sed
2293 3467 2380 3499 alteri
2403 3467 2482 3499 vitio

1412 3519 1552 3542 extremo
1569 3511 1725 3542 contrario
1743 3510 1917 3552 superbiae.
1943 3511 2027 3551 Ergo
2053 3522 2108 3552 per
2124 3522 2286 3543 removere
2309 3511 2482 3553 prohibens

1411 3556 1573 3587 humilitas
1603 3566 1667 3587 non
1691 3555 1785 3586 habet
1814 3555 1969 3586 rationem
1993 3555 2208 3593 fundamenti,
2232 3556 2292 3587 nisi
2317 3556 2412 3587 etiam
2435 3555 2480 3586 di-

1411 3608 1500 3631 catur
1523 3600 1612 3642 quod
1636 3610 1703 3631 esse
1725 3599 1881 3631 virtutum
1900 3599 2146 3632 fundamentum
2162 3601 2311 3633 convenit
2326 3601 2422 3632 etiam
2434 3599 2480 3631 illi

1411 3644 1498 3676 alteri
1523 3644 1610 3681 vitio,
1627 3651 1686 3675 etc.

2513 2943 2522 2953 ⁸
2535 2943 2634 2966 Αῆιιοῐ.
2652 2943 2725 2972 Phys.

2510 2969 2725 3020 me..

2510 3023 2562 3046 leet.
2577 3029 2623 3046 xvi.

2512 3051 2521 3061 ·
2535 3049 2602 3072 Van.
2617 3056 2637 3079 5.

2510 3162 2679 3192 ‘Consiua-3.
