<?xml version="1.0" encoding="UTF-8"?>
<!DOCTYPE html PUBLIC "-//W3C//DTD XHTML 1.0 Transitional//EN"
    "http://www.w3.org/TR/xhtml1/DTD/xhtml1-transitional.dtd">
<html xmlns="http://www.w3.org/1999/xhtml" xml:lang="en" lang="en">
 <head>
  <title>
</title>
<meta http-equiv="Content-Type" content="text/html;charset=utf-8" />
  <meta name='ocr-system' content='tesseract 3.04.00' />
  <meta name='ocr-capabilities' content='ocr_page ocr_carea ocr_par ocr_line ocrx_word'/>
</head>
<body>
  <div class='ocr_page' id='page_1' title='image "./operaomniaiussui10thom_0100.png"; bbox 0 0 2768 4198; ppageno 0'>
   <div class='ocr_carea' id='block_1_1' title="bbox 42 702 255 757">
    <p class='ocr_par' dir='ltr' id='par_1_1' title="bbox 42 702 255 757">
     <span class='ocr_line' id='line_1_1' title="bbox 44 702 255 729; baseline 0 -6"><span class='ocrx_word' id='word_1_1' title='bbox 44 703 53 713; x_wconf 75' lang='grc'><em>“</em></span> <span class='ocrx_word' id='word_1_2' title='bbox 64 702 112 729; x_wconf 90' lang='lat' dir='ltr'>Qu.</span> <span class='ocrx_word' id='word_1_3' title='bbox 124 707 202 729; x_wconf 79' lang='lat' dir='ltr'>cxxiii,</span> <span class='ocrx_word' id='word_1_4' title='bbox 213 705 255 723; x_wconf 85' lang='lat' dir='ltr'>art.</span> 
     </span>
     <span class='ocr_line' id='line_1_2' title="bbox 42 728 240 757; baseline 0 -8"><span class='ocrx_word' id='word_1_5' title='bbox 42 735 62 757; x_wconf 85' lang='lat'>3,</span> <span class='ocrx_word' id='word_1_6' title='bbox 77 728 105 750; x_wconf 86' lang='lat' dir='ltr'>ad</span> <span class='ocrx_word' id='word_1_7' title='bbox 120 734 144 754; x_wconf 84' lang='lat'>2;</span> <span class='ocrx_word' id='word_1_8' title='bbox 159 732 202 750; x_wconf 84' lang='lat' dir='ltr'>art.</span> <span class='ocrx_word' id='word_1_9' title='bbox 216 736 240 755; x_wconf 88' lang='lat'>4.</span> 
     </span>
    </p>
   </div>
   <div class='ocr_carea' id='block_1_2' title="bbox 37 1411 250 1620">
    <p class='ocr_par' dir='ltr' id='par_1_2' title="bbox 37 1411 250 1573">
     <span class='ocr_line' id='line_1_3' title="bbox 40 1411 249 1432; baseline 0 0"><span class='ocrx_word' id='word_1_10' title='bbox 40 1411 91 1432; x_wconf 53' lang='lat' dir='ltr'>’Ctss</span> <span class='ocrx_word' id='word_1_11' title='bbox 101 1411 228 1432; x_wconf 70' lang='lat' dir='ltr'>etiam.arr</span> <span class='ocrx_word' id='word_1_12' title='bbox 238 1417 249 1432; x_wconf 81' lang='lat'>2</span> 
     </span>
     <span class='ocr_line' id='line_1_4' title="bbox 38 1437 249 1465; baseline 0 -6"><span class='ocrx_word' id='word_1_13' title='bbox 38 1438 59 1447; x_wconf 74' lang='lat'>&#39;⁸</span> <span class='ocrx_word' id='word_1_14' title='bbox 73 1437 129 1465; x_wconf 64' lang='lat' dir='ltr'>Cap⁴</span> <span class='ocrx_word' id='word_1_15' title='bbox 141 1444 174 1464; x_wconf 85' lang='lat'>111,</span> <span class='ocrx_word' id='word_1_16' title='bbox 185 1444 208 1459; x_wconf 89' lang='lat' dir='ltr'>n.</span> <span class='ocrx_word' id='word_1_17' title='bbox 220 1444 249 1465; x_wconf 82' lang='lat'>17,</span> 
     </span>
     <span class='ocr_line' id='line_1_5' title="bbox 39 1464 250 1491; baseline 0.005 -6"><span class='ocrx_word' id='word_1_18' title='bbox 39 1464 73 1486; x_wconf 71' lang='grc' dir='ltr'>ιδ·</span> <span class='ocrx_word' id='word_1_19' title='bbox 85 1470 135 1491; x_wconf 86' lang='lat' dir='ltr'>cap.</span> <span class='ocrx_word' id='word_1_20' title='bbox 146 1471 176 1491; x_wconf 75' lang='lat' dir='ltr'>tv,</span> <span class='ocrx_word' id='word_1_21' title='bbox 185 1470 250 1486; x_wconf 82' lang='lat' dir='ltr'>n.1.-</span> 
     </span>
     <span class='ocr_line' id='line_1_6' title="bbox 37 1481 248 1522; baseline 0 -10"><span class='ocrx_word' id='word_1_22' title='bbox 37 1481 248 1522; x_wconf 55' lang='lat' dir='ltr'>S.²1Jh.lect.rx,xn.</span> 
     </span>
     <span class='ocr_line' id='line_1_7' title="bbox 40 1517 249 1540; baseline 0.005 -1"><span class='ocrx_word' id='word_1_23' title='bbox 40 1517 91 1539; x_wconf 55' lang='lat' dir='ltr'>*Ch</span> <span class='ocrx_word' id='word_1_24' title='bbox 101 1522 170 1539; x_wconf 75' lang='lat' dir='ltr'>eiiam</span> <span class='ocrx_word' id='word_1_25' title='bbox 178 1522 219 1540; x_wconf 87' lang='lat' dir='ltr'>art.</span> <span class='ocrx_word' id='word_1_26' title='bbox 229 1524 249 1540; x_wconf 89' lang='lat'>2.</span> 
     </span>
     <span class='ocr_line' id='line_1_8' title="bbox 38 1545 132 1573; baseline -0.011 -7"><span class='ocrx_word' id='word_1_27' title='bbox 38 1545 66 1566; x_wconf 91' lang='lat' dir='ltr'>ad</span> <span class='ocrx_word' id='word_1_28' title='bbox 82 1551 98 1571; x_wconf 86' lang='grc' dir='ltr'>ι,</span> <span class='ocrx_word' id='word_1_29' title='bbox 113 1551 132 1573; x_wconf 85' lang='lat'>3.</span> 
     </span>
    </p>

    <p class='ocr_par' dir='ltr' id='par_1_3' title="bbox 37 1571 250 1620">
     <span class='ocr_line' id='line_1_9' title="bbox 38 1571 250 1598; baseline 0 -6"><span class='ocrx_word' id='word_1_30' title='bbox 38 1571 88 1593; x_wconf 71' lang='lat' dir='ltr'>‘Ca</span> <span class='ocrx_word' id='word_1_31' title='bbox 107 1588 111 1592; x_wconf 95' lang='lat'>.</span> <span class='ocrx_word' id='word_1_32' title='bbox 124 1577 158 1598; x_wconf 83' lang='grc' dir='ltr'>ιιι,</span> <span class='ocrx_word' id='word_1_33' title='bbox 170 1577 191 1593; x_wconf 88' lang='grc' dir='ltr'>ιι.</span> <span class='ocrx_word' id='word_1_34' title='bbox 201 1578 250 1598; x_wconf 83' lang='lat'>14.-</span> 
     </span>
     <span class='ocr_line' id='line_1_10' title="bbox 37 1598 247 1620; baseline 0 -1"><span class='ocrx_word' id='word_1_35' title='bbox 37 1598 61 1620; x_wconf 94' lang='lat' dir='ltr'>S.</span> <span class='ocrx_word' id='word_1_36' title='bbox 99 1599 120 1619; x_wconf 88' lang='lat' dir='ltr'>h.</span> <span class='ocrx_word' id='word_1_37' title='bbox 136 1599 186 1619; x_wconf 79' lang='lat' dir='ltr'>lect.</span> <span class='ocrx_word' id='word_1_38' title='bbox 198 1605 247 1620; x_wconf 82' lang='grc' dir='ltr'>νιιι.</span> 
     </span>
    </p>
   </div>
   <div class='ocr_carea' id='block_1_3' title="bbox 122 1827 249 1848">
    <p class='ocr_par' dir='ltr' id='par_1_4' title="bbox 122 1827 249 1848">
     <span class='ocr_line' id='line_1_11' title="bbox 122 1827 249 1848; baseline 0.008 -7"><span class='ocrx_word' id='word_1_39' title='bbox 122 1827 154 1846; x_wconf 87' lang='grc' dir='ltr'>ιιι,</span> <span class='ocrx_word' id='word_1_40' title='bbox 166 1827 187 1842; x_wconf 93' lang='lat' dir='ltr'>n.</span> <span class='ocrx_word' id='word_1_41' title='bbox 200 1827 229 1848; x_wconf 87' lang='grc' dir='ltr'>ι7.</span> <span class='ocrx_word' id='word_1_42' title='bbox 238 1832 249 1835; x_wconf 99' lang='grc'>-</span> 
     </span>
    </p>
   </div>
   <div class='ocr_carea' id='block_1_4' title="bbox 35 1821 232 1869">
    <p class='ocr_par' dir='ltr' id='par_1_5' title="bbox 35 1821 232 1869">
     <span class='ocr_line' id='line_1_12' title="bbox 35 1821 232 1869; baseline 0.005 -1"><span class='ocrx_word' id='word_1_43' title='bbox 35 1821 119 1869; x_wconf 50' lang='lat' dir='ltr'>SQ&#39;IPli.</span> <span class='ocrx_word' id='word_1_44' title='bbox 136 1848 186 1869; x_wconf 82' lang='lat' dir='ltr'>lect.</span> <span class='ocrx_word' id='word_1_45' title='bbox 203 1854 232 1869; x_wconf 81' lang='lat' dir='ltr'>ix.</span> 
     </span>
    </p>
   </div>
   <div class='ocr_carea' id='block_1_5' title="bbox 133 1999 248 2019">
    <p class='ocr_par' dir='ltr' id='par_1_6' title="bbox 133 1999 248 2019">
     <span class='ocr_line' id='line_1_13' title="bbox 133 1999 248 2019; baseline 0 -5"><span class='ocrx_word' id='word_1_46' title='bbox 133 1999 163 2019; x_wconf 88' lang='grc' dir='ltr'>ιν,</span> <span class='ocrx_word' id='word_1_47' title='bbox 174 1999 196 2014; x_wconf 89' lang='lat' dir='ltr'>n.</span> <span class='ocrx_word' id='word_1_48' title='bbox 208 1999 248 2014; x_wconf 88' lang='lat'>2.-</span> 
     </span>
    </p>
   </div>
   <div class='ocr_carea' id='block_1_6' title="bbox 34 1994 245 2042">
    <p class='ocr_par' dir='ltr' id='par_1_7' title="bbox 34 1994 245 2042">
     <span class='ocr_line' id='line_1_14' title="bbox 34 1994 245 2042; baseline 0.009 -2"><span class='ocrx_word' id='word_1_49' title='bbox 34 1994 116 2041; x_wconf 39' lang='lat' dir='ltr'>&amp;biiii</span> <span class='ocrx_word' id='word_1_50' title='bbox 135 2020 185 2041; x_wconf 77' lang='lat' dir='ltr'>lect.</span> <span class='ocrx_word' id='word_1_51' title='bbox 205 2026 245 2042; x_wconf 85' lang='lat' dir='ltr'>xn.</span> 
     </span>
    </p>
   </div>
   <div class='ocr_carea' id='block_1_7' title="bbox 291 294 337 329">
    <p class='ocr_par' dir='ltr' id='par_1_8' title="bbox 291 294 337 329">
     <span class='ocr_line' id='line_1_15' title="bbox 291 294 337 329; baseline 0 0"><span class='ocrx_word' id='word_1_52' title='bbox 291 294 337 329; x_wconf 88' lang='lat'>58</span> 
     </span>
    </p>
   </div>
   <div class='ocr_carea' id='block_1_8' title="bbox 283 371 1359 796">
    <p class='ocr_par' dir='ltr' id='par_1_9' title="bbox 283 371 1359 796">
     <span class='ocr_line' id='line_1_16' title="bbox 339 371 1359 419; baseline -0.002 -9"><span class='ocrx_word' id='word_1_53' title='bbox 339 375 398 410; x_wconf 83' lang='lat' dir='ltr'>An</span> <span class='ocrx_word' id='word_1_54' title='bbox 427 384 619 410; x_wconf 79' lang='lat' dir='ltr'>SECUNDUM</span> <span class='ocrx_word' id='word_1_55' title='bbox 648 384 833 409; x_wconf 77' lang='lat' dir='ltr'>DiCENDuM</span> <span class='ocrx_word' id='word_1_56' title='bbox 871 372 976 419; x_wconf 90' lang='lat' dir='ltr'>quod</span> <span class='ocrx_word' id='word_1_57' title='bbox 1006 372 1150 418; x_wconf 88' lang='lat' dir='ltr'>honor,</span> <span class='ocrx_word' id='word_1_58' title='bbox 1182 371 1250 407; x_wconf 88' lang='lat' dir='ltr'>etsi</span> <span class='ocrx_word' id='word_1_59' title='bbox 1279 384 1359 408; x_wconf 90' lang='lat' dir='ltr'>non</span> 
     </span>
     <span class='ocr_line' id='line_1_17' title="bbox 286 424 1358 475; baseline -0.003 -12"><span class='ocrx_word' id='word_1_60' title='bbox 286 426 332 463; x_wconf 89' lang='lat' dir='ltr'>sit</span> <span class='ocrx_word' id='word_1_61' title='bbox 361 426 487 475; x_wconf 84' lang='lat' dir='ltr'>passio</span> <span class='ocrx_word' id='word_1_62' title='bbox 516 427 577 463; x_wconf 92' lang='lat' dir='ltr'>vel</span> <span class='ocrx_word' id='word_1_63' title='bbox 614 426 807 475; x_wconf 79' lang='lat' dir='ltr'>operatio,</span> <span class='ocrx_word' id='word_1_64' title='bbox 839 434 894 461; x_wconf 89' lang='lat' dir='ltr'>est</span> <span class='ocrx_word' id='word_1_65' title='bbox 921 433 1050 461; x_wconf 83' lang='lat' dir='ltr'>tamen</span> <span class='ocrx_word' id='word_1_66' title='bbox 1085 424 1242 461; x_wconf 88' lang='lat' dir='ltr'>alicuius</span> <span class='ocrx_word' id='word_1_67' title='bbox 1271 436 1358 473; x_wconf 88' lang='lat' dir='ltr'>pas-</span> 
     </span>
     <span class='ocr_line' id='line_1_18' title="bbox 286 477 1358 527; baseline -0.003 -11"><span class='ocrx_word' id='word_1_68' title='bbox 286 479 402 516; x_wconf 84' lang='lat' dir='ltr'>sionis</span> <span class='ocrx_word' id='word_1_69' title='bbox 434 479 647 516; x_wconf 82' lang='lat' dir='ltr'>obiectum:</span> <span class='ocrx_word' id='word_1_70' title='bbox 679 479 818 516; x_wconf 91' lang='lat' dir='ltr'>scilicet</span> <span class='ocrx_word' id='word_1_71' title='bbox 842 478 934 527; x_wconf 80' lang='lat' dir='ltr'>spei,</span> <span class='ocrx_word' id='word_1_72' title='bbox 958 490 1056 526; x_wconf 90' lang='lat' dir='ltr'>quae</span> <span class='ocrx_word' id='word_1_73' title='bbox 1085 477 1205 514; x_wconf 90' lang='lat' dir='ltr'>tendit</span> <span class='ocrx_word' id='word_1_74' title='bbox 1230 477 1269 514; x_wconf 93' lang='lat' dir='ltr'>in</span> <span class='ocrx_word' id='word_1_75' title='bbox 1290 478 1358 514; x_wconf 91' lang='lat' dir='ltr'>bo-</span> 
     </span>
     <span class='ocr_line' id='line_1_19' title="bbox 286 530 1358 579; baseline -0.002 -9"><span class='ocrx_word' id='word_1_76' title='bbox 286 546 377 570; x_wconf 88' lang='lat' dir='ltr'>num</span> <span class='ocrx_word' id='word_1_77' title='bbox 399 535 574 571; x_wconf 85' lang='lat' dir='ltr'>arduum.</span> <span class='ocrx_word' id='word_1_78' title='bbox 605 534 654 570; x_wconf 93' lang='lat' dir='ltr'>Et</span> <span class='ocrx_word' id='word_1_79' title='bbox 681 533 767 569; x_wconf 92' lang='lat' dir='ltr'>ideo</span> <span class='ocrx_word' id='word_1_80' title='bbox 797 530 1087 579; x_wconf 83' lang='lat' dir='ltr'>magnanimitas</span> <span class='ocrx_word' id='word_1_81' title='bbox 1114 539 1170 567; x_wconf 91' lang='lat' dir='ltr'>est</span> <span class='ocrx_word' id='word_1_82' title='bbox 1199 530 1358 579; x_wconf 90' lang='lat' dir='ltr'>quidem</span> 
     </span>
     <span class='ocr_line' id='line_1_20' title="bbox 285 583 1356 634; baseline -0.003 -10"><span class='ocrx_word' id='word_1_83' title='bbox 285 587 506 624; x_wconf 86' lang='lat' dir='ltr'>immediate</span> <span class='ocrx_word' id='word_1_84' title='bbox 528 587 626 623; x_wconf 91' lang='lat' dir='ltr'>circa</span> <span class='ocrx_word' id='word_1_85' title='bbox 653 586 873 634; x_wconf 87' lang='lat' dir='ltr'>passionem</span> <span class='ocrx_word' id='word_1_86' title='bbox 903 583 1001 631; x_wconf 83' lang='lat' dir='ltr'>spei,</span> <span class='ocrx_word' id='word_1_87' title='bbox 1033 584 1197 621; x_wconf 89' lang='lat' dir='ltr'>mediate</span> <span class='ocrx_word' id='word_1_88' title='bbox 1227 592 1356 621; x_wconf 88' lang='lat' dir='ltr'>autem</span> 
     </span>
     <span class='ocr_line' id='line_1_21' title="bbox 285 637 1358 687; baseline -0.003 -10"><span class='ocrx_word' id='word_1_89' title='bbox 285 641 383 678; x_wconf 88' lang='lat' dir='ltr'>circa</span> <span class='ocrx_word' id='word_1_90' title='bbox 412 641 619 687; x_wconf 82' lang='lat' dir='ltr'>honorem,</span> <span class='ocrx_word' id='word_1_91' title='bbox 651 640 746 676; x_wconf 91' lang='lat' dir='ltr'>sicut</span> <span class='ocrx_word' id='word_1_92' title='bbox 775 638 874 674; x_wconf 89' lang='lat' dir='ltr'>circa</span> <span class='ocrx_word' id='word_1_93' title='bbox 904 637 1098 673; x_wconf 87' lang='lat' dir='ltr'>obiectum</span> <span class='ocrx_word' id='word_1_94' title='bbox 1128 637 1230 685; x_wconf 90' lang='lat' dir='ltr'>spei:</span> <span class='ocrx_word' id='word_1_95' title='bbox 1261 638 1358 674; x_wconf 87' lang='lat' dir='ltr'>sicut</span> 
     </span>
     <span class='ocr_line' id='line_1_22' title="bbox 286 691 1357 740; baseline -0.004 -9"><span class='ocrx_word' id='word_1_96' title='bbox 286 703 321 730; x_wconf 88' lang='lat' dir='ltr'>et</span> <span class='ocrx_word' id='word_1_97' title='bbox 337 696 383 731; x_wconf 91' lang='lat' dir='ltr'>de</span> <span class='ocrx_word' id='word_1_98' title='bbox 400 694 619 730; x_wconf 86' lang='lat' dir='ltr'>fortitudine</span> <span class='ocrx_word' id='word_1_99' title='bbox 645 691 789 740; x_wconf 78' lang='lat' dir='ltr'>supra*</span> <span class='ocrx_word' id='word_1_100' title='bbox 810 691 953 728; x_wconf 90' lang='lat' dir='ltr'>dictum</span> <span class='ocrx_word' id='word_1_101' title='bbox 978 698 1034 727; x_wconf 89' lang='lat' dir='ltr'>est</span> <span class='ocrx_word' id='word_1_102' title='bbox 1055 691 1160 739; x_wconf 91' lang='lat' dir='ltr'>quod</span> <span class='ocrx_word' id='word_1_103' title='bbox 1182 699 1238 727; x_wconf 93' lang='lat' dir='ltr'>est</span> <span class='ocrx_word' id='word_1_104' title='bbox 1258 691 1357 727; x_wconf 88' lang='lat' dir='ltr'>circa</span> 
     </span>
     <span class='ocr_line' id='line_1_23' title="bbox 283 743 1358 796; baseline -0.003 -12"><span class='ocrx_word' id='word_1_105' title='bbox 283 748 449 796; x_wconf 90' lang='lat' dir='ltr'>pericula</span> <span class='ocrx_word' id='word_1_106' title='bbox 470 746 602 783; x_wconf 91' lang='lat' dir='ltr'>mortis</span> <span class='ocrx_word' id='word_1_107' title='bbox 623 746 849 794; x_wconf 86' lang='lat' dir='ltr'>inquantum</span> <span class='ocrx_word' id='word_1_108' title='bbox 876 751 963 780; x_wconf 91' lang='lat' dir='ltr'>sunt</span> <span class='ocrx_word' id='word_1_109' title='bbox 983 743 1179 780; x_wconf 89' lang='lat' dir='ltr'>obiectum</span> <span class='ocrx_word' id='word_1_110' title='bbox 1209 744 1358 781; x_wconf 90' lang='lat' dir='ltr'>timoris</span> 
     </span>
    </p>
   </div>
   <div class='ocr_carea' id='block_1_9' title="bbox 285 801 1359 899">
    <p class='ocr_par' dir='ltr' id='par_1_10' title="bbox 285 801 1359 899">
     <span class='ocr_line' id='line_1_24' title="bbox 285 801 545 837; baseline -0.004 0"><span class='ocrx_word' id='word_1_111' title='bbox 285 809 320 837; x_wconf 91' lang='lat' dir='ltr'>et</span> <span class='ocrx_word' id='word_1_112' title='bbox 349 801 545 837; x_wconf 87' lang='lat' dir='ltr'>audaciae.</span> 
     </span>
     <span class='ocr_line' id='line_1_25' title="bbox 336 851 1359 899; baseline -0.003 -9"><span class='ocrx_word' id='word_1_113' title='bbox 336 857 394 890; x_wconf 81' lang='lat' dir='ltr'>An</span> <span class='ocrx_word' id='word_1_114' title='bbox 424 864 583 889; x_wconf 68' lang='lat' dir='ltr'>TER-rma</span> <span class='ocrx_word' id='word_1_115' title='bbox 613 863 800 888; x_wconf 82' lang='lat' dir='ltr'>DlCENDUM</span> <span class='ocrx_word' id='word_1_116' title='bbox 821 851 928 899; x_wconf 90' lang='lat' dir='ltr'>quod</span> <span class='ocrx_word' id='word_1_117' title='bbox 949 851 1000 887; x_wconf 88' lang='lat' dir='ltr'>illi</span> <span class='ocrx_word' id='word_1_118' title='bbox 1020 851 1085 899; x_wconf 89' lang='lat' dir='ltr'>qui</span> <span class='ocrx_word' id='word_1_119' title='bbox 1105 858 1359 888; x_wconf 90' lang='lat' dir='ltr'>contemnunt</span> 
     </span>
    </p>
   </div>
   <div class='ocr_carea' id='block_1_10' title="bbox 911 291 1817 340">
    <p class='ocr_par' dir='ltr' id='par_1_11' title="bbox 911 291 1817 340">
     <span class='ocr_line' id='line_1_26' title="bbox 911 291 1817 340; baseline 0.004 -11"><span class='ocrx_word' id='word_1_120' title='bbox 911 291 916 294; x_wconf 73' lang='grc'><em>“</em></span> <span class='ocrx_word' id='word_1_121' title='bbox 961 293 1231 339; x_wconf 86' lang='lat' dir='ltr'>QUAESTlo</span> <span class='ocrx_word' id='word_1_122' title='bbox 1263 293 1443 340; x_wconf 69' lang='lat' dir='ltr'>cxxm,</span> <span class='ocrx_word' id='word_1_123' title='bbox 1472 295 1774 333; x_wconf 82' lang='lat' dir='ltr'>ARTICULUS</span> <span class='ocrx_word' id='word_1_124' title='bbox 1805 297 1817 332; x_wconf 96' lang='lat'><em>1</em></span> 
     </span>
    </p>
   </div>
   <div class='ocr_carea' id='block_1_11' title="bbox 1412 373 2487 747">
    <p class='ocr_par' dir='ltr' id='par_1_12' title="bbox 1412 373 2487 747">
     <span class='ocr_line' id='line_1_27' title="bbox 1414 373 2487 426; baseline 0.006 -17"><span class='ocrx_word' id='word_1_125' title='bbox 1414 373 1583 411; x_wconf 89' lang='lat' dir='ltr'>honores</span> <span class='ocrx_word' id='word_1_126' title='bbox 1621 375 1696 412; x_wconf 91' lang='lat' dir='ltr'>hoc</span> <span class='ocrx_word' id='word_1_127' title='bbox 1735 376 1854 412; x_wconf 90' lang='lat' dir='ltr'>modo</span> <span class='ocrx_word' id='word_1_128' title='bbox 1891 377 1996 424; x_wconf 91' lang='lat' dir='ltr'>quod</span> <span class='ocrx_word' id='word_1_129' title='bbox 2033 389 2105 426; x_wconf 91' lang='lat' dir='ltr'>pro</span> <span class='ocrx_word' id='word_1_130' title='bbox 2145 377 2198 414; x_wconf 91' lang='lat' dir='ltr'>eis</span> <span class='ocrx_word' id='word_1_131' title='bbox 2231 377 2487 426; x_wconf 85' lang='lat' dir='ltr'>adipiscendis</span> 
     </span>
     <span class='ocr_line' id='line_1_28' title="bbox 1414 426 2487 480; baseline 0.007 -18"><span class='ocrx_word' id='word_1_132' title='bbox 1414 426 1506 463; x_wconf 91' lang='lat' dir='ltr'>nihil</span> <span class='ocrx_word' id='word_1_133' title='bbox 1534 427 1811 466; x_wconf 87' lang='lat' dir='ltr'>inconveniens</span> <span class='ocrx_word' id='word_1_134' title='bbox 1840 429 1991 476; x_wconf 85' lang='lat' dir='ltr'>faciunt,</span> <span class='ocrx_word' id='word_1_135' title='bbox 2023 443 2094 468; x_wconf 91' lang='lat' dir='ltr'>nec</span> <span class='ocrx_word' id='word_1_136' title='bbox 2123 426 2200 468; x_wconf 36' lang='lat' dir='ltr'>eos*</span> <span class='ocrx_word' id='word_1_137' title='bbox 2219 431 2331 468; x_wconf 90' lang='lat' dir='ltr'>nimis</span> <span class='ocrx_word' id='word_1_138' title='bbox 2351 444 2487 480; x_wconf 88' lang='lat' dir='ltr'>appre-</span> 
     </span>
     <span class='ocr_line' id='line_1_29' title="bbox 1413 478 2486 533; baseline 0.007 -18"><span class='ocrx_word' id='word_1_139' title='bbox 1413 478 1563 527; x_wconf 90' lang='lat' dir='ltr'>tiantur,</span> <span class='ocrx_word' id='word_1_140' title='bbox 1589 481 1800 519; x_wconf 85' lang='lat' dir='ltr'>laudabiles</span> <span class='ocrx_word' id='word_1_141' title='bbox 1820 491 1917 520; x_wconf 90' lang='lat' dir='ltr'>sunt.</span> <span class='ocrx_word' id='word_1_142' title='bbox 1950 484 1989 520; x_wconf 91' lang='lat' dir='ltr'>Si</span> <span class='ocrx_word' id='word_1_143' title='bbox 2009 484 2093 533; x_wconf 92' lang='lat' dir='ltr'>quis</span> <span class='ocrx_word' id='word_1_144' title='bbox 2113 493 2243 521; x_wconf 90' lang='lat' dir='ltr'>autem</span> <span class='ocrx_word' id='word_1_145' title='bbox 2266 486 2342 522; x_wconf 92' lang='lat' dir='ltr'>hoc</span> <span class='ocrx_word' id='word_1_146' title='bbox 2366 485 2486 522; x_wconf 84' lang='lat' dir='ltr'>modo</span> 
     </span>
     <span class='ocr_line' id='line_1_30' title="bbox 1413 536 2487 585; baseline 0.007 -17"><span class='ocrx_word' id='word_1_147' title='bbox 1413 540 1678 571; x_wconf 89' lang='lat' dir='ltr'>contemneret</span> <span class='ocrx_word' id='word_1_148' title='bbox 1705 536 1874 573; x_wconf 86' lang='lat' dir='ltr'>honores</span> <span class='ocrx_word' id='word_1_149' title='bbox 1894 538 1998 585; x_wconf 90' lang='lat' dir='ltr'>quod</span> <span class='ocrx_word' id='word_1_150' title='bbox 2019 550 2098 575; x_wconf 92' lang='lat' dir='ltr'>non</span> <span class='ocrx_word' id='word_1_151' title='bbox 2119 547 2269 575; x_wconf 88' lang='lat' dir='ltr'>curaret</span> <span class='ocrx_word' id='word_1_152' title='bbox 2298 539 2421 575; x_wconf 84' lang='lat' dir='ltr'>facere</span> <span class='ocrx_word' id='word_1_153' title='bbox 2443 551 2487 575; x_wconf 87' lang='lat' dir='ltr'>ea</span> 
     </span>
     <span class='ocr_line' id='line_1_31' title="bbox 1414 587 2486 641; baseline 0.007 -20"><span class='ocrx_word' id='word_1_154' title='bbox 1414 597 1514 632; x_wconf 88' lang='lat' dir='ltr'>quae</span> <span class='ocrx_word' id='word_1_155' title='bbox 1543 594 1631 623; x_wconf 92' lang='lat' dir='ltr'>sunt</span> <span class='ocrx_word' id='word_1_156' title='bbox 1659 587 1774 635; x_wconf 89' lang='lat' dir='ltr'>digna</span> <span class='ocrx_word' id='word_1_157' title='bbox 1801 590 1963 637; x_wconf 88' lang='lat' dir='ltr'>honore,</span> <span class='ocrx_word' id='word_1_158' title='bbox 1994 592 2069 628; x_wconf 93' lang='lat' dir='ltr'>hoc</span> <span class='ocrx_word' id='word_1_159' title='bbox 2091 592 2346 641; x_wconf 87' lang='lat' dir='ltr'>vituperabile</span> <span class='ocrx_word' id='word_1_160' title='bbox 2377 600 2486 629; x_wconf 87' lang='lat' dir='ltr'>esset.</span> 
     </span>
     <span class='ocr_line' id='line_1_32' title="bbox 1413 639 2485 690; baseline 0.008 -16"><span class='ocrx_word' id='word_1_161' title='bbox 1413 639 1462 675; x_wconf 91' lang='lat' dir='ltr'>Et</span> <span class='ocrx_word' id='word_1_162' title='bbox 1491 639 1567 675; x_wconf 88' lang='lat' dir='ltr'>hoc</span> <span class='ocrx_word' id='word_1_163' title='bbox 1594 641 1714 677; x_wconf 90' lang='lat' dir='ltr'>modo</span> <span class='ocrx_word' id='word_1_164' title='bbox 1735 644 2029 690; x_wconf 88' lang='lat' dir='ltr'>magnanimitas</span> <span class='ocrx_word' id='word_1_165' title='bbox 2050 653 2106 682; x_wconf 92' lang='lat' dir='ltr'>est</span> <span class='ocrx_word' id='word_1_166' title='bbox 2126 646 2224 683; x_wconf 92' lang='lat' dir='ltr'>circa</span> <span class='ocrx_word' id='word_1_167' title='bbox 2249 647 2485 683; x_wconf 52' lang='lat' dir='ltr'>honorema:</span> 
     </span>
     <span class='ocr_line' id='line_1_33' title="bbox 1412 691 2486 747; baseline 0.008 -20"><span class='ocrx_word' id='word_1_168' title='bbox 1412 699 1454 728; x_wconf 90' lang='lat' dir='ltr'>ut</span> <span class='ocrx_word' id='word_1_169' title='bbox 1481 691 1658 730; x_wconf 89' lang='lat' dir='ltr'>videlicet</span> <span class='ocrx_word' id='word_1_170' title='bbox 1686 695 1837 732; x_wconf 85' lang='lat' dir='ltr'>studeat</span> <span class='ocrx_word' id='word_1_171' title='bbox 1864 697 1989 734; x_wconf 89' lang='lat' dir='ltr'>facere</span> <span class='ocrx_word' id='word_1_172' title='bbox 2019 711 2065 735; x_wconf 90' lang='lat' dir='ltr'>ea</span> <span class='ocrx_word' id='word_1_173' title='bbox 2094 711 2193 747; x_wconf 89' lang='lat' dir='ltr'>quae</span> <span class='ocrx_word' id='word_1_174' title='bbox 2223 709 2311 737; x_wconf 88' lang='lat' dir='ltr'>sunt</span> <span class='ocrx_word' id='word_1_175' title='bbox 2338 701 2486 737; x_wconf 88' lang='lat' dir='ltr'>honore</span> 
     </span>
    </p>
   </div>
   <div class='ocr_carea' id='block_1_12' title="bbox 1413 745 2486 838">
    <p class='ocr_par' dir='ltr' id='par_1_13' title="bbox 1413 745 2486 838">
     <span class='ocr_line' id='line_1_34' title="bbox 1414 745 2486 801; baseline 0.009 -21"><span class='ocrx_word' id='word_1_176' title='bbox 1414 745 1546 792; x_wconf 88' lang='lat' dir='ltr'>digna,</span> <span class='ocrx_word' id='word_1_177' title='bbox 1583 758 1663 783; x_wconf 93' lang='lat' dir='ltr'>non</span> <span class='ocrx_word' id='word_1_178' title='bbox 1691 755 1822 785; x_wconf 88' lang='lat' dir='ltr'>tamen</span> <span class='ocrx_word' id='word_1_179' title='bbox 1851 749 1905 786; x_wconf 91' lang='lat' dir='ltr'>sic</span> <span class='ocrx_word' id='word_1_180' title='bbox 1934 759 1975 787; x_wconf 90' lang='lat' dir='ltr'>ut</span> <span class='ocrx_word' id='word_1_181' title='bbox 2003 764 2074 800; x_wconf 92' lang='lat' dir='ltr'>pro</span> <span class='ocrx_word' id='word_1_182' title='bbox 2104 765 2245 801; x_wconf 87' lang='lat' dir='ltr'>magno</span> <span class='ocrx_word' id='word_1_183' title='bbox 2285 751 2486 791; x_wconf 74' lang='lat' dir='ltr'>aestimet⁰</span> 
     </span>
     <span class='ocr_line' id='line_1_35' title="bbox 1413 798 1860 838; baseline 0.009 -4"><span class='ocrx_word' id='word_1_184' title='bbox 1413 798 1628 836; x_wconf 88' lang='lat' dir='ltr'>humanum</span> <span class='ocrx_word' id='word_1_185' title='bbox 1657 801 1860 838; x_wconf 91' lang='lat' dir='ltr'>honorem.</span> 
     </span>
    </p>
   </div>
   <div class='ocr_carea' id='block_1_13' title="bbox 980 949 1630 953">
    <p class='ocr_par' dir='ltr' id='par_1_14' title="bbox 980 949 1630 953">
     <span class='ocr_line' id='line_1_36' title="bbox 980 949 1630 953; baseline 0 0"><span class='ocrx_word' id='word_1_186' title='bbox 980 949 1630 953; x_wconf 95' lang='lat' dir='ltr'> </span> 
     </span>
    </p>
   </div>
   <div class='ocr_carea' id='block_1_14' title="bbox 333 1002 772 1036">
    <p class='ocr_par' dir='ltr' id='par_1_15' title="bbox 333 1002 772 1036">
     <span class='ocr_line' id='line_1_37' title="bbox 333 1002 772 1036; baseline -0.007 -7"><span class='ocrx_word' id='word_1_187' title='bbox 333 1006 360 1036; x_wconf 88' lang='grc' dir='ltr'>η)</span> <span class='ocrx_word' id='word_1_188' title='bbox 380 1005 516 1029; x_wconf 83' lang='lat' dir='ltr'>honorem.</span> <span class='ocrx_word' id='word_1_189' title='bbox 530 1018 548 1021; x_wconf 98' lang='lat'>-</span> <span class='ocrx_word' id='word_1_190' title='bbox 566 1003 681 1027; x_wconf 81' lang='lat' dir='ltr'>honores</span> <span class='ocrx_word' id='word_1_191' title='bbox 700 1002 772 1027; x_wconf 81' lang='lat' dir='ltr'>PGa.</span> 
     </span>
    </p>
   </div>
   <div class='ocr_carea' id='block_1_15' title="bbox 1464 1001 2011 1038">
    <p class='ocr_par' dir='ltr' id='par_1_16' title="bbox 1464 1001 2011 1038">
     <span class='ocr_line' id='line_1_38' title="bbox 1464 1001 2011 1038; baseline 0.004 -11"><span class='ocrx_word' id='word_1_192' title='bbox 1464 1001 1488 1035; x_wconf 81' lang='grc' dir='ltr'>Θ)</span> <span class='ocrx_word' id='word_1_193' title='bbox 1509 1003 1642 1029; x_wconf 79' lang='lat' dir='ltr'>aestimet.</span> <span class='ocrx_word' id='word_1_194' title='bbox 1654 1017 1674 1022; x_wconf 95' lang='lat'>—</span> <span class='ocrx_word' id='word_1_195' title='bbox 1691 1004 1836 1030; x_wconf 77' lang='lat' dir='ltr'>aestiment</span> <span class='ocrx_word' id='word_1_196' title='bbox 1855 1004 2011 1038; x_wconf 83' lang='lat' dir='ltr'>BFIKLpA.</span> 
     </span>
    </p>
   </div>
   <div class='ocr_carea' id='block_1_16' title="bbox 952 1089 1793 1124">
    <p class='ocr_par' dir='ltr' id='par_1_17' title="bbox 952 1089 1793 1124">
     <span class='ocr_line' id='line_1_39' title="bbox 952 1089 1793 1124; baseline 0.002 -2"><span class='ocrx_word' id='word_1_197' title='bbox 952 1090 1290 1123; x_wconf 77' lang='lat' dir='ltr'>Commentaria</span> <span class='ocrx_word' id='word_1_198' title='bbox 1312 1089 1567 1122; x_wconf 51' lang='lat' dir='ltr'>Gar-clinans</span> <span class='ocrx_word' id='word_1_199' title='bbox 1589 1090 1793 1124; x_wconf 76' lang='lat' dir='ltr'>Caietam</span> 
     </span>
    </p>
   </div>
   <div class='ocr_carea' id='block_1_17' title="bbox 274 1179 1382 3635">
    <p class='ocr_par' dir='ltr' id='par_1_18' title="bbox 274 1179 1382 2332">
     <span class='ocr_line' id='line_1_40' title="bbox 311 1179 1359 1222; baseline -0.004 -9"><span class='ocrx_word' id='word_1_200' title='bbox 311 1194 329 1214; x_wconf 82' lang='lat' dir='ltr'>N</span> <span class='ocrx_word' id='word_1_201' title='bbox 358 1182 491 1213; x_wconf 89' lang='lat' dir='ltr'>articulo</span> <span class='ocrx_word' id='word_1_202' title='bbox 523 1180 628 1222; x_wconf 90' lang='lat' dir='ltr'>primo</span> <span class='ocrx_word' id='word_1_203' title='bbox 659 1179 855 1221; x_wconf 80' lang='lat' dir='ltr'>quaestionis</span> <span class='ocrx_word' id='word_1_204' title='bbox 885 1179 1359 1219; x_wconf 86' lang='lat' dir='ltr'>centesimaevigesimaenonae</span> 
     </span>
     <span class='ocr_line' id='line_1_41' title="bbox 284 1197 1355 1265; baseline -0.004 -7"><span class='ocrx_word' id='word_1_205' title='bbox 284 1197 448 1258; x_wconf 80' lang='lat' dir='ltr'>Idubium</span> <span class='ocrx_word' id='word_1_206' title='bbox 471 1226 623 1257; x_wconf 82' lang='lat' dir='ltr'>occurrit:</span> <span class='ocrx_word' id='word_1_207' title='bbox 648 1228 700 1256; x_wconf 88' lang='lat' dir='ltr'>An</span> <span class='ocrx_word' id='word_1_208' title='bbox 725 1224 968 1265; x_wconf 79' lang='lat' dir='ltr'>magnanimitas</span> <span class='ocrx_word' id='word_1_209' title='bbox 985 1224 1025 1255; x_wconf 91' lang='lat' dir='ltr'>sit</span> <span class='ocrx_word' id='word_1_210' title='bbox 1044 1224 1125 1255; x_wconf 88' lang='lat' dir='ltr'>circa</span> <span class='ocrx_word' id='word_1_211' title='bbox 1148 1234 1264 1264; x_wconf 88' lang='lat' dir='ltr'>magna</span> <span class='ocrx_word' id='word_1_212' title='bbox 1280 1234 1355 1264; x_wconf 90' lang='lat' dir='ltr'>ope-</span> 
     </span>
     <span class='ocr_line' id='line_1_42' title="bbox 279 1268 1356 1313; baseline -0.004 -10"><span class='ocrx_word' id='word_1_213' title='bbox 279 1273 338 1303; x_wconf 90' lang='lat' dir='ltr'>rari</span> <span class='ocrx_word' id='word_1_214' title='bbox 361 1280 516 1313; x_wconf 84' lang='lat' dir='ltr'>tanquam</span> <span class='ocrx_word' id='word_1_215' title='bbox 546 1270 715 1311; x_wconf 88' lang='lat' dir='ltr'>proprium</span> <span class='ocrx_word' id='word_1_216' title='bbox 748 1277 856 1300; x_wconf 83' lang='lat' dir='ltr'>actum</span> <span class='ocrx_word' id='word_1_217' title='bbox 885 1276 915 1300; x_wconf 89' lang='lat' dir='ltr'>et</span> <span class='ocrx_word' id='word_1_218' title='bbox 944 1269 1124 1300; x_wconf 85' lang='lat' dir='ltr'>obiectum:</span> <span class='ocrx_word' id='word_1_219' title='bbox 1149 1279 1189 1299; x_wconf 88' lang='lat' dir='ltr'>an</span> <span class='ocrx_word' id='word_1_220' title='bbox 1214 1269 1254 1300; x_wconf 90' lang='lat' dir='ltr'>sit</span> <span class='ocrx_word' id='word_1_221' title='bbox 1276 1268 1356 1299; x_wconf 88' lang='lat' dir='ltr'>circa</span> 
     </span>
     <span class='ocr_line' id='line_1_43' title="bbox 279 1313 1356 1358; baseline -0.004 -10"><span class='ocrx_word' id='word_1_222' title='bbox 279 1327 395 1358; x_wconf 88' lang='lat' dir='ltr'>magna</span> <span class='ocrx_word' id='word_1_223' title='bbox 418 1315 543 1357; x_wconf 89' lang='lat' dir='ltr'>operari</span> <span class='ocrx_word' id='word_1_224' title='bbox 574 1322 610 1346; x_wconf 93' lang='lat' dir='ltr'>ut</span> <span class='ocrx_word' id='word_1_225' title='bbox 633 1314 903 1345; x_wconf 79' lang='lat' dir='ltr'>circumstantiam</span> <span class='ocrx_word' id='word_1_226' title='bbox 931 1321 1013 1345; x_wconf 87' lang='lat' dir='ltr'>recte</span> <span class='ocrx_word' id='word_1_227' title='bbox 1042 1313 1188 1355; x_wconf 91' lang='lat' dir='ltr'>sperandi</span> <span class='ocrx_word' id='word_1_228' title='bbox 1217 1314 1356 1344; x_wconf 86' lang='lat' dir='ltr'>honores</span> 
     </span>
     <span class='ocr_line' id='line_1_44' title="bbox 278 1358 1356 1402; baseline -0.005 -9"><span class='ocrx_word' id='word_1_229' title='bbox 278 1372 424 1402; x_wconf 87' lang='lat' dir='ltr'>magnos.</span> <span class='ocrx_word' id='word_1_230' title='bbox 449 1361 490 1391; x_wconf 90' lang='lat' dir='ltr'>Et</span> <span class='ocrx_word' id='word_1_231' title='bbox 514 1367 559 1391; x_wconf 88' lang='lat' dir='ltr'>est</span> <span class='ocrx_word' id='word_1_232' title='bbox 576 1360 656 1390; x_wconf 84' lang='lat' dir='ltr'>ratio</span> <span class='ocrx_word' id='word_1_233' title='bbox 682 1359 768 1389; x_wconf 89' lang='lat' dir='ltr'>dubii</span> <span class='ocrx_word' id='word_1_234' title='bbox 793 1359 869 1400; x_wconf 91' lang='lat' dir='ltr'>quia</span> <span class='ocrx_word' id='word_1_235' title='bbox 888 1359 927 1390; x_wconf 90' lang='lat' dir='ltr'>de</span> <span class='ocrx_word' id='word_1_236' title='bbox 950 1358 1210 1399; x_wconf 86' lang='lat' dir='ltr'>magnanimitate</span> <span class='ocrx_word' id='word_1_237' title='bbox 1235 1358 1356 1389; x_wconf 89' lang='lat' dir='ltr'>diversa</span> 
     </span>
     <span class='ocr_line' id='line_1_45' title="bbox 279 1403 1357 1445; baseline -0.005 -7"><span class='ocrx_word' id='word_1_238' title='bbox 279 1407 437 1437; x_wconf 90' lang='lat' dir='ltr'>dicuntur.</span> <span class='ocrx_word' id='word_1_239' title='bbox 463 1405 586 1436; x_wconf 90' lang='lat' dir='ltr'>Dicitur</span> <span class='ocrx_word' id='word_1_240' title='bbox 602 1414 742 1445; x_wconf 90' lang='lat' dir='ltr'>namque</span> <span class='ocrx_word' id='word_1_241' title='bbox 759 1404 809 1434; x_wconf 89' lang='lat' dir='ltr'>hic</span> <span class='ocrx_word' id='word_1_242' title='bbox 823 1404 850 1440; x_wconf 93' lang='lat'>*,</span> <span class='ocrx_word' id='word_1_243' title='bbox 865 1411 895 1435; x_wconf 93' lang='lat' dir='ltr'>et</span> <span class='ocrx_word' id='word_1_244' title='bbox 911 1403 943 1434; x_wconf 93' lang='lat' dir='ltr'>in</span> <span class='ocrx_word' id='word_1_245' title='bbox 961 1404 1002 1434; x_wconf 90' lang='lat' dir='ltr'>1v</span> <span class='ocrx_word' id='word_1_246' title='bbox 1020 1404 1124 1434; x_wconf 82' lang='lat' dir='ltr'>Ethic.</span> <span class='ocrx_word' id='word_1_247' title='bbox 1141 1403 1186 1440; x_wconf 85' lang='lat'>**,</span> <span class='ocrx_word' id='word_1_248' title='bbox 1203 1404 1292 1444; x_wconf 93' lang='lat' dir='ltr'>quod</span> <span class='ocrx_word' id='word_1_249' title='bbox 1310 1409 1357 1434; x_wconf 91' lang='lat' dir='ltr'>est</span> 
     </span>
     <span class='ocr_line' id='line_1_46' title="bbox 278 1448 1355 1489; baseline -0.003 -8"><span class='ocrx_word' id='word_1_250' title='bbox 278 1452 377 1483; x_wconf 90' lang='lat' dir='ltr'>virtus</span> <span class='ocrx_word' id='word_1_251' title='bbox 401 1451 481 1482; x_wconf 88' lang='lat' dir='ltr'>circa</span> <span class='ocrx_word' id='word_1_252' title='bbox 501 1450 641 1480; x_wconf 88' lang='lat' dir='ltr'>honores</span> <span class='ocrx_word' id='word_1_253' title='bbox 664 1459 799 1489; x_wconf 88' lang='lat' dir='ltr'>magnos</span> <span class='ocrx_word' id='word_1_254' title='bbox 823 1456 859 1480; x_wconf 93' lang='lat' dir='ltr'>ut</span> <span class='ocrx_word' id='word_1_255' title='bbox 882 1448 1046 1489; x_wconf 85' lang='lat' dir='ltr'>propriam</span> <span class='ocrx_word' id='word_1_256' title='bbox 1071 1448 1248 1480; x_wconf 82' lang='lat' dir='ltr'>materiam:</span> <span class='ocrx_word' id='word_1_257' title='bbox 1273 1454 1304 1478; x_wconf 93' lang='lat' dir='ltr'>et</span> <span class='ocrx_word' id='word_1_258' title='bbox 1323 1448 1355 1478; x_wconf 92' lang='lat' dir='ltr'>in</span> 
     </span>
     <span class='ocr_line' id='line_1_47' title="bbox 278 1493 1356 1535; baseline -0.004 -8"><span class='ocrx_word' id='word_1_259' title='bbox 278 1497 378 1527; x_wconf 85' lang='lat' dir='ltr'>littera</span> <span class='ocrx_word' id='word_1_260' title='bbox 403 1496 462 1526; x_wconf 90' lang='lat' dir='ltr'>hac</span> <span class='ocrx_word' id='word_1_261' title='bbox 476 1495 494 1514; x_wconf 88' lang='lat'>*</span> <span class='ocrx_word' id='word_1_262' title='bbox 517 1493 704 1535; x_wconf 85' lang='lat' dir='ltr'>exprimitur</span> <span class='ocrx_word' id='word_1_263' title='bbox 727 1494 816 1535; x_wconf 92' lang='lat' dir='ltr'>quod</span> <span class='ocrx_word' id='word_1_264' title='bbox 841 1493 990 1534; x_wconf 89' lang='lat' dir='ltr'>proprius</span> <span class='ocrx_word' id='word_1_265' title='bbox 1014 1500 1102 1524; x_wconf 89' lang='lat' dir='ltr'>actus</span> <span class='ocrx_word' id='word_1_266' title='bbox 1127 1493 1194 1524; x_wconf 89' lang='lat' dir='ltr'>eius</span> <span class='ocrx_word' id='word_1_267' title='bbox 1211 1500 1258 1524; x_wconf 90' lang='lat' dir='ltr'>est</span> <span class='ocrx_word' id='word_1_268' title='bbox 1273 1500 1356 1523; x_wconf 88' lang='lat' dir='ltr'>recte</span> 
     </span>
     <span class='ocr_line' id='line_1_48' title="bbox 277 1538 1355 1580; baseline -0.003 -9"><span class='ocrx_word' id='word_1_269' title='bbox 277 1541 324 1572; x_wconf 91' lang='lat' dir='ltr'>uti</span> <span class='ocrx_word' id='word_1_270' title='bbox 340 1541 463 1580; x_wconf 87' lang='lat' dir='ltr'>magnis</span> <span class='ocrx_word' id='word_1_271' title='bbox 482 1539 671 1570; x_wconf 89' lang='lat' dir='ltr'>honoribus.</span> <span class='ocrx_word' id='word_1_272' title='bbox 687 1557 707 1561; x_wconf 94' lang='lat'>—</span> <span class='ocrx_word' id='word_1_273' title='bbox 723 1538 847 1569; x_wconf 86' lang='lat' dir='ltr'>Dicitur</span> <span class='ocrx_word' id='word_1_274' title='bbox 870 1548 978 1569; x_wconf 90' lang='lat' dir='ltr'>rursus</span> <span class='ocrx_word' id='word_1_275' title='bbox 995 1538 1027 1568; x_wconf 91' lang='lat' dir='ltr'>in</span> <span class='ocrx_word' id='word_1_276' title='bbox 1046 1538 1088 1569; x_wconf 84' lang='lat' dir='ltr'>lv</span> <span class='ocrx_word' id='word_1_277' title='bbox 1104 1538 1209 1569; x_wconf 83' lang='lat' dir='ltr'>Ethic.</span> <span class='ocrx_word' id='word_1_278' title='bbox 1226 1538 1243 1557; x_wconf 90' lang='lat'>*</span> <span class='ocrx_word' id='word_1_279' title='bbox 1266 1538 1355 1579; x_wconf 93' lang='lat' dir='ltr'>quod</span> 
     </span>
     <span class='ocr_line' id='line_1_49' title="bbox 279 1582 1355 1627; baseline -0.003 -11"><span class='ocrx_word' id='word_1_280' title='bbox 279 1586 482 1627; x_wconf 84' lang='lat' dir='ltr'>magnanimi</span> <span class='ocrx_word' id='word_1_281' title='bbox 506 1590 553 1615; x_wconf 86' lang='lat' dir='ltr'>est</span> <span class='ocrx_word' id='word_1_282' title='bbox 571 1584 656 1624; x_wconf 84' lang='lat' dir='ltr'>quod</span> <span class='ocrx_word' id='word_1_283' title='bbox 680 1585 712 1614; x_wconf 90' lang='lat' dir='ltr'>in</span> <span class='ocrx_word' id='word_1_284' title='bbox 738 1593 933 1624; x_wconf 83' lang='lat' dir='ltr'>unaquaque</span> <span class='ocrx_word' id='word_1_285' title='bbox 952 1584 1070 1614; x_wconf 80' lang='lat' dir='ltr'>virtute</span> <span class='ocrx_word' id='word_1_286' title='bbox 1093 1591 1273 1624; x_wconf 83' lang='lat' dir='ltr'>magnum:</span> <span class='ocrx_word' id='word_1_287' title='bbox 1301 1582 1355 1613; x_wconf 92' lang='lat' dir='ltr'>ubi</span> 
     </span>
     <span class='ocr_line' id='line_1_50' title="bbox 277 1627 1354 1670; baseline -0.004 -9"><span class='ocrx_word' id='word_1_288' title='bbox 277 1634 410 1666; x_wconf 85' lang='lat' dir='ltr'>Auctor,</span> <span class='ocrx_word' id='word_1_289' title='bbox 428 1629 629 1670; x_wconf 87' lang='lat' dir='ltr'>exponendo,</span> <span class='ocrx_word' id='word_1_290' title='bbox 648 1629 723 1659; x_wconf 91' lang='lat' dir='ltr'>dicit</span> <span class='ocrx_word' id='word_1_291' title='bbox 746 1629 836 1669; x_wconf 93' lang='lat' dir='ltr'>quod</span> <span class='ocrx_word' id='word_1_292' title='bbox 860 1638 916 1668; x_wconf 90' lang='lat' dir='ltr'>per</span> <span class='ocrx_word' id='word_1_293' title='bbox 932 1628 993 1658; x_wconf 93' lang='lat' dir='ltr'>hoc</span> <span class='ocrx_word' id='word_1_294' title='bbox 1010 1627 1199 1668; x_wconf 84' lang='lat' dir='ltr'>magnitudo</span> <span class='ocrx_word' id='word_1_295' title='bbox 1224 1634 1271 1658; x_wconf 90' lang='lat' dir='ltr'>est</span> <span class='ocrx_word' id='word_1_296' title='bbox 1286 1637 1354 1668; x_wconf 89' lang='lat' dir='ltr'>spe-</span> 
     </span>
     <span class='ocr_line' id='line_1_51' title="bbox 278 1671 1354 1713; baseline -0.004 -7"><span class='ocrx_word' id='word_1_297' title='bbox 278 1675 363 1706; x_wconf 88' lang='lat' dir='ltr'>cialis</span> <span class='ocrx_word' id='word_1_298' title='bbox 378 1675 478 1705; x_wconf 88' lang='lat' dir='ltr'>virtus</span> <span class='ocrx_word' id='word_1_299' title='bbox 494 1674 640 1704; x_wconf 90' lang='lat' dir='ltr'>distincta</span> <span class='ocrx_word' id='word_1_300' title='bbox 652 1674 691 1703; x_wconf 86' lang='lat' dir='ltr'>ab</span> <span class='ocrx_word' id='word_1_301' title='bbox 708 1673 786 1709; x_wconf 88' lang='lat' dir='ltr'>aliis,</span> <span class='ocrx_word' id='word_1_302' title='bbox 804 1673 880 1713; x_wconf 88' lang='lat' dir='ltr'>quia</span> <span class='ocrx_word' id='word_1_303' title='bbox 897 1673 998 1703; x_wconf 89' lang='lat' dir='ltr'>tendit</span> <span class='ocrx_word' id='word_1_304' title='bbox 1013 1673 1052 1703; x_wconf 90' lang='lat' dir='ltr'>ad</span> <span class='ocrx_word' id='word_1_305' title='bbox 1075 1673 1231 1703; x_wconf 88' lang='lat' dir='ltr'>rationem</span> <span class='ocrx_word' id='word_1_306' title='bbox 1247 1671 1354 1712; x_wconf 88' lang='lat' dir='ltr'>magni</span> 
     </span>
     <span class='ocr_line' id='line_1_52' title="bbox 277 1716 1356 1758; baseline -0.003 -8"><span class='ocrx_word' id='word_1_307' title='bbox 277 1721 309 1750; x_wconf 89' lang='lat' dir='ltr'>in</span> <span class='ocrx_word' id='word_1_308' title='bbox 329 1719 499 1750; x_wconf 90' lang='lat' dir='ltr'>cuiuslibet</span> <span class='ocrx_word' id='word_1_309' title='bbox 521 1717 646 1749; x_wconf 87' lang='lat' dir='ltr'>virtutis</span> <span class='ocrx_word' id='word_1_310' title='bbox 670 1727 776 1758; x_wconf 91' lang='lat' dir='ltr'>opere.</span> <span class='ocrx_word' id='word_1_311' title='bbox 802 1717 897 1748; x_wconf 90' lang='lat' dir='ltr'>Verbi</span> <span class='ocrx_word' id='word_1_312' title='bbox 915 1717 1024 1757; x_wconf 85' lang='lat' dir='ltr'>gratia,</span> <span class='ocrx_word' id='word_1_313' title='bbox 1041 1717 1196 1748; x_wconf 89' lang='lat' dir='ltr'>fortitudo</span> <span class='ocrx_word' id='word_1_314' title='bbox 1220 1716 1356 1747; x_wconf 88' lang='lat' dir='ltr'>intendit</span> 
     </span>
     <span class='ocr_line' id='line_1_53' title="bbox 277 1761 1354 1804; baseline -0.004 -9"><span class='ocrx_word' id='word_1_315' title='bbox 277 1765 399 1795; x_wconf 87' lang='lat' dir='ltr'>fortiter</span> <span class='ocrx_word' id='word_1_316' title='bbox 423 1774 523 1804; x_wconf 86' lang='lat' dir='ltr'>agere,</span> <span class='ocrx_word' id='word_1_317' title='bbox 542 1762 787 1803; x_wconf 87' lang='lat' dir='ltr'>magnanimitas</span> <span class='ocrx_word' id='word_1_318' title='bbox 811 1762 947 1793; x_wconf 85' lang='lat' dir='ltr'>intendit</span> <span class='ocrx_word' id='word_1_319' title='bbox 971 1772 1086 1802; x_wconf 87' lang='lat' dir='ltr'>magna</span> <span class='ocrx_word' id='word_1_320' title='bbox 1103 1762 1226 1802; x_wconf 88' lang='lat' dir='ltr'>operari</span> <span class='ocrx_word' id='word_1_321' title='bbox 1242 1761 1275 1791; x_wconf 89' lang='lat' dir='ltr'>in</span> <span class='ocrx_word' id='word_1_322' title='bbox 1292 1761 1354 1792; x_wconf 86' lang='lat' dir='ltr'>for-</span> 
     </span>
     <span class='ocr_line' id='line_1_54' title="bbox 276 1806 1355 1849; baseline -0.004 -9"><span class='ocrx_word' id='word_1_323' title='bbox 276 1810 347 1840; x_wconf 90' lang='lat' dir='ltr'>titer</span> <span class='ocrx_word' id='word_1_324' title='bbox 370 1810 512 1849; x_wconf 89' lang='lat' dir='ltr'>agendo:</span> <span class='ocrx_word' id='word_1_325' title='bbox 539 1815 569 1838; x_wconf 90' lang='lat' dir='ltr'>et</span> <span class='ocrx_word' id='word_1_326' title='bbox 584 1807 628 1838; x_wconf 89' lang='lat' dir='ltr'>sic</span> <span class='ocrx_word' id='word_1_327' title='bbox 651 1807 690 1837; x_wconf 92' lang='lat' dir='ltr'>de</span> <span class='ocrx_word' id='word_1_328' title='bbox 714 1807 793 1837; x_wconf 84' lang='lat' dir='ltr'>aliis.</span> <span class='ocrx_word' id='word_1_329' title='bbox 809 1825 830 1830; x_wconf 90' lang='lat'>—</span> <span class='ocrx_word' id='word_1_330' title='bbox 849 1807 883 1836; x_wconf 88' lang='lat' dir='ltr'>In</span> <span class='ocrx_word' id='word_1_331' title='bbox 904 1807 1018 1837; x_wconf 90' lang='lat' dir='ltr'>eodem</span> <span class='ocrx_word' id='word_1_332' title='bbox 1042 1816 1174 1847; x_wconf 91' lang='lat' dir='ltr'>quoque</span> <span class='ocrx_word' id='word_1_333' title='bbox 1199 1807 1322 1843; x_wconf 87' lang='lat' dir='ltr'>Quarto</span> <span class='ocrx_word' id='word_1_334' title='bbox 1337 1806 1355 1825; x_wconf 86' lang='lat'><strong>*</strong></span> 
     </span>
     <span class='ocr_line' id='line_1_55' title="bbox 276 1850 1353 1894; baseline -0.004 -9"><span class='ocrx_word' id='word_1_335' title='bbox 276 1854 390 1885; x_wconf 90' lang='lat' dir='ltr'>dicitur</span> <span class='ocrx_word' id='word_1_336' title='bbox 411 1854 502 1894; x_wconf 90' lang='lat' dir='ltr'>quod</span> <span class='ocrx_word' id='word_1_337' title='bbox 525 1852 750 1892; x_wconf 83' lang='lat' dir='ltr'>magnanimus</span> <span class='ocrx_word' id='word_1_338' title='bbox 775 1851 940 1882; x_wconf 86' lang='lat' dir='ltr'>moderate</span> <span class='ocrx_word' id='word_1_339' title='bbox 962 1851 1143 1882; x_wconf 83' lang='lat' dir='ltr'>delectatur</span> <span class='ocrx_word' id='word_1_340' title='bbox 1162 1851 1200 1880; x_wconf 89' lang='lat' dir='ltr'>de</span> <span class='ocrx_word' id='word_1_341' title='bbox 1219 1850 1353 1887; x_wconf 84' lang='lat' dir='ltr'>honore,</span> 
     </span>
     <span class='ocr_line' id='line_1_56' title="bbox 276 1895 1353 1938; baseline -0.003 -10"><span class='ocrx_word' id='word_1_342' title='bbox 276 1909 333 1930; x_wconf 92' lang='lat' dir='ltr'>nec</span> <span class='ocrx_word' id='word_1_343' title='bbox 356 1899 464 1938; x_wconf 90' lang='lat' dir='ltr'>ipsum</span> <span class='ocrx_word' id='word_1_344' title='bbox 487 1897 628 1927; x_wconf 91' lang='lat' dir='ltr'>multum</span> <span class='ocrx_word' id='word_1_345' title='bbox 653 1896 812 1926; x_wconf 87' lang='lat' dir='ltr'>aestimat:</span> <span class='ocrx_word' id='word_1_346' title='bbox 838 1902 868 1926; x_wconf 90' lang='lat' dir='ltr'>et</span> <span class='ocrx_word' id='word_1_347' title='bbox 896 1896 986 1936; x_wconf 92' lang='lat' dir='ltr'>quod</span> <span class='ocrx_word' id='word_1_348' title='bbox 1016 1895 1170 1926; x_wconf 85' lang='lat' dir='ltr'>medietas</span> <span class='ocrx_word' id='word_1_349' title='bbox 1197 1895 1229 1925; x_wconf 91' lang='lat' dir='ltr'>in</span> <span class='ocrx_word' id='word_1_350' title='bbox 1258 1905 1353 1935; x_wconf 90' lang='lat' dir='ltr'>appe—</span> 
     </span>
     <span class='ocr_line' id='line_1_57' title="bbox 274 1939 1353 1981; baseline -0.004 -7"><span class='ocrx_word' id='word_1_351' title='bbox 274 1944 333 1974; x_wconf 86' lang='lat' dir='ltr'>titu</span> <span class='ocrx_word' id='word_1_352' title='bbox 352 1942 482 1973; x_wconf 90' lang='lat' dir='ltr'>honoris</span> <span class='ocrx_word' id='word_1_353' title='bbox 508 1940 661 1978; x_wconf 89' lang='lat' dir='ltr'>consistit,</span> <span class='ocrx_word' id='word_1_354' title='bbox 678 1941 702 1970; x_wconf 90' lang='lat' dir='ltr'>si</span> <span class='ocrx_word' id='word_1_355' title='bbox 728 1939 887 1981; x_wconf 86' lang='lat' dir='ltr'>appetitur</span> <span class='ocrx_word' id='word_1_356' title='bbox 904 1940 989 1971; x_wconf 86' lang='lat' dir='ltr'>unde</span> <span class='ocrx_word' id='word_1_357' title='bbox 1012 1945 1136 1980; x_wconf 80' lang='lat' dir='ltr'>oportet</span> <span class='ocrx_word' id='word_1_358' title='bbox 1153 1944 1184 1970; x_wconf 85' lang='lat' dir='ltr'>et</span> <span class='ocrx_word' id='word_1_359' title='bbox 1200 1945 1235 1970; x_wconf 85' lang='lat' dir='ltr'>ut</span> <span class='ocrx_word' id='word_1_360' title='bbox 1258 1949 1353 1980; x_wconf 80' lang='lat' dir='ltr'>opor-</span> 
     </span>
     <span class='ocr_line' id='line_1_58' title="bbox 274 1984 1354 2028; baseline -0.005 -9"><span class='ocrx_word' id='word_1_361' title='bbox 274 1993 318 2019; x_wconf 83' lang='lat' dir='ltr'>tet</span> <span class='ocrx_word' id='word_1_362' title='bbox 333 1985 358 2018; x_wconf 89' lang='grc'>*.</span> <span class='ocrx_word' id='word_1_363' title='bbox 384 1987 431 2018; x_wconf 90' lang='lat' dir='ltr'>Ex</span> <span class='ocrx_word' id='word_1_364' title='bbox 454 1997 520 2028; x_wconf 91' lang='lat' dir='ltr'>quo</span> <span class='ocrx_word' id='word_1_365' title='bbox 546 1992 676 2026; x_wconf 88' lang='lat' dir='ltr'>apparet</span> <span class='ocrx_word' id='word_1_366' title='bbox 699 1985 798 2026; x_wconf 86' lang='lat' dir='ltr'>quod,</span> <span class='ocrx_word' id='word_1_367' title='bbox 816 1985 891 2026; x_wconf 87' lang='lat' dir='ltr'>quia</span> <span class='ocrx_word' id='word_1_368' title='bbox 911 1994 1026 2026; x_wconf 90' lang='lat' dir='ltr'>magna</span> <span class='ocrx_word' id='word_1_369' title='bbox 1050 1984 1175 2025; x_wconf 88' lang='lat' dir='ltr'>operari</span> <span class='ocrx_word' id='word_1_370' title='bbox 1199 1991 1245 2015; x_wconf 87' lang='lat' dir='ltr'>est</span> <span class='ocrx_word' id='word_1_371' title='bbox 1269 1985 1354 2015; x_wconf 92' lang='lat' dir='ltr'>unde</span> 
     </span>
     <span class='ocr_line' id='line_1_59' title="bbox 274 2029 1354 2073; baseline -0.004 -10"><span class='ocrx_word' id='word_1_372' title='bbox 274 2039 402 2073; x_wconf 88' lang='lat' dir='ltr'>oportet</span> <span class='ocrx_word' id='word_1_373' title='bbox 426 2039 573 2072; x_wconf 89' lang='lat' dir='ltr'>appetere</span> <span class='ocrx_word' id='word_1_374' title='bbox 597 2030 766 2066; x_wconf 85' lang='lat' dir='ltr'>honorem,</span> <span class='ocrx_word' id='word_1_375' title='bbox 791 2030 864 2060; x_wconf 90' lang='lat' dir='ltr'>ideo</span> <span class='ocrx_word' id='word_1_376' title='bbox 889 2029 1134 2070; x_wconf 82' lang='lat' dir='ltr'>magnanimitas</span> <span class='ocrx_word' id='word_1_377' title='bbox 1158 2029 1291 2060; x_wconf 84' lang='lat' dir='ltr'>attendit</span> <span class='ocrx_word' id='word_1_378' title='bbox 1315 2029 1354 2060; x_wconf 88' lang='lat' dir='ltr'>ad</span> 
     </span>
     <span class='ocr_line' id='line_1_60' title="bbox 274 2074 1382 2118; baseline -0.004 -10"><span class='ocrx_word' id='word_1_379' title='bbox 274 2087 390 2117; x_wconf 87' lang='lat' dir='ltr'>magna</span> <span class='ocrx_word' id='word_1_380' title='bbox 413 2076 537 2118; x_wconf 89' lang='lat' dir='ltr'>operari</span> <span class='ocrx_word' id='word_1_381' title='bbox 568 2082 603 2106; x_wconf 94' lang='lat' dir='ltr'>ut</span> <span class='ocrx_word' id='word_1_382' title='bbox 634 2075 904 2106; x_wconf 84' lang='lat' dir='ltr'>circumstantiam</span> <span class='ocrx_word' id='word_1_383' title='bbox 933 2075 1018 2106; x_wconf 87' lang='lat' dir='ltr'>unde</span> <span class='ocrx_word' id='word_1_384' title='bbox 1047 2084 1182 2114; x_wconf 88' lang='lat' dir='ltr'>magnos</span> <span class='ocrx_word' id='word_1_385' title='bbox 1215 2074 1355 2105; x_wconf 79' lang='lat' dir='ltr'>honores</span> <span class='ocrx_word' id='word_1_386' title='bbox 1380 2089 1382 2112; x_wconf 66' lang='lat' dir='ltr'>j</span> 
     </span>
     <span class='ocr_line' id='line_1_61' title="bbox 274 2119 1382 2166; baseline -0.003 -13"><span class='ocrx_word' id='word_1_387' title='bbox 274 2129 403 2163; x_wconf 86' lang='lat' dir='ltr'>appetat</span> <span class='ocrx_word' id='word_1_388' title='bbox 433 2122 518 2152; x_wconf 92' lang='lat' dir='ltr'>unde</span> <span class='ocrx_word' id='word_1_389' title='bbox 548 2127 691 2160; x_wconf 87' lang='lat' dir='ltr'>oportet,</span> <span class='ocrx_word' id='word_1_390' title='bbox 717 2127 748 2151; x_wconf 89' lang='lat' dir='ltr'>et</span> <span class='ocrx_word' id='word_1_391' title='bbox 780 2127 887 2151; x_wconf 89' lang='lat' dir='ltr'>utatur</span> <span class='ocrx_word' id='word_1_392' title='bbox 916 2127 951 2150; x_wconf 94' lang='lat' dir='ltr'>ut</span> <span class='ocrx_word' id='word_1_393' title='bbox 981 2126 1117 2160; x_wconf 87' lang='lat' dir='ltr'>oportet.</span> <span class='ocrx_word' id='word_1_394' title='bbox 1143 2137 1163 2141; x_wconf 95' lang='lat'>—</span> <span class='ocrx_word' id='word_1_395' title='bbox 1187 2119 1234 2150; x_wconf 84' lang='lat' dir='ltr'>Ex</span> <span class='ocrx_word' id='word_1_396' title='bbox 1258 2119 1355 2150; x_wconf 87' lang='lat' dir='ltr'>altera</span> <span class='ocrx_word' id='word_1_397' title='bbox 1381 2121 1382 2166; x_wconf 49' lang='lat' dir='ltr'><strong>j</strong></span> 
     </span>
     <span class='ocr_line' id='line_1_62' title="bbox 274 2160 1382 2207; baseline -0.004 -9"><span class='ocrx_word' id='word_1_398' title='bbox 274 2174 383 2198; x_wconf 85' lang='lat' dir='ltr'>autem</span> <span class='ocrx_word' id='word_1_399' title='bbox 406 2160 494 2207; x_wconf 70' lang='lat' dir='ltr'>part&#39;e</span> <span class='ocrx_word' id='word_1_400' title='bbox 519 2172 648 2206; x_wconf 86' lang='lat' dir='ltr'>apparet</span> <span class='ocrx_word' id='word_1_401' title='bbox 673 2165 761 2206; x_wconf 91' lang='lat' dir='ltr'>quod</span> <span class='ocrx_word' id='word_1_402' title='bbox 794 2164 1039 2204; x_wconf 83' lang='lat' dir='ltr'>magnanimitas</span> <span class='ocrx_word' id='word_1_403' title='bbox 1064 2163 1278 2204; x_wconf 87' lang='lat' dir='ltr'>principaliter</span> <span class='ocrx_word' id='word_1_404' title='bbox 1306 2164 1355 2194; x_wconf 76' lang='lat' dir='ltr'>in·</span> <span class='ocrx_word' id='word_1_405' title='bbox 1381 2167 1382 2170; x_wconf 76' lang='grc'>’</span> 
     </span>
     <span class='ocr_line' id='line_1_63' title="bbox 275 2208 1354 2251; baseline -0.003 -9"><span class='ocrx_word' id='word_1_406' title='bbox 275 2211 376 2242; x_wconf 89' lang='lat' dir='ltr'>tendit</span> <span class='ocrx_word' id='word_1_407' title='bbox 400 2212 439 2242; x_wconf 84' lang='lat' dir='ltr'>ad</span> <span class='ocrx_word' id='word_1_408' title='bbox 469 2211 669 2251; x_wconf 88' lang='lat' dir='ltr'>operandum</span> <span class='ocrx_word' id='word_1_409' title='bbox 694 2218 825 2250; x_wconf 87' lang='lat' dir='ltr'>magna;</span> <span class='ocrx_word' id='word_1_410' title='bbox 858 2216 888 2240; x_wconf 90' lang='lat' dir='ltr'>et</span> <span class='ocrx_word' id='word_1_411' title='bbox 913 2219 949 2239; x_wconf 88' lang='lat' dir='ltr'>ex</span> <span class='ocrx_word' id='word_1_412' title='bbox 980 2208 1189 2249; x_wconf 89' lang='lat' dir='ltr'>consequenti</span> <span class='ocrx_word' id='word_1_413' title='bbox 1214 2209 1253 2238; x_wconf 88' lang='lat' dir='ltr'>ad</span> <span class='ocrx_word' id='word_1_414' title='bbox 1273 2216 1354 2239; x_wconf 89' lang='lat' dir='ltr'>recte</span> 
     </span>
     <span class='ocr_line' id='line_1_64' title="bbox 276 2254 1356 2297; baseline -0.004 -10"><span class='ocrx_word' id='word_1_415' title='bbox 276 2257 494 2297; x_wconf 86' lang='lat' dir='ltr'>appetendum</span> <span class='ocrx_word' id='word_1_416' title='bbox 518 2264 652 2294; x_wconf 87' lang='lat' dir='ltr'>magnos</span> <span class='ocrx_word' id='word_1_417' title='bbox 686 2255 842 2290; x_wconf 86' lang='lat' dir='ltr'>honores,</span> <span class='ocrx_word' id='word_1_418' title='bbox 869 2254 986 2294; x_wconf 92' lang='lat' dir='ltr'>quibus</span> <span class='ocrx_word' id='word_1_419' title='bbox 1015 2263 1130 2293; x_wconf 85' lang='lat' dir='ltr'>magna</span> <span class='ocrx_word' id='word_1_420' title='bbox 1155 2263 1252 2294; x_wconf 88' lang='lat' dir='ltr'>opera</span> <span class='ocrx_word' id='word_1_421' title='bbox 1281 2260 1356 2284; x_wconf 89' lang='lat' dir='ltr'>sunt</span> 
     </span>
     <span class='ocr_line' id='line_1_65' title="bbox 276 2301 758 2332; baseline 0 -1"><span class='ocrx_word' id='word_1_422' title='bbox 276 2301 305 2331; x_wconf 94' lang='lat' dir='ltr'>di</span> <span class='ocrx_word' id='word_1_423' title='bbox 331 2311 381 2332; x_wconf 88' lang='lat' dir='ltr'>na.</span> <span class='ocrx_word' id='word_1_424' title='bbox 755 2313 758 2317; x_wconf 94' lang='lat'>·</span> 
     </span>
    </p>

    <p class='ocr_par' dir='ltr' id='par_1_19' title="bbox 276 2311 1382 3582">
     <span class='ocr_line' id='line_1_66' title="bbox 309 2311 1354 2383; baseline -0.003 -7"><span class='ocrx_word' id='word_1_425' title='bbox 309 2311 370 2376; x_wconf 79' lang='lat' dir='ltr'>gil.</span> <span class='ocrx_word' id='word_1_426' title='bbox 396 2345 447 2376; x_wconf 90' lang='lat' dir='ltr'>Ad</span> <span class='ocrx_word' id='word_1_427' title='bbox 471 2343 567 2375; x_wconf 89' lang='lat' dir='ltr'>huius</span> <span class='ocrx_word' id='word_1_428' title='bbox 596 2343 792 2375; x_wconf 87' lang='lat' dir='ltr'>difficultatis</span> <span class='ocrx_word' id='word_1_429' title='bbox 821 2342 1027 2379; x_wconf 87' lang='lat' dir='ltr'>evidentiam,</span> <span class='ocrx_word' id='word_1_430' title='bbox 1053 2349 1182 2383; x_wconf 89' lang='lat' dir='ltr'>oportet</span> <span class='ocrx_word' id='word_1_431' title='bbox 1207 2350 1298 2373; x_wconf 89' lang='lat' dir='ltr'>caute</span> <span class='ocrx_word' id='word_1_432' title='bbox 1321 2342 1354 2373; x_wconf 90' lang='lat' dir='ltr'>in</span> 
     </span>
     <span class='ocr_line' id='line_1_67' title="bbox 277 2387 1356 2430; baseline -0.003 -9"><span class='ocrx_word' id='word_1_433' title='bbox 277 2389 530 2421; x_wconf 87' lang='lat' dir='ltr'>consideratione</span> <span class='ocrx_word' id='word_1_434' title='bbox 547 2388 732 2430; x_wconf 87' lang='lat' dir='ltr'>procedere:</span> <span class='ocrx_word' id='word_1_435' title='bbox 758 2398 808 2424; x_wconf 91' lang='lat' dir='ltr'>ne,</span> <span class='ocrx_word' id='word_1_436' title='bbox 822 2388 901 2418; x_wconf 90' lang='lat' dir='ltr'>dum</span> <span class='ocrx_word' id='word_1_437' title='bbox 918 2388 956 2418; x_wconf 86' lang='lat' dir='ltr'>ab</span> <span class='ocrx_word' id='word_1_438' title='bbox 977 2387 1159 2418; x_wconf 80' lang='lat' dir='ltr'>excellentia</span> <span class='ocrx_word' id='word_1_439' title='bbox 1175 2387 1356 2418; x_wconf 89' lang='lat' dir='ltr'>Aristotelis</span> 
     </span>
     <span class='ocr_line' id='line_1_68' title="bbox 277 2432 1354 2473; baseline -0.004 -7"><span class='ocrx_word' id='word_1_440' title='bbox 277 2442 307 2466; x_wconf 90' lang='lat' dir='ltr'>et</span> <span class='ocrx_word' id='word_1_441' title='bbox 332 2435 395 2465; x_wconf 89' lang='lat' dir='ltr'>divi</span> <span class='ocrx_word' id='word_1_442' title='bbox 419 2434 569 2465; x_wconf 85' lang='lat' dir='ltr'>Thomae</span> <span class='ocrx_word' id='word_1_443' title='bbox 594 2432 776 2471; x_wconf 76' lang='lat' dir='ltr'>deficimus,</span> <span class='ocrx_word' id='word_1_444' title='bbox 802 2433 998 2464; x_wconf 87' lang='lat' dir='ltr'>declinemus</span> <span class='ocrx_word' id='word_1_445' title='bbox 1027 2432 1059 2462; x_wconf 91' lang='lat' dir='ltr'>in</span> <span class='ocrx_word' id='word_1_446' title='bbox 1084 2432 1229 2473; x_wconf 90' lang='lat' dir='ltr'>proprias</span> <span class='ocrx_word' id='word_1_447' title='bbox 1253 2432 1354 2473; x_wconf 87' lang='lat' dir='ltr'>phan-</span> 
     </span>
     <span class='ocr_line' id='line_1_69' title="bbox 276 2477 1355 2519; baseline -0.001 -9"><span class='ocrx_word' id='word_1_448' title='bbox 276 2479 388 2517; x_wconf 88' lang='lat' dir='ltr'>tasias,</span> <span class='ocrx_word' id='word_1_449' title='bbox 421 2488 570 2519; x_wconf 88' lang='lat' dir='ltr'>novaque</span> <span class='ocrx_word' id='word_1_450' title='bbox 608 2478 763 2509; x_wconf 76' lang='lat' dir='ltr'>cudamus</span> <span class='ocrx_word' id='word_1_451' title='bbox 796 2477 871 2518; x_wconf 90' lang='lat' dir='ltr'>quia</span> <span class='ocrx_word' id='word_1_452' title='bbox 896 2484 1000 2508; x_wconf 84' lang='lat' dir='ltr'>vetera</span> <span class='ocrx_word' id='word_1_453' title='bbox 1034 2487 1099 2507; x_wconf 92' lang='lat' dir='ltr'>non</span> <span class='ocrx_word' id='word_1_454' title='bbox 1136 2477 1355 2517; x_wconf 85' lang='lat' dir='ltr'>intelligimus.</span> 
     </span>
     <span class='ocr_line' id='line_1_70' title="bbox 277 2521 1355 2564; baseline -0.003 -9"><span class='ocrx_word' id='word_1_455' title='bbox 277 2524 450 2555; x_wconf 88' lang='lat' dir='ltr'>Sciendum</span> <span class='ocrx_word' id='word_1_456' title='bbox 474 2530 520 2554; x_wconf 90' lang='lat' dir='ltr'>est</span> <span class='ocrx_word' id='word_1_457' title='bbox 544 2533 619 2563; x_wconf 87' lang='lat' dir='ltr'>ergo</span> <span class='ocrx_word' id='word_1_458' title='bbox 643 2523 733 2564; x_wconf 90' lang='lat' dir='ltr'>quod</span> <span class='ocrx_word' id='word_1_459' title='bbox 751 2522 833 2553; x_wconf 85' lang='lat' dir='ltr'>sicut</span> <span class='ocrx_word' id='word_1_460' title='bbox 857 2522 1011 2553; x_wconf 90' lang='lat' dir='ltr'>fortitudo</span> <span class='ocrx_word' id='word_1_461' title='bbox 1036 2521 1126 2553; x_wconf 90' lang='lat' dir='ltr'>aliter</span> <span class='ocrx_word' id='word_1_462' title='bbox 1149 2531 1182 2552; x_wconf 89' lang='lat' dir='ltr'>se</span> <span class='ocrx_word' id='word_1_463' title='bbox 1206 2522 1301 2553; x_wconf 89' lang='lat' dir='ltr'>habet</span> <span class='ocrx_word' id='word_1_464' title='bbox 1315 2523 1355 2553; x_wconf 88' lang='lat' dir='ltr'>ad</span> 
     </span>
     <span class='ocr_line' id='line_1_71' title="bbox 277 2566 1356 2609; baseline -0.001 -10"><span class='ocrx_word' id='word_1_465' title='bbox 277 2569 442 2600; x_wconf 86' lang='lat' dir='ltr'>materiam</span> <span class='ocrx_word' id='word_1_466' title='bbox 466 2578 565 2609; x_wconf 85' lang='lat' dir='ltr'>quarn</span> <span class='ocrx_word' id='word_1_467' title='bbox 589 2567 763 2604; x_wconf 87' lang='lat' dir='ltr'>modificat,</span> <span class='ocrx_word' id='word_1_468' title='bbox 787 2574 865 2608; x_wconf 89' lang='lat' dir='ltr'>puta</span> <span class='ocrx_word' id='word_1_469' title='bbox 890 2567 1040 2598; x_wconf 87' lang='lat' dir='ltr'>timorem</span> <span class='ocrx_word' id='word_1_470' title='bbox 1065 2566 1187 2603; x_wconf 88' lang='lat' dir='ltr'>mortis,</span> <span class='ocrx_word' id='word_1_471' title='bbox 1212 2573 1243 2598; x_wconf 90' lang='lat' dir='ltr'>et</span> <span class='ocrx_word' id='word_1_472' title='bbox 1266 2567 1356 2598; x_wconf 87' lang='lat' dir='ltr'>aliter</span> 
     </span>
     <span class='ocr_line' id='line_1_72' title="bbox 277 2611 1355 2655; baseline -0.002 -11"><span class='ocrx_word' id='word_1_473' title='bbox 277 2615 316 2644; x_wconf 86' lang='lat' dir='ltr'>ad</span> <span class='ocrx_word' id='word_1_474' title='bbox 340 2613 508 2655; x_wconf 87' lang='lat' dir='ltr'>proprium</span> <span class='ocrx_word' id='word_1_475' title='bbox 531 2620 657 2649; x_wconf 87' lang='lat' dir='ltr'>actum;</span> <span class='ocrx_word' id='word_1_476' title='bbox 691 2612 767 2653; x_wconf 89' lang='lat' dir='ltr'>quia</span> <span class='ocrx_word' id='word_1_477' title='bbox 790 2611 939 2653; x_wconf 89' lang='lat' dir='ltr'>proprius</span> <span class='ocrx_word' id='word_1_478' title='bbox 967 2619 1056 2643; x_wconf 90' lang='lat' dir='ltr'>actus</span> <span class='ocrx_word' id='word_1_479' title='bbox 1085 2618 1132 2642; x_wconf 87' lang='lat' dir='ltr'>est</span> <span class='ocrx_word' id='word_1_480' title='bbox 1160 2611 1355 2643; x_wconf 87' lang='lat' dir='ltr'>fortitudinis</span> 
     </span>
     <span class='ocr_line' id='line_1_73' title="bbox 276 2655 1355 2700; baseline -0.001 -11"><span class='ocrx_word' id='word_1_481' title='bbox 276 2658 426 2700; x_wconf 85' lang='lat' dir='ltr'>proprius</span> <span class='ocrx_word' id='word_1_482' title='bbox 450 2658 538 2695; x_wconf 88' lang='lat' dir='ltr'>finis,</span> <span class='ocrx_word' id='word_1_483' title='bbox 563 2657 695 2688; x_wconf 86' lang='lat' dir='ltr'>materia</span> <span class='ocrx_word' id='word_1_484' title='bbox 718 2664 826 2688; x_wconf 89' lang='lat' dir='ltr'>autem</span> <span class='ocrx_word' id='word_1_485' title='bbox 851 2657 1014 2688; x_wconf 87' lang='lat' dir='ltr'>moderata</span> <span class='ocrx_word' id='word_1_486' title='bbox 1045 2663 1081 2688; x_wconf 91' lang='lat' dir='ltr'>ut</span> <span class='ocrx_word' id='word_1_487' title='bbox 1104 2664 1234 2698; x_wconf 88' lang='lat' dir='ltr'>propter</span> <span class='ocrx_word' id='word_1_488' title='bbox 1258 2655 1355 2688; x_wconf 89' lang='lat' dir='ltr'>finem</span> 
     </span>
     <span class='ocr_line' id='line_1_74' title="bbox 277 2701 1382 2747; baseline -0.002 -13"><span class='ocrx_word' id='word_1_489' title='bbox 277 2702 454 2747; x_wconf 87' lang='lat' dir='ltr'>(moderate</span> <span class='ocrx_word' id='word_1_490' title='bbox 484 2702 643 2744; x_wconf 89' lang='lat' dir='ltr'>siquidem</span> <span class='ocrx_word' id='word_1_491' title='bbox 674 2701 765 2733; x_wconf 87' lang='lat' dir='ltr'>timet</span> <span class='ocrx_word' id='word_1_492' title='bbox 789 2708 819 2732; x_wconf 91' lang='lat' dir='ltr'>et</span> <span class='ocrx_word' id='word_1_493' title='bbox 843 2702 939 2733; x_wconf 90' lang='lat' dir='ltr'>audet</span> <span class='ocrx_word' id='word_1_494' title='bbox 970 2701 1060 2733; x_wconf 90' lang='lat' dir='ltr'>fortis</span> <span class='ocrx_word' id='word_1_495' title='bbox 1091 2708 1126 2733; x_wconf 88' lang='lat' dir='ltr'>ut</span> <span class='ocrx_word' id='word_1_496' title='bbox 1155 2701 1276 2733; x_wconf 88' lang='lat' dir='ltr'>fortiter</span> <span class='ocrx_word' id='word_1_497' title='bbox 1302 2712 1355 2743; x_wconf 87' lang='lat' dir='ltr'>ag—</span> <span class='ocrx_word' id='word_1_498' title='bbox 1380 2716 1382 2731; x_wconf 81' lang='grc' dir='ltr'>ι</span> 
     </span>
     <span class='ocr_line' id='line_1_75' title="bbox 276 2744 1354 2789; baseline 0 -11"><span class='ocrx_word' id='word_1_499' title='bbox 276 2748 435 2789; x_wconf 86' lang='lat' dir='ltr'>grediatur</span> <span class='ocrx_word' id='word_1_500' title='bbox 459 2754 489 2778; x_wconf 90' lang='lat' dir='ltr'>et</span> <span class='ocrx_word' id='word_1_501' title='bbox 513 2747 675 2783; x_wconf 87' lang='lat' dir='ltr'>sustineat,</span> <span class='ocrx_word' id='word_1_502' title='bbox 701 2753 731 2778; x_wconf 88' lang='lat' dir='ltr'>et</span> <span class='ocrx_word' id='word_1_503' title='bbox 760 2757 826 2777; x_wconf 90' lang='lat' dir='ltr'>non</span> <span class='ocrx_word' id='word_1_504' title='bbox 851 2757 867 2777; x_wconf 89' lang='lat' dir='ltr'>e</span> <span class='ocrx_word' id='word_1_505' title='bbox 893 2744 1080 2787; x_wconf 86' lang='lat' dir='ltr'>converso):</span> <span class='ocrx_word' id='word_1_506' title='bbox 1105 2746 1149 2777; x_wconf 91' lang='lat' dir='ltr'>ita</span> <span class='ocrx_word' id='word_1_507' title='bbox 1174 2746 1354 2787; x_wconf 87' lang='lat' dir='ltr'>proportio-</span> 
     </span>
     <span class='ocr_line' id='line_1_76' title="bbox 277 2790 1354 2833; baseline 0 -10"><span class='ocrx_word' id='word_1_508' title='bbox 277 2793 387 2824; x_wconf 88' lang='lat' dir='ltr'>naliter</span> <span class='ocrx_word' id='word_1_509' title='bbox 402 2792 558 2833; x_wconf 84' lang='lat' dir='ltr'>contingit</span> <span class='ocrx_word' id='word_1_510' title='bbox 573 2792 606 2822; x_wconf 91' lang='lat' dir='ltr'>in</span> <span class='ocrx_word' id='word_1_511' title='bbox 621 2790 891 2831; x_wconf 85' lang='lat' dir='ltr'>magnanimitate.</span> <span class='ocrx_word' id='word_1_512' title='bbox 913 2794 1012 2822; x_wconf 83' lang='lat' dir='ltr'>Actus</span> <span class='ocrx_word' id='word_1_513' title='bbox 1029 2790 1188 2832; x_wconf 88' lang='lat' dir='ltr'>siquidem</span> <span class='ocrx_word' id='word_1_514' title='bbox 1205 2791 1354 2833; x_wconf 89' lang='lat' dir='ltr'>proprius</span> 
     </span>
     <span class='ocr_line' id='line_1_77' title="bbox 278 2835 1354 2878; baseline -0.001 -10"><span class='ocrx_word' id='word_1_515' title='bbox 278 2838 345 2868; x_wconf 91' lang='lat' dir='ltr'>eius</span> <span class='ocrx_word' id='word_1_516' title='bbox 369 2845 415 2869; x_wconf 92' lang='lat' dir='ltr'>est</span> <span class='ocrx_word' id='word_1_517' title='bbox 431 2837 554 2878; x_wconf 88' lang='lat' dir='ltr'>operari</span> <span class='ocrx_word' id='word_1_518' title='bbox 580 2845 711 2877; x_wconf 88' lang='lat' dir='ltr'>magna:</span> <span class='ocrx_word' id='word_1_519' title='bbox 738 2836 819 2867; x_wconf 89' lang='lat' dir='ltr'>sicut</span> <span class='ocrx_word' id='word_1_520' title='bbox 835 2835 925 2867; x_wconf 86' lang='lat' dir='ltr'>fortis</span> <span class='ocrx_word' id='word_1_521' title='bbox 947 2836 1096 2877; x_wconf 86' lang='lat' dir='ltr'>proprius</span> <span class='ocrx_word' id='word_1_522' title='bbox 1113 2844 1201 2867; x_wconf 85' lang='lat' dir='ltr'>actus</span> <span class='ocrx_word' id='word_1_523' title='bbox 1221 2844 1268 2867; x_wconf 91' lang='lat' dir='ltr'>est</span> <span class='ocrx_word' id='word_1_524' title='bbox 1292 2836 1354 2867; x_wconf 87' lang='lat' dir='ltr'>for-</span> 
     </span>
     <span class='ocr_line' id='line_1_78' title="bbox 277 2881 1354 2923; baseline -0.002 -9"><span class='ocrx_word' id='word_1_525' title='bbox 277 2883 346 2914; x_wconf 90' lang='lat' dir='ltr'>titer</span> <span class='ocrx_word' id='word_1_526' title='bbox 363 2892 464 2922; x_wconf 87' lang='lat' dir='ltr'>agere.</span> <span class='ocrx_word' id='word_1_527' title='bbox 489 2882 550 2913; x_wconf 90' lang='lat' dir='ltr'>Sed</span> <span class='ocrx_word' id='word_1_528' title='bbox 570 2881 726 2923; x_wconf 89' lang='lat' dir='ltr'>quoniam</span> <span class='ocrx_word' id='word_1_529' title='bbox 742 2881 794 2912; x_wconf 91' lang='lat' dir='ltr'>hic</span> <span class='ocrx_word' id='word_1_530' title='bbox 818 2888 906 2912; x_wconf 90' lang='lat' dir='ltr'>actus</span> <span class='ocrx_word' id='word_1_531' title='bbox 923 2891 959 2912; x_wconf 87' lang='lat' dir='ltr'>ex</span> <span class='ocrx_word' id='word_1_532' title='bbox 976 2891 1031 2921; x_wconf 89' lang='lat' dir='ltr'>spe</span> <span class='ocrx_word' id='word_1_533' title='bbox 1055 2891 1259 2921; x_wconf 86' lang='lat' dir='ltr'>magnorum,</span> <span class='ocrx_word' id='word_1_534' title='bbox 1276 2889 1354 2922; x_wconf 81' lang='lat' dir='ltr'>puta</span> 
     </span>
     <span class='ocr_line' id='line_1_79' title="bbox 277 2925 1354 2967; baseline -0.001 -9"><span class='ocrx_word' id='word_1_535' title='bbox 277 2927 408 2958; x_wconf 90' lang='lat' dir='ltr'>honoris</span> <span class='ocrx_word' id='word_1_536' title='bbox 433 2934 463 2957; x_wconf 93' lang='lat' dir='ltr'>et</span> <span class='ocrx_word' id='word_1_537' title='bbox 493 2926 630 2966; x_wconf 88' lang='lat' dir='ltr'>gloriae,</span> <span class='ocrx_word' id='word_1_538' title='bbox 655 2925 828 2966; x_wconf 87' lang='lat' dir='ltr'>impeditur</span> <span class='ocrx_word' id='word_1_539' title='bbox 852 2933 882 2956; x_wconf 92' lang='lat' dir='ltr'>et</span> <span class='ocrx_word' id='word_1_540' title='bbox 906 2933 1130 2966; x_wconf 89' lang='lat' dir='ltr'>promovetur,</span> <span class='ocrx_word' id='word_1_541' title='bbox 1150 2926 1224 2957; x_wconf 90' lang='lat' dir='ltr'>ideo</span> <span class='ocrx_word' id='word_1_542' title='bbox 1255 2936 1354 2967; x_wconf 88' lang='lat' dir='ltr'>opor-</span> 
     </span>
     <span class='ocr_line' id='line_1_80' title="bbox 277 2970 1354 3012; baseline -0.001 -9"><span class='ocrx_word' id='word_1_543' title='bbox 277 2979 321 3003; x_wconf 89' lang='lat' dir='ltr'>tet</span> <span class='ocrx_word' id='word_1_544' title='bbox 353 2971 509 3003; x_wconf 88' lang='lat' dir='ltr'>moderari</span> <span class='ocrx_word' id='word_1_545' title='bbox 543 2981 634 3012; x_wconf 89' lang='lat' dir='ltr'>spem</span> <span class='ocrx_word' id='word_1_546' title='bbox 667 2971 816 3001; x_wconf 89' lang='lat' dir='ltr'>honoris:</span> <span class='ocrx_word' id='word_1_547' title='bbox 851 2970 943 3002; x_wconf 89' lang='lat' dir='ltr'>multi</span> <span class='ocrx_word' id='word_1_548' title='bbox 979 2970 1066 3002; x_wconf 88' lang='lat' dir='ltr'>enim</span> <span class='ocrx_word' id='word_1_549' title='bbox 1098 2979 1228 3012; x_wconf 88' lang='lat' dir='ltr'>propter</span> <span class='ocrx_word' id='word_1_550' title='bbox 1263 2981 1354 3012; x_wconf 89' lang='lat' dir='ltr'>spem</span> 
     </span>
     <span class='ocr_line' id='line_1_81' title="bbox 277 3015 1354 3056; baseline -0.001 -8"><span class='ocrx_word' id='word_1_551' title='bbox 277 3016 410 3048; x_wconf 89' lang='lat' dir='ltr'>honoris</span> <span class='ocrx_word' id='word_1_552' title='bbox 434 3015 624 3047; x_wconf 85' lang='lat' dir='ltr'>excessivam</span> <span class='ocrx_word' id='word_1_553' title='bbox 648 3025 665 3045; x_wconf 89' lang='lat' dir='ltr'>a</span> <span class='ocrx_word' id='word_1_554' title='bbox 690 3025 805 3056; x_wconf 88' lang='lat' dir='ltr'>magna</span> <span class='ocrx_word' id='word_1_555' title='bbox 836 3016 1000 3056; x_wconf 90' lang='lat' dir='ltr'>operando</span> <span class='ocrx_word' id='word_1_556' title='bbox 1029 3015 1204 3052; x_wconf 89' lang='lat' dir='ltr'>desistunt,</span> <span class='ocrx_word' id='word_1_557' title='bbox 1230 3023 1265 3047; x_wconf 89' lang='lat' dir='ltr'>ut</span> <span class='ocrx_word' id='word_1_558' title='bbox 1288 3026 1354 3047; x_wconf 88' lang='lat' dir='ltr'>am-</span> 
     </span>
     <span class='ocr_line' id='line_1_82' title="bbox 277 3059 1356 3102; baseline -0.001 -10"><span class='ocrx_word' id='word_1_559' title='bbox 277 3061 383 3092; x_wconf 88' lang='lat' dir='ltr'>bitiosi</span> <span class='ocrx_word' id='word_1_560' title='bbox 407 3068 438 3092; x_wconf 89' lang='lat' dir='ltr'>et</span> <span class='ocrx_word' id='word_1_561' title='bbox 461 3061 564 3092; x_wconf 84' lang='lat' dir='ltr'>inanis</span> <span class='ocrx_word' id='word_1_562' title='bbox 588 3059 707 3101; x_wconf 87' lang='lat' dir='ltr'>gloriae</span> <span class='ocrx_word' id='word_1_563' title='bbox 737 3059 864 3100; x_wconf 83' lang='lat' dir='ltr'>cupidi,</span> <span class='ocrx_word' id='word_1_564' title='bbox 890 3060 962 3101; x_wconf 89' lang='lat' dir='ltr'>qui,</span> <span class='ocrx_word' id='word_1_565' title='bbox 988 3060 1116 3091; x_wconf 86' lang='lat' dir='ltr'>aliunde</span> <span class='ocrx_word' id='word_1_566' title='bbox 1147 3070 1244 3102; x_wconf 87' lang='lat' dir='ltr'>quam</span> <span class='ocrx_word' id='word_1_567' title='bbox 1269 3061 1356 3092; x_wconf 91' lang='lat' dir='ltr'>unde</span> 
     </span>
     <span class='ocr_line' id='line_1_83' title="bbox 278 3105 1355 3147; baseline -0.001 -10"><span class='ocrx_word' id='word_1_568' title='bbox 278 3113 404 3147; x_wconf 87' lang='lat' dir='ltr'>oportet</span> <span class='ocrx_word' id='word_1_569' title='bbox 420 3106 497 3137; x_wconf 90' lang='lat' dir='ltr'>haec</span> <span class='ocrx_word' id='word_1_570' title='bbox 521 3112 693 3146; x_wconf 86' lang='lat' dir='ltr'>sperantes,</span> <span class='ocrx_word' id='word_1_571' title='bbox 711 3111 741 3135; x_wconf 90' lang='lat' dir='ltr'>et</span> <span class='ocrx_word' id='word_1_572' title='bbox 756 3105 907 3136; x_wconf 86' lang='lat' dir='ltr'>habentes</span> <span class='ocrx_word' id='word_1_573' title='bbox 926 3106 1133 3146; x_wconf 87' lang='lat' dir='ltr'>quandoque,</span> <span class='ocrx_word' id='word_1_574' title='bbox 1149 3105 1188 3136; x_wconf 90' lang='lat' dir='ltr'>de</span> <span class='ocrx_word' id='word_1_575' title='bbox 1205 3105 1355 3146; x_wconf 74' lang='lat' dir='ltr'>operibus</span> 
     </span>
     <span class='ocr_line' id='line_1_84' title="bbox 278 3149 1356 3191; baseline 0.001 -11"><span class='ocrx_word' id='word_1_576' title='bbox 278 3161 348 3182; x_wconf 88' lang='lat' dir='ltr'>vere</span> <span class='ocrx_word' id='word_1_577' title='bbox 372 3151 496 3191; x_wconf 86' lang='lat' dir='ltr'>magnis</span> <span class='ocrx_word' id='word_1_578' title='bbox 519 3160 586 3181; x_wconf 90' lang='lat' dir='ltr'>non</span> <span class='ocrx_word' id='word_1_579' title='bbox 611 3156 738 3186; x_wconf 89' lang='lat' dir='ltr'>curant;</span> <span class='ocrx_word' id='word_1_580' title='bbox 766 3149 818 3180; x_wconf 90' lang='lat' dir='ltr'>alii</span> <span class='ocrx_word' id='word_1_581' title='bbox 838 3157 968 3190; x_wconf 88' lang='lat' dir='ltr'>propter</span> <span class='ocrx_word' id='word_1_582' title='bbox 990 3149 1146 3181; x_wconf 86' lang='lat' dir='ltr'>incuriam</span> <span class='ocrx_word' id='word_1_583' title='bbox 1169 3150 1300 3181; x_wconf 87' lang='lat' dir='ltr'>honoris</span> <span class='ocrx_word' id='word_1_584' title='bbox 1317 3150 1356 3181; x_wconf 88' lang='lat' dir='ltr'>si-</span> 
     </span>
     <span class='ocr_line' id='line_1_85' title="bbox 279 3195 1355 3236; baseline 0 -10"><span class='ocrx_word' id='word_1_585' title='bbox 279 3196 394 3226; x_wconf 87' lang='lat' dir='ltr'>militer</span> <span class='ocrx_word' id='word_1_586' title='bbox 417 3206 483 3227; x_wconf 88' lang='lat' dir='ltr'>non</span> <span class='ocrx_word' id='word_1_587' title='bbox 507 3201 680 3236; x_wconf 88' lang='lat' dir='ltr'>operantur</span> <span class='ocrx_word' id='word_1_588' title='bbox 711 3204 836 3235; x_wconf 88' lang='lat' dir='ltr'>magna.</span> <span class='ocrx_word' id='word_1_589' title='bbox 872 3195 991 3226; x_wconf 86' lang='lat' dir='ltr'>Idcirco</span> <span class='ocrx_word' id='word_1_590' title='bbox 1016 3195 1260 3236; x_wconf 81' lang='lat' dir='ltr'>magnanimitas</span> <span class='ocrx_word' id='word_1_591' title='bbox 1285 3205 1355 3226; x_wconf 90' lang='lat' dir='ltr'>mo-</span> 
     </span>
     <span class='ocr_line' id='line_1_86' title="bbox 279 3239 1356 3281; baseline 0.001 -11"><span class='ocrx_word' id='word_1_592' title='bbox 279 3240 404 3271; x_wconf 87' lang='lat' dir='ltr'>deratur</span> <span class='ocrx_word' id='word_1_593' title='bbox 435 3239 614 3281; x_wconf 87' lang='lat' dir='ltr'>appetitum</span> <span class='ocrx_word' id='word_1_594' title='bbox 643 3239 775 3270; x_wconf 90' lang='lat' dir='ltr'>honoris</span> <span class='ocrx_word' id='word_1_595' title='bbox 806 3239 924 3280; x_wconf 87' lang='lat' dir='ltr'>magni,</span> <span class='ocrx_word' id='word_1_596' title='bbox 950 3246 986 3271; x_wconf 93' lang='lat' dir='ltr'>ut</span> <span class='ocrx_word' id='word_1_597' title='bbox 1019 3250 1134 3280; x_wconf 85' lang='lat' dir='ltr'>magna</span> <span class='ocrx_word' id='word_1_598' title='bbox 1157 3240 1189 3270; x_wconf 93' lang='lat' dir='ltr'>in</span> <span class='ocrx_word' id='word_1_599' title='bbox 1214 3239 1356 3281; x_wconf 87' lang='lat' dir='ltr'>qualibet</span> 
     </span>
     <span class='ocr_line' id='line_1_87' title="bbox 280 3284 1353 3325; baseline 0.002 -11"><span class='ocrx_word' id='word_1_600' title='bbox 280 3284 393 3315; x_wconf 82' lang='lat' dir='ltr'>virtute</span> <span class='ocrx_word' id='word_1_601' title='bbox 418 3291 575 3325; x_wconf 84' lang='lat' dir='ltr'>operetur.</span> <span class='ocrx_word' id='word_1_602' title='bbox 607 3284 701 3315; x_wconf 90' lang='lat' dir='ltr'>Unde</span> <span class='ocrx_word' id='word_1_603' title='bbox 725 3293 861 3324; x_wconf 81' lang='lat' dir='ltr'>magnus</span> <span class='ocrx_word' id='word_1_604' title='bbox 893 3284 998 3315; x_wconf 90' lang='lat' dir='ltr'>honor</span> <span class='ocrx_word' id='word_1_605' title='bbox 1021 3295 1087 3315; x_wconf 93' lang='lat' dir='ltr'>non</span> <span class='ocrx_word' id='word_1_606' title='bbox 1112 3291 1158 3316; x_wconf 89' lang='lat' dir='ltr'>est</span> <span class='ocrx_word' id='word_1_607' title='bbox 1182 3284 1353 3323; x_wconf 86' lang='lat' dir='ltr'>obiectum,</span> 
     </span>
     <span class='ocr_line' id='line_1_88' title="bbox 281 3328 1355 3370; baseline 0.002 -12"><span class='ocrx_word' id='word_1_608' title='bbox 281 3329 334 3359; x_wconf 92' lang='lat' dir='ltr'>sed</span> <span class='ocrx_word' id='word_1_609' title='bbox 359 3329 488 3359; x_wconf 87' lang='lat' dir='ltr'>materia</span> <span class='ocrx_word' id='word_1_610' title='bbox 508 3328 789 3370; x_wconf 83' lang='lat' dir='ltr'>magnanimitatis:</span> <span class='ocrx_word' id='word_1_611' title='bbox 816 3329 978 3360; x_wconf 88' lang='lat' dir='ltr'>obiectum</span> <span class='ocrx_word' id='word_1_612' title='bbox 998 3337 1106 3361; x_wconf 87' lang='lat' dir='ltr'>autem</span> <span class='ocrx_word' id='word_1_613' title='bbox 1131 3336 1177 3360; x_wconf 93' lang='lat' dir='ltr'>est</span> <span class='ocrx_word' id='word_1_614' title='bbox 1200 3339 1355 3370; x_wconf 87' lang='lat' dir='ltr'>magnum</span> 
     </span>
     <span class='ocr_line' id='line_1_89' title="bbox 280 3373 1355 3416; baseline 0.003 -13"><span class='ocrx_word' id='word_1_615' title='bbox 280 3373 312 3403; x_wconf 90' lang='lat' dir='ltr'>in</span> <span class='ocrx_word' id='word_1_616' title='bbox 337 3373 475 3403; x_wconf 89' lang='lat' dir='ltr'>cuiusvis</span> <span class='ocrx_word' id='word_1_617' title='bbox 489 3373 612 3404; x_wconf 86' lang='lat' dir='ltr'>virtutis</span> <span class='ocrx_word' id='word_1_618' title='bbox 629 3383 736 3414; x_wconf 88' lang='lat' dir='ltr'>opere.</span> <span class='ocrx_word' id='word_1_619' title='bbox 760 3373 808 3404; x_wconf 84' lang='lat' dir='ltr'>Ex</span> <span class='ocrx_word' id='word_1_620' title='bbox 824 3380 963 3416; x_wconf 88' lang='lat' dir='ltr'>utroque</span> <span class='ocrx_word' id='word_1_621' title='bbox 980 3381 1086 3405; x_wconf 88' lang='lat' dir='ltr'>tamen</span> <span class='ocrx_word' id='word_1_622' title='bbox 1110 3374 1355 3415; x_wconf 84' lang='lat' dir='ltr'>magnanimitas</span> 
     </span>
     <span class='ocr_line' id='line_1_90' title="bbox 281 3417 1355 3459; baseline 0.003 -11"><span class='ocrx_word' id='word_1_623' title='bbox 281 3417 410 3448; x_wconf 86' lang='lat' dir='ltr'>dicitur:</span> <span class='ocrx_word' id='word_1_624' title='bbox 442 3428 478 3448; x_wconf 90' lang='lat' dir='ltr'>ex</span> <span class='ocrx_word' id='word_1_625' title='bbox 502 3418 626 3449; x_wconf 89' lang='lat' dir='ltr'>obiecto</span> <span class='ocrx_word' id='word_1_626' title='bbox 651 3418 799 3459; x_wconf 88' lang='lat' dir='ltr'>quidem,</span> <span class='ocrx_word' id='word_1_627' title='bbox 824 3419 900 3459; x_wconf 88' lang='lat' dir='ltr'>quia</span> <span class='ocrx_word' id='word_1_628' title='bbox 932 3418 1065 3450; x_wconf 85' lang='lat' dir='ltr'>formale</span> <span class='ocrx_word' id='word_1_629' title='bbox 1096 3419 1259 3451; x_wconf 90' lang='lat' dir='ltr'>obiectum</span> <span class='ocrx_word' id='word_1_630' title='bbox 1287 3419 1355 3451; x_wconf 83' lang='lat' dir='ltr'>eius</span> 
     </span>
     <span class='ocr_line' id='line_1_91' title="bbox 281 3462 1354 3504; baseline 0.003 -12"><span class='ocrx_word' id='word_1_631' title='bbox 281 3469 328 3493; x_wconf 89' lang='lat' dir='ltr'>est</span> <span class='ocrx_word' id='word_1_632' title='bbox 351 3471 506 3502; x_wconf 89' lang='lat' dir='ltr'>magnum</span> <span class='ocrx_word' id='word_1_633' title='bbox 530 3462 561 3492; x_wconf 89' lang='lat' dir='ltr'>in</span> <span class='ocrx_word' id='word_1_634' title='bbox 587 3462 741 3502; x_wconf 86' lang='lat' dir='ltr'>cuiusque</span> <span class='ocrx_word' id='word_1_635' title='bbox 764 3462 887 3494; x_wconf 87' lang='lat' dir='ltr'>virtutis</span> <span class='ocrx_word' id='word_1_636' title='bbox 913 3473 1023 3504; x_wconf 87' lang='lat' dir='ltr'>opere;</span> <span class='ocrx_word' id='word_1_637' title='bbox 1054 3474 1091 3494; x_wconf 85' lang='lat' dir='ltr'>ex</span> <span class='ocrx_word' id='word_1_638' title='bbox 1114 3464 1244 3495; x_wconf 87' lang='lat' dir='ltr'>materia</span> <span class='ocrx_word' id='word_1_639' title='bbox 1267 3474 1354 3502; x_wconf 86' lang='lat' dir='ltr'>vero,</span> 
     </span>
     <span class='ocr_line' id='line_1_92' title="bbox 281 3506 1354 3548; baseline 0.001 -10"><span class='ocrx_word' id='word_1_640' title='bbox 281 3506 356 3548; x_wconf 88' lang='lat' dir='ltr'>quia</span> <span class='ocrx_word' id='word_1_641' title='bbox 380 3516 515 3546; x_wconf 86' lang='lat' dir='ltr'>magnus</span> <span class='ocrx_word' id='word_1_642' title='bbox 540 3506 660 3543; x_wconf 88' lang='lat' dir='ltr'>honor,</span> <span class='ocrx_word' id='word_1_643' title='bbox 685 3506 766 3537; x_wconf 86' lang='lat' dir='ltr'>inter</span> <span class='ocrx_word' id='word_1_644' title='bbox 790 3508 899 3538; x_wconf 89' lang='lat' dir='ltr'>omnia</span> <span class='ocrx_word' id='word_1_645' title='bbox 930 3508 1082 3539; x_wconf 83' lang='lat' dir='ltr'>exteriora</span> <span class='ocrx_word' id='word_1_646' title='bbox 1105 3509 1205 3544; x_wconf 91' lang='lat' dir='ltr'>bona,</span> <span class='ocrx_word' id='word_1_647' title='bbox 1229 3509 1354 3539; x_wconf 91' lang='lat' dir='ltr'>bonum</span> 
     </span>
     <span class='ocr_line' id='line_1_93' title="bbox 282 3550 538 3582; baseline 0 0"><span class='ocrx_word' id='word_1_648' title='bbox 282 3550 459 3582; x_wconf 89' lang='lat' dir='ltr'>maximum</span> <span class='ocrx_word' id='word_1_649' title='bbox 483 3557 538 3582; x_wconf 90' lang='lat' dir='ltr'>est.</span> 
     </span>
    </p>

    <p class='ocr_par' dir='ltr' id='par_1_20' title="bbox 338 3594 1355 3635">
     <span class='ocr_line' id='line_1_94' title="bbox 338 3594 1355 3635; baseline 0 -8"><span class='ocrx_word' id='word_1_650' title='bbox 338 3596 378 3627; x_wconf 90' lang='lat' dir='ltr'>Et</span> <span class='ocrx_word' id='word_1_651' title='bbox 402 3595 483 3627; x_wconf 88' lang='lat' dir='ltr'>sicut</span> <span class='ocrx_word' id='word_1_652' title='bbox 506 3595 668 3626; x_wconf 88' lang='lat' dir='ltr'>obiectum</span> <span class='ocrx_word' id='word_1_653' title='bbox 691 3595 759 3625; x_wconf 90' lang='lat' dir='ltr'>eius</span> <span class='ocrx_word' id='word_1_654' title='bbox 783 3594 986 3635; x_wconf 88' lang='lat' dir='ltr'>distinguitur</span> <span class='ocrx_word' id='word_1_655' title='bbox 1010 3607 1027 3627; x_wconf 88' lang='lat' dir='ltr'>a</span> <span class='ocrx_word' id='word_1_656' title='bbox 1050 3596 1181 3628; x_wconf 84' lang='lat' dir='ltr'>materia</span> <span class='ocrx_word' id='word_1_657' title='bbox 1205 3596 1287 3633; x_wconf 86' lang='lat' dir='ltr'>eius,</span> <span class='ocrx_word' id='word_1_658' title='bbox 1312 3596 1355 3627; x_wconf 89' lang='lat' dir='ltr'>ita</span> 
     </span>
    </p>
   </div>
   <div class='ocr_carea' id='block_1_18' title="bbox 1381 1178 1384 3657">
    <p class='ocr_par' dir='ltr' id='par_1_21' title="bbox 1381 1178 1384 3657">
     <span class='ocr_line' id='line_1_95' title="bbox 1381 1178 1384 3657; baseline 0 0"><span class='ocrx_word' id='word_1_659' title='bbox 1381 1178 1384 3657; x_wconf 95' lang='lat' dir='ltr'> </span> 
     </span>
    </p>
   </div>
   <div class='ocr_carea' id='block_1_19' title="bbox 282 3639 1354 3672">
    <p class='ocr_par' dir='ltr' id='par_1_22' title="bbox 282 3639 1354 3672">
     <span class='ocr_line' id='line_1_96' title="bbox 282 3639 1354 3672; baseline -0.001 0"><span class='ocrx_word' id='word_1_660' title='bbox 282 3647 369 3672; x_wconf 88' lang='lat' dir='ltr'>actus</span> <span class='ocrx_word' id='word_1_661' title='bbox 386 3640 529 3671; x_wconf 86' lang='lat' dir='ltr'>eiusdem</span> <span class='ocrx_word' id='word_1_662' title='bbox 547 3639 627 3670; x_wconf 89' lang='lat' dir='ltr'>circa</span> <span class='ocrx_word' id='word_1_663' title='bbox 646 3639 807 3670; x_wconf 87' lang='lat' dir='ltr'>obiectum</span> <span class='ocrx_word' id='word_1_664' title='bbox 828 3640 866 3670; x_wconf 90' lang='lat' dir='ltr'>ab</span> <span class='ocrx_word' id='word_1_665' title='bbox 883 3647 954 3671; x_wconf 90' lang='lat' dir='ltr'>actu</span> <span class='ocrx_word' id='word_1_666' title='bbox 975 3641 1054 3671; x_wconf 86' lang='lat' dir='ltr'>circa</span> <span class='ocrx_word' id='word_1_667' title='bbox 1072 3641 1245 3672; x_wconf 86' lang='lat' dir='ltr'>materiam.</span> <span class='ocrx_word' id='word_1_668' title='bbox 1269 3641 1354 3671; x_wconf 86' lang='lat' dir='ltr'>Nam</span> 
     </span>
    </p>
   </div>
   <div class='ocr_carea' id='block_1_20' title="bbox 1407 1179 2491 2299">
    <p class='ocr_par' dir='ltr' id='par_1_23' title="bbox 1409 1179 2491 1715">
     <span class='ocr_line' id='line_1_97' title="bbox 1411 1179 2487 1227; baseline 0.007 -18"><span class='ocrx_word' id='word_1_669' title='bbox 1411 1179 1574 1210; x_wconf 92' lang='lat' dir='ltr'>obiectum</span> <span class='ocrx_word' id='word_1_670' title='bbox 1598 1190 1695 1211; x_wconf 92' lang='lat' dir='ltr'>suum</span> <span class='ocrx_word' id='word_1_671' title='bbox 1718 1181 1844 1222; x_wconf 88' lang='lat' dir='ltr'>attingit</span> <span class='ocrx_word' id='word_1_672' title='bbox 1858 1181 1891 1212; x_wconf 91' lang='lat' dir='ltr'>in</span> <span class='ocrx_word' id='word_1_673' title='bbox 1911 1182 1974 1213; x_wconf 92' lang='lat' dir='ltr'>hoc</span> <span class='ocrx_word' id='word_1_674' title='bbox 1997 1183 2070 1223; x_wconf 91' lang='lat' dir='ltr'>ipso</span> <span class='ocrx_word' id='word_1_675' title='bbox 2085 1184 2174 1225; x_wconf 91' lang='lat' dir='ltr'>quod</span> <span class='ocrx_word' id='word_1_676' title='bbox 2191 1191 2343 1225; x_wconf 88' lang='lat' dir='ltr'>operatur</span> <span class='ocrx_word' id='word_1_677' title='bbox 2357 1196 2487 1227; x_wconf 83' lang='lat' dir='ltr'>magna:</span> 
     </span>
     <span class='ocr_line' id='line_1_98' title="bbox 1410 1223 2489 1271; baseline 0.007 -17"><span class='ocrx_word' id='word_1_678' title='bbox 1410 1223 1576 1254; x_wconf 89' lang='lat' dir='ltr'>materiam</span> <span class='ocrx_word' id='word_1_679' title='bbox 1600 1232 1708 1256; x_wconf 89' lang='lat' dir='ltr'>autem</span> <span class='ocrx_word' id='word_1_680' title='bbox 1738 1226 1864 1267; x_wconf 82' lang='lat' dir='ltr'>attingit</span> <span class='ocrx_word' id='word_1_681' title='bbox 1886 1226 1920 1257; x_wconf 92' lang='lat' dir='ltr'>in</span> <span class='ocrx_word' id='word_1_682' title='bbox 1943 1227 2005 1258; x_wconf 90' lang='lat' dir='ltr'>hoc</span> <span class='ocrx_word' id='word_1_683' title='bbox 2029 1229 2119 1269; x_wconf 91' lang='lat' dir='ltr'>quod</span> <span class='ocrx_word' id='word_1_684' title='bbox 2146 1229 2282 1261; x_wconf 87' lang='lat' dir='ltr'>assumit</span> <span class='ocrx_word' id='word_1_685' title='bbox 2304 1240 2393 1271; x_wconf 89' lang='lat' dir='ltr'>spem</span> <span class='ocrx_word' id='word_1_686' title='bbox 2419 1241 2489 1262; x_wconf 91' lang='lat' dir='ltr'>mo-</span> 
     </span>
     <span class='ocr_line' id='line_1_99' title="bbox 1412 1269 2490 1311; baseline 0.008 -13"><span class='ocrx_word' id='word_1_687' title='bbox 1412 1269 1553 1300; x_wconf 88' lang='lat' dir='ltr'>deratam</span> <span class='ocrx_word' id='word_1_688' title='bbox 1576 1270 1684 1311; x_wconf 87' lang='lat' dir='ltr'>magni</span> <span class='ocrx_word' id='word_1_689' title='bbox 1707 1271 1841 1302; x_wconf 91' lang='lat' dir='ltr'>honoris</span> <span class='ocrx_word' id='word_1_690' title='bbox 1858 1271 1971 1309; x_wconf 89' lang='lat' dir='ltr'>futuri,</span> <span class='ocrx_word' id='word_1_691' title='bbox 1996 1279 2028 1303; x_wconf 91' lang='lat' dir='ltr'>et</span> <span class='ocrx_word' id='word_1_692' title='bbox 2046 1273 2191 1304; x_wconf 88' lang='lat' dir='ltr'>similiter</span> <span class='ocrx_word' id='word_1_693' title='bbox 2213 1275 2413 1306; x_wconf 84' lang='lat' dir='ltr'>moderatam</span> <span class='ocrx_word' id='word_1_694' title='bbox 2437 1276 2490 1307; x_wconf 92' lang='lat' dir='ltr'>de-</span> 
     </span>
     <span class='ocr_line' id='line_1_100' title="bbox 1409 1313 2491 1359; baseline 0.008 -16"><span class='ocrx_word' id='word_1_695' title='bbox 1409 1313 1613 1345; x_wconf 89' lang='lat' dir='ltr'>lectationem</span> <span class='ocrx_word' id='word_1_696' title='bbox 1626 1315 1733 1355; x_wconf 88' lang='lat' dir='ltr'>magni</span> <span class='ocrx_word' id='word_1_697' title='bbox 1746 1315 1878 1347; x_wconf 87' lang='lat' dir='ltr'>honoris</span> <span class='ocrx_word' id='word_1_698' title='bbox 1895 1317 2079 1357; x_wconf 85' lang='lat' dir='ltr'>praesentis,</span> <span class='ocrx_word' id='word_1_699' title='bbox 2097 1325 2133 1349; x_wconf 92' lang='lat' dir='ltr'>ut</span> <span class='ocrx_word' id='word_1_700' title='bbox 2149 1325 2235 1359; x_wconf 87' lang='lat' dir='ltr'>patet</span> <span class='ocrx_word' id='word_1_701' title='bbox 2253 1318 2286 1350; x_wconf 91' lang='lat' dir='ltr'>in</span> <span class='ocrx_word' id='word_1_702' title='bbox 2302 1319 2346 1351; x_wconf 87' lang='lat' dir='ltr'>lv</span> <span class='ocrx_word' id='word_1_703' title='bbox 2357 1320 2462 1353; x_wconf 72' lang='lat' dir='ltr'>Ethic.</span> <span class='ocrx_word' id='word_1_704' title='bbox 2473 1321 2491 1340; x_wconf 85' lang='grc'>*</span> 
     </span>
     <span class='ocr_line' id='line_1_101' title="bbox 1410 1359 2490 1406; baseline 0.006 -17"><span class='ocrx_word' id='word_1_705' title='bbox 1410 1359 1467 1389; x_wconf 88' lang='lat' dir='ltr'>Est</span> <span class='ocrx_word' id='word_1_706' title='bbox 1490 1366 1599 1390; x_wconf 90' lang='lat' dir='ltr'>autem</span> <span class='ocrx_word' id='word_1_707' title='bbox 1623 1360 1788 1401; x_wconf 87' lang='lat' dir='ltr'>utriusque</span> <span class='ocrx_word' id='word_1_708' title='bbox 1813 1368 1901 1392; x_wconf 90' lang='lat' dir='ltr'>actus</span> <span class='ocrx_word' id='word_1_709' title='bbox 1925 1362 2112 1399; x_wconf 88' lang='lat' dir='ltr'>necessitas,</span> <span class='ocrx_word' id='word_1_710' title='bbox 2138 1363 2214 1404; x_wconf 92' lang='lat' dir='ltr'>quia</span> <span class='ocrx_word' id='word_1_711' title='bbox 2237 1364 2297 1394; x_wconf 91' lang='lat' dir='ltr'>nisi</span> <span class='ocrx_word' id='word_1_712' title='bbox 2326 1364 2490 1406; x_wconf 82' lang='lat' dir='ltr'>magnani-</span> 
     </span>
     <span class='ocr_line' id='line_1_102' title="bbox 1410 1405 2490 1450; baseline 0.007 -17"><span class='ocrx_word' id='word_1_713' title='bbox 1410 1413 1484 1434; x_wconf 91' lang='lat' dir='ltr'>mus</span> <span class='ocrx_word' id='word_1_714' title='bbox 1507 1405 1650 1436; x_wconf 88' lang='lat' dir='ltr'>tenderet</span> <span class='ocrx_word' id='word_1_715' title='bbox 1673 1405 1788 1436; x_wconf 88' lang='lat' dir='ltr'>directe</span> <span class='ocrx_word' id='word_1_716' title='bbox 1811 1406 1844 1436; x_wconf 90' lang='lat' dir='ltr'>in</span> <span class='ocrx_word' id='word_1_717' title='bbox 1869 1416 2000 1447; x_wconf 85' lang='lat' dir='ltr'>magna,</span> <span class='ocrx_word' id='word_1_718' title='bbox 2026 1417 2108 1448; x_wconf 90' lang='lat' dir='ltr'>quae</span> <span class='ocrx_word' id='word_1_719' title='bbox 2132 1415 2207 1440; x_wconf 91' lang='lat' dir='ltr'>sunt</span> <span class='ocrx_word' id='word_1_720' title='bbox 2230 1418 2295 1439; x_wconf 91' lang='lat' dir='ltr'>non</span> <span class='ocrx_word' id='word_1_721' title='bbox 2319 1409 2353 1440; x_wconf 94' lang='lat' dir='ltr'>in</span> <span class='ocrx_word' id='word_1_722' title='bbox 2375 1419 2490 1450; x_wconf 87' lang='lat' dir='ltr'>genere</span> 
     </span>
     <span class='ocr_line' id='line_1_103' title="bbox 1410 1448 2490 1492; baseline 0.006 -14"><span class='ocrx_word' id='word_1_723' title='bbox 1410 1448 1621 1480; x_wconf 89' lang='lat' dir='ltr'>minimorum</span> <span class='ocrx_word' id='word_1_724' title='bbox 1638 1450 1812 1487; x_wconf 88' lang='lat' dir='ltr'>bonorum,</span> <span class='ocrx_word' id='word_1_725' title='bbox 1830 1451 1936 1492; x_wconf 86' lang='lat' dir='ltr'>qualia</span> <span class='ocrx_word' id='word_1_726' title='bbox 1959 1459 2033 1483; x_wconf 91' lang='lat' dir='ltr'>sunt</span> <span class='ocrx_word' id='word_1_727' title='bbox 2053 1452 2207 1484; x_wconf 87' lang='lat' dir='ltr'>exteriora</span> <span class='ocrx_word' id='word_1_728' title='bbox 2229 1454 2325 1490; x_wconf 89' lang='lat' dir='ltr'>bona,</span> <span class='ocrx_word' id='word_1_729' title='bbox 2342 1454 2398 1485; x_wconf 92' lang='lat' dir='ltr'>sed</span> <span class='ocrx_word' id='word_1_730' title='bbox 2418 1465 2490 1486; x_wconf 91' lang='lat' dir='ltr'>vere</span> 
     </span>
     <span class='ocr_line' id='line_1_104' title="bbox 1410 1494 2489 1535; baseline 0.006 -12"><span class='ocrx_word' id='word_1_731' title='bbox 1410 1503 1527 1534; x_wconf 88' lang='lat' dir='ltr'>magna</span> <span class='ocrx_word' id='word_1_732' title='bbox 1550 1494 1649 1531; x_wconf 86' lang='lat' dir='ltr'>bona,</span> <span class='ocrx_word' id='word_1_733' title='bbox 1674 1505 1757 1535; x_wconf 88' lang='lat' dir='ltr'>quae</span> <span class='ocrx_word' id='word_1_734' title='bbox 1781 1503 1856 1526; x_wconf 89' lang='lat' dir='ltr'>sunt</span> <span class='ocrx_word' id='word_1_735' title='bbox 1879 1496 1947 1526; x_wconf 89' lang='lat' dir='ltr'>sola</span> <span class='ocrx_word' id='word_1_736' title='bbox 1979 1496 2076 1527; x_wconf 86' lang='lat' dir='ltr'>animi</span> <span class='ocrx_word' id='word_1_737' title='bbox 2100 1498 2196 1534; x_wconf 89' lang='lat' dir='ltr'>bona,</span> <span class='ocrx_word' id='word_1_738' title='bbox 2220 1507 2288 1529; x_wconf 89' lang='lat' dir='ltr'>non</span> <span class='ocrx_word' id='word_1_739' title='bbox 2312 1506 2394 1530; x_wconf 92' lang='lat' dir='ltr'>esset</span> <span class='ocrx_word' id='word_1_740' title='bbox 2416 1509 2489 1531; x_wconf 84' lang='lat' dir='ltr'>vere</span> 
     </span>
     <span class='ocr_line' id='line_1_105' title="bbox 1411 1538 2491 1585; baseline 0.006 -17"><span class='ocrx_word' id='word_1_741' title='bbox 1411 1538 1655 1578; x_wconf 89' lang='lat' dir='ltr'>magnanimus,</span> <span class='ocrx_word' id='word_1_742' title='bbox 1680 1546 1792 1580; x_wconf 90' lang='lat' dir='ltr'>utpote</span> <span class='ocrx_word' id='word_1_743' title='bbox 1824 1550 1890 1570; x_wconf 90' lang='lat' dir='ltr'>non</span> <span class='ocrx_word' id='word_1_744' title='bbox 1923 1542 2056 1572; x_wconf 89' lang='lat' dir='ltr'>tendens</span> <span class='ocrx_word' id='word_1_745' title='bbox 2087 1542 2119 1572; x_wconf 91' lang='lat' dir='ltr'>in</span> <span class='ocrx_word' id='word_1_746' title='bbox 2144 1552 2216 1573; x_wconf 90' lang='lat' dir='ltr'>vere</span> <span class='ocrx_word' id='word_1_747' title='bbox 2244 1550 2275 1574; x_wconf 91' lang='lat' dir='ltr'>et</span> <span class='ocrx_word' id='word_1_748' title='bbox 2304 1543 2491 1585; x_wconf 88' lang='lat' dir='ltr'>simpliciter</span> 
     </span>
     <span class='ocr_line' id='line_1_106' title="bbox 1411 1584 2489 1630; baseline 0.006 -17"><span class='ocrx_word' id='word_1_749' title='bbox 1411 1593 1526 1623; x_wconf 87' lang='lat' dir='ltr'>magna</span> <span class='ocrx_word' id='word_1_750' title='bbox 1550 1584 1656 1614; x_wconf 88' lang='lat' dir='ltr'>bona:</span> <span class='ocrx_word' id='word_1_751' title='bbox 1689 1591 1719 1615; x_wconf 92' lang='lat' dir='ltr'>et</span> <span class='ocrx_word' id='word_1_752' title='bbox 1742 1584 1803 1615; x_wconf 89' lang='lat' dir='ltr'>nisi</span> <span class='ocrx_word' id='word_1_753' title='bbox 1833 1585 2012 1626; x_wconf 89' lang='lat' dir='ltr'>appetitum</span> <span class='ocrx_word' id='word_1_754' title='bbox 2041 1586 2351 1629; x_wconf 89' lang='lat' dir='ltr'>delectationemque</span> <span class='ocrx_word' id='word_1_755' title='bbox 2381 1588 2489 1630; x_wconf 83' lang='lat' dir='ltr'>magni</span> 
     </span>
     <span class='ocr_line' id='line_1_107' title="bbox 1410 1628 2490 1671; baseline 0.006 -13"><span class='ocrx_word' id='word_1_756' title='bbox 1410 1628 1542 1658; x_wconf 91' lang='lat' dir='ltr'>honoris</span> <span class='ocrx_word' id='word_1_757' title='bbox 1565 1628 1749 1671; x_wconf 86' lang='lat' dir='ltr'>gloriaeque</span> <span class='ocrx_word' id='word_1_758' title='bbox 1773 1630 1933 1661; x_wconf 89' lang='lat' dir='ltr'>humanae</span> <span class='ocrx_word' id='word_1_759' title='bbox 1956 1631 2189 1669; x_wconf 87' lang='lat' dir='ltr'>moderaretur,</span> <span class='ocrx_word' id='word_1_760' title='bbox 2215 1642 2281 1663; x_wconf 88' lang='lat' dir='ltr'>non</span> <span class='ocrx_word' id='word_1_761' title='bbox 2306 1641 2387 1664; x_wconf 89' lang='lat' dir='ltr'>esset</span> <span class='ocrx_word' id='word_1_762' title='bbox 2410 1633 2490 1665; x_wconf 88' lang='lat' dir='ltr'>circa</span> 
     </span>
     <span class='ocr_line' id='line_1_108' title="bbox 1410 1673 1988 1715; baseline 0.007 -12"><span class='ocrx_word' id='word_1_763' title='bbox 1410 1673 1550 1703; x_wconf 89' lang='lat' dir='ltr'>honores</span> <span class='ocrx_word' id='word_1_764' title='bbox 1574 1680 1610 1704; x_wconf 89' lang='lat' dir='ltr'>ut</span> <span class='ocrx_word' id='word_1_765' title='bbox 1625 1674 1789 1715; x_wconf 86' lang='lat' dir='ltr'>propriam</span> <span class='ocrx_word' id='word_1_766' title='bbox 1813 1675 1988 1707; x_wconf 88' lang='lat' dir='ltr'>materiam.</span> 
     </span>
    </p>

    <p class='ocr_par' dir='ltr' id='par_1_24' title="bbox 1407 1717 2491 2299">
     <span class='ocr_line' id='line_1_109' title="bbox 1467 1717 2488 1761; baseline 0.006 -13"><span class='ocrx_word' id='word_1_767' title='bbox 1467 1717 1520 1749; x_wconf 90' lang='lat'>111.</span> <span class='ocrx_word' id='word_1_768' title='bbox 1544 1718 1592 1748; x_wconf 89' lang='lat' dir='ltr'>Ex</span> <span class='ocrx_word' id='word_1_769' title='bbox 1606 1718 1724 1759; x_wconf 91' lang='lat' dir='ltr'>quibus</span> <span class='ocrx_word' id='word_1_770' title='bbox 1740 1725 1827 1759; x_wconf 89' lang='lat' dir='ltr'>patet</span> <span class='ocrx_word' id='word_1_771' title='bbox 1843 1719 1922 1761; x_wconf 92' lang='lat' dir='ltr'>quid</span> <span class='ocrx_word' id='word_1_772' title='bbox 1945 1721 1985 1750; x_wconf 89' lang='lat' dir='ltr'>ad</span> <span class='ocrx_word' id='word_1_773' title='bbox 2002 1721 2224 1761; x_wconf 89' lang='lat' dir='ltr'>quaestionem</span> <span class='ocrx_word' id='word_1_774' title='bbox 2243 1721 2414 1753; x_wconf 87' lang='lat' dir='ltr'>dicendum</span> <span class='ocrx_word' id='word_1_775' title='bbox 2433 1723 2488 1754; x_wconf 86' lang='lat' dir='ltr'>sit:</span> 
     </span>
     <span class='ocr_line' id='line_1_110' title="bbox 1410 1762 2490 1807; baseline 0.006 -15"><span class='ocrx_word' id='word_1_776' title='bbox 1410 1762 1528 1793; x_wconf 90' lang='lat' dir='ltr'>scilicet</span> <span class='ocrx_word' id='word_1_777' title='bbox 1543 1763 1644 1803; x_wconf 89' lang='lat' dir='ltr'>quod,</span> <span class='ocrx_word' id='word_1_778' title='bbox 1662 1763 1848 1804; x_wconf 87' lang='lat' dir='ltr'>simpliciter</span> <span class='ocrx_word' id='word_1_779' title='bbox 1866 1771 1897 1796; x_wconf 90' lang='lat' dir='ltr'>et</span> <span class='ocrx_word' id='word_1_780' title='bbox 1915 1765 2060 1796; x_wconf 89' lang='lat' dir='ltr'>absolute</span> <span class='ocrx_word' id='word_1_781' title='bbox 2085 1765 2262 1807; x_wconf 89' lang='lat' dir='ltr'>loquendo,</span> <span class='ocrx_word' id='word_1_782' title='bbox 2279 1767 2403 1807; x_wconf 88' lang='lat' dir='ltr'>operari</span> <span class='ocrx_word' id='word_1_783' title='bbox 2424 1777 2490 1799; x_wconf 89' lang='lat' dir='ltr'>ma—</span> 
     </span>
     <span class='ocr_line' id='line_1_111' title="bbox 1409 1808 2490 1851; baseline 0.007 -15"><span class='ocrx_word' id='word_1_784' title='bbox 1409 1817 1471 1847; x_wconf 88' lang='lat' dir='ltr'>gna</span> <span class='ocrx_word' id='word_1_785' title='bbox 1488 1814 1609 1847; x_wconf 90' lang='lat' dir='ltr'>spectat</span> <span class='ocrx_word' id='word_1_786' title='bbox 1632 1808 1671 1838; x_wconf 92' lang='lat' dir='ltr'>ad</span> <span class='ocrx_word' id='word_1_787' title='bbox 1701 1809 1944 1848; x_wconf 85' lang='lat' dir='ltr'>magnanimum</span> <span class='ocrx_word' id='word_1_788' title='bbox 1961 1817 1997 1840; x_wconf 95' lang='lat' dir='ltr'>ut</span> <span class='ocrx_word' id='word_1_789' title='bbox 2019 1809 2202 1851; x_wconf 88' lang='lat' dir='ltr'>principalis</span> <span class='ocrx_word' id='word_1_790' title='bbox 2222 1811 2291 1842; x_wconf 88' lang='lat' dir='ltr'>eius</span> <span class='ocrx_word' id='word_1_791' title='bbox 2314 1818 2419 1849; x_wconf 82' lang='lat' dir='ltr'>actus;</span> <span class='ocrx_word' id='word_1_792' title='bbox 2442 1822 2490 1844; x_wconf 81' lang='lat' dir='ltr'>se-</span> 
     </span>
     <span class='ocr_line' id='line_1_112' title="bbox 1409 1852 2490 1897; baseline 0.007 -16"><span class='ocrx_word' id='word_1_793' title='bbox 1409 1852 1554 1882; x_wconf 88' lang='lat' dir='ltr'>cundum</span> <span class='ocrx_word' id='word_1_794' title='bbox 1577 1852 1655 1892; x_wconf 91' lang='lat' dir='ltr'>quid</span> <span class='ocrx_word' id='word_1_795' title='bbox 1679 1859 1797 1889; x_wconf 87' lang='lat' dir='ltr'>autem,</span> <span class='ocrx_word' id='word_1_796' title='bbox 1822 1853 1885 1884; x_wconf 89' lang='lat' dir='ltr'>hoc</span> <span class='ocrx_word' id='word_1_797' title='bbox 1908 1861 1956 1885; x_wconf 87' lang='lat' dir='ltr'>est</span> <span class='ocrx_word' id='word_1_798' title='bbox 1977 1854 2143 1895; x_wconf 88' lang='lat' dir='ltr'>loquendo</span> <span class='ocrx_word' id='word_1_799' title='bbox 2167 1855 2207 1887; x_wconf 91' lang='lat' dir='ltr'>de</span> <span class='ocrx_word' id='word_1_800' title='bbox 2230 1856 2490 1897; x_wconf 83' lang='lat' dir='ltr'>magnanimitate</span> 
     </span>
     <span class='ocr_line' id='line_1_113' title="bbox 1408 1895 2490 1942; baseline 0.007 -17"><span class='ocrx_word' id='word_1_801' title='bbox 1408 1895 1441 1926; x_wconf 92' lang='lat' dir='ltr'>in</span> <span class='ocrx_word' id='word_1_802' title='bbox 1461 1895 1573 1926; x_wconf 87' lang='lat' dir='ltr'>ordine</span> <span class='ocrx_word' id='word_1_803' title='bbox 1597 1896 1637 1926; x_wconf 90' lang='lat' dir='ltr'>ad</span> <span class='ocrx_word' id='word_1_804' title='bbox 1660 1903 1768 1927; x_wconf 89' lang='lat' dir='ltr'>actum</span> <span class='ocrx_word' id='word_1_805' title='bbox 1785 1897 1853 1928; x_wconf 91' lang='lat' dir='ltr'>eius</span> <span class='ocrx_word' id='word_1_806' title='bbox 1869 1897 1950 1929; x_wconf 87' lang='lat' dir='ltr'>circa</span> <span class='ocrx_word' id='word_1_807' title='bbox 1965 1899 2131 1930; x_wconf 87' lang='lat' dir='ltr'>materiam</span> <span class='ocrx_word' id='word_1_808' title='bbox 2154 1899 2266 1940; x_wconf 83' lang='lat' dir='ltr'>ipsius,</span> <span class='ocrx_word' id='word_1_809' title='bbox 2282 1901 2407 1942; x_wconf 74' lang='lat' dir='ltr'>operari</span> <span class='ocrx_word' id='word_1_810' title='bbox 2423 1910 2490 1933; x_wconf 80' lang='lat' dir='ltr'>ma-</span> 
     </span>
     <span class='ocr_line' id='line_1_114' title="bbox 1407 1940 2488 1984; baseline 0.006 -14"><span class='ocrx_word' id='word_1_811' title='bbox 1407 1950 1470 1980; x_wconf 88' lang='lat' dir='ltr'>gna</span> <span class='ocrx_word' id='word_1_812' title='bbox 1486 1947 1533 1971; x_wconf 87' lang='lat' dir='ltr'>est</span> <span class='ocrx_word' id='word_1_813' title='bbox 1553 1940 1789 1972; x_wconf 86' lang='lat' dir='ltr'>circumstantia</span> <span class='ocrx_word' id='word_1_814' title='bbox 1803 1949 1859 1973; x_wconf 88' lang='lat' dir='ltr'>aut</span> <span class='ocrx_word' id='word_1_815' title='bbox 1877 1942 1968 1984; x_wconf 88' lang='lat' dir='ltr'>quasi</span> <span class='ocrx_word' id='word_1_816' title='bbox 1988 1943 2224 1975; x_wconf 88' lang='lat' dir='ltr'>circumstantia</span> <span class='ocrx_word' id='word_1_817' title='bbox 2243 1945 2328 1976; x_wconf 81' lang='lat' dir='ltr'>unde</span> <span class='ocrx_word' id='word_1_818' title='bbox 2346 1955 2403 1977; x_wconf 84' lang='lat' dir='ltr'>seu</span> <span class='ocrx_word' id='word_1_819' title='bbox 2418 1955 2488 1981; x_wconf 71' lang='lat' dir='ltr'>eur,</span> 
     </span>
     <span class='ocr_line' id='line_1_115' title="bbox 1409 1984 2490 2029; baseline 0.006 -14"><span class='ocrx_word' id='word_1_820' title='bbox 1409 1984 1497 2016; x_wconf 87' lang='lat' dir='ltr'>Finis</span> <span class='ocrx_word' id='word_1_821' title='bbox 1520 1995 1661 2027; x_wconf 88' lang='lat' dir='ltr'>namque</span> <span class='ocrx_word' id='word_1_822' title='bbox 1686 1986 1835 2027; x_wconf 89' lang='lat' dir='ltr'>proprius</span> <span class='ocrx_word' id='word_1_823' title='bbox 1859 1986 1993 2018; x_wconf 85' lang='lat' dir='ltr'>alicuius</span> <span class='ocrx_word' id='word_1_824' title='bbox 2017 1997 2083 2018; x_wconf 91' lang='lat' dir='ltr'>non</span> <span class='ocrx_word' id='word_1_825' title='bbox 2107 1994 2155 2019; x_wconf 91' lang='lat' dir='ltr'>est</span> <span class='ocrx_word' id='word_1_826' title='bbox 2176 1989 2306 2029; x_wconf 85' lang='lat' dir='ltr'>proprie</span> <span class='ocrx_word' id='word_1_827' title='bbox 2328 1988 2411 2021; x_wconf 88' lang='lat' dir='ltr'>inter</span> <span class='ocrx_word' id='word_1_828' title='bbox 2433 1987 2490 2022; x_wconf 61' lang='lat' dir='ltr'>cir*</span> 
     </span>
     <span class='ocr_line' id='line_1_116' title="bbox 1410 2029 2491 2076; baseline 0.006 -16"><span class='ocrx_word' id='word_1_829' title='bbox 1410 2029 1632 2061; x_wconf 87' lang='lat' dir='ltr'>cumstantias:</span> <span class='ocrx_word' id='word_1_830' title='bbox 1657 2030 1807 2072; x_wconf 91' lang='lat' dir='ltr'>proprius</span> <span class='ocrx_word' id='word_1_831' title='bbox 1830 2038 1938 2063; x_wconf 89' lang='lat' dir='ltr'>autem</span> <span class='ocrx_word' id='word_1_832' title='bbox 1953 2031 2026 2063; x_wconf 82' lang='lat' dir='ltr'>finis</span> <span class='ocrx_word' id='word_1_833' title='bbox 2049 2042 2147 2074; x_wconf 89' lang='lat' dir='ltr'>quare</span> <span class='ocrx_word' id='word_1_834' title='bbox 2170 2032 2285 2074; x_wconf 89' lang='lat' dir='ltr'>aliquis</span> <span class='ocrx_word' id='word_1_835' title='bbox 2309 2041 2356 2065; x_wconf 81' lang='lat' dir='ltr'>est</span> <span class='ocrx_word' id='word_1_836' title='bbox 2371 2043 2491 2076; x_wconf 86' lang='lat' dir='ltr'>magno</span> 
     </span>
     <span class='ocr_line' id='line_1_117' title="bbox 1409 2075 2490 2120; baseline 0.006 -15"><span class='ocrx_word' id='word_1_837' title='bbox 1409 2075 1654 2117; x_wconf 89' lang='lat' dir='ltr'>prosequendus</span> <span class='ocrx_word' id='word_1_838' title='bbox 1677 2076 1812 2113; x_wconf 88' lang='lat' dir='ltr'>honore,</span> <span class='ocrx_word' id='word_1_839' title='bbox 1831 2083 1877 2107; x_wconf 92' lang='lat' dir='ltr'>est</span> <span class='ocrx_word' id='word_1_840' title='bbox 1892 2076 1969 2118; x_wconf 86' lang='lat' dir='ltr'>quia</span> <span class='ocrx_word' id='word_1_841' title='bbox 1985 2087 2140 2118; x_wconf 87' lang='lat' dir='ltr'>magnum</span> <span class='ocrx_word' id='word_1_842' title='bbox 2157 2077 2280 2110; x_wconf 84' lang='lat' dir='ltr'>virtutis</span> <span class='ocrx_word' id='word_1_843' title='bbox 2299 2088 2384 2120; x_wconf 90' lang='lat' dir='ltr'>opus</span> <span class='ocrx_word' id='word_1_844' title='bbox 2407 2078 2490 2117; x_wconf 77' lang='lat' dir='ltr'>fecit,</span> 
     </span>
     <span class='ocr_line' id='line_1_118' title="bbox 1409 2119 2489 2158; baseline 0.005 -7"><span class='ocrx_word' id='word_1_845' title='bbox 1409 2119 1493 2157; x_wconf 88' lang='lat' dir='ltr'>facit,</span> <span class='ocrx_word' id='word_1_846' title='bbox 1518 2120 1669 2157; x_wconf 89' lang='lat' dir='ltr'>custodit,</span> <span class='ocrx_word' id='word_1_847' title='bbox 1686 2128 1762 2158; x_wconf 87' lang='lat' dir='ltr'>etc.;</span> <span class='ocrx_word' id='word_1_848' title='bbox 1789 2121 2012 2153; x_wconf 86' lang='lat' dir='ltr'>testimonium</span> <span class='ocrx_word' id='word_1_849' title='bbox 2032 2122 2119 2153; x_wconf 90' lang='lat' dir='ltr'>enim</span> <span class='ocrx_word' id='word_1_850' title='bbox 2134 2122 2259 2154; x_wconf 84' lang='lat' dir='ltr'>virtutis</span> <span class='ocrx_word' id='word_1_851' title='bbox 2282 2123 2322 2154; x_wconf 87' lang='lat' dir='ltr'>ad</span> <span class='ocrx_word' id='word_1_852' title='bbox 2339 2123 2489 2156; x_wconf 77' lang='lat' dir='ltr'>virtutem</span> 
     </span>
     <span class='ocr_line' id='line_1_119' title="bbox 1410 2165 2490 2210; baseline 0.005 -15"><span class='ocrx_word' id='word_1_853' title='bbox 1410 2172 1441 2196; x_wconf 91' lang='lat' dir='ltr'>et</span> <span class='ocrx_word' id='word_1_854' title='bbox 1463 2165 1645 2196; x_wconf 83' lang='lat' dir='ltr'>virtuosum</span> <span class='ocrx_word' id='word_1_855' title='bbox 1669 2166 1835 2197; x_wconf 88' lang='lat' dir='ltr'>ordinatur</span> <span class='ocrx_word' id='word_1_856' title='bbox 1859 2173 1895 2197; x_wconf 93' lang='lat' dir='ltr'>ut</span> <span class='ocrx_word' id='word_1_857' title='bbox 1918 2165 2026 2198; x_wconf 87' lang='lat' dir='ltr'>finem.</span> <span class='ocrx_word' id='word_1_858' title='bbox 2051 2167 2155 2205; x_wconf 87' lang='lat' dir='ltr'>Unde,</span> <span class='ocrx_word' id='word_1_859' title='bbox 2173 2167 2289 2199; x_wconf 89' lang='lat' dir='ltr'>rectius</span> <span class='ocrx_word' id='word_1_860' title='bbox 2312 2168 2490 2210; x_wconf 86' lang='lat' dir='ltr'>loquendo,</span> 
     </span>
     <span class='ocr_line' id='line_1_120' title="bbox 1409 2209 2491 2253; baseline 0.006 -14"><span class='ocrx_word' id='word_1_861' title='bbox 1409 2209 1583 2240; x_wconf 87' lang='lat' dir='ltr'>dicendum</span> <span class='ocrx_word' id='word_1_862' title='bbox 1607 2217 1689 2240; x_wconf 91' lang='lat' dir='ltr'>esset</span> <span class='ocrx_word' id='word_1_863' title='bbox 1712 2211 1802 2251; x_wconf 93' lang='lat' dir='ltr'>quod</span> <span class='ocrx_word' id='word_1_864' title='bbox 1826 2221 1884 2242; x_wconf 91' lang='lat' dir='ltr'>nec</span> <span class='ocrx_word' id='word_1_865' title='bbox 1908 2211 2003 2242; x_wconf 86' lang='lat' dir='ltr'>etiam</span> <span class='ocrx_word' id='word_1_866' title='bbox 2028 2219 2174 2253; x_wconf 87' lang='lat' dir='ltr'>respectu</span> <span class='ocrx_word' id='word_1_867' title='bbox 2199 2213 2377 2244; x_wconf 87' lang='lat' dir='ltr'>secundarii</span> <span class='ocrx_word' id='word_1_868' title='bbox 2402 2220 2491 2248; x_wconf 73' lang='lat' dir='ltr'>actus</span> 
     </span>
     <span class='ocr_line' id='line_1_121' title="bbox 1410 2253 2491 2299; baseline 0.006 -15"><span class='ocrx_word' id='word_1_869' title='bbox 1410 2261 1457 2285; x_wconf 91' lang='lat' dir='ltr'>est</span> <span class='ocrx_word' id='word_1_870' title='bbox 1481 2253 1733 2291; x_wconf 87' lang='lat' dir='ltr'>circumstantia,</span> <span class='ocrx_word' id='word_1_871' title='bbox 1759 2255 1813 2286; x_wconf 90' lang='lat' dir='ltr'>sed</span> <span class='ocrx_word' id='word_1_872' title='bbox 1838 2263 1884 2286; x_wconf 91' lang='lat' dir='ltr'>est</span> <span class='ocrx_word' id='word_1_873' title='bbox 1908 2256 2057 2297; x_wconf 88' lang='lat' dir='ltr'>proprius</span> <span class='ocrx_word' id='word_1_874' title='bbox 2081 2256 2169 2288; x_wconf 89' lang='lat' dir='ltr'>finis:</span> <span class='ocrx_word' id='word_1_875' title='bbox 2198 2264 2229 2288; x_wconf 90' lang='lat' dir='ltr'>et</span> <span class='ocrx_word' id='word_1_876' title='bbox 2255 2258 2343 2299; x_wconf 90' lang='lat' dir='ltr'>quod</span> <span class='ocrx_word' id='word_1_877' title='bbox 2367 2258 2491 2290; x_wconf 86' lang='lat' dir='ltr'>Aristo·</span> 
     </span>
    </p>
   </div>
   <div class='ocr_carea' id='block_1_21' title="bbox 1381 2289 2490 2344">
    <p class='ocr_par' dir='ltr' id='par_1_25' title="bbox 1381 2289 2490 2344">
     <span class='ocr_line' id='line_1_122' title="bbox 1381 2289 2490 2344; baseline 0.005 -15"><span class='ocrx_word' id='word_1_878' title='bbox 1381 2289 1383 2306; x_wconf 61' lang='lat'>&#39;¹</span> <span class='ocrx_word' id='word_1_879' title='bbox 1410 2298 1487 2329; x_wconf 88' lang='lat' dir='ltr'>teles</span> <span class='ocrx_word' id='word_1_880' title='bbox 1511 2299 1621 2339; x_wconf 89' lang='lat' dir='ltr'>posuit</span> <span class='ocrx_word' id='word_1_881' title='bbox 1644 2299 1677 2340; x_wconf 91' lang='lat' dir='ltr'>ly</span> <span class='ocrx_word' id='word_1_882' title='bbox 1701 2299 1787 2331; x_wconf 87' lang='lat' dir='ltr'>unde</span> <span class='ocrx_word' id='word_1_883' title='bbox 1809 2299 1891 2331; x_wconf 88' lang='lat' dir='ltr'>inter</span> <span class='ocrx_word' id='word_1_884' title='bbox 1914 2300 2064 2341; x_wconf 87' lang='lat' dir='ltr'>requisita</span> <span class='ocrx_word' id='word_1_885' title='bbox 2093 2302 2132 2331; x_wconf 92' lang='lat' dir='ltr'>ad</span> <span class='ocrx_word' id='word_1_886' title='bbox 2157 2309 2278 2333; x_wconf 88' lang='lat' dir='ltr'>rectum</span> <span class='ocrx_word' id='word_1_887' title='bbox 2311 2303 2490 2344; x_wconf 86' lang='lat' dir='ltr'>appetitum</span> 
     </span>
    </p>
   </div>
   <div class='ocr_carea' id='block_1_22' title="bbox 1409 2343 2490 2835">
    <p class='ocr_par' dir='ltr' id='par_1_26' title="bbox 1410 2343 2490 2464">
     <span class='ocr_line' id='line_1_123' title="bbox 1410 2343 2490 2387; baseline 0.005 -13"><span class='ocrx_word' id='word_1_888' title='bbox 1410 2343 1560 2380; x_wconf 89' lang='lat' dir='ltr'>honoris,</span> <span class='ocrx_word' id='word_1_889' title='bbox 1593 2354 1659 2374; x_wconf 91' lang='lat' dir='ltr'>non</span> <span class='ocrx_word' id='word_1_890' title='bbox 1691 2343 1772 2375; x_wconf 91' lang='lat' dir='ltr'>inter</span> <span class='ocrx_word' id='word_1_891' title='bbox 1801 2344 2067 2382; x_wconf 84' lang='lat' dir='ltr'>circumstantias;</span> <span class='ocrx_word' id='word_1_892' title='bbox 2100 2346 2175 2382; x_wconf 85' lang='lat' dir='ltr'>nisi,</span> <span class='ocrx_word' id='word_1_893' title='bbox 2199 2346 2288 2387; x_wconf 88' lang='lat' dir='ltr'>largo</span> <span class='ocrx_word' id='word_1_894' title='bbox 2319 2349 2490 2385; x_wconf 87' lang='lat' dir='ltr'>vocabulo,</span> 
     </span>
     <span class='ocr_line' id='line_1_124' title="bbox 1410 2388 2490 2431; baseline 0.005 -12"><span class='ocrx_word' id='word_1_895' title='bbox 1410 2388 1661 2420; x_wconf 89' lang='lat' dir='ltr'>circumstantias</span> <span class='ocrx_word' id='word_1_896' title='bbox 1685 2389 1877 2430; x_wconf 88' lang='lat' dir='ltr'>appellando</span> <span class='ocrx_word' id='word_1_897' title='bbox 1902 2390 2012 2420; x_wconf 87' lang='lat' dir='ltr'>omnia</span> <span class='ocrx_word' id='word_1_898' title='bbox 2029 2390 2180 2431; x_wconf 85' lang='lat' dir='ltr'>requisita</span> <span class='ocrx_word' id='word_1_899' title='bbox 2203 2391 2244 2421; x_wconf 88' lang='lat' dir='ltr'>ad</span> <span class='ocrx_word' id='word_1_900' title='bbox 2267 2392 2490 2424; x_wconf 87' lang='lat' dir='ltr'>rectitudinem</span> 
     </span>
     <span class='ocr_line' id='line_1_125' title="bbox 1410 2440 1508 2464; baseline 0 0"><span class='ocrx_word' id='word_1_901' title='bbox 1410 2440 1508 2464; x_wconf 87' lang='lat' dir='ltr'>actus.</span> 
     </span>
    </p>

    <p class='ocr_par' dir='ltr' id='par_1_27' title="bbox 1409 2477 2490 2835">
     <span class='ocr_line' id='line_1_126' title="bbox 1466 2477 2488 2521; baseline 0.005 -13"><span class='ocrx_word' id='word_1_902' title='bbox 1466 2478 1514 2508; x_wconf 83' lang='lat' dir='ltr'>Ex</span> <span class='ocrx_word' id='word_1_903' title='bbox 1530 2477 1578 2509; x_wconf 89' lang='lat' dir='ltr'>his</span> <span class='ocrx_word' id='word_1_904' title='bbox 1595 2488 1727 2519; x_wconf 91' lang='lat' dir='ltr'>quoque</span> <span class='ocrx_word' id='word_1_905' title='bbox 1744 2485 1831 2519; x_wconf 88' lang='lat' dir='ltr'>patet</span> <span class='ocrx_word' id='word_1_906' title='bbox 1847 2478 1968 2510; x_wconf 91' lang='lat' dir='ltr'>solutio</span> <span class='ocrx_word' id='word_1_907' title='bbox 1985 2479 2112 2510; x_wconf 89' lang='lat' dir='ltr'>alterius</span> <span class='ocrx_word' id='word_1_908' title='bbox 2129 2479 2335 2521; x_wconf 88' lang='lat' dir='ltr'>quaestionis,</span> <span class='ocrx_word' id='word_1_909' title='bbox 2352 2481 2488 2513; x_wconf 86' lang='lat' dir='ltr'>scilicet:</span> 
     </span>
     <span class='ocr_line' id='line_1_127' title="bbox 1410 2522 2490 2565; baseline 0.005 -13"><span class='ocrx_word' id='word_1_910' title='bbox 1410 2524 1460 2553; x_wconf 86' lang='lat' dir='ltr'>An</span> <span class='ocrx_word' id='word_1_911' title='bbox 1486 2522 1675 2563; x_wconf 88' lang='lat' dir='ltr'>magnitudo</span> <span class='ocrx_word' id='word_1_912' title='bbox 1700 2533 1782 2564; x_wconf 85' lang='lat' dir='ltr'>quae</span> <span class='ocrx_word' id='word_1_913' title='bbox 1805 2530 1853 2554; x_wconf 89' lang='lat' dir='ltr'>est</span> <span class='ocrx_word' id='word_1_914' title='bbox 1872 2523 2036 2555; x_wconf 87' lang='lat' dir='ltr'>obiectum</span> <span class='ocrx_word' id='word_1_915' title='bbox 2052 2524 2331 2565; x_wconf 82' lang='lat' dir='ltr'>magnanimitatis,</span> <span class='ocrx_word' id='word_1_916' title='bbox 2349 2525 2390 2556; x_wconf 80' lang='lat' dir='ltr'>sit</span> <span class='ocrx_word' id='word_1_917' title='bbox 2404 2525 2490 2558; x_wconf 80' lang='lat' dir='ltr'>iuius</span> 
     </span>
     <span class='ocr_line' id='line_1_128' title="bbox 1410 2566 2489 2610; baseline 0.003 -12"><span class='ocrx_word' id='word_1_918' title='bbox 1410 2566 1544 2598; x_wconf 85' lang='lat' dir='ltr'>formale</span> <span class='ocrx_word' id='word_1_919' title='bbox 1561 2567 1724 2598; x_wconf 86' lang='lat' dir='ltr'>obiectum</span> <span class='ocrx_word' id='word_1_920' title='bbox 1744 2575 1780 2598; x_wconf 91' lang='lat' dir='ltr'>ut</span> <span class='ocrx_word' id='word_1_921' title='bbox 1803 2568 1899 2599; x_wconf 88' lang='lat' dir='ltr'>relata</span> <span class='ocrx_word' id='word_1_922' title='bbox 1923 2569 1963 2599; x_wconf 92' lang='lat' dir='ltr'>ad</span> <span class='ocrx_word' id='word_1_923' title='bbox 1987 2578 2143 2610; x_wconf 86' lang='lat' dir='ltr'>magnum</span> <span class='ocrx_word' id='word_1_924' title='bbox 2165 2569 2341 2600; x_wconf 85' lang='lat' dir='ltr'>honorem:</span> <span class='ocrx_word' id='word_1_925' title='bbox 2370 2580 2411 2600; x_wconf 86' lang='lat' dir='ltr'>an</span> <span class='ocrx_word' id='word_1_926' title='bbox 2435 2571 2489 2602; x_wconf 78' lang='lat' dir='ltr'>ab·</span> 
     </span>
     <span class='ocr_line' id='line_1_129' title="bbox 1410 2612 2489 2656; baseline 0.003 -13"><span class='ocrx_word' id='word_1_927' title='bbox 1410 2613 1524 2650; x_wconf 87' lang='lat' dir='ltr'>solute,</span> <span class='ocrx_word' id='word_1_928' title='bbox 1544 2612 1738 2654; x_wconf 88' lang='lat' dir='ltr'>inquantum</span> <span class='ocrx_word' id='word_1_929' title='bbox 1757 2612 1875 2644; x_wconf 86' lang='lat' dir='ltr'>scilicet</span> <span class='ocrx_word' id='word_1_930' title='bbox 1898 2620 1945 2645; x_wconf 88' lang='lat' dir='ltr'>est</span> <span class='ocrx_word' id='word_1_931' title='bbox 1968 2613 2151 2645; x_wconf 87' lang='lat' dir='ltr'>excellentia</span> <span class='ocrx_word' id='word_1_932' title='bbox 2175 2614 2208 2645; x_wconf 90' lang='lat' dir='ltr'>in</span> <span class='ocrx_word' id='word_1_933' title='bbox 2235 2624 2332 2656; x_wconf 85' lang='lat' dir='ltr'>opere</span> <span class='ocrx_word' id='word_1_934' title='bbox 2354 2614 2489 2647; x_wconf 75' lang='lat' dir='ltr'>virtutis.</span> 
     </span>
     <span class='ocr_line' id='line_1_130' title="bbox 1409 2657 2490 2700; baseline 0.003 -12"><span class='ocrx_word' id='word_1_935' title='bbox 1409 2657 1508 2694; x_wconf 86' lang='lat' dir='ltr'>Patet,</span> <span class='ocrx_word' id='word_1_936' title='bbox 1524 2657 1668 2698; x_wconf 88' lang='lat' dir='ltr'>inquam,</span> <span class='ocrx_word' id='word_1_937' title='bbox 1685 2657 1815 2689; x_wconf 88' lang='lat' dir='ltr'>solutio.</span> <span class='ocrx_word' id='word_1_938' title='bbox 1841 2658 1927 2696; x_wconf 90' lang='lat' dir='ltr'>Quia</span> <span class='ocrx_word' id='word_1_939' title='bbox 1942 2658 2017 2690; x_wconf 91' lang='lat' dir='ltr'>hinc</span> <span class='ocrx_word' id='word_1_940' title='bbox 2034 2665 2120 2700; x_wconf 88' lang='lat' dir='ltr'>patet</span> <span class='ocrx_word' id='word_1_941' title='bbox 2138 2659 2229 2700; x_wconf 91' lang='lat' dir='ltr'>quod</span> <span class='ocrx_word' id='word_1_942' title='bbox 2244 2659 2490 2700; x_wconf 66' lang='lat' dir='ltr'>magnanimitas</span> 
     </span>
     <span class='ocr_line' id='line_1_131' title="bbox 1409 2702 2488 2746; baseline 0.004 -14"><span class='ocrx_word' id='word_1_943' title='bbox 1409 2713 1475 2733; x_wconf 91' lang='lat' dir='ltr'>non</span> <span class='ocrx_word' id='word_1_944' title='bbox 1500 2702 1595 2733; x_wconf 88' lang='lat' dir='ltr'>habet</span> <span class='ocrx_word' id='word_1_945' title='bbox 1619 2702 1778 2733; x_wconf 90' lang='lat' dir='ltr'>honorem</span> <span class='ocrx_word' id='word_1_946' title='bbox 1802 2713 1861 2744; x_wconf 90' lang='lat' dir='ltr'>pro</span> <span class='ocrx_word' id='word_1_947' title='bbox 1878 2703 2022 2735; x_wconf 88' lang='lat' dir='ltr'>obiecto:</span> <span class='ocrx_word' id='word_1_948' title='bbox 2048 2711 2079 2735; x_wconf 91' lang='lat' dir='ltr'>et</span> <span class='ocrx_word' id='word_1_949' title='bbox 2102 2703 2128 2735; x_wconf 90' lang='lat' dir='ltr'>si</span> <span class='ocrx_word' id='word_1_950' title='bbox 2151 2704 2294 2736; x_wconf 87' lang='lat' dir='ltr'>tenderet</span> <span class='ocrx_word' id='word_1_951' title='bbox 2316 2703 2350 2735; x_wconf 89' lang='lat' dir='ltr'>in</span> <span class='ocrx_word' id='word_1_952' title='bbox 2373 2715 2488 2746; x_wconf 79' lang='lat' dir='ltr'>magna</span> 
     </span>
     <span class='ocr_line' id='line_1_132' title="bbox 1409 2746 2488 2789; baseline 0.002 -11"><span class='ocrx_word' id='word_1_953' title='bbox 1409 2747 1585 2778; x_wconf 82' lang='lat' dir='ltr'>formaliter</span> <span class='ocrx_word' id='word_1_954' title='bbox 1608 2746 1803 2788; x_wconf 87' lang='lat' dir='ltr'>inquantum</span> <span class='ocrx_word' id='word_1_955' title='bbox 1827 2754 1903 2779; x_wconf 88' lang='lat' dir='ltr'>sunt</span> <span class='ocrx_word' id='word_1_956' title='bbox 1926 2748 2021 2789; x_wconf 84' lang='lat' dir='ltr'>digna</span> <span class='ocrx_word' id='word_1_957' title='bbox 2045 2758 2163 2789; x_wconf 85' lang='lat' dir='ltr'>magno</span> <span class='ocrx_word' id='word_1_958' title='bbox 2188 2748 2322 2786; x_wconf 88' lang='lat' dir='ltr'>honore,</span> <span class='ocrx_word' id='word_1_959' title='bbox 2345 2749 2410 2780; x_wconf 89' lang='lat' dir='ltr'>iam</span> <span class='ocrx_word' id='word_1_960' title='bbox 2434 2749 2488 2780; x_wconf 88' lang='lat' dir='ltr'>ha-</span> 
     </span>
     <span class='ocr_line' id='line_1_133' title="bbox 1409 2792 2488 2835; baseline 0.002 -12"><span class='ocrx_word' id='word_1_961' title='bbox 1409 2793 1495 2823; x_wconf 91' lang='lat' dir='ltr'>beret</span> <span class='ocrx_word' id='word_1_962' title='bbox 1526 2792 1685 2823; x_wconf 89' lang='lat' dir='ltr'>honorem</span> <span class='ocrx_word' id='word_1_963' title='bbox 1716 2802 1869 2833; x_wconf 86' lang='lat' dir='ltr'>magnum</span> <span class='ocrx_word' id='word_1_964' title='bbox 1895 2802 1955 2833; x_wconf 88' lang='lat' dir='ltr'>pro</span> <span class='ocrx_word' id='word_1_965' title='bbox 1987 2793 2129 2830; x_wconf 89' lang='lat' dir='ltr'>obiecto,</span> <span class='ocrx_word' id='word_1_966' title='bbox 2154 2793 2229 2835; x_wconf 90' lang='lat' dir='ltr'>quia</span> <span class='ocrx_word' id='word_1_967' title='bbox 2260 2794 2320 2825; x_wconf 88' lang='lat' dir='ltr'>sub</span> <span class='ocrx_word' id='word_1_968' title='bbox 2348 2793 2416 2825; x_wconf 90' lang='lat' dir='ltr'>eius</span> <span class='ocrx_word' id='word_1_969' title='bbox 2440 2804 2488 2825; x_wconf 85' lang='lat' dir='ltr'>ra·</span> 
     </span>
    </p>
   </div>
   <div class='ocr_carea' id='block_1_23' title="bbox 1381 2837 2488 2879">
    <p class='ocr_par' dir='ltr' id='par_1_28' title="bbox 1381 2837 2488 2879">
     <span class='ocr_line' id='line_1_134' title="bbox 1381 2837 2488 2879; baseline 0 -9"><span class='ocrx_word' id='word_1_970' title='bbox 1381 2845 1383 2870; x_wconf 67' lang='grc' dir='ltr'>ἓ</span> <span class='ocrx_word' id='word_1_971' title='bbox 1408 2837 1498 2868; x_wconf 90' lang='lat' dir='ltr'>tione</span> <span class='ocrx_word' id='word_1_972' title='bbox 1514 2837 1655 2868; x_wconf 90' lang='lat' dir='ltr'>tenderet</span> <span class='ocrx_word' id='word_1_973' title='bbox 1671 2837 1703 2867; x_wconf 93' lang='lat' dir='ltr'>in</span> <span class='ocrx_word' id='word_1_974' title='bbox 1721 2847 1957 2879; x_wconf 88' lang='lat' dir='ltr'>quaecumque.</span> <span class='ocrx_word' id='word_1_975' title='bbox 1974 2837 2036 2869; x_wconf 92' lang='lat' dir='ltr'>Sed</span> <span class='ocrx_word' id='word_1_976' title='bbox 2053 2838 2211 2879; x_wconf 88' lang='lat' dir='ltr'>quoniam</span> <span class='ocrx_word' id='word_1_977' title='bbox 2226 2838 2320 2870; x_wconf 89' lang='lat' dir='ltr'>habet</span> <span class='ocrx_word' id='word_1_978' title='bbox 2333 2848 2488 2879; x_wconf 82' lang='lat' dir='ltr'>magnum</span> 
     </span>
    </p>
   </div>
   <div class='ocr_carea' id='block_1_24' title="bbox 1409 2882 2489 3238">
    <p class='ocr_par' dir='ltr' id='par_1_29' title="bbox 1409 2882 2488 3137">
     <span class='ocr_line' id='line_1_135' title="bbox 1409 2882 2488 2924; baseline 0.001 -11"><span class='ocrx_word' id='word_1_979' title='bbox 1409 2882 1441 2913; x_wconf 93' lang='lat' dir='ltr'>in</span> <span class='ocrx_word' id='word_1_980' title='bbox 1465 2882 1604 2913; x_wconf 91' lang='lat' dir='ltr'>cuiusvis</span> <span class='ocrx_word' id='word_1_981' title='bbox 1628 2882 1752 2914; x_wconf 77' lang='lat' dir='ltr'>virtutis</span> <span class='ocrx_word' id='word_1_982' title='bbox 1783 2892 1880 2923; x_wconf 88' lang='lat' dir='ltr'>opere</span> <span class='ocrx_word' id='word_1_983' title='bbox 1904 2893 1963 2924; x_wconf 88' lang='lat' dir='ltr'>pro</span> <span class='ocrx_word' id='word_1_984' title='bbox 1988 2882 2115 2914; x_wconf 87' lang='lat' dir='ltr'>formali</span> <span class='ocrx_word' id='word_1_985' title='bbox 2138 2882 2282 2920; x_wconf 75' lang='lat' dir='ltr'>obiecto,</span> <span class='ocrx_word' id='word_1_986' title='bbox 2305 2890 2336 2914; x_wconf 91' lang='lat' dir='ltr'>et</span> <span class='ocrx_word' id='word_1_987' title='bbox 2358 2882 2403 2914; x_wconf 88' lang='lat' dir='ltr'>sic</span> <span class='ocrx_word' id='word_1_988' title='bbox 2422 2893 2488 2914; x_wconf 85' lang='lat' dir='ltr'>ma-</span> 
     </span>
     <span class='ocr_line' id='line_1_136' title="bbox 1409 2927 2487 2969; baseline 0.001 -11"><span class='ocrx_word' id='word_1_989' title='bbox 1409 2937 1511 2968; x_wconf 88' lang='lat' dir='ltr'>gnum</span> <span class='ocrx_word' id='word_1_990' title='bbox 1535 2933 1582 2958; x_wconf 87' lang='lat' dir='ltr'>est</span> <span class='ocrx_word' id='word_1_991' title='bbox 1605 2934 1718 2968; x_wconf 82' lang='lat' dir='ltr'>suapte</span> <span class='ocrx_word' id='word_1_992' title='bbox 1734 2934 1846 2958; x_wconf 86' lang='lat' dir='ltr'>natura</span> <span class='ocrx_word' id='word_1_993' title='bbox 1862 2927 1996 2969; x_wconf 87' lang='lat' dir='ltr'>dignum</span> <span class='ocrx_word' id='word_1_994' title='bbox 2017 2937 2135 2968; x_wconf 87' lang='lat' dir='ltr'>magno</span> <span class='ocrx_word' id='word_1_995' title='bbox 2159 2927 2298 2960; x_wconf 89' lang='lat' dir='ltr'>honore:</span> <span class='ocrx_word' id='word_1_996' title='bbox 2323 2927 2397 2958; x_wconf 91' lang='lat' dir='ltr'>ideo</span> <span class='ocrx_word' id='word_1_997' title='bbox 2421 2937 2487 2959; x_wconf 87' lang='lat' dir='ltr'>ma-</span> 
     </span>
     <span class='ocr_line' id='line_1_137' title="bbox 1409 2971 2487 3014; baseline 0.001 -12"><span class='ocrx_word' id='word_1_998' title='bbox 1409 2971 1600 3013; x_wconf 82' lang='lat' dir='ltr'>gnanimitas</span> <span class='ocrx_word' id='word_1_999' title='bbox 1625 2979 1671 3003; x_wconf 89' lang='lat' dir='ltr'>est</span> <span class='ocrx_word' id='word_1_1000' title='bbox 1699 2972 1780 3003; x_wconf 88' lang='lat' dir='ltr'>circa</span> <span class='ocrx_word' id='word_1_1001' title='bbox 1804 2982 1919 3014; x_wconf 87' lang='lat' dir='ltr'>magna</span> <span class='ocrx_word' id='word_1_1002' title='bbox 1950 2979 2088 3014; x_wconf 89' lang='lat' dir='ltr'>utroque</span> <span class='ocrx_word' id='word_1_1003' title='bbox 2111 2972 2226 3009; x_wconf 89' lang='lat' dir='ltr'>modo,</span> <span class='ocrx_word' id='word_1_1004' title='bbox 2251 2972 2306 3003; x_wconf 90' lang='lat' dir='ltr'>sed</span> <span class='ocrx_word' id='word_1_1005' title='bbox 2330 2971 2487 3013; x_wconf 84' lang='lat' dir='ltr'>principa-</span> 
     </span>
     <span class='ocr_line' id='line_1_138' title="bbox 1410 3016 2487 3059; baseline 0.001 -12"><span class='ocrx_word' id='word_1_1006' title='bbox 1410 3017 1479 3048; x_wconf 88' lang='lat' dir='ltr'>liter</span> <span class='ocrx_word' id='word_1_1007' title='bbox 1503 3023 1600 3057; x_wconf 92' lang='lat' dir='ltr'>prout</span> <span class='ocrx_word' id='word_1_1008' title='bbox 1623 3024 1698 3048; x_wconf 91' lang='lat' dir='ltr'>sunt</span> <span class='ocrx_word' id='word_1_1009' title='bbox 1727 3017 1873 3048; x_wconf 88' lang='lat' dir='ltr'>absolute</span> <span class='ocrx_word' id='word_1_1010' title='bbox 1897 3027 2023 3059; x_wconf 82' lang='lat' dir='ltr'>magna.</span> <span class='ocrx_word' id='word_1_1011' title='bbox 2053 3016 2093 3048; x_wconf 84' lang='lat' dir='ltr'>Et</span> <span class='ocrx_word' id='word_1_1012' title='bbox 2117 3016 2190 3048; x_wconf 87' lang='lat' dir='ltr'>hinc</span> <span class='ocrx_word' id='word_1_1013' title='bbox 2220 3016 2368 3058; x_wconf 89' lang='lat' dir='ltr'>provenit</span> <span class='ocrx_word' id='word_1_1014' title='bbox 2398 3017 2487 3058; x_wconf 92' lang='lat' dir='ltr'>quod</span> 
     </span>
     <span class='ocr_line' id='line_1_139' title="bbox 1410 3061 2486 3103; baseline 0 -11"><span class='ocrx_word' id='word_1_1015' title='bbox 1410 3062 1523 3092; x_wconf 87' lang='lat' dir='ltr'>habeat</span> <span class='ocrx_word' id='word_1_1016' title='bbox 1547 3071 1606 3102; x_wconf 90' lang='lat' dir='ltr'>pro</span> <span class='ocrx_word' id='word_1_1017' title='bbox 1638 3061 1768 3093; x_wconf 89' lang='lat' dir='ltr'>materia</span> <span class='ocrx_word' id='word_1_1018' title='bbox 1799 3061 1959 3103; x_wconf 89' lang='lat' dir='ltr'>appetitus</span> <span class='ocrx_word' id='word_1_1019' title='bbox 1983 3069 2014 3094; x_wconf 85' lang='lat' dir='ltr'>et</span> <span class='ocrx_word' id='word_1_1020' title='bbox 2037 3061 2262 3093; x_wconf 88' lang='lat' dir='ltr'>delectationes</span> <span class='ocrx_word' id='word_1_1021' title='bbox 2294 3070 2486 3102; x_wconf 88' lang='lat' dir='ltr'>magnorum</span> 
     </span>
     <span class='ocr_line' id='line_1_140' title="bbox 1410 3107 1584 3137; baseline 0 0"><span class='ocrx_word' id='word_1_1022' title='bbox 1410 3107 1584 3137; x_wconf 92' lang='lat' dir='ltr'>honorum.</span> 
     </span>
    </p>

    <p class='ocr_par' dir='ltr' id='par_1_30' title="bbox 1409 3149 2489 3238">
     <span class='ocr_line' id='line_1_141' title="bbox 1468 3149 2489 3193; baseline -0.001 -11"><span class='ocrx_word' id='word_1_1023' title='bbox 1468 3151 1644 3189; x_wconf 82' lang='lat' dir='ltr'>Quocirca,</span> <span class='ocrx_word' id='word_1_1024' title='bbox 1670 3161 1746 3182; x_wconf 89' lang='lat' dir='ltr'>curn</span> <span class='ocrx_word' id='word_1_1025' title='bbox 1777 3150 1892 3182; x_wconf 85' lang='lat' dir='ltr'>dicitur</span> <span class='ocrx_word' id='word_1_1026' title='bbox 1919 3151 2009 3192; x_wconf 89' lang='lat' dir='ltr'>quod</span> <span class='ocrx_word' id='word_1_1027' title='bbox 2031 3149 2260 3193; x_wconf 30' lang='lat' dir='ltr'>magnanimus·</span> <span class='ocrx_word' id='word_1_1028' title='bbox 2281 3157 2328 3181; x_wconf 89' lang='lat' dir='ltr'>est</span> <span class='ocrx_word' id='word_1_1029' title='bbox 2359 3151 2489 3192; x_wconf 78' lang='lat' dir='ltr'>magnis</span> 
     </span>
     <span class='ocr_line' id='line_1_142' title="bbox 1409 3194 2488 3238; baseline -0.001 -10"><span class='ocrx_word' id='word_1_1030' title='bbox 1409 3197 1530 3238; x_wconf 82' lang='lat' dir='ltr'>dignus</span> <span class='ocrx_word' id='word_1_1031' title='bbox 1545 3196 1578 3233; x_wconf 87' lang='lat'>*,</span> <span class='ocrx_word' id='word_1_1032' title='bbox 1599 3195 1785 3236; x_wconf 89' lang='lat' dir='ltr'>intelligitur</span> <span class='ocrx_word' id='word_1_1033' title='bbox 1808 3202 1839 3226; x_wconf 92' lang='lat' dir='ltr'>et</span> <span class='ocrx_word' id='word_1_1034' title='bbox 1862 3196 1901 3226; x_wconf 90' lang='lat' dir='ltr'>de</span> <span class='ocrx_word' id='word_1_1035' title='bbox 1925 3194 2048 3236; x_wconf 82' lang='lat' dir='ltr'>magnis</span> <span class='ocrx_word' id='word_1_1036' title='bbox 2072 3194 2223 3236; x_wconf 74' lang='lat' dir='ltr'>operibus</span> <span class='ocrx_word' id='word_1_1037' title='bbox 2247 3202 2278 3226; x_wconf 90' lang='lat' dir='ltr'>et</span> <span class='ocrx_word' id='word_1_1038' title='bbox 2301 3195 2340 3226; x_wconf 89' lang='lat' dir='ltr'>de</span> <span class='ocrx_word' id='word_1_1039' title='bbox 2363 3195 2488 3236; x_wconf 75' lang='lat' dir='ltr'>magnis</span> 
     </span>
    </p>
   </div>
   <div class='ocr_carea' id='block_1_25' title="bbox 1409 3327 2487 3460">
    <p class='ocr_par' dir='ltr' id='par_1_31' title="bbox 1409 3327 2487 3460">
     <span class='ocr_line' id='line_1_143' title="bbox 1410 3327 2487 3371; baseline -0.002 -9"><span class='ocrx_word' id='word_1_1040' title='bbox 1410 3330 1622 3369; x_wconf 59' lang='lat' dir='ltr'>nationibus,</span> <span class='ocrx_word' id='word_1_1041' title='bbox 1638 3329 1753 3371; x_wconf 76' lang='lat' dir='ltr'>quihus</span> <span class='ocrx_word' id='word_1_1042' title='bbox 1772 3329 1894 3370; x_wconf 77' lang='lat' dir='ltr'>dignus</span> <span class='ocrx_word' id='word_1_1043' title='bbox 1909 3334 1966 3360; x_wconf 85' lang='lat' dir='ltr'>est.</span> <span class='ocrx_word' id='word_1_1044' title='bbox 1990 3327 2085 3360; x_wconf 90' lang='lat' dir='ltr'>Solus</span> <span class='ocrx_word' id='word_1_1045' title='bbox 2105 3338 2244 3370; x_wconf 89' lang='lat' dir='ltr'>namque</span> <span class='ocrx_word' id='word_1_1046' title='bbox 2261 3329 2487 3370; x_wconf 80' lang='lat' dir='ltr'>magnanimus</span> 
     </span>
     <span class='ocr_line' id='line_1_144' title="bbox 1410 3372 2487 3415; baseline -0.002 -9"><span class='ocrx_word' id='word_1_1047' title='bbox 1410 3382 1457 3406; x_wconf 88' lang='lat' dir='ltr'>est</span> <span class='ocrx_word' id='word_1_1048' title='bbox 1480 3375 1532 3406; x_wconf 89' lang='lat' dir='ltr'>cui</span> <span class='ocrx_word' id='word_1_1049' title='bbox 1555 3385 1671 3415; x_wconf 85' lang='lat' dir='ltr'>magna</span> <span class='ocrx_word' id='word_1_1050' title='bbox 1695 3373 1818 3415; x_wconf 83' lang='lat' dir='ltr'>operari</span> <span class='ocrx_word' id='word_1_1051' title='bbox 1842 3372 2124 3414; x_wconf 87' lang='lat' dir='ltr'>proportionatum</span> <span class='ocrx_word' id='word_1_1052' title='bbox 2149 3380 2211 3411; x_wconf 88' lang='lat' dir='ltr'>est,</span> <span class='ocrx_word' id='word_1_1053' title='bbox 2236 3383 2294 3405; x_wconf 89' lang='lat' dir='ltr'>nec</span> <span class='ocrx_word' id='word_1_1054' title='bbox 2322 3383 2487 3414; x_wconf 84' lang='lat' dir='ltr'>praesum-</span> 
     </span>
     <span class='ocr_line' id='line_1_145' title="bbox 1409 3417 2486 3460; baseline -0.002 -9"><span class='ocrx_word' id='word_1_1055' title='bbox 1409 3419 1529 3460; x_wconf 80' lang='lat' dir='ltr'>ptionis</span> <span class='ocrx_word' id='word_1_1056' title='bbox 1552 3419 1642 3459; x_wconf 85' lang='lat' dir='ltr'>argui</span> <span class='ocrx_word' id='word_1_1057' title='bbox 1665 3425 1771 3459; x_wconf 89' lang='lat' dir='ltr'>potest</span> <span class='ocrx_word' id='word_1_1058' title='bbox 1794 3418 1884 3459; x_wconf 91' lang='lat' dir='ltr'>quod</span> <span class='ocrx_word' id='word_1_1059' title='bbox 1915 3418 2038 3459; x_wconf 86' lang='lat' dir='ltr'>magnis</span> <span class='ocrx_word' id='word_1_1060' title='bbox 2059 3417 2184 3449; x_wconf 85' lang='lat' dir='ltr'>virtutis</span> <span class='ocrx_word' id='word_1_1061' title='bbox 2207 3418 2359 3459; x_wconf 73' lang='lat' dir='ltr'>operibus</span> <span class='ocrx_word' id='word_1_1062' title='bbox 2381 3428 2416 3449; x_wconf 85' lang='lat' dir='ltr'>se</span> <span class='ocrx_word' id='word_1_1063' title='bbox 2437 3417 2486 3450; x_wconf 72' lang='lat' dir='ltr'>di-</span> 
     </span>
    </p>
   </div>
   <div class='ocr_carea' id='block_1_26' title="bbox 1407 3462 2725 3515">
    <p class='ocr_par' dir='ltr' id='par_1_32' title="bbox 1407 3462 2725 3515">
     <span class='ocr_line' id='line_1_146' title="bbox 1407 3462 2725 3515; baseline -0.001 -20"><span class='ocrx_word' id='word_1_1064' title='bbox 1407 3464 1545 3505; x_wconf 73' lang='lat' dir='ltr'>gnificat</span> <span class='ocrx_word' id='word_1_1065' title='bbox 1559 3463 1586 3500; x_wconf 88' lang='lat'>*,</span> <span class='ocrx_word' id='word_1_1066' title='bbox 1604 3463 1666 3494; x_wconf 90' lang='lat' dir='ltr'>hoc</span> <span class='ocrx_word' id='word_1_1067' title='bbox 1689 3470 1736 3494; x_wconf 88' lang='lat' dir='ltr'>est</span> <span class='ocrx_word' id='word_1_1068' title='bbox 1758 3469 1911 3503; x_wconf 89' lang='lat' dir='ltr'>tanquam</span> <span class='ocrx_word' id='word_1_1069' title='bbox 1935 3462 2070 3503; x_wconf 89' lang='lat' dir='ltr'>dignum</span> <span class='ocrx_word' id='word_1_1070' title='bbox 2093 3462 2133 3493; x_wconf 91' lang='lat' dir='ltr'>ad</span> <span class='ocrx_word' id='word_1_1071' title='bbox 2147 3462 2220 3494; x_wconf 87' lang='lat' dir='ltr'>talia</span> <span class='ocrx_word' id='word_1_1072' title='bbox 2244 3473 2277 3494; x_wconf 92' lang='lat' dir='ltr'>se</span> <span class='ocrx_word' id='word_1_1073' title='bbox 2305 3462 2439 3500; x_wconf 86' lang='lat' dir='ltr'>exhibet,</span> <span class='ocrx_word' id='word_1_1074' title='bbox 2456 3469 2488 3494; x_wconf 89' lang='lat' dir='ltr'>et</span> <span class='ocrx_word' id='word_1_1075' title='bbox 2511 3465 2725 3515; x_wconf 32' lang='lat' dir='ltr'>fimat-giss-</span> 
     </span>
    </p>
   </div>
   <div class='ocr_carea' id='block_1_27' title="bbox 1409 3506 2486 3683">
    <p class='ocr_par' dir='ltr' id='par_1_33' title="bbox 1409 3506 2486 3583">
     <span class='ocr_line' id='line_1_147' title="bbox 1409 3506 2486 3550; baseline 0 -11"><span class='ocrx_word' id='word_1_1076' title='bbox 1409 3508 1499 3550; x_wconf 90' lang='lat' dir='ltr'>quod</span> <span class='ocrx_word' id='word_1_1077' title='bbox 1523 3507 1646 3548; x_wconf 85' lang='lat' dir='ltr'>magnis</span> <span class='ocrx_word' id='word_1_1078' title='bbox 1670 3517 1703 3538; x_wconf 91' lang='lat' dir='ltr'>se</span> <span class='ocrx_word' id='word_1_1079' title='bbox 1728 3506 1904 3538; x_wconf 87' lang='lat' dir='ltr'>honoribus</span> <span class='ocrx_word' id='word_1_1080' title='bbox 1929 3507 2063 3548; x_wconf 91' lang='lat' dir='ltr'>dignum</span> <span class='ocrx_word' id='word_1_1081' title='bbox 2090 3507 2248 3545; x_wconf 87' lang='lat' dir='ltr'>aestimet,</span> <span class='ocrx_word' id='word_1_1082' title='bbox 2269 3514 2387 3549; x_wconf 87' lang='lat' dir='ltr'>speret,</span> <span class='ocrx_word' id='word_1_1083' title='bbox 2413 3506 2486 3539; x_wconf 87' lang='lat' dir='ltr'>velit</span> 
     </span>
     <span class='ocr_line' id='line_1_148' title="bbox 1409 3552 1571 3583; baseline 0 0"><span class='ocrx_word' id='word_1_1084' title='bbox 1409 3563 1445 3583; x_wconf 88' lang='lat' dir='ltr'>ac</span> <span class='ocrx_word' id='word_1_1085' title='bbox 1469 3552 1571 3583; x_wconf 84' lang='lat' dir='ltr'>faciat.</span> 
     </span>
    </p>

    <p class='ocr_par' dir='ltr' id='par_1_34' title="bbox 1410 3595 2483 3683">
     <span class='ocr_line' id='line_1_149' title="bbox 1464 3595 2483 3628; baseline -0.001 -1"><span class='ocrx_word' id='word_1_1086' title='bbox 1464 3597 1530 3627; x_wconf 92' lang='lat' dir='ltr'>Nec</span> <span class='ocrx_word' id='word_1_1087' title='bbox 1554 3597 1681 3627; x_wconf 89' lang='lat' dir='ltr'>obstant</span> <span class='ocrx_word' id='word_1_1088' title='bbox 1705 3596 1805 3628; x_wconf 85' lang='lat' dir='ltr'>dictae</span> <span class='ocrx_word' id='word_1_1089' title='bbox 1829 3595 1981 3627; x_wconf 86' lang='lat' dir='ltr'>decisioni</span> <span class='ocrx_word' id='word_1_1090' title='bbox 2004 3597 2098 3628; x_wconf 83' lang='lat' dir='ltr'>verba</span> <span class='ocrx_word' id='word_1_1091' title='bbox 2121 3596 2271 3628; x_wconf 83' lang='lat' dir='ltr'>Auctoris</span> <span class='ocrx_word' id='word_1_1092' title='bbox 2295 3595 2327 3627; x_wconf 87' lang='lat' dir='ltr'>in</span> <span class='ocrx_word' id='word_1_1093' title='bbox 2350 3595 2483 3628; x_wconf 87' lang='lat' dir='ltr'>articulo</span> 
     </span>
     <span class='ocr_line' id='line_1_150' title="bbox 1410 3640 2482 3683; baseline -0.001 -11"><span class='ocrx_word' id='word_1_1094' title='bbox 1410 3648 1525 3682; x_wconf 89' lang='lat' dir='ltr'>quarto</span> <span class='ocrx_word' id='word_1_1095' title='bbox 1550 3641 1646 3672; x_wconf 86' lang='lat' dir='ltr'>huius</span> <span class='ocrx_word' id='word_1_1096' title='bbox 1669 3640 1873 3682; x_wconf 84' lang='lat' dir='ltr'>quaestionis,</span> <span class='ocrx_word' id='word_1_1097' title='bbox 1894 3641 1948 3672; x_wconf 92' lang='lat' dir='ltr'>ubi</span> <span class='ocrx_word' id='word_1_1098' title='bbox 1973 3641 2048 3673; x_wconf 88' lang='lat' dir='ltr'>dicit</span> <span class='ocrx_word' id='word_1_1099' title='bbox 2072 3641 2161 3683; x_wconf 92' lang='lat' dir='ltr'>quod</span> <span class='ocrx_word' id='word_1_1100' title='bbox 2185 3641 2415 3683; x_wconf 76' lang='lat' dir='ltr'>magnanimus</span> <span class='ocrx_word' id='word_1_1101' title='bbox 2437 3640 2482 3671; x_wconf 76' lang='lat' dir='ltr'>in-</span> 
     </span>
    </p>
   </div>
   <div class='ocr_carea' id='block_1_28' title="bbox 2516 1324 2733 1379">
    <p class='ocr_par' dir='ltr' id='par_1_35' title="bbox 2516 1324 2733 1379">
     <span class='ocr_line' id='line_1_151' title="bbox 2516 1324 2733 1379; baseline 0.005 -5"><span class='ocrx_word' id='word_1_1102' title='bbox 2516 1324 2733 1379; x_wconf 58' lang='grc' dir='ltr'>ᾆξὲἒἭιιὲε</span> 
     </span>
    </p>
   </div>
   <div class='ocr_carea' id='block_1_29' title="bbox 2517 1383 2587 1404">
    <p class='ocr_par' dir='ltr' id='par_1_36' title="bbox 2517 1383 2587 1404">
     <span class='ocr_line' id='line_1_152' title="bbox 2517 1383 2587 1404; baseline 0.014 -5"><span class='ocrx_word' id='word_1_1103' title='bbox 2517 1383 2549 1404; x_wconf 82' lang='lat' dir='ltr'>ix,</span> <span class='ocrx_word' id='word_1_1104' title='bbox 2564 1384 2587 1400; x_wconf 86' lang='lat' dir='ltr'>x.</span> 
     </span>
    </p>
   </div>
   <div class='ocr_carea' id='block_1_30' title="bbox 1411 3202 2728 3282">
    <p class='ocr_par' dir='ltr' id='par_1_37' title="bbox 1411 3202 2728 3282">
     <span class='ocr_line' id='line_1_153' title="bbox 2514 3202 2728 3226; baseline -0.005 -1"><span class='ocrx_word' id='word_1_1105' title='bbox 2514 3203 2524 3213; x_wconf 88' lang='lat'><strong>·</strong></span> <span class='ocrx_word' id='word_1_1106' title='bbox 2545 3202 2603 3226; x_wconf 72' lang='lat' dir='ltr'>ibid.</span> <span class='ocrx_word' id='word_1_1107' title='bbox 2628 3209 2652 3226; x_wconf 84' lang='lat' dir='ltr'>n.</span> <span class='ocrx_word' id='word_1_1108' title='bbox 2689 3219 2693 3225; x_wconf 95' lang='lat'>.</span> <span class='ocrx_word' id='word_1_1109' title='bbox 2716 3214 2728 3221; x_wconf 89' lang='lat'>-</span> 
     </span>
     <span class='ocr_line' id='line_1_154' title="bbox 1411 3209 2727 3282; baseline 0.002 -11"><span class='ocrx_word' id='word_1_1110' title='bbox 1411 3241 1598 3273; x_wconf 90' lang='lat' dir='ltr'>honoribus.</span> <span class='ocrx_word' id='word_1_1111' title='bbox 1623 3241 1778 3282; x_wconf 83' lang='lat' dir='ltr'>Expresse</span> <span class='ocrx_word' id='word_1_1112' title='bbox 1802 3239 1962 3281; x_wconf 85' lang='lat' dir='ltr'>siquidem</span> <span class='ocrx_word' id='word_1_1113' title='bbox 1984 3239 2016 3270; x_wconf 90' lang='lat' dir='ltr'>in</span> <span class='ocrx_word' id='word_1_1114' title='bbox 2041 3239 2084 3270; x_wconf 74' lang='lat' dir='ltr'>iv</span> <span class='ocrx_word' id='word_1_1115' title='bbox 2099 3239 2202 3270; x_wconf 77' lang='lat' dir='ltr'>Ethic.</span> <span class='ocrx_word' id='word_1_1116' title='bbox 2219 3238 2236 3259; x_wconf 91' lang='lat'>*</span> <span class='ocrx_word' id='word_1_1117' title='bbox 2260 3238 2375 3271; x_wconf 90' lang='lat' dir='ltr'>dicitur</span> <span class='ocrx_word' id='word_1_1118' title='bbox 2397 3240 2487 3282; x_wconf 91' lang='lat' dir='ltr'>quod</span> <span class='ocrx_word' id='word_1_1119' title='bbox 2513 3209 2727 3279; x_wconf 56' lang='lat'>?·1&#39;2¹,}¹}2¹2‘,³¹·³&#39;‚¹¹¹.&#39;</span> 
     </span>
    </p>
   </div>
   <div class='ocr_carea' id='block_1_31' title="bbox 1405 3282 2726 3327">
    <p class='ocr_par' dir='ltr' id='par_1_38' title="bbox 1405 3282 2726 3327">
     <span class='ocr_line' id='line_1_155' title="bbox 1405 3282 2726 3327; baseline -0.001 -10"><span class='ocrx_word' id='word_1_1120' title='bbox 1405 3286 1638 3327; x_wconf 79' lang='lat' dir='ltr'>pusillanimus</span> <span class='ocrx_word' id='word_1_1121' title='bbox 1653 3286 1767 3327; x_wconf 79' lang='lat' dir='ltr'>privat</span> <span class='ocrx_word' id='word_1_1122' title='bbox 1782 3294 1817 3316; x_wconf 89' lang='lat' dir='ltr'>se</span> <span class='ocrx_word' id='word_1_1123' title='bbox 1840 3285 1970 3326; x_wconf 79' lang='lat' dir='ltr'>magnis</span> <span class='ocrx_word' id='word_1_1124' title='bbox 1993 3284 2148 3315; x_wconf 80' lang='lat' dir='ltr'>virtutum</span> <span class='ocrx_word' id='word_1_1125' title='bbox 2164 3284 2313 3325; x_wconf 80' lang='lat' dir='ltr'>operibus</span> <span class='ocrx_word' id='word_1_1126' title='bbox 2337 3289 2366 3315; x_wconf 85' lang='lat' dir='ltr'>et</span> <span class='ocrx_word' id='word_1_1127' title='bbox 2394 3284 2485 3316; x_wconf 81' lang='lat' dir='ltr'>adin·</span> <span class='ocrx_word' id='word_1_1128' title='bbox 2513 3283 2538 3306; x_wconf 83' lang='lat' dir='ltr'>S·</span> <span class='ocrx_word' id='word_1_1129' title='bbox 2557 3282 2602 3306; x_wconf 68' lang='lat'><strong>&#39;¹7¹-</strong></span> <span class='ocrx_word' id='word_1_1130' title='bbox 2622 3283 2629 3305; x_wconf 90' lang='lat'><strong>¹</strong></span> <span class='ocrx_word' id='word_1_1131' title='bbox 2668 3300 2675 3306; x_wconf 92' lang='lat'><strong>·</strong></span> <span class='ocrx_word' id='word_1_1132' title='bbox 2694 3289 2726 3306; x_wconf 84' lang='lat'>¹¹·</span> 
     </span>
    </p>
   </div>
  </div>
 </body>
</html>
