2768 4198
61 887 276 936 nav-mv»

60 1985 274 2014 Q..uxim3

45 2086 50 2088 .
58 2042 274 2098 ἐέῗῗῖἐξέυχᾲῖἱῑ

62 2468 72 2479 ·
95 2467 143 2496 Qu.
167 2473 276 2495 mvi,

61 2499 104 2518 nn.
119 2495 142 2523 6,
155 2501 177 2523 7.

65 2681 76 2692 ·
95 2680 142 2709 Qu.
167 2685 277 2707 mxxiv,

61 2711 105 2730 ιη.
119 2713 140 2736 5.

163 2783 179 2818 β

64 2839 270 2887 ’Aah-‘em

203 2865 270 2919 VIM
248 2892 278 2913 nl.

64 2891 182 2940 ἕιὶῑΧν.
207 2929 218 2935 -
239 2908 278 2940 ’(Σῖ.

64 2944 242 2994 &waharn-
248 2945 277 2967 nd

27 2996 29 3000 ’
65 2998 120 3022 dist.
133 2972 278 3025 xcrff'fss'd’.

65 3025 140 3048 nieht.
148 3030 171 3048 et
177 3025 279 3051 Friedb..

67 3052 209 3080 Lipt.1881).

165 3162 181 3188 δ

69 3329 123 3378 ἒξ,-
141 3328 192 3350 ,Νε
199 3328 281 3354 infmia,

6 3357 11 3384 :j
141 3345 283 3384 ⁴11'31“os.Do-

6 3400 25 3424 :5
68 3382 151 3405 nibus.

939 293 1209 339 QUAESTIO
1240 294 1523 343 CLXXXVIII,

1552 297 1850 335 ARTICULUS
1881 299 1894 334 1
2417 303 2462 339 52
2473 315 2487 339 ι

498 499 914 575 QUAESTIO
960 501 2308 584 CENTESIMAOCTOGESIMAOCTAVA

928 621 1012 662 DE
1046 622 1459 664 DIFFERENTIA
1493 625 1878 668 RELIGIONUM

1133 740 1168 765 IN
1197 740 1297 766 OCTO
1326 741 1530 767 ARTICULOS
1558 742 1675 769 DIVISA

306 830 497 914 DEmDE
535 822 858 860 considerandum
886 831 942 860 est
975 825 1021 862 de
1049 824 1261 862 differentia
1290 826 1373 863 reli-

387 881 546 930 gionum
566 882 598 919 ³⁸.

303 941 353 978 Et
381 942 481 979 circa
509 943 585 979 hoc
613 951 853 993 quaeruntur
881 952 981 982 octo.

357 1000 510 1038 Primo:
540 1010 671 1039 utrum
696 1001 770 1039 sint
789 1001 962 1039 diversae
983 1003 1197 1051 religiones,
1217 1004 1280 1040 vel
1300 1015 1378 1040 una
1402 1008 1404 1014 ¹

410 1068 572 1098 tantum.

358 1119 561 1157 Secundo:
599 1127 727 1157 utrum
762 1120 890 1168 aliqua
924 1121 1053 1169 religio
1087 1121 1230 1158 institui
1258 1122 1405 1173 possit.

411 1179 461 1216 ad
490 1192 610 1228 opera
637 1180 740 1217 vitae
769 1181 929 1217 activae.

357 1237 512 1276 Tertio:
542 1246 670 1277 utrum
699 1239 825 1288 aliqua
854 1239 984 1288 religio
1014 1239 1155 1276 institui
1183 1240 1304 1288 possit
1328 1240 1377 1277 ad

368 1322 375 1323 ff
401 1298 521 1336 belia
538 1300 708 1348 gerenda
728 1305 757 1337 ².

357 1359 526 1406 Quarto:
556 1368 686 1397 utrum
714 1360 835 1410 possit
862 1360 1002 1398 institui
1030 1360 1158 1410 aliqua
1181 1359 1307 1408 religio
1329 1360 1379 1397 ad

1402 1083 1404 1094 i

1402 1105 1405 1120 l

1537 828 1853 876 praedicandum,
1898 837 1934 866 et
1979 830 2347 881 huiusmodixopera
2395 845 2498 871 exer-

1538 882 1673 919 cenda.

1484 934 1651 982 Quinto:
1681 943 1807 971 utrum
1837 935 1958 984 possit
1986 936 2112 986 aliqua
2140 937 2269 985 religi0
2289 938 2429 976 institui
2449 941 2497 978 ad

1538 988 1707 1025 studium
1737 988 1928 1026 scientiae.

1486 1042 1623 1078 Sexto:
1653 1049 1781 1078 utrum
1810 1042 1939 1090 religio
1969 1055 2068 1091 quae
2096 1043 2292 1081 ordinatur
2311 1046 2359 1082 ad
2380 1045 2497 1083 vitam

1540 1094 1892 1143 contemplativam,
1913 1095 1959 1132 sit
1976 1096 2103 1145 potior
2122 1109 2168 1133 ea
2186 1110 2284 1145 quae
2305 1098 2500 1136 ordinatur

1539 1149 1587 1186 ad
1615 1148 1735 1185 vitam
1765 1148 1943 1186 activam.

1487 1201 1682 1250 Septimo:
1721 1209 1848 1238 utrum
1887 1203 2028 1239 habere
2059 1203 2200 1251 aliquid
2238 1204 2276 1240 in
2306 1206 2499 1242 communi

1541 1254 1727 1292 diminuat
1755 1255 1803 1292 de
1831 1255 2064 1304 perfectione
2094 1257 2294 1304 religionis.

1487 1307 1661 1344 Octavo:
1690 1315 1819 1345 utrum
1849 1308 1978 1357 religio
1999 1309 2254 1347 solitariorum
2282 1310 2328 1347 sit
2355 1312 2500 1360 praefe-

1540 1362 1661 1399 renda
1689 1361 1860 1409 religioni
1887 1362 1926 1399 in
1955 1362 2134 1400 societate
2162 1363 2388 1401 viventium.

1120 1470 1444 1512 ARTICULUS
1480 1469 1688 1513 PRIMUS

1015 1563 1174 1595 UTRUM
1198 1563 1266 1595 S1T
1290 1563 1381 1594 UNA
1405 1563 1594 1595 TANTUM
1617 1564 1794 1596 RELIGIO

1184 1643 1262 1668 Cont.
1282 1642 1404 1676 impugn.
1423 1642 1521 1676 Relig„
1541 1650 1598 1675 cap.
1617 1650 1634 1672 1,

339 1730 395 1769 '2232
422 1740 487 1776 ,ΓΖΛ
515 1723 538 1748 D
558 1722 698 1749 PRIMUM
727 1723 781 1749 sm
810 1723 1054 1750 PROCEDITUR.
1084 1713 1247 1750 Videtur
1272 1713 1378 1762 quod

435 1774 484 1826 κ’,ἡ
516 1777 596 1802 non
625 1764 672 1802 sit
700 1765 772 1803 nisi
800 1778 879 1803 una
907 1773 1056 1803 tanturn
1086 1766 1230 1815 religio.
1262 1768 1304 1803 In
1328 1778 1376 1804 eo

321 1817 439 1864 „³9⁷
460 1825 483 1863 Υ,
498 1818 503 1822 “
517 1818 621 1856 enim
651 1819 757 1868 quod
776 1819 940 1857 totaliter
958 1827 996 1857 et
1014 1820 1182 1870 perfecte
1201 1821 1376 1867 habetur,

309 1865 331 1892 ’i
359 1864 455 1900 ‘ux-:qm
472 1861 504 1908 *x
517 1871 716 1909 diversitas
733 1884 816 1909 esse
831 1885 910 1910 non
925 1881 1069 1932 potest:
1086 1881 1243 1923 propter
1258 1874 1376 1922 quod,

302 1937 382 1965 non
410 1933 537 1975 potest
557 1938 640 1962 esse
665 1926 735 1963 nisi
755 1938 877 1963 unum
901 1927 1070 1976 primurn
1092 1939 1288 1965 summum
1310 1927 1378 1964 bo-

302 1990 410 2026 num,
439 1986 480 2015 ut
508 1978 544 2016 in
575 1978 706 2016 Primo
727 1979 748 2001 ’¹‘
775 1979 950 2017 habitum
971 1988 1039 2018 est.
1070 1981 1149 2018 Sed
1169 1980 1264 2018 sicut
1284 1981 1378 2018 Gre-

301 2031 431 2081 gorius
461 2032 562 2079 dicit,
589 2044 704 2081 super
721 2034 857 2082 Ezech.
878 2033 910 2080 ²⁸,
939 2046 1026 2071 cum
1046 2035 1128 2083 quis
1147 2046 1260 2072 omne
1278 2035 1381 2083 quod

300 2086 424 2132 habet,
453 2098 566 2123 omne
593 2087 697 2135 quod
722 2087 824 2133 vivit,
854 2099 968 2124 omne
993 2088 1096 2136 quod
1121 2089 1229 2137 sapit,
1258 2089 1378 2126 omni-

296 2139 442 2189 potenti
477 2140 561 2176 Deo
593 2140 762 2186 voverit,
795 2141 1055 2178 holocaustum
1084 2147 1157 2179 est.-
1186 2141 1267 2179 sine
1300 2154 1378 2191 quo

302 2192 433 2242 religio
463 2205 547 2230 esse
576 2205 655 2230 non
685 2193 830 2231 dicitur.
861 2195 964 2243 Ergo
984 2195 1136 2232 videtur
1164 2195 1272 2244 quod
1299 2208 1379 2233 non

302 2246 376 2284 sint
403 2247 548 2284 multae
577 2246 790 2295 religiones,
819 2248 888 2285 sed
918 2260 995 2285 una
1023 2255 1184 2287 tantum.

357 2312 393 2338 2.
414 2301 650 2347 PRAETEREA,
681 2313 726 2338 ea
754 2313 855 2349 quae
884 2301 923 2338 in
945 2301 1208 2339 essentialibus
1238 2315 1380 2339 conve-

303 2354 424 2402 niunt,
453 2365 534 2391 non
562 2354 870 2392 diversificantur
897 2355 968 2392 nisi
992 2368 1062 2404 per
1081 2356 1272 2393 accidens.
1303 2356 1381 2393 Sed

303 2407 385 2445 sine
417 2407 538 2444 tribus
569 2408 671 2446 votis
704 2408 968 2446 essentialibus
1003 2409 1174 2457 religioni
1211 2421 1291 2446 non
1325 2417 1382 2447 est

303 2461 432 2510 aliqua
460 2461 605 2510 religio,
635 2469 677 2499 ut
705 2474 821 2512 supra
840 2462 861 2484 ²¹⁸
888 2462 1063 2500 habitum
1094 2471 1160 2500 est.
1192 2463 1296 2511 Ergo
1325 2463 1380 2501 vi-

304 2515 415 2552 detur
443 2515 550 2564 quod
580 2515 782 2564 religiones
811 2516 939 2565 specie
960 2528 1039 2553 non
1060 2516 1378 2565 diversificentur‚

304 2568 372 2606 sed
401 2569 528 2606 solum
557 2581 626 2617 per
655 2569 846 2607 accidens.

360 2623 395 2659 3.
425 2623 669 2669 PRAETEREA,
699 2630 817 2659 status
851 2622 1093 2670 perfectionis
1128 2623 1310 2672 competit
1344 2631 1382 2661 et

305 2674 489 2723 religiosis
527 2683 563 2712 et
601 2675 810 2725 episcopis,
839 2683 881 2712 ut
913 2688 1029 2725 supra
1047 2676 1068 2698 ‘¹‘
1103 2676 1275 2713 habitum
1312 2685 1379 2714 est.

306 2729 385 2766 Sed
406 2729 649 2778 episcopatus
669 2741 748 2766 non
769 2729 1048 2766 diversificatur
1068 2730 1207 2778 specie,
1237 2730 1306 2767 sed
1327 2738 1385 2768 est

306 2782 450 2831 ubique
469 2795 569 2819 unus
588 2781 624 2819 βε
654 2783 758 2820 unde
779 2783 1043 2831 Hieronymus
1064 2783 1163 2829 dicit,
1184 2784 1237 2820 ad
1251 2785 1381 2821 Evan—

305 2836 418 2873 drum
433 2841 449 2864 Υ
463 2837 692 2885 Episcopum
707 2835 747 2873 *ι
771 2837 1006 2884 Ubicumque
1021 2837 1149 2885 fuerit
1174 2837 1380 2886 episcopus,

305 2890 384 2927 sive
420 2891 571 2927 Romae
606 2891 686 2927 sive
721 2890 902 2940 Eugubio
940 2890 1019 2926 sive
1059 2891 1383 2940 Constantinopoli

305 2944 384 2980 sive
415 2945 586 2993 Rhegio,
621 2944 787 2980 eiusdem
815 2943 942 2980 meriti
967 2949 1035 2989 est,
1066 2944 1230 2981 eiusdem
1259 2950 1296 2981 et
1320 2957 1380 2982 sa-

306 2997 472 3034 cerdotii.
503 2997 618 3045 Erg0‚
648 2997 730 3046 pari
758 2996 916 3044 ratione,
947 3009 1024 3034 una
1043 2998 1125 3034 sola
1155 3005 1210 3034 est
1238 2997 1380 3046 religio.

359 3062 398 3097 4.
427 3051 664 3098 PRAETEREA,
694 3051 742 3087 ab
763 3050 934 3087 Ecclesia
954 3051 1167 3088 tollendum
1189 3058 1244 3087 est
1264 3063 1381 3088 omne

308 3103 345 3141 id
384 3104 490 3152 quod
529 3104 796 3142 confusionem
834 3103 1015 3141 inducere
1050 3112 1188 3153 potest.
1229 3104 1306 3141 Sed
1336 3116 1382 3141 ex

309 3157 525 3194 diversitate
554 3158 743 3206 religionis
763 3156 777 3180 ⁶
803 3158 959 3195 videtur
984 3157 1176 3205 quaedam
1207 3157 1380 3194 confusio

309 3222 426 3259 posse
453 3211 582 3248 induci
610 3212 650 3248 in
674 3212 822 3261 populo
842 3211 1074 3248 Christiano:
1103 3218 1146 3248 nt
1173 3211 1382 3248 Decretalis

310 3263 503 3313 quaedam
524 3264 630 3312 dicit,
660 3277 760 3314 quae
789 3265 950 3302 habetur
972 3265 1020 3302 de
1045 3265 1150 3301 Statu
1169 3265 1381 3301 Monacho-

310 3329 397 3354 rum
433 3323 470 3354 et
501 3318 783 3356 Cmonicorum
815 3318 1070 3369 Regularium
1089 3323 1102 3339 ⁸
1121 3317 1152 3355 ²⁸.
1192 3318 1294 3365 Ergo
1327 3317 1383 3354 vi-

311 3372 421 3408 detur
449 3371 555 3420 quod
584 3383 664 3408 non
683 3372 850 3409 debeant
870 3384 952 3409 esse
973 3372 1147 3409 diversae
1168 3371 1380 3419 religiones.

365 3487 394 3520 α)
414 3486 546 3512 institues...
564 3487 694 3520 gerenda.
705 3501 724 3507 -
738 3489 829 3520 possit
845 3489 971 3514 ordinari
989 3489 1026 3514 ad
1044 3488 1213 3513 mffltandum
1233 3488 1279 3513 Pa.

366 3521 392 3556 β)
411 3526 453 3548 σε
464 3522 561 3555 abique
578 3530 656 3549 unus.
665 3536 686 3543 -
703 3526 743 3548 est
761 3524 857 3556 ubique
868 3524 967 3554 AEFL,
981 3525 1077 3557 ubique
1089 3524 1138 3557 pK,
1152 3527 1192 3549 est
1204 3530 1274 3548 unus
1292 3523 1387 3556 ubique
1412 3515 1413 3531 l

1411 3568 1413 3580 ι

312 3559 377 3589 cm.
397 3566 465 3584 unus
483 3561 523 3584 est
542 3558 637 3592 ub1‘que
655 3558 727 3590 HsK,
746 3562 787 3584 est
805 3567 874 3585 unus
892 3560 1049 3593 ubicumque
1059 3560 1151 3593 suerit
1170 3559 1215 3585 Pa.

313 3631 331 3655 d
365 3595 392 3628 γ)
413 3593 581 3654 Ειῖςαπὼηηι.
594 3608 614 3613 -
633 3593 791 3626 &andr-unt
805 3595 823 3626 1,
837 3595 1028 3620 Alexandrum
1042 3595 1105 3620 PDa
1118 3601 1143 3620 et
1161 3594 1226 3620 forte
1245 3594 1292 3627 pC,
1313 3593 1384 3619 Elio-

330 3637 410 3656 orum
429 3638 442 3655 s
469 3649 475 3655 .

456 3684 568 3709 Sumus
587 3684 691 3709 Timor..
706 3684 737 3709 D.
750 3684 867 3709 'raons
887 3684 920 3710 T.
939 3684 994 3709 VII.

1487 1714 1563 1751 SED
1589 1725 1737 1751 CONTRA
1756 1726 1822 1751 EST
1842 1715 1947 1764 quod
1966 1716 2004 1753 in
2025 1717 2178 1753 Psalmo
2198 1716 2219 1738 '¹‘
2246 1716 2470 1755 describitur
2488 1716 2500 1744 ἶ
2527 1727 2537 1737 ·

1403 1813 1405 1817 y
1432 1767 1481 1804 ad
1511 1775 1689 1804 ornatum
1718 1768 1887 1816 Reginae
1917 1769 2105 1818 pertinere
2134 1771 2239 1818 quod
2268 1769 2314 1807 sit
2341 1771 2500 1807 circum-

1432 1821 1572 1858 amicta
1600 1822 1792 1858 varietate.

1486 1875 1714 1912 Responnsso
1751 1886 1938 1912 DICENDUM
1971 1877 2097 1924 quod,
2133 1876 2231 1912 sicut
2263 1888 2308 1912 ex
2345 1889 2461 1926 supra
2479 1877 2500 1899 *

1433 1927 1542 1964 dictis
1570 1935 1688 1976 patet,
1720 1935 1837 1965 status
1867 1928 2056 1977 religionis
2086 1937 2141 1966 est
2169 1930 2366 1978 quoddam
2395 1943 2499 1967 exer-

1433 1981 1563 2018 citium
1593 1994 1672 2030 quo
1701 1981 1835 2031 aliquis
1865 1990 2060 2020 exercetur
2078 1983 2125 2020 ad
2145 1983 2417 2032 perfectionem
2439 1996 2499 2021 ca-

1434 2035 1562 2072 ritatis.
1593 2036 1689 2072 Sunt
1717 2043 1845 2072 autem
1866 2035 2016 2073 diversa
2036 2036 2196 2073 caritatis
2215 2049 2334 2085 opera
2361 2037 2500 2085 quibus

1433 2089 1554 2125 homo
1587 2101 1727 2126 vacare
1765 2096 1910 2137 potest:
1950 2098 2037 2126 sunt
2075 2090 2190 2126 etiarn
2227 2089 2366 2127 diversi
2393 2091 2501 2128 modi

1434 2142 1712 2179 exercitiorum.
1743 2143 1792 2179 Et
1811 2142 1898 2179 ideo
1920 2142 2120 2191 religiones
2145 2142 2321 2191 distingui
2340 2151 2502 2192 possunt

1435 2195 1645 2245 dupliciter.
1688 2196 1775 2233 Uno
1811 2196 1952 2243 modo,
1993 2196 2204 2233 secundum
2243 2196 2500 2234 diversitatem

1434 2262 1570 2286 eorum
1600 2250 1648 2286 ad
1677 2261 1775 2298 quae
1805 2249 2047 2286 ordinantur:
2082 2250 2177 2286 sicut
2204 2250 2234 2286 si
2262 2262 2339 2286 una
2372 2250 2500 2298 religio

1434 2302 1629 2340 ordinetur
1658 2303 1707 2339 ad
1735 2302 1958 2351 peregrinos
1986 2302 2151 2352 hospitio
2171 2302 2445 2351 suscipiendos,
2467 2311 2504 2339 et

1434 2356 1506 2393 alia
1534 2356 1584 2393 ad
1613 2356 1823 2393 visitandos
1849 2357 1912 2393 vel
1938 2356 2183 2393 redimendos
2204 2356 2387 2404 captivos.
2416 2356 2503 2393 Alio

1435 2410 1575 2455 modo,
1613 2417 1739 2458 potest
1776 2421 1859 2446 esse
1889 2409 2087 2446 diversitas
2116 2409 2340 2458 religionum
2371 2421 2503 2446 secun-

1436 2464 1529 2501 dum
1550 2462 1808 2501 diversitatem
1831 2462 2113 2500 exercitiorum:
2134 2471 2226 2512 puta
2246 2462 2379 2511 quod
2371 2475 2409 2500 1n
2428 2475 2504 2500 una

1435 2517 1615 2566 religione
1645 2516 1846 2565 castigatur
1874 2528 2012 2575 corpus
2040 2529 2109 2565 per
2137 2516 2381 2553 abstinentias
2401 2516 2503 2552 cibo-

1435 2583 1534 2618 rum,
1563 2570 1602 2607 in
1631 2570 1704 2607 alia
1731 2582 1800 2618 per
1829 2569 2047 2606 exercitium
2068 2582 2231 2618 operum
2251 2569 2501 2616 manualium,

1433 2625 1496 2662 vel
1529 2636 1598 2673 per
1626 2623 1856 2669 nuditatem,
1886 2623 1949 2659 vel
1977 2635 2046 2671 per
2073 2622 2212 2683 aliquid
2242 2622 2343 2659 aliud
2375 2622 2503 2658 huius-

1435 2677 1555 2715 modi.
1592 2677 1669 2714 Sed
1698 2677 1787 2725 quia
1803 2676 1900 2724 finis
1927 2681 1981 2712 est
2001 2676 2238 2724 potissimum
2268 2676 2304 2711 in
2335 2687 2502 2723 unoquo-

1435 2742 1508 2780 que
1520 2731 1552 2778 *‚
1574 2730 1699 2767 maior
1717 2737 1773 2766 est
1792 2729 2016 2777 religionum
2039 2729 2234 2766 diversitas
2263 2741 2360 2777 quae
2385 2735 2501 2765 atten-

1436 2785 1536 2822 ditur
1563 2783 1777 2821 secundum
1807 2783 1979 2820 diversos
1998 2783 2095 2819 fines
2115 2783 2164 2820 ad
2184 2794 2282 2830 quos
2302 2781 2502 2829 religiones

1436 2838 1674 2884 ordinantur,
1704 2848 1821 2884 quam
1851 2848 1948 2885 quae
1978 2835 2179 2873 attenditur
2207 2836 2419 2872 secundum
2449 2835 2503 2872 di-

1435 2904 1549 2929 versa
1578 2890 1764 2927 exercitia.

1490 2946 1549 2981 An
1578 2955 1715 2980 PRIMUM
1736 2955 1835 2980 ERGO
1864 2954 2048 2980 mCENDUM
2077 2941 2181 2990 quod
2210 2942 2285 2978 hoc
2314 2948 2369 2977 est
2397 2953 2502 2978 corn-

1437 3009 1554 3035 mune
1583 2997 1620 3034 in
1651 2996 1758 3033 omni
1786 2996 1977 3044 religione,
2003 2994 2108 3044 quod
2128 2994 2261 3043 aliquis
2280 2993 2444 3031 totaliter
2462 3007 2502 3031 se

1437 3051 1551 3089 debet
1569 3050 1754 3100 praebere
1774 3050 1822 3087 ad
1843 3049 2087 3086 serviendum
2107 3048 2205 3084 Deo.
2235 3047 2346 3085 Unde
2367 3059 2411 3084 ex
2431 3048 2504 3084 hac

1437 3112 1543 3154 parte
1573 3116 1650 3140 non
1681 3110 1736 3139 est
1764 3102 1963 3140 diversitas
1992 3101 2088 3138 inter
2116 3100 2335 3148 religiones:
2364 3108 2406 3137 ut
2434 3100 2502 3137 sci-

1436 3158 1522 3194 licet
1550 3157 1587 3193 in
1615 3167 1692 3193 una
1720 3155 1902 3204 religione
1931 3155 2065 3203 aliquis
2095 3154 2254 3191 retineat
2272 3153 2412 3202 aliquid
2432 3154 2502 3200 sui,

1437 3219 1474 3247 et
1501 3211 1540 3247 in
1569 3210 1641 3247 alia
1669 3209 1783 3246 aliud.
1814 3209 1883 3246 Est
1911 3215 2038 3245 autern
2064 3206 2260 3244 diversitas
2290 3206 2502 3244 secundum

1437 3264 1590 3301 diversa
1617 3262 1655 3299 in
1684 3261 1823 3311 quibus
1851 3262 1969 3298 homo
1997 3268 2123 3310 potest
2149 3261 2235 3297 Deo
2264 3259 2427 3297 servire:
2467 3267 2504 3296 et

1437 3316 1650 3354 secundum
1680 3315 1786 3363 quod
1813 3315 1862 3352 ad
1890 3315 1965 3351 hoc
2000 3326 2039 3351 se
2067 3321 2193 3363 potest
2221 3314 2340 3350 homo
2379 3312 2503 3350 diver-

1437 3369 1588 3407 simode
1617 3369 1834 3417 disponere.

1493 3485 1517 3518 δ)
1537 3485 1685 3518 religionis,
1696 3498 1715 3504 -
1733 3484 1893 3517 reh'gionum
1911 3483 2028 3508 PDFHa.

1491 3522 1514 3552 ε)
1534 3528 1603 3554 quae
1621 3521 1760 3546 habetur...
1780 3519 1996 3553 Regularium.-
2015 3519 2078 3544 Om.
2096 3518 2125 3543 P.

1490 3556 1516 3590 ζ)
1536 3556 1703 3582 describitur.
1716 3570 1735 3575 —-
1753 3555 1881 3581 scribitur
1899 3555 1926 3580 P.

2325 3675 2359 3700 ὁὸ

2551 1726 2587 1748 Pu.
2603 1732 2664 1753 mv,
2680 1733 2739 1748 vers.

2527 1759 2559 1779 ιο,
2574 1759 2602 1780 ι5.

2623 1780 2639 1810 ζ

2527 1884 2737 1911 Ὥυ.αι.ιιινι,ιη.

2526 1916 2559 1957 {a
2566 1916 2604 1957 (1121.
2620 1914 2738 1935 mxxvii,

2529 2739 2538 2749 ⁸
2548 2738 2645 2760 Aristot.
2660 2738 2741 2766 Topic.

2527 2765 2566 2786 lib.
2578 2765 2619 2792 Vl,
2633 2770 2683 2792 etp.
2694 2770 2741 2791 vm,

2528 2798 2550 2813 n.
2566 2798 2586 2813 2.
