2768 4198
970 271 1239 318 QUAESTIO
1269 272 1476 318 CXLVIII,
1506 270 1803 308 ARTICULUS
1834 271 1846 307 I

2436 268 2504 314 167

446 516 861 595 QUAESTIO
905 513 2378 593 CENTESIMAQUADRAGESIMAOCTAVA

1211 636 1252 676 D
1278 637 1316 676 E
1378 636 1418 676 G
1441 635 1482 677 U
1505 637 1542 676 L
1567 636 1608 676 A

1156 753 1190 777 IN
1219 753 1285 777 SEX
1313 752 1516 777 ARTICULOS
1545 752 1660 778 DlvlsA

71 866 80 876 ⁸
94 865 130 888 Ci.
147 871 186 893 qu.
205 871 281 892 mvi,

70 891 155 914 mod*
312 866 502 949 Damni:
531 856 854 894 considerandum
886 863 941 893 est
970 856 1017 893 de
1046 857 1132 904 gula
1151 855 1182 893 *.

394 910 443 946 Et
472 910 570 946 circa
598 910 672 946 hoc
701 917 936 958 quaeruntur
964 921 1040 946 sex.

364 963 515 1000 Primo:
545 971 672 1000 utrum
701 964 788 1011 gula
811 963 856 999 sit
884 970 1097 1011 peccatum.

365 1017 565 1053 Secundo:
595 1024 722 1053 utrum
753 1017 798 1052 sit
825 1023 1026 1064 peccatum
1056 1015 1227 1051 mortale.
1407 995 1409 1061 ξ

1488 855 1642 892 Tertio:
1672 863 1799 891 utrum
1829 854 1874 891 sit
1903 853 2111 890 maximum
2142 861 2399 902 peccatorum.

1490 909 1657 954 Quarto:
1689 908 1735 945 de
1766 907 1965 955 speciebus
1995 907 2086 943 eius.

1489 961 1652 1006 Quinto:
1682 968 1809 996 utrum
1839 960 1884 996 sit
1910 960 2046 996 vitium
2075 959 2244 1008 capitale.

1491 1014 1624 1049 Sexto:
1657 1013 1703 1049 de
1732 1012 1884 1048 filiabus
1914 1013 2006 1048 eius.

1128 1120 1448 1162 ARTICULUS
1486 1120 1692 1161 PRIMUS

1024 1213 1198 1246 UTRUM
1232 1212 1368 1244 GULA
1402 1212 1481 1242 SlT
1514 1211 1788 1243 PECCATUM

1213 1291 1253 1316 De
1273 1291 1356 1320 Malo,
1377 1298 1421 1323 qu.
1440 1298 1491 1320 xw,
1510 1296 1556 1315 art.
1579 1298 1602 1316 1.

352 1404 400 1426 47⁷,
423 1397 494 1435 „qs
523 1388 546 1413 n
572 1387 710 1413 PRtMtJM
734 1386 788 1412 S1c
813 1385 1054 1411 PROCEDITUR.
1083 1372 1245 1410 Videtur
1274 1372 1379 1421 quod
1405 1371 1408 1412 l

400 1457 423 1470 i.
441 1429 490 1471 'isit
523 1430 610 1478 gula
639 1441 719 1466 non
746 1427 792 1465 sit
810 1435 1026 1476 peccatum.
1055 1425 1156 1463 Dicit
1176 1425 1278 1462 enirn
1299 1426 1378 1462 Do-

325 1488 361 1526 ,Q
376 1513 395 1529 ,,
412 1500 446 1527 r,
458 1468 663 1531 ssminus,
694 1481 830 1519 Matth.
850 1493 898 1518 xv
915 1481 952 1518 *ε
986 1480 1097 1522 Quod
1123 1479 1239 1516 intrat
1265 1479 1301 1515 in
1325 1491 1378 1525 os,
1405 1478 1408 1536 Ι

331 1528 463 1573 ΧΨ)
479 1529 506 1567 *2
523 1548 598 1573 non
619 1534 838 1584 coinquinat
851 1539 868 1555 ‘¹
890 1534 1093 1571 hominem.
1125 1531 1203 1570 Sed
1222 1532 1309 1580 gula
1324 1540 1381 1569 est
1406 1540 1408 1571 Ι

311 1590 410 1627 circa
438 1587 558 1636 cibos,
587 1589 651 1639 qui
679 1588 817 1626 intrant
844 1587 882 1624 in
911 1587 1123 1625 hominem.
1160 1586 1260 1623 Cum
1289 1597 1378 1634 ergo
1406 1573 1408 1641 Ε

169 1637 185 1673 Ρ
309 1654 427 1680 omne
465 1650 667 1692 peccatum
701 1641 922 1689 coinquinet
941 1639 956 1670 β
984 1640 1200 1686 hominem,
1230 1639 1380 1676 videtur
1406 1650 1408 1686 2

309 1695 417 1746 quod
444 1696 532 1743 gula
561 1707 640 1733 non
667 1694 714 1732 sit
740 1703 956 1744 peccatum.
1406 1689 1408 1729 l

364 1760 400 1787 2.
430 1749 670 1797 PRAETEREA,
701 1749 826 1786 nullus
846 1753 981 1797 peccat
1008 1747 1046 1784 in
1065 1759 1109 1784 eo
1134 1746 1236 1796 quod
1261 1746 1381 1783 vitare

71 1814 81 1825 ·
100 1814 166 1863 mm
183 1813 214 1836 a·
232 1813 281 1836 ub-
309 1814 385 1840 non
407 1808 531 1851 potest
549 1803 581 1840 ²⁸.
613 1802 688 1840 Sed
717 1802 805 1850 gula
833 1800 1003 1839 consistit
1030 1800 1067 1838 in
1087 1798 1380 1837 immoderantia

68 1840 136 1890 ‘ivri-'1-
158 1839 284 1890 ἒιὲ-Ἳὲ
311 1855 398 1902 cibi,
429 1868 547 1906 quam
577 1868 656 1893 non
684 1863 808 1905 potest
835 1855 955 1892 homo
982 1853 1120 1891 vitare:
1160 1853 1248 1891 dicit
1277 1852 1379 1890 enim

70 1893 125 1916 M·
150 1895 173 1915 ‘¹
201 1893 281 1921 Μ’
311 1904 530 1958 Gregorius,
553 1909 663 1946 xxx
681 1909 826 1946 Moral.
846 1909 887 1946 *ι
921 1908 1020 1951 Quia
1041 1919 1115 1956 per
1142 1919 1247 1944 esum
1274 1906 1380 1944 νοω·

70 1947 283 2000 ...flagitat-l:
303 1968 391 2012 ptas
410 1963 619 2000 necessitati
639 1963 828 2009 miscetur,
848 1961 940 2011 quid
956 1961 1154 1999 necessitas
1167 1965 1274 2009 petat
1290 1964 1317 2007 Υ,
1347 1965 1383 1996 et

112 2023 115 2027 '
167 2009 184 2036 t
311 2016 402 2066 quid
426 2016 598 2065 voluptas
625 2021 806 2066 suppetat,
835 2016 1054 2066 ignoratum·
1083 2022 1119 2052 et
1146 2013 1380 2062 Augustinus

311 2069 411 2116 dicit,
432 2070 468 2107 X
492 2070 658 2119 ConseSS.
675 2068 713 2107 *z
739 2069 830 2112 Quis
849 2074 913 2115 est,
928 2068 1105 2114 Domine,
1126 2068 1192 2117 qui
1209 2067 1380 2116 aliquan-

169 2119 184 2145 ὅ
310 2123 429 2161 tulum
443 2120 457 2145 δ
481 2129 591 2161 extra
619 2129 738 2160 metas
756 2123 982 2160 necessitatis
1000 2122 1124 2159 cibum
1145 2133 1220 2158 non
1239 2120 1382 2158 sumit?

310 2177 413 2225 Ergo
442 2177 529 2225 gula
556 2189 635 2214 non
661 2185 718 2214 est
735 2183 949 2226 peccatum.

366 2231 400 2268 3.
429 2230 671 2277 PRAETEREA,
700 2229 739 2267 in
767 2229 936 2279 quolibet
966 2240 1105 2278 genere
1133 2227 1279 2277 peccati
1308 2226 1381 2276 pri-

117 1937 122 1942 .
136 1926 208 1942 um.

70 2079 80 2089 ⁸
95 2078 151 2107 Cup.
165 2084 230 2101 xxxi.

311 2294 398 2320 mus
426 2291 556 2320 motus
577 2291 633 2320 est
650 2291 866 2332 peccatum.
897 2281 1141 2331 Sed'primus
1163 2288 1291 2318 motus
1320 2293 1381 2317 su-

309 2336 439 2374 mendi
468 2337 598 2374 cibum
628 2349 707 2374 non
736 2344 792 2374 est
819 2343 1041 2385 peccatum:
1072 2334 1241 2383 alioquin
1261 2334 1381 2371 fames

310 2397 347 2427 et
374 2389 451 2427 sitis
481 2397 607 2428 essent
634 2398 804 2439 peccata.
840 2390 944 2437 Ergo
981 2390 1069 2437 gula
1098 2401 1176 2426 non
1207 2395 1262 2425 est
1293 2399 1381 2436 pec-

310 2451 450 2480 catum.

364 2497 439 2534 SED
456 2507 603 2534 CONTRA
622 2508 688 2534 EST
708 2496 814 2545 quod
830 2495 1037 2543 Gregorius
1053 2494 1152 2542 dicit,
1169 2495 1278 2531 XXX
1293 2493 1382 2530 Μο-

310 2550 380 2586 ral.
401 2549 432 2596 ³⁸,
463 2549 569 2598 quod
598 2550 650 2586 ad
676 2549 890 2598 conflictum
919 2547 1123 2597 spiritualis
1150 2548 1287 2597 agonis
1306 2559 1381 2583 non

310 2602 546 2652 assurgitur,
574 2603 607 2639 si
635 2614 710 2639 non
732 2603 843 2651 prius
871 2602 970 2639 intra
999 2601 1242 2649 nosmetipsos
1269 2601 1383 2637 hostis

306 2656 465 2705 positus,
494 2655 612 2706 gulae
638 2655 808 2692 videlicet
833 2655 1031 2704 appetitus,
1060 2654 1268 2691 edomatur.
1305 2654 1382 2691 Sed

310 2709 466 2746 interior
494 2708 613 2746 hostis
640 2708 807 2746 hominis
837 2715 893 2745 est
920 2714 1134 2756 peccatum.
1165 2707 1267 2755 Ergo
1296 2707 1383 2755 gula

311 2770 367 2799 est
394 2770 608 2812 peccatum.

363 2817 591 2854 Respoumzo
627 2827 811 2853 mCENDuM
845 2815 950 2863 quod
978 2815 1065 2863 gula
1098 2825 1176 2850 non
1210 2812 1384 2850 nominat

310 2869 520 2918 quemlibet
548 2869 759 2918 appetitum
788 2867 926 2905 edendi
950 2875 987 2904 et
1006 2866 1173 2913 bibendi,
1195 2866 1263 2904 sed
1281 2866 1382 2903 inor-

311 2922 494 2960 dinatum.
524 2922 670 2960 Dicitur
698 2929 827 2959 autem
857 2921 1045 2970 appetitus
1073 2919 1310 2957 inordinatus
1337 2932 1383 2958 ex

311 2988 358 3014 eo
377 2975 484 3024 quod
504 2975 645 3013 recedit
663 2975 712 3013 ab
733 2975 868 3012 ordine
887 2973 1054 3021 rationis,
1075 2974 1114 3011 in
1134 2986 1213 3022 quo
1232 2973 1381 3011 bonum

309 3029 456 3068 virtutis
484 3029 638 3066 moralis
667 3028 848 3067 consistit.
884 3028 941 3064 Ex
971 3028 1045 3064 hoc
1083 3035 1211 3065 autem
1249 3026 1383 3064 dicitur

71 2557 81 2567 ⁴
95 2555 151 2588 Cap.
166 2562 238 2583 xvux,
252 2557 280 2578 al.

69 2588 122 2610 ιω,
131 2588 154 2604 m
165 2586 282 2605 vet.xxv1.

364 3159 392 3192 α)
411 3159 578 3191 coinquinat.
590 3172 607 3177 -
626 3158 810 3191 coinquinabit
828 3158 905 3183 BFK.

365 3193 390 3226 β)
409 3194 570 3228 coinquinet.
583 3207 601 3214 —-
618 3193 775 3227 coinquinat
793 3194 904 3226 BFHpK
924 3198 949 3218 et
968 3200 994 3218 a.

363 3229 390 3263 γ)
406 3231 493 3261 petat.
504 3243 523 3249 -
537 3233 633 3262 peccat
650 3229 838 3262 BEFLpACK.

365 3263 390 3296 ὃ)
409 3265 617 3296 aliquantulum.
628 3279 648 3284 -
662 3266 830 3298 aliquantum
850 3264 935 3289 BEFI.

1435 1369 1576 1422 aliquid
1605 1382 1687 1407 esse
1717 1378 1916 1419 peccatum
1946 1371 2052 1419 quod
2084 1370 2211 1408 virtuti
2244 1372 2500 1410 contrariatur.

1405 1413 1408 1477 fl
1435 1423 1547 1461 Unde
1576 1423 1820 1461 manifestum
1851 1431 1905 1460 est
1938 1424 2045 1472 quod
2078 1425 2166 1472 gula
2201 1433 2255 1462 est
2288 1434 2500 1474 peccatum.

1487 1479 1547 1514 AD
1567 1489 1706 1515 Palmum
1731 1489 1829 1514 ERGO
1858 1489 2044 1515 DICENDUM
2066 1477 2172 1525 quod
2192 1477 2229 1515 id
2259 1479 2364 1526 quod
2393 1480 2503 1516 intrat

1434 1530 1472 1567 in
1501 1530 1701 1568 hominem
1735 1543 1804 1579 per
1831 1530 1995 1568 modum
2026 1530 2115 1577 cibi,
2151 1531 2363 1569 secundum
2393 1545 2501 1570 suam

1435 1584 1687 1622 substantiam
1723 1591 1759 1620 et
1787 1592 1984 1631 naturam,
2014 1596 2093 1620 non
2128 1583 2347 1633 coinquinat
2380 1585 2502 1622 homi-

1435 1650 1526 1675 nem
1555 1637 1815 1687 spiritualiter:
1846 1637 1913 1674 sed
1943 1637 2092 1683 Iudaei,
2124 1645 2254 1674 contra
2291 1650 2388 1685 quos
2424 1640 2502 1675 Do—

1436 1691 1563 1728 minus
1591 1690 1776 1740 loquitur,
1807 1698 1844 1727 et
1872 1690 2088 1728 Manichaei
2117 1690 2372 1739 opinabantur
2401 1693 2503 1740 quod

1406 1746 1409 1766 ¹
1436 1745 1551 1793 aliqui
1581 1745 1652 1781 cibi
1682 1743 1906 1781 immundos
1930 1744 2109 1790 facerent,
2131 1756 2210 1781 non
2230 1752 2386 1793 propter
2406 1745 2500 1793 figu-

1436 1810 1541 1845 ram,
1572 1797 1640 1835 sed
1670 1797 1883 1835 secundum
1903 1802 1915 1818 ⁸
1942 1797 2140 1846 propriam
2178 1805 2365 1834 naturam.
2402 1799 2504 1835 Inor-
2635 1813 2645 1829 ε

1437 1851 1564 1890 dinata
1592 1850 1749 1888 tament
1769 1850 1945 1888 ciborum
1966 1850 2276 1900 concupiscentia
2303 1851 2502 1889 hominem
2628 1860 2643 1889 t

1436 1904 1674 1954 spiritualiter
1702 1904 1934 1952 coinquinat.

1489 1961 1548 1995 An
1567 1969 1759 1996 SECUNDUM
1779 1969 1965 1995 DICENDUM
1985 1957 2103 2006 quod,
2125 1957 2220 1994 sicut
2240 1957 2382 1994 dictum
2403 1965 2458 1994 est
2471 1957 2503 2005 ²⁸,
2533 1965 2542 1973 ·
2557 1963 2582 1984 11²
2597 1968 2703 1991 corpore-

1435 2012 1572 2049 vitium
1601 2012 1711 2060 gulae
1740 2023 1818 2048 non
1840 2011 2009 2048 consistit
2035 2011 2074 2048 in
2094 2010 2303 2048 substantia
2332 2011 2415 2058 cibi,
2437 2011 2504 2048 sed

1437 2066 1475 2103 in
1505 2064 1813 2114 concupiscentia
1841 2077 1919 2102 non
1950 2065 2119 2113 regulata
2148 2063 2305 2101 ratione.
2339 2065 2387 2101 Et
2416 2064 2503 2101 ideo

1436 2120 1466 2156 si
1494 2116 1813 2168 aliquis'excedat
1842 2119 1880 2155 in
1908 2118 2115 2166 quantitate
2144 2117 2217 2154 cibi
2245 2130 2323 2154 non
2350 2126 2506 2167 propter

1437 2173 1509 2210 cibi
1538 2171 1910 2221 concupiscentiam,
1939 2171 2008 2208 sed
2037 2170 2242 2208 aestimans
2271 2171 2308 2208 id
2341 2171 2412 2208 sibi
2440 2183 2505 2208 ne-

1437 2225 1770 2272 cessariumesse,
1799 2237 1878 2262 non
1906 2224 2069 2273 pertinet
2096 2225 2171 2261 hoc
2200 2224 2249 2261 ad
2277 2225 2417 2272 gulam,
2438 2224 2506 2261 sed

1437 2279 1486 2317 ad
1514 2280 1682 2327 aliquam
1711 2277 1953 2328 imperitiam.
1985 2278 2062 2316 Sed
2090 2278 2165 2315 hoc
2194 2278 2319 2314 solum
2347 2278 2507 2327 pertinet

1437 2333 1486 2370 ad
1514 2333 1656 2381 gulam,
1677 2332 1782 2381 quod
1806 2332 1954 2381 aliquis,
1974 2339 2128 2381 propter
2157 2331 2505 2380 concupiscentiam

1409 2394 1410 2403 ¹
1438 2386 1511 2423 cibi
1550 2385 1796 2433 delectabilis,
1825 2385 1986 2422 scienter
2024 2385 2182 2422 excedat
2210 2396 2430 2422 mensuram
2467 2385 2505 2421 in

1439 2440 1603 2477 edendo.

1491 2496 1549 2530 An
1577 2504 1739 2530 TERTltJM
1778 2503 1962 2529 DlCENDUM
2001 2491 2107 2540 quod
2135 2491 2274 2539 duplex
2304 2498 2358 2527 est
2390 2503 2504 2539 appe-

1438 2547 1535 2584 titus.
1558 2546 1666 2584 Unus
1685 2545 1843 2594 quidem
1863 2545 2054 2592 naturalis,
2077 2545 2140 2593 qui
2160 2543 2320 2593 pertinet
2339 2544 2388 2581 ad
2403 2544 2503 2580 vires

1438 2600 1590 2638 animae
1627 2598 1868 2647 vegetabilis:
1908 2598 1947 2636 in
1980 2598 2119 2646 quibus
2157 2610 2235 2634 non
2268 2604 2392 2645 potest
2421 2609 2503 2633 esse

1437 2653 1556 2691 virtus
1591 2660 1628 2690 et
1658 2652 1816 2700 vitium,
1848 2665 1894 2689 eo
1924 2652 2029 2701 quod
2064 2664 2142 2688 non
2179 2657 2339 2699 possunt
2373 2649 2503 2686 subiici

1437 2706 1583 2744 rationi.
1607 2706 1719 2744 Unde
1740 2714 1776 2742 et
1794 2705 1852 2743 vis
1873 2705 2080 2754 appetitiva
2101 2704 2278 2742 dividitur
2298 2711 2428 2740 contra
2448 2715 2502 2739 re-

1437 2760 1635 2807 tentivam,
1657 2759 1894 2808 digestivam,
1916 2758 2150 2807 expulsivam
2165 2756 2223 2793 ¹¹²⁸.
2253 2759 2301 2795 Et
2321 2756 2370 2793 ad
2388 2756 2502 2792 talem

1437 2813 1647 2863 appetitum
1678 2813 1842 2863 pertinet
1874 2812 2016 2849 esuries
2046 2819 2081 2848 et
2109 2810 2196 2848 sitis.
2227 2833 2251 2840 -
2279 2812 2347 2847 Est
2374 2817 2501 2846 autem

1439 2875 1475 2904 et
1510 2867 1603 2904 alius
1637 2866 1827 2916 appetitus
1863 2865 2079 2911 sensitivus,
2110 2865 2147 2901 in
2187 2865 2291 2901 cuius
2326 2861 2502 2910 concupi·
2530 2853 2742 2916 ἕξῗᾘξξῗῃξζζ

1437 2920 1578 2958 scentia
1596 2919 1732 2957 vitium
1752 2920 1863 2968 gulae
1884 2918 2062 2956 consistit.
2084 2918 2194 2955 Unde
2214 2917 2359 2967 primus
2375 2923 2501 2952 motus
2529 2921 2570 2937 ¹¹¹·

1436 2974 1546 3022 gulae
1574 2973 1753 3022 importat
1780 2972 2099 3010 inordinationem
2128 2971 2165 3007 in
2190 2970 2355 3020 appetitu
2385 2967 2501 3004 sensi-

1435 3027 1536 3064 tivo:
1566 3039 1665 3076 quae
1685 3025 1697 3048 ⁰
1727 3039 1806 3063 non
1836 3033 1890 3063 est
1918 3025 1997 3062 sine
2024 3031 2194 3073 peccato.

2629 2758 2643 2773 Y

2532 2785 2541 2793 ⁸
2564 2782 2624 2804 Vide
2639 2767 2740 2804 ‘Nemea

2531 2809 2560 2831 de
2568 2809 2637 2830 Hom.
2650 2809 2688 2830 lib.
2700 2809 2740 2834 lv,

2531 2842 2580 2863 cap.
2595 2842 2636 2857 xv·
2656 2836 2741 2857 Dama-

2630 3016 2643 3042 θ

1489 3157 1511 3190 ε)
1530 3158 1684 3183 secundum.
1697 3171 1716 3176 -
1732 3160 1846 3189 propter
1871 3156 1985 3180 PACGa.

1488 3192 1513 3225 ζ)
1534 3197 1633 3218 tamen.
1645 3206 1664 3211 -
1688 3196 1778 3217 autem
1804 3192 1876 3217 PGa.
1894 3205 1913 3211 ·-
1931 3192 1982 3215 Pro
2000 3191 2126 3219 ciborum,
2147 3196 2247 3218 eorum,
2268 3188 2380 3221 BFKpC.

1488 3229 1515 3261 η)
1535 3229 1712 3260 expulsivam,
1728 3242 1746 3247 —
1764 3230 1791 3252 et
1809 3227 1977 3259 expulsivam
1993 3225 2163 3250 PCFGLsDE
2183 3229 2208 3249 et
2226 3232 2251 3249 a.

1490 3262 1515 3297 Θ)
1535 3271 1612 3297 quae.
1625 3277 1644 3283 -
1662 3263 1708 3295 qui
1727 3262 1865 3287 PAGILsC
1885 3267 1910 3286 et
1927 3269 1952 3286 α.

979 3345 1314 3378 commentaria
1336 3344 1589 3377 cardinalis
1610 3343 1811 3375 Caietam

317 3430 363 3492 ΙΝ
392 3419 524 3450 articulo
553 3419 659 3460 primo
688 3421 883 3462 quaestionis
914 3420 1380 3462 centesimaequadragesimae-
1406 3421 1407 3447 l

345 3471 483 3500 octavae,
507 3463 540 3494 in
559 3463 766 3504 responsione
789 3466 829 3496 ad
852 3465 1039 3502 secundum,
1065 3465 1199 3496 dubium
1224 3464 1379 3500 occurrit,
1406 3483 1408 3502 ς

313 3519 353 3539 an
377 3508 524 3539 excedere
547 3517 729 3538 mensuram
751 3508 784 3538 in
809 3510 1025 3546 comedendo,
1050 3520 1117 3540 non
1144 3516 1275 3550 propter
1305 3519 1379 3539 con·
1406 3504 1408 3547 ξ

314 3551 550 3593 cupiscentiam,
566 3551 620 3582 sed
638 3558 766 3592 propter
779 3552 981 3592 imperitiam,
999 3554 1038 3584 sit
1052 3553 1218 3584 vitiosum:
1244 3560 1274 3584 et
1291 3553 1381 3584 cuius
1406 3549 1408 3557 ¹

313 3597 380 3628 vitii
404 3606 486 3637 opus
506 3595 555 3626 sit.
581 3595 621 3626 Et
644 3601 690 3627 est
713 3594 792 3627 ratio
809 3596 896 3628 dubii
919 3597 995 3637 quia
1017 3597 1204 3628 huiusmodi
1223 3597 1381 3638 imperitia

1434 3419 1558 3449 videtur
1580 3418 1647 3454 arti,
1673 3427 1739 3447 non
1762 3416 1947 3456 prudentiae
1966 3415 2137 3446 contraria:
2163 3425 2198 3445 ac
2221 3425 2277 3455 per
2292 3415 2364 3451 hoc,
2380 3415 2498 3445 nullius

1435 3462 1563 3494 moralis
1586 3461 1653 3492 vitii
1677 3468 1765 3492 actus
1787 3460 1911 3490 videtur
1933 3459 2003 3490 tatis
2027 3469 2179 3490 excessus.

1491 3507 1526 3537 In
1551 3505 1738 3546 oppositum
1762 3511 1869 3535 autem
1892 3511 1938 3535 est
1968 3503 2042 3545 quia
2070 3510 2235 3544 peccatum
2264 3513 2300 3534 ex
2322 3503 2498 3544 ignorantia

1436 3552 1475 3582 ad
1499 3551 1632 3581 eandem
1648 3549 1786 3590 speciem
1801 3548 1868 3580 vitii
1884 3555 2003 3588 spectat
2021 3548 2060 3578 ad
2077 3558 2175 3589 quam
2199 3554 2351 3588 spectaret
2367 3547 2392 3577 si
2411 3546 2497 3577 fieret

1436 3596 1583 3627 scienter:
1618 3593 1827 3625 homicidium
1856 3593 1942 3624 enim
1965 3592 2108 3624 accidens
2132 3603 2168 3623 ex
2191 3591 2367 3632 ignorantia
2399 3598 2495 3621 trans-
