2768 4198
0 2360 4 2370 q
0 2333 3 2353 -.
0 2159 8 2327 wau—..ow
0 2103 8 2151 nv·
3 2093 6 2094 ,
0 2028 6 2083 -ψ
0 1910 7 2010 -ννηηψ

26 522 35 531 ”
49 520 106 542 Gen.
117 526 168 547 cap.
179 526 236 547 xxn,

26 553 84 569 vers.
101 553 124 568 ιο
140 552 192 574 sqq.

25 1455 34 1464 '
48 1430 160 1476 auctus:
174 1459 195 1481 3.

24 1499 33 1508 ·
48 1497 85 1520 Cf.
104 1503 170 1520 num.
184 1503 235 1520 viu.

915 266 1183 312 QUAEsrlo
1214 267 1388 314 CXX1V‚
1419 268 1718 307 ART1CULUS
1749 269 1799 306 iv
2409 273 2455 319 37

266 346 296 372 et
318 341 406 381 apud
428 342 535 374 Deum
562 349 593 373 et
620 345 706 384 apud
735 345 902 381 homines,
928 345 1087 377 sufficiens
1118 345 1340 377 testimonium
1365 356 1367 384 j
1394 346 1533 386 perfecti,
1551 355 1582 378 et
1597 348 1771 379 testimonii
1786 357 1894 388 opere.
1920 347 2055 379 Constat
2070 348 2230 389 siquidem
2245 349 2465 380 testimonium

266 392 470 436 contemptus
492 387 575 418 vitae
605 397 665 427 pro
693 387 765 420 fide.
790 407 811 412 -
834 389 938 420 Maior
967 390 1083 421 iterum
1115 391 1284 429 probatur,
1310 397 1340 421 et
1394 391 1498 430 operis
1523 392 1574 422 cui
1590 402 1715 432 semper
1731 392 1852 433 aliquid
1869 393 1973 432 operis
1990 400 2094 429 restat,
2111 403 2178 424 non
2195 403 2262 423 esse
2277 393 2465 433 perfectum.

265 435 362 460 etlam
377 440 493 467 mmor,
509 432 663 471 ponendo
687 433 777 473 quod
795 440 949 474 tyrannus
965 445 998 465 se
1014 435 1127 465 habeat
1143 435 1182 464 ad
1199 434 1339 475 aliquem
1365 449 1366 452 ¹
1393 434 1455 465 Sed
1474 436 1607 467 durante
1622 437 1696 473 vita,
1713 447 1838 477 semper
1852 437 2037 467 testimonio
2054 437 2144 477 quod
2161 437 2305 468 consistit
2321 437 2354 467 in
2370 447 2466 478 opere

265 482 435 513 passurum
458 485 518 514 pro
541 474 604 506 fide
627 476 710 507 sicut
732 478 895 509 Abraham
918 479 958 509 ad
982 479 1084 515 Isaac,
1109 479 1152 510 ita
1176 479 1265 519 quod
1289 488 1339 509 ex—
1364 486 1366 489 ’
1393 479 1514 520 aliquid
1538 481 1642 520 operis
1666 480 1853 513 testificativi
1869 488 1976 513 restat:
2000 481 2076 522 quia
2096 488 2192 512 restat
2215 482 2277 512 hoc
2293 492 2386 522 opus,
2407 492 2466 522 po-

265 518 372 568 tendat
387 518 531 558 gladium
547 530 643 560 super
659 531 735 552 eum
751 529 782 552 et
797 523 836 553 ab
853 523 967 562 angelo
984 523 1190 564 prohibeatur
1200 523 1226 554 *.
1244 523 1339 554 Tunc
1364 542 1365 565 3
1394 533 1467 554 nere
1491 524 1599 555 vitam.
1625 525 1720 566 Ergo.

265 571 351 611 enim
376 563 486 594 omnia
508 564 576 595 sine
599 572 703 596 morte
727 574 936 603 concurrunt,
961 575 991 598 et
1014 567 1173 598 sufficiens
1196 567 1339 599 testimo·
1364 566 1365 606 }
1449 568 1489 599 Et
1503 578 1543 600 ne
1560 569 1672 610 aliquis
1696 569 1828 601 haesitet
1849 569 1883 600 in
1903 570 1956 600 illa
1980 569 2212 610 propositione,
2230 570 2358 606 scilicet,
2374 571 2466 601 Mar-

266 616 356 637 nium
379 608 467 647 apud
489 608 597 639 Deum
621 616 652 640 et
673 610 833 641 homines.
1364 607 1365 644 l
1392 613 1516 652 tyrium
1541 619 1588 644 est
1613 614 1734 645 Christi
1759 615 1973 646 testimonium
1997 615 2173 646 consistens
2196 615 2228 644 in
2253 624 2367 654 opere,
2393 625 2466 655 pro-

278 694 285 700 ·
320 650 479 684 Secundo.
497 652 529 683 Si
544 653 585 683 ad
600 654 758 685 rationem
771 655 912 696 martyrii
924 656 1057 696 exigitur
1072 656 1238 687 tolerantia
1254 665 1338 686 rnor-
1364 651 1365 698 J
1392 656 1494 688 batur.
1519 657 1618 694 Quod
1642 658 1727 689 enim
1745 659 1931 700 martyrium
1951 658 2101 690 consistat
2119 658 2152 689 in
2169 665 2240 689 actu
2258 658 2412 696 exteriori,
2430 669 2467 689 ex

264 701 313 745 tis,
339 702 394 726 aut
415 703 505 746 actus
521 698 663 739 martyrii
686 705 733 730 est
752 707 826 739 post
840 707 988 732 mortem.
1012 701 1054 732 Et
1072 701 1134 731 hoc
1153 710 1236 732 non:
1262 701 1338 741 quia
1393 700 1455 731 hoc
1478 708 1564 741 patet
1587 702 1678 743 quod
1701 703 1890 744 martyrium
1913 703 2136 734 testimonium
2151 702 2211 733 Dei
2228 710 2275 734 est
2297 704 2384 744 apud
2408 703 2465 734 ho-

265 749 309 770 sic
333 747 521 782 martynum
540 752 607 772 non
624 750 705 774 esset
721 751 808 775 actus
825 745 1015 776 meritorius.
1040 763 1062 768 —
1086 748 1152 776 Aut
1175 752 1222 775 est
1244 745 1277 774 in
1294 744 1340 776 in—
1393 744 1511 775 mines:
1536 746 1629 777 homo
1644 754 1753 778 autem
1775 757 1839 778 non
1857 749 2001 778 intuetur
2015 757 2082 786 cor,
2098 747 2154 778 sed
2173 747 2258 778 videt
2276 757 2360 788 quae
2374 747 2466 789 soris

265 784 358 833 stanti
369 784 485 834 ‘aliquo
507 788 714 826 praecedente
730 788 851 820 instans
867 790 990 821 mortis.
1015 790 1056 820 Et
1074 790 1136 821 hoc
1152 799 1228 820 non.
1254 789 1339 827 Quia
1363 793 1366 840 ἶ
1392 794 1478 826 sunt,
1504 797 1539 821 ut
1563 790 1678 821 dicitur
1702 791 1714 821 1
1737 791 1887 833 Reg.xv1
1901 791 1928 822 *.

264 834 345 859 mter
369 828 447 859 1uud
470 829 590 862 instans
614 838 646 863 et
668 832 789 864 instans
813 834 924 865 mortis
955 842 1001 865 est
1024 841 1152 874 tempus
1182 833 1336 865 medium.
1364 844 1366 876 ἦ
1448 834 1547 871 Quod
1570 842 1678 869 autem
1702 846 1768 866 non
1789 836 1940 866 consistat
1963 836 1996 866 in
2013 843 2084 867 actu
2108 836 2270 866 exterioris
2292 836 2465 867 locutionis

265 872 350 912 Ergo
374 880 489 912 potest,
509 876 692 907 naturaliter
715 878 766 908 vel
789 879 1078 919 supernaturaliter,
1099 889 1166 910 non
1185 878 1339 918 consequi
1363 881 1366 916 ,ζ
1393 884 1532 914 tantum;
1558 886 1589 909 et
1612 879 1756 910 similiter
1779 881 1869 920 quod
1885 890 1951 910 non
1966 880 2118 911 consistat
2140 881 2173 911 in
2190 890 2398 922 quocumque
2415 891 2465 911 ex-

265 926 362 949 mors.
396 917 437 948 Et
465 920 619 958 ponendo
642 922 732 962 quod
755 932 811 962 per
834 923 975 955 divinam
1000 923 1176 963 potentiam
1201 932 1267 953 non
1291 932 1338 952 se·
1364 920 1365 934 ³
1392 921 1498 952 teriori
1522 932 1618 963 opere
1642 924 1718 954 citra
1740 934 1859 964 ponere
1878 925 1992 961 vitam;
2017 931 2048 955 et
2072 934 2108 955 ex
2124 932 2212 965 parte
2229 924 2417 962 dilectionis,
2435 932 2466 956 et

264 967 381 1001 quatur
396 972 494 999 morS,
511 972 639 1004 oportet
654 966 791 997 alterum
806 967 946 998 duorum
963 968 1149 999 concedere:
1175 968 1225 997 vel
1248 967 1338 1006 quod
1363 1004 1365 1013 Ι
1392 975 1429 997 ex
1445 973 1533 1005 parte
1549 967 1722 998 testimonii
1739 975 1835 1008 patet.
1851 969 1900 999 Ex
1914 975 2001 1008 parte
2018 968 2177 1009 siquidem
2192 969 2376 1006 testimonii,
2390 970 2466 1011 quia

264 1005 304 1037 ad
326 1007 516 1047 martyrium
539 1019 606 1039 non
630 1010 763 1050 exigitur
779 1021 882 1048 mors;
907 1012 957 1043 vel
979 1012 1069 1052 quod
1092 1018 1181 1042 actus
1200 1011 1258 1041 iste
1282 1010 1338 1050 qui
1363 1017 1366 1036 ³
1392 1016 1510 1050 martyr
1533 1010 1647 1042 dicitur
1670 1012 1756 1042 testis
1778 1012 2032 1043 antonomasice:
2057 1019 2088 1044 et
2111 1013 2255 1043 similiter
2278 1014 2465 1055 martyrium

265 1059 434 1082 concessus
450 1059 498 1083 est
520 1052 618 1084 fuisse
634 1055 833 1092 martyrium,
858 1066 1026 1097 nunquam
1049 1055 1111 1087 fuit
1133 1054 1336 1095 martyrium;
1391 1053 1506 1084 dicitur
1528 1055 1750 1086 testimonium
1773 1066 1830 1096 per
1853 1056 2080 1087 excellentiam.
2106 1057 2191 1096 Ergo
2208 1058 2396 1098 martyrium
2420 1066 2467 1089 est

263 1094 353 1135 quod
369 1103 497 1128 sanctus
511 1097 658 1130 Thomas
672 1109 739 1132 non
759 1101 955 1132 concederet.
968 1117 987 1122 —
999 1102 1067 1131 Aut
1081 1106 1128 1130 est
1143 1098 1176 1130 in
1193 1105 1338 1138 tempore
1391 1097 1612 1130 testimonium
1643 1109 1808 1131 summum
1841 1100 1874 1130 in
1897 1110 2012 1140 genere
2042 1101 2233 1131 exteriorum
2265 1102 2466 1133 testimonio-

264 1140 474 1178 praecedenti.
500 1142 541 1172 Et
556 1142 619 1174 hoc
635 1152 716 1174 non:
741 1144 816 1185 quia
831 1151 908 1176 tunc
922 1144 1009 1175 idem
1026 1143 1178 1184 sequitur.
1204 1143 1291 1179 Quia
1305 1142 1337 1173 in
1391 1151 1473 1172 rum.
1498 1143 1584 1182 Ergo
1609 1144 1796 1185 martyrium
1821 1144 1964 1175 consistit
1986 1144 2019 1174 in
2044 1155 2140 1185 opere
2164 1146 2253 1185 quod
2277 1152 2323 1176 est
2346 1157 2466 1186 ponere

264 1184 404 1233 secunda
427 1186 596 1218 medietate
619 1187 687 1219 eius
703 1188 820 1228 poterit
842 1199 898 1229 per
921 1188 1062 1219 divinam
1077 1187 1254 1228 potentiam
1278 1187 1337 1216 im·
1363 1219 1365 1238 Ι
1392 1185 1499 1217 vitam.
1532 1187 1572 1218 Et
1596 1194 1682 1227 patet
1705 1188 1852 1229 sequela:
1884 1189 1960 1230 quia
1984 1196 2051 1219 tam
2080 1189 2202 1220 locutio
2231 1199 2465 1232 quaecumque,

262 1228 364 1268 pedm
379 1238 420 1260 ne
437 1238 588 1271 sequatur
604 1241 704 1263 mors:
729 1240 760 1264 et
778 1239 885 1264 tamen
899 1233 932 1264 in
949 1232 1051 1273 prima
1066 1231 1234 1262 medietate
1249 1237 1338 1262 actus
1391 1239 1490 1270 quam
1518 1239 1703 1272 praeparata
1730 1232 1881 1264 exhibitio
1905 1233 1946 1263 ad
1969 1240 2124 1270 mortem,
2149 1243 2247 1274 quam
2279 1234 2375 1264 etiam
2402 1235 2467 1275 pati

263 1271 316 1303 ille
339 1271 400 1304 fuit
419 1275 623 1317 martyrium:
648 1287 724 1316 ergo
738 1284 826 1308 actus
850 1277 907 1317 qui
931 1276 990 1308 fuit
1013 1276 1213 1317 martyrium,
1232 1282 1338 1315 potest
1363 1239 1366 1319 ι
1392 1274 1549 1306 cruciatus
1573 1283 1603 1307 et
1626 1276 1771 1313 dolores,
1797 1284 1872 1308 sunt
1898 1277 2024 1308 minora
2048 1287 2146 1318 opera
2169 1278 2346 1308 secundum
2370 1289 2467 1310 suum

259 1325 433 1357 nunquam
455 1317 552 1350 fuisse
572 1321 771 1362 martyrium.
795 1339 816 1344 -
840 1323 907 1352 Aut
929 1329 976 1352 est
1004 1321 1037 1351 in
1060 1320 1189 1351 instanti
1213 1319 1336 1350 mortis.
1391 1328 1493 1358 genus
1509 1330 1607 1360 quam
1624 1330 1745 1361 ponere
1760 1321 1876 1358 vitam;
1901 1322 1997 1357 unde,
2014 1329 2050 1352 ut
2064 1321 2096 1352 in
2113 1322 2215 1352 littera
2232 1322 2356 1359 dicitur,
2373 1324 2466 1354 multi

264 1360 305 1391 Et
328 1361 390 1392 hoc
414 1372 496 1393 non:
521 1364 596 1405 quia
620 1372 696 1395 tunc
719 1365 821 1397 homo
846 1375 912 1396 non
929 1373 975 1397 est
994 1365 1133 1405 amplius
1152 1365 1264 1400 viator,
1281 1373 1338 1395 nec
1391 1363 1548 1395 cruciatus
1572 1365 1728 1396 sustinent
1745 1372 1780 1396 ut
1796 1373 1935 1397 mortem
1959 1366 2102 1402 evadant,
2128 1374 2163 1397 ut
2186 1373 2273 1406 patet
2293 1367 2331 1396 de
2346 1366 2395 1397 his
2411 1367 2466 1408 qui

179 1406 181 1408 ’
228 1423 230 1426 >
264 1405 398 1437 habetur
421 1415 499 1440 tunc
519 1415 608 1440 actus
631 1409 822 1441 meritorius.
1391 1417 1409 1437 a
1431 1407 1590 1440 iudicibus
1614 1409 1847 1441 maleficiorum
1871 1417 2071 1451 torquentur.
2095 1428 2114 1433 -
2137 1411 2185 1441 Ex
2207 1418 2296 1450 parte
2320 1421 2395 1442 vero
2420 1411 2467 1442 di-

290 1469 292 1478 r
320 1450 357 1481 11.
374 1451 426 1481 Ad
443 1451 530 1485 idem
544 1463 678 1494 quoque
695 1454 800 1494 arguit
816 1454 904 1486 idem
915 1453 1070 1485 Martinus
1090 1452 1123 1484 in
1140 1463 1195 1493 qu.
1209 1452 1248 1483 ι*
1263 1452 1338 1484 dicti
1390 1451 1545 1490 lectionis,
1570 1454 1759 1495 martyrium
1782 1462 1830 1486 est
1852 1462 1940 1486 actus
1963 1455 2120 1486 maximae
2144 1454 2290 1486 caritatis.
2314 1455 2399 1495 Ergo
2422 1463 2468 1487 est

264 1500 412 1531 mactatus
434 1496 475 1527 de
493 1497 656 1539 Mat-tyrio,
677 1499 820 1540 quinque
836 1498 949 1530 mediis
963 1498 992 1530 *.
1014 1498 1135 1529 Primo.
1160 1497 1245 1535 Quia
1261 1496 1337 1527 alias
1392 1506 1511 1537 ponere
1526 1497 1625 1529 vitam
1642 1508 1700 1538 pro
1716 1499 1796 1530 Deo.
1821 1500 2021 1530 Antecedens
2038 1506 2084 1530 est
2103 1509 2159 1540 per
2175 1509 2208 1530 se
2225 1499 2355 1530 clarum.
2381 1500 2467 1531 Con-

263 1545 449 1580 sequeretm·
463 1542 560 1581 *quod
583 1543 650 1575 duo
664 1543 800 1575 omnino
813 1543 961 1584 aequales
979 1543 1012 1574 in
1031 1542 1200 1583 proposito
1221 1541 1339 1582 gravis·
1392 1542 1557 1582 sequentia
1580 1550 1667 1583 patet
1690 1553 1727 1574 ex
1743 1544 1898 1575 sententia
1915 1544 2048 1574 Domini
2063 1544 2095 1574 *τ
2120 1545 2282 1575 Maiorem
2298 1545 2466 1575 caritatem

263 1582 423 1615 simorum
448 1586 682 1626 suppliciorum
711 1598 772 1629 pro
795 1587 941 1624 Christo,
966 1588 999 1619 in
1026 1587 1089 1619 hoc
1113 1587 1220 1618 solum
1251 1585 1338 1618 diffe-
1392 1595 1484 1617 nemo
1506 1587 1601 1618 habet
1629 1597 1726 1628 quam
1751 1594 1787 1619 ut
1809 1589 1952 1619 animam
1976 1598 2069 1620 suam
2087 1594 2201 1630 ponat.
2225 1589 2300 1619 Non
2322 1588 2408 1625 dixit,
2433 1595 2469 1620 ut

261 1634 367 1666 rentes
389 1630 480 1670 quod
503 1629 593 1662 furor
615 1632 739 1673 tyranni
763 1633 862 1664 saevit
880 1633 914 1663 in
929 1642 1033 1664 unum
1049 1640 1080 1663 et
1095 1631 1211 1663 nonin
1226 1631 1336 1668 alium,
1391 1631 1533 1662 animam
1557 1641 1663 1670 suam,
1688 1632 1750 1664 hoc
1766 1640 1812 1664 est
1828 1633 1936 1669 vitam,
1955 1643 2080 1674 ponere
2095 1634 2240 1674 imperet,
2261 1633 2326 1669 sed,
2345 1639 2467 1673 ponat:

261 1671 308 1705 aie
321 1671 355 1704 in
370 1674 486 1705 merito
501 1674 659 1708 differrent
681 1678 771 1718 quod
787 1687 872 1708 unus
888 1684 970 1708 esset
985 1684 1103 1718 martyr
1120 1683 1151 1708 et
1167 1676 1244 1708 alter
1259 1686 1336 1707 non.
1392 1685 1511 1715 ponere
1536 1676 1695 1717 siquidem
1711 1677 1809 1707 vitam
1833 1677 1934 1708 differt
1958 1679 1996 1708 ab
2017 1685 2089 1709 actu
2113 1677 2301 1718 imperativo
2326 1678 2467 1718 ponendi

262 1716 475 1758 Consequens
503 1726 550 1750 est
577 1719 705 1752 falsum.
737 1722 833 1762 Ergo.
857 1739 878 1746 -
901 1722 1058 1753 Probatur
1085 1721 1204 1752 falsitas
1228 1730 1338 1752 conse·
1392 1719 1474 1751 sicut
1497 1721 1640 1752 executio
1664 1722 1704 1752 ab
1727 1721 1874 1762 imperio.

263 1762 400 1803 quentia.
425 1763 718 1806 Quorumcumque
741 1773 830 1798 actus
845 1765 1010 1797 interiores
1033 1773 1108 1797 sunt
1131 1765 1274 1797 eiusdem
1291 1775 1338 1796 ra—
1448 1764 1501 1796 1v.
1527 1765 1567 1796 Et
1589 1765 1663 1796 licet
1685 1766 1763 1797 haec
1778 1765 1946 1803 sufficiant,
1963 1766 2105 1797 soliditas
2129 1774 2235 1797 tamen
2253 1766 2468 1797 conclusionis

262 1805 359 1842 tionis
382 1813 414 1838 et
435 1807 640 1846 intensionis,
665 1820 779 1843 eorum
803 1811 914 1842 merita
938 1817 1013 1842 sunt
1040 1810 1185 1842 eiusdem
1208 1809 1338 1840 rationis
1391 1809 1570 1842 ostenditur
1593 1810 1688 1841 etiam
1713 1820 1749 1841 ex
1772 1820 1811 1842 eo
1835 1811 1926 1851 quod
1950 1821 2063 1841 omnes
2087 1821 2159 1841 vere
2178 1818 2331 1851 martyres
2348 1810 2467 1843 Christi

261 1857 295 1887 et
317 1851 471 1892 aequalia.
495 1853 558 1885 Sed
582 1861 672 1886 actus
694 1855 859 1886 interiores
882 1855 1019 1886 istorum
1042 1862 1117 1886 sunt
1139 1854 1337 1890 huiusmodi,
1392 1860 1467 1884 sunt
1483 1854 1574 1884 salvi:
1591 1855 1646 1884 sed
1662 1865 1728 1885 non
1745 1865 1858 1885 omnes
1874 1855 2066 1895 imperantes
2083 1855 2244 1886 executive
2261 1854 2366 1886 subire
2381 1865 2466 1886 mor-

260 1901 307 1929 -ut-
321 1898 547 1936 supponimus.
573 1898 658 1938 Ergo
684 1906 817 1940 uterque
840 1906 888 1930 est
910 1906 1038 1940 martyr.
1392 1905 1457 1928 tem
1474 1905 1549 1929 sunt
1564 1898 1650 1930 salvi.
1676 1899 1760 1936 Quia
1776 1906 1848 1930 ante
1865 1906 2002 1931 mortem
2017 1907 2124 1940 posset
2143 1900 2215 1940 quis
2235 1909 2363 1940 peccare
2381 1909 2466 1930 mor-

318 1939 476 1973 Secundo.
501 1942 586 1979 Quia
605 1943 694 1974 aliter
717 1950 901 1985 sequeretur
923 1944 1013 1985 quod
1037 1953 1093 1983 per
1109 1942 1230 1984 aliquid
1252 1952 1338 1974 mere
1391 1941 1507 1973 taliter:
1532 1949 1603 1974 tum
1626 1943 1702 1984 quia
1725 1951 1833 1984 posset
1857 1951 1986 1984 propter
2010 1951 2168 1975 tormenta
2191 1943 2338 1974 desistere
2355 1954 2372 1974 a
2389 1954 2466 1974 con—

263 1983 458 2022 vicientum,
482 1987 571 2027 quod
595 1997 663 2018 non
687 1995 734 2019 est
761 1988 794 2019 in
818 1994 973 2028 potestate
996 1987 1137 2019 virtuose
1161 1987 1337 2028 operantis,
1392 1985 1530 2018 sessione
1545 1986 1629 2023 fidei,
1647 1994 1683 2018 ut
1698 1994 1795 2028 patet,
1811 1994 1842 2018 et
1857 1988 1896 2019 de
1913 1988 1996 2019 facto
2014 1988 2124 2019 multis
2140 1988 2202 2019 hoc
2217 1987 2366 2019 accidisse
2383 1988 2467 2019 vide-

262 2028 378 2071 aliquis
400 2030 441 2060 de
464 2038 686 2073 non-martyre
708 2031 796 2065 fieret
819 2039 947 2074 martyr.
973 2031 1185 2073 Consequens
1211 2039 1258 2063 est
1282 2031 1338 2063 fal-
1392 2037 1457 2068 ταῖς
1481 2038 1551 2063 tum
1569 2032 1644 2072 quia
1660 2039 1770 2072 posset
1791 2039 1866 2072 post
1882 2032 1935 2063 diu
1953 2033 2083 2073 insuper
2099 2032 2212 2068 vivere,
2234 2039 2264 2063 et
2284 2032 2378 2062 variis
2394 2042 2466 2073 pec-

263 2083 347 2105 sum.
371 2073 468 2114 Ergo.
498 2092 520 2098 -
551 2074 789 2118 Consequentia
819 2084 920 2117 patet:
952 2077 1028 2118 quia
1059 2087 1115 2116 per
1137 2076 1336 2108 tolerantiam
1393 2075 1468 2106 catis
1483 2076 1649 2117 implicari.
1679 2077 1720 2108 Et
1736 2077 1780 2107 sic
1802 2086 1915 2108 verum
1932 2083 2013 2108 esset
2027 2077 2117 2118 quod
2133 2076 2227 2108 multi
2247 2076 2365 2108 Christi
2385 2087 2465 2107 mar-

263 2117 376 2148 mortis
398 2118 577 2156 violentae,
601 2131 683 2162 quae
711 2132 776 2152 non
801 2129 848 2152 est
875 2122 908 2153 in
933 2129 1087 2162 potestate
1110 2120 1273 2162 martyris,
1298 2121 1338 2152 de
1392 2126 1476 2160 tyres
1492 2120 1629 2160 perfecte
1644 2127 1720 2152 sunt
1736 2120 1886 2157 damnati,
1902 2122 2081 2152 secundum
2097 2120 2354 2152 adinventionem
2370 2121 2466 2152 huius

263 2169 483 2204 non-martyre
505 2163 594 2196 fieret
617 2172 745 2207 martyr.
1391 2164 1536 2196 novellae
1553 2165 1733 2196 doctrinae:
1758 2166 1849 2206 quod
1872 2165 2013 2197 Ecclesia
2029 2165 2146 2197 Christi
2170 2165 2278 2196 horret
2301 2165 2421 2196 audire.

324 2207 442 2240 Tertio.
470 2208 566 2242 Dives
589 2216 636 2240 est
657 2210 812 2246 liberalis,
837 2209 1000 2241 deficiente
1028 2219 1168 2250 paupere
1191 2209 1243 2240 cui
1267 2209 1337 2246 det,
1448 2208 1639 2250 Sequeretur
1658 2209 1754 2240 etiam
1777 2209 1864 2250 quod
1886 2220 1970 2241 unus
1987 2217 2017 2242 et
2032 2209 2116 2240 idem
2141 2217 2250 2250 posset
2266 2219 2332 2240 esse
2349 2210 2466 2240 centies

262 2251 290 2282 si
314 2261 382 2282 non
408 2252 516 2284 solum
539 2259 587 2285 est
612 2261 757 2295 paratus,
781 2254 837 2285 sed
864 2254 997 2286 extrahit
1025 2254 1195 2295 pecuniam
1219 2260 1255 2285 ut
1286 2254 1339 2284 det
1391 2262 1463 2284 vere
1494 2260 1525 2284 et
1554 2253 1691 2294 perfecte
1722 2261 1850 2295 martyr.
1882 2254 1981 2291 Quod
2012 2253 2154 2285 alienum
2182 2261 2228 2285 est
2256 2264 2274 2284 a
2301 2253 2467 2286 communi

262 2296 313 2329 his
335 2306 419 2338 quos
441 2297 541 2328 credit
562 2307 728 2338 pauperes,
753 2299 822 2335 sed,
847 2306 1015 2339 comperto
1038 2299 1128 2340 quod
1152 2298 1215 2329 sint
1238 2296 1337 2329 simu·
1392 2296 1567 2338 theologia.

262 2341 389 2378 latores,
405 2341 534 2373 retrahit
549 2351 693 2374 manum.
719 2344 804 2384 Ergo
821 2342 1020 2375 Christianus
1043 2350 1148 2384 potest
1171 2352 1240 2374 esse
1254 2353 1336 2374 mar·
1447 2342 1638 2383 Sequeretur
1654 2343 1748 2373 etiam
1766 2343 1855 2384 quod
1872 2342 2007 2374 Ioannes
2024 2342 2225 2383 Evangelista
2241 2350 2322 2375 esset
2337 2349 2465 2384 martyr.

263 2392 323 2427 tyr,
347 2384 511 2418 deficiente
533 2387 590 2427 qui
613 2397 688 2418 eum
708 2388 841 2424 occidat,
866 2388 892 2419 si
914 2388 983 2429 ipse
1007 2398 1072 2420 non
1089 2388 1198 2419 solum
1213 2394 1260 2418 est
1282 2398 1334 2428 pa·
1392 2386 1491 2424 Quod
1515 2387 1573 2418 iste
1595 2387 1697 2418 homo
1721 2394 1823 2427 negat.
1847 2405 1868 2410 -
1891 2387 1932 2418 Et
1957 2394 2043 2428 patet
2066 2387 2206 2428 sequela.
2242 2387 2326 2425 Quia
2350 2387 2382 2418 in
2406 2387 2465 2418 fer-

262 2437 359 2465 ratus.
383 2431 439 2461 sed
462 2431 598 2471 imperet
620 2439 692 2464 actu
715 2432 937 2466 executionem
961 2433 1119 2475 passionis
1142 2432 1265 2464 mortis.
1391 2431 1493 2462 ventis
1510 2432 1572 2463 olei
1592 2432 1716 2464 dolium
1732 2431 1848 2463 missus
1863 2431 1890 2468 *,
1907 2432 2018 2463 habuit
2034 2439 2141 2464 actum
2157 2431 2382 2472 imperativum
2398 2442 2466 2463 exe-

321 2474 458 2512 Quarto.
482 2477 583 2507 Actus
611 2476 786 2509 formaliter
809 2477 1016 2518 imperativus
1044 2477 1201 2518 passionis
1224 2476 1338 2508 mortis
1391 2476 1529 2507 cutionis
1552 2476 1682 2507 mortis:
1709 2487 1783 2508 cum
1807 2475 1954 2507 ferventis
1974 2476 2035 2508 olei
2061 2476 2186 2507 dolium
2202 2476 2314 2508 mortis
2331 2476 2371 2507 sit
2393 2487 2466 2517 pro-

263 2528 322 2560 pro
339 2519 468 2551 Christo
492 2527 540 2551 est
560 2520 604 2552 ita
627 2522 776 2562 proprius
792 2521 913 2554 habitui
929 2521 1066 2553 elicitivo
1083 2521 1222 2563 martyrii
1247 2521 1336 2563 quod
1391 2521 1444 2553 cul
1468 2521 1567 2552 dubio
1591 2521 1758 2553 illativum.

262 2573 330 2597 non
360 2570 466 2604 potest
495 2565 534 2595 ab
561 2564 625 2595 alio
655 2565 765 2597 habitu
789 2566 868 2599 elici.
900 2567 986 2607 Ergo
1014 2567 1135 2598 habens
1156 2565 1266 2607 ipsum
1291 2573 1338 2598 est
1448 2566 1486 2598 V.
1510 2566 1552 2597 Et
1575 2566 1601 2597 si
1625 2566 1696 2607 quis
1721 2567 1801 2596 bene
1824 2565 2002 2607 perspiciat,
2023 2565 2082 2596 ista
2102 2575 2185 2596 nova
2208 2565 2391 2596 adinventio
2409 2565 2467 2596 sibi

262 2618 335 2639 vere
353 2615 482 2649 martyr.
508 2626 527 2633 -
551 2608 789 2651 Consequentia
804 2617 890 2642 nota.
913 2628 935 2635 -
959 2611 1000 2642 Et
1024 2611 1212 2643 antecedens
1234 2617 1336 2651 patet:
1390 2610 1451 2651 ipsi
1476 2610 1628 2641 dissonat.
1653 2610 1817 2648 Quoniam
1841 2609 2058 2642 universaliter
2081 2619 2193 2640 verum
2207 2609 2353 2640 videmus
2377 2610 2467 2651 quod

263 2652 340 2694 quia
363 2653 443 2684 nulli
467 2653 519 2684 alii
543 2653 665 2686 habitui
689 2662 795 2695 potest
817 2655 955 2686 attribui.
1390 2654 1463 2685 ideo
1488 2655 1692 2695 propositum
1716 2654 1766 2686 vel
1789 2654 1962 2695 imperium
1985 2653 2118 2684 alicuius
2135 2660 2223 2685 actus
2239 2653 2399 2684 exterioris
2418 2663 2466 2684 re·

323 2697 452 2735 Quinto.
476 2697 593 2729 Omnis
616 2706 704 2730 actus
727 2709 765 2730 ex
788 2699 879 2732 cuius
902 2699 1157 2740 frequentatione
1180 2707 1274 2731 natus
1290 2707 1337 2731 est
1391 2699 1526 2740 quiritur
1550 2700 1590 2730 ad
1622 2699 1772 2731 virtutem
1795 2706 1851 2731 aut
1873 2699 2025 2734 salutem,
2050 2698 2126 2739 quia
2148 2697 2299 2738 perfectio
2324 2698 2467 2729 consistit

263 2741 404 2781 generari
428 2742 554 2772 habitus
574 2743 728 2774 elicitivus
746 2743 895 2785 martyrii,
918 2751 964 2774 est
987 2751 1075 2775 actus
1099 2744 1250 2785 martyrii.
1273 2744 1336 2776 Sed
1362 2754 1365 2780 ἢ
1390 2744 1423 2775 in
1447 2744 1503 2775 illo
1527 2751 1598 2775 actu
1619 2743 1773 2775 exteriori.
1798 2744 1874 2774 Ideo
1891 2743 1977 2774 enim
1993 2742 2163 2783 requiritur
2178 2743 2218 2772 ad
2234 2742 2369 2773 salutern
2393 2752 2466 2782 pro-

264 2793 352 2822 actus
375 2786 420 2817 sic
442 2787 650 2827 imperativus
674 2795 720 2819 est
742 2788 940 2819 huiusmodi.
965 2789 1050 2829 Ergo
1075 2796 1121 2820 est
1144 2795 1234 2819 actus
1257 2799 1338 2819 mar·
1362 2817 1364 2831 ξ
1390 2788 1533 2828 positum
1558 2788 1725 2828 baptismi,
1750 2787 1826 2829 quia
1849 2787 2000 2829 perfectio
2025 2787 2169 2818 salutaris
2194 2786 2336 2818 consistit
2359 2786 2391 2818 in
2416 2797 2466 2818 ex-

264 2830 346 2872 tyrii.
369 2849 391 2854 -
413 2831 568 2862 Probatur
591 2832 708 2863 minor.
733 2833 818 2870 Quia
841 2840 896 2863 aut
919 2843 956 2863 ex
972 2833 1039 2864 istis
1054 2833 1261 2864 volitionibus
1277 2833 1337 2865 im·
1362 2837 1364 2873 ἱ,
1391 2833 1497 2864 teriori
1520 2833 1699 2873 baptismo;
1723 2832 1796 2863 ideo
1820 2832 1860 2862 ad
1877 2831 2028 2863 virtutem
2047 2831 2183 2862 iustitiae
2198 2830 2369 2872 requiritur
2393 2841 2466 2871 pro-

263 2875 411 2916 perativis
438 2875 646 2916 frequentatis
676 2876 866 2908 sufficienter
889 2884 1079 2917 generantur
1105 2877 1232 2909 habitus
1254 2888 1336 2909 mar·
1362 2875 1364 2910 Ξ
1391 2877 1534 2918 positum
1558 2876 1759 2912 restituendi,
1784 2876 1860 2917 quia
1883 2875 2035 2917 perfectio
2059 2875 2196 2907 iustitiae
2224 2876 2368 2906 habentis
2392 2876 2465 2906 alie-

234 2933 238 2937 *
263 2920 352 2961 tyrii:
377 2927 441 2957 aut,
466 2921 548 2952 ultra
571 2922 643 2958 hoc,
668 2922 839 2962 requiritur
857 2922 988 2952 actualis
1004 2931 1101 2953 mors.
1126 2921 1159 2952 Si
1183 2922 1335 2962 primum,
1362 2930 1365 2970 J
1391 2932 1470 2952 num
1500 2922 1643 2953 consistit
1672 2922 1705 2952 in
1730 2921 1874 2952 exteriori
1897 2920 2112 2956 restitutione;
2143 2920 2216 2951 ideo
2245 2920 2277 2950 in
2301 2927 2466 2960 peccatore

263 2965 398 2996 habetur
434 2965 555 2996 intenta
592 2966 707 2997 minor.
736 2966 769 2997 Si
801 2966 999 3002 secundum,
1030 2966 1174 3006 sequitur
1210 2966 1335 3006 primo,
1362 2971 1364 3008 4
1390 2966 1560 3007 requiritur
1583 2966 1623 2996 ad
1647 2965 1877 3006 poenitentiam
1904 2966 2110 3006 propositum
2138 2964 2364 3000 confessionis,
2390 2963 2465 3006 quia

262 3010 355 3050 quod
385 3019 553 3051 nunquam
582 3011 615 3040 in
638 3011 748 3052 aliquo
771 3012 892 3043 viatore
919 3017 999 3042 esset
1029 3010 1156 3042 habitus
1184 3011 1335 3051 martyrii.
1362 3012 1365 3054 ἲ
1390 3010 1543 3052 perfectio
1576 3010 1720 3041 consistit
1751 3009 1784 3040 in
1815 3009 1959 3042 exteriori
1991 3008 2192 3040 confessione
2225 3015 2254 3039 et
2287 3008 2466 3050 receptione

263 3053 414 3095 Sequitur
430 3054 582 3092 secundo,
606 3057 696 3096 quod
719 3055 846 3087 habitus
862 3055 1002 3096 martyrii
1027 3065 1093 3086 non
1117 3061 1223 3095 potest
1245 3063 1336 3087 natu·
1363 3055 1365 3068 ¹
1391 3055 1548 3092 clavium3
1572 3055 1645 3085 ideo
1663 3055 1696 3084 in
1712 3053 1838 3085 medico
1855 3053 2026 3094 requiritur
2040 3053 2214 3094 imperium
2232 3052 2418 3089 medicinae,
2436 3059 2467 3083 et

263 3098 368 3132 taliter
390 3099 532 3139 generari
555 3109 592 3131 ex
615 3100 762 3140 pluribus
784 3099 1008 3136 volitionibus,
1034 3100 1088 3130 sed
1113 3109 1176 3130 una
1199 3105 1335 3131 tantum.
1363 3071 1365 3127 i
1390 3100 1424 3130 in
1437 3109 1532 3140 aegro
1546 3109 1612 3129 non
1624 3098 1739 3140 sufficit
1751 3098 1924 3139 imperium
1937 3097 2141 3134 executionis,
2155 3097 2211 3128 sed
2223 3103 2351 3137 oportet
2362 3103 2465 3128 actua-

264 3143 415 3184 Sequitur
436 3144 541 3180 tertio,
562 3145 651 3185 quod
675 3145 783 3176 nullus
802 3144 930 3176 habitus
943 3144 1084 3185 martyrii
1101 3142 1274 3184 acquisitus
1289 3143 1337 3176 in·
1389 3144 1460 3174 liter
1483 3144 1642 3184 suscipere
1666 3143 1873 3179 medicinam,
1898 3142 1974 3184 quia
1998 3141 2149 3183 perfectio
2174 3141 2317 3172 consistit
2339 3141 2372 3172 in
2393 3148 2464 3173 actu

265 3187 393 3219 clinabit
405 3188 439 3219 in
455 3195 562 3220 actum
587 3189 743 3230 martyrii:
769 3196 799 3220 et
822 3195 909 3230 patet
923 3189 1062 3229 sequela,
1079 3188 1155 3229 quia
1176 3188 1246 3218 talis
1270 3198 1336 3220 non
1363 3206 1365 3234 Ι
1391 3188 1551 3222 exteriori;
1576 3195 1606 3219 et
1622 3187 1667 3218 sic
1686 3188 1725 3219 de
1744 3187 1822 3218 aliis.
1847 3187 1889 3219 Et
1905 3194 2072 3228 propterea
2095 3195 2294 3227 consequens
2314 3192 2360 3216 est
2375 3186 2464 3226 quod

266 3238 312 3262 est
335 3241 434 3272 capax
454 3233 595 3273 amplius
617 3233 768 3275 martyrii,
794 3244 869 3265 cum
891 3233 956 3264 iam
981 3232 1020 3265 sit
1043 3239 1201 3265 mortuus.
1363 3245 1365 3264 ς
1391 3233 1464 3264 ideo
1476 3232 1650 3272 imperium
1662 3231 1858 3263 executionis
1871 3231 2014 3272 ponendi
2029 3230 2127 3261 vitam
2145 3229 2315 3271 requiritur
2331 3230 2371 3260 ad
2383 3240 2465 3261 mar·

322 3276 375 3306 111.
398 3277 450 3308 Ad
472 3277 568 3309 huius
591 3278 637 3309 rei
660 3278 862 3316 evidentiam,
886 3288 953 3308 non
977 3284 1104 3319 oportet
1127 3277 1215 3308 aliud
1237 3276 1337 3307 iacere
1363 3272 1365 3311 Ι
1391 3277 1520 3317 tyrium,
1537 3276 1613 3317 quia
1629 3275 1780 3317 perfectio
1797 3275 1938 3316 martyrii
1954 3274 2098 3307 consistit
2115 3273 2149 3304 in
2174 3274 2288 3306 actuali
2303 3273 2465 3314 positione

265 3319 513 3352 fundamenmm
531 3332 630 3362 quam
645 3322 724 3354 illud
747 3323 838 3364 quod
860 3322 893 3354 in
909 3322 1013 3353 littera
1034 3322 1179 3362 positum
1196 3328 1257 3351 est:
1282 3321 1337 3352 sed
1363 3314 1365 3352 ξ
1391 3321 1483 3352 vitae.
1508 3320 1620 3351 Dicere
1637 3330 1712 3360 ergo
1729 3320 1819 3360 quod
1843 3320 1882 3349 ad
1901 3319 2089 3360 martyrium
2106 3318 2276 3359 requiritur
2295 3325 2383 3349 actus
2406 3319 2464 3350 im-

265 3365 346 3395 illud
369 3375 468 3405 quam
489 3366 631 3398 solidum
654 3367 709 3404 sit,
733 3367 910 3399 ostendere.
943 3367 1028 3398 Tota
1049 3366 1209 3407 siquidem
1231 3375 1281 3396 res
1303 3365 1336 3396 in
1363 3353 1365 3389 !
1391 3365 1551 3406 perativus
1583 3364 1725 3405 ponendi
1748 3364 1865 3400 vitam,
1890 3370 1921 3394 et
1943 3364 2033 3406 quod
2057 3363 2198 3404 martyrii
2221 3362 2374 3404 perfectio
2398 3373 2464 3394 non

265 3410 328 3440 hoc
342 3415 404 3440 stat
425 3410 515 3450 quod
530 3411 717 3452 martyrium
733 3419 781 3444 est
804 3411 922 3443 Christi
937 3411 1160 3442 testimonium
1182 3409 1266 3441 facto
1281 3420 1335 3441 seu
1363 3399 1365 3427 Ῐ
1392 3409 1543 3440 consistat
1557 3408 1590 3439 in
1610 3418 1730 3449 ponere
1745 3408 1853 3445 vitam,
1871 3414 1917 3438 est
1941 3407 2103 3438 dissonare
2119 3417 2138 3437 a
2155 3407 2286 3439 veritate
2302 3414 2332 3438 et
2348 3407 2463 3448 seipso.

265 3463 363 3494 opere
389 3463 456 3494 quo
481 3454 613 3494 ponitur
634 3455 698 3487 vita
721 3466 780 3496 pro
805 3455 945 3487 Christo.
977 3455 1018 3486 Et
1040 3455 1121 3486 ratio
1145 3454 1268 3486 litterae
1291 3462 1337 3487 est
1447 3453 1502 3485 VI.
1519 3453 1566 3484 Ex
1582 3453 1666 3487 dicto
1683 3452 1778 3492 igitur
1794 3452 1898 3483 solido
1918 3451 2140 3490 fundamento,
2156 3451 2314 3485 videlicet:
2334 3453 2464 3492 Margr—

266 3498 341 3539 quia
365 3498 454 3529 aliter
476 3508 541 3529 non
565 3506 613 3530 est
635 3499 772 3539 perfecta
788 3500 867 3531 ratio
891 3499 1076 3536 testimonii,
1094 3499 1260 3540 quoniam,
1279 3499 1335 3530 du*
1391 3499 1476 3530 rium
1493 3498 1637 3529 consistit
1652 3498 1684 3528 in
1702 3498 1881 3528 testimonio
1899 3497 2018 3529 summi
2024 3496 2113 3538 facti
2131 3497 2314 3534 exterioris,
2331 3497 2390 3527 hoc
2406 3502 2462 3533 est,

265 3550 353 3574 rante
376 3542 456 3579 vita,
481 3552 606 3583 semper
629 3543 750 3584 aliquid
771 3551 868 3575 restat
890 3544 996 3585 operis
1018 3543 1203 3585 apponendi
1226 3543 1267 3573 ad
1290 3550 1336 3574 te·
1385 3552 1511 3584 ponere
1527 3543 1625 3573 vitam
1637 3551 1700 3583 pro
1723 3542 1805 3579 Deo,
1822 3542 1862 3572 ad
1883 3541 2032 3582 opposita
2047 3541 2308 3582 respondendum
2330 3547 2385 3571 est.
2402 3540 2463 3572 Sed

264 3587 464 3623 stimonium,
482 3587 557 3628 quia
580 3597 705 3627 semper
727 3594 822 3619 restat
845 3598 964 3628 ponere
983 3589 1092 3619 vitam.
1117 3589 1206 3619 Patet
1229 3594 1337 3619 autem
1363 3589 1365 3629 Ῑ
1391 3587 1486 3618 debes
1507 3587 1584 3617 scire
1600 3586 1688 3627 prius
1705 3586 1848 3626 regulam
1870 3592 1938 3616 tam
1953 3585 2102 3617 bonitatis
2119 3595 2218 3627 quam
2234 3584 2372 3617 malitiae
2389 3595 2463 3614 con-

264 3631 514 3663 fundamentum
543 3631 606 3662 hoc
635 3631 777 3662 solidum
805 3641 891 3669 esse,
915 3632 1040 3673 primo,
1064 3642 1102 3663 ex
1123 3632 1192 3673 ipsa
1215 3632 1337 3663 ratione
1362 3633 1366 3666 I
1391 3631 1527 3662 sistentis
1558 3631 1590 3661 in
1618 3638 1690 3661 actu
1719 3629 1874 3661 exteriori.
1909 3630 1950 3661 Et
1979 3637 2024 3661 est
2047 3630 2137 3671 quod
2164 3639 2201 3660 ex
2225 3629 2391 3669 proposito
2414 3630 2463 3660 vel

2493 794 2502 802 ⁸
2518 793 2585 815 Vers.
2599 800 2619 820 7.

2495 1556 2503 1565 ⁸
2520 1556 2583 1577 Ioan.
2602 1562 2652 1583 cap.
2670 1564 2706 1579 xv.

2495 1588 2554 1604 vers.
2571 1589 2599 1610 ¹3-

2495 2448 2502 2454 ’
2520 2446 2555 2468 Cf.
2571 2446 2595 2468 S.
2611 2446 2706 2468 Hieron.

2494 2472 2573 2522 ffgnti
2590 2473 2706 2495 Iovinian.
