2768 4198
65 1969 78 1981 ⁸
90 1968 159 2006 yffi:
173 1973 208 2004 ¹⁹·

69 2237 81 2249 ⁸
93 2234 150 2257 ιω.
165 2234 204 2257 dt.

70 2441 82 2454 ⁸
95 2440 162 2463 Van.
177 2439 200 2463 8.

70 2525 209 2553 ‘Va-⁸44.

73 2714 206 2739 ’Leo-eit.

75 2874 84 2884 “
98 2872 165 2896 Vm.
179 2878 211 2900 ¹7-

77 3039 86 3049 ·
94 3037 150 3065 Cap.
161 3042 225 3063 xun,
234 3042 287 3064 ειν,

76 3069 137 3086 um.

79 3297 89 3308 ⁸
98 3296 124 3318 In
137 3296 229 3324 Erech„
244 3295 290 3317 loc.
318 3295 324 3302 ”

78 3322 290 3377 ῇῑᾶῗξῖιηφηεοη

951 272 1219 318 QUAESTIO
1249 271 1443 318 CLXXX,
1472 270 1770 308 ARTICULUS
1799 270 1831 305 Il

2406 269 2482 315 425

967 420 1300 453 Commentario.
1325 419 1576 452 cardinalis
1601 419 1801 451 Caietam

327 510 348 530 u
372 498 506 529 articulo
522 498 628 538 primo
648 497 844 538 quaestionis
864 499 1278 539 centesimaeoctogesimae,
1304 500 1367 530 col-

301 512 372 584 Ilig
373 543 494 574 endum
518 549 548 572 et
565 542 781 572 ordinandum
799 548 845 572 est
860 542 893 571 id
917 543 1005 582 quod
1030 543 1068 573 de
1084 543 1147 573 vita
1172 544 1366 584 contempla-

297 589 361 619 tiva
384 587 498 618 dicitur
520 587 552 616 in
576 585 688 616 affectu
713 592 744 616 et
767 586 938 616 intellectu.
963 587 1045 616 Nam
1070 587 1243 618 formaliter
1266 595 1311 618 est
1334 588 1366 617 in

299 632 477 663 intellectu.
501 630 658 672 quoniam
682 637 728 660 est
746 630 815 670 ipsa
839 630 1080 670 contemplatio,
1106 641 1188 670 quae
1212 638 1257 661 est
1281 638 1368 662 actus

299 676 486 708 intellectus.

354 720 530 752 Causaliter
554 725 662 750 autem
685 725 715 749 et
739 717 937 749 terminative
957 724 1003 747 est
1018 717 1050 747 in
1075 717 1203 748 affectu:
1226 725 1255 748 et
1279 725 1368 748 utro-

300 775 363 806 que
387 765 486 796 modo
503 763 680 804 dupliciter.
695 763 780 793 Nam
804 762 969 793 causaliter
990 769 1037 792 est
1059 761 1092 791 in
1113 761 1225 792 affectu
1248 762 1369 793 ratione

300 809 418 840 amoris
449 807 743 849 concupiscentiae,
767 813 798 837 et
820 806 942 837 ratione
972 805 1090 835 amoris
1124 806 1288 836 amicitiae.
1321 806 1371 836 Ad

301 863 443 889 amorem
459 853 617 894 siquidem
634 851 909 892 concupiscentiae
933 856 1052 901 spectat
1075 859 1149 880 curn
1179 850 1293 890 aliquis
1317 860 1372 889 ap·
1397 868 1399 884 ᾗ

301 898 379 939 petit
401 898 507 928 videre
532 897 652 938 aliquid
669 904 705 927 ut
724 896 844 927 videat:
869 905 944 926 nam
961 895 1068 935 ipsum
1091 894 1197 924 videre
1221 893 1371 934 perfectio

302 949 348 973 est
366 942 517 978 videntis;
543 949 573 972 et
589 942 731 983 seipsum
746 948 831 971 amat
850 940 906 981 qui
922 946 1089 980 propterea
1105 939 1228 979 quaerit
1251 938 1373 989 aliquid

301 986 406 1018 videre
431 994 466 1017 ut
489 966 593 1017 videat
609 997 664 1017 seu
683 992 865 1025 cognoscat.
886 985 937 1015 Ad
957 993 1102 1015 amorem
1118 993 1194 1013 vero
1217 982 1373 1013 amicitiae

302 1038 423 1072 spectat
438 1031 596 1072 appetitus
610 1030 737 1061 videndi
753 1030 893 1070 aliquam
910 1039 1081 1079 personam
1093 1028 1168 1069 quia
1184 1034 1270 1058 amat
1285 1027 1374 1057 illam

302 1086 482 1116 personam.
507 1076 548 1106 Et
571 1076 643 1106 licet
666 1075 743 1107 haec
759 1075 825 1106 duo
849 1074 948 1104 divisa
976 1073 1177 1104 inveniantur
1205 1082 1315 1112 saepe,
1340 1072 1372 1102 in

1421 499 1587 540 proposito
1608 506 1713 529 tamen
1732 498 1818 529 unita
1834 498 2039 529 inveniuntur
2054 498 2086 530 in
2104 508 2170 528 uno
2186 504 2216 528 et
2233 498 2345 528 eodem
2366 498 2486 529 affectu.

1420 545 1500 574 Nam
1527 545 1656 574 studens
1680 543 1941 583 contemplationi
1974 543 2070 573 simul
2094 542 2290 583 concupiscit
2313 542 2371 572 sibi
2394 543 2488 573 visio-

1422 598 1494 618 nem
1519 587 1671 623 veritatis;
1697 594 1727 617 et
1751 594 1879 628 propter
1909 597 2052 618 amorem
2075 587 2175 627 ipsius
2198 586 2335 617 veritatis
2366 587 2489 617 divinae

1422 643 1519 672 quam
1544 639 1642 667 amat,
1667 631 1767 662 tendit
1790 633 1829 662 ad
1852 632 2026 662 videndum
2049 632 2146 663 illam.
2171 632 2211 662 Et
2231 631 2386 672 quoniam
2410 632 2488 662 ratio

1422 677 1578 706 amicitiae
1595 676 1788 716 praeeminet
1805 677 2087 716 concupiscentiae,
2104 677 2177 706 ideo
2194 676 2375 716 Gregorius,
2392 676 2424 706 in
2444 677 2487 706 lit-

1423 727 1487 750 tera
1502 720 1519 739 *
1543 720 1665 756 allatus,
1685 721 1782 751 vitam
1799 721 2079 761 contemplativam
2098 721 2130 751 in
2150 720 2274 751 caritate
2298 721 2357 751 Dei
2381 731 2490 752 causa-

1423 764 1491 795 liter
1511 764 1688 795 constituit:
1714 773 1836 796 constat
1852 766 1937 795 enim
1952 767 2040 806 quod
2058 765 2167 796 caritas
2184 765 2242 796 Dei
2262 765 2433 796 amicitiam
2450 766 2489 795 ad

1424 808 1531 848 ipsum
1555 808 1766 848 principaliter
1790 809 1950 849 importat.

1479 852 1693 883 Terminative
1711 860 1818 884 autem
1834 854 2061 894 contemplatio
2078 854 2111 884 in
2128 853 2238 884 affectu
2256 861 2302 885 est
2325 861 2356 884 et
2379 864 2490 885 secun-

1426 895 1504 925 dum
1529 896 1778 933 delectationem,
1807 898 1987 929 naturaliter
2019 905 2266 939 consequentem
2289 899 2392 938 ipsam
2416 909 2491 929 con-

1399 972 1400 975 *
1427 940 1667 979 templationem
1698 948 1728 972 et
1755 942 1916 972 obiectum
1949 943 2218 982 contemplatum;
2253 951 2282 974 et
2313 944 2490 973 secundum

1428 994 1571 1014 amorem
1587 985 1752 1021 amicitiae,
1769 994 2009 1025 augmentatum
2026 997 2061 1017 ex
2086 988 2147 1018 hoc
2163 987 2234 1027 ipso
2251 988 2339 1028 quod
2355 987 2441 1018 videt
2461 994 2491 1018 et

1399 1039 1401 1062 4
1427 1028 1613 1065 delectatum
1639 1029 1664 1058 si
1681 1037 1787 1060 tamen
1811 1038 1908 1061 status
1925 1031 2044 1070 patitur
2061 1039 2278 1071 augmentum.
2304 1032 2402 1069 Quod
2418 1032 2489 1062 dico

1400 1088 1401 1103 ι
1428 1079 1558 1111 propter
1582 1074 1884 1113 contemplationem
1909 1076 2035 1114 patriae.

1087 1225 1407 1268 ARTICULUS
1438 1224 1738 1268 SECUNDUS

594 1321 750 1352 UTRUM
773 1319 991 1351 vau'rEs
1015 1318 1221 1350 MORALES
1244 1318 1523 1349 PERTINEANT
1549 1319 1608 1349 AD
1633 1319 1773 1350 VITAM
1798 1320 2204 1354 CONTEMPLATIVAM

684 1408 759 1438 insta,
778 1416 822 1441 qu.
841 1415 940 1439 cmxxxi,
959 1412 1005 1432 art.
1028 1414 1050 1438 1,
1069 1407 1101 1431 ad
1128 1405 1155 1437 3;
1175 1414 1220 1439 qu.
1240 1412 1348 1435 cuxxn.
1367 1410 1413 1432 art.
1435 1405 1464 1435 3;
1483 1405 1515 1429 111
1535 1405 1618 1435 Sent„
1638 1406 1695 1431 dist.
1715 1414 1787 1436 xxxv,
1807 1415 1850 1439 qu.
1869 1416 1886 1438 1,
1907 1414 1952 1434 art.
1974 1409 1997 1438 3,
2017 1410 2066 1442 qu
2088 1410 2114 1441 3;

1008 1443 1084 1467 Cont.
1103 1442 1250 1467 retrahent.
1269 1441 1302 1466 ab
1322 1441 1435 1475 ingr-ess.
1454 1441 1551 1474 Retig..
1571 1449 1627 1474 cap.
1646 1449 1689 1472 vn,
1710 1442 1741 1466 ad
1761 1450 1785 1474 7.

343 1553 401 1587 3„-
394 1556 398 1564 ι
418 1554 431 1580 π»,
443 1560 493 1597 'ft'
520 1546 543 1571 D
558 1545 749 1571 SECUNDUM
764 1544 818 1569 sm
833 1543 1077 1569 PROCEDITUR.
1093 1531 1255 1568 Videtur
1268 1530 1375 1590 quod

368 1578 495 1649 {A
519 1586 677 1624 virtutes
714 1586 880 1623 morales
918 1586 1132 1634 pertineant
1169 1585 1216 1621 ad
1254 1584 1374 1620 vitam

274 1740 280 1746 ὓ
328 1692 337 1697 ”
344 1671 413 1721 ζῖ
476 1687 631 1742 &super
648 1694 782 1742 Ezech.
803 1692 834 1739 ³¹²,
863 1693 971 1741 quod
990 1692 1278 1752 contemplativa
1298 1692 1375 1728 vita

307 1753 361 1784 est
387 1741 582 1784 caritatem
611 1747 760 1795 quidem
789 1747 864 1783 Dei
889 1752 924 1783 et
944 1746 1118 1795 proximi
1151 1751 1226 1782 tota
1255 1751 1378 1782 mente

307 1801 478 1838 retinere.
509 1800 586 1838 Sed
606 1813 742 1838 omnes
761 1800 920 1838 virtutes
940 1800 1118 1838 morales.
1140 1799 1187 1837 de
1212 1811 1376 1847 quarum

308 1854 454 1893 actibus
484 1854 621 1892 dantur
639 1861 843 1903 praecepta
870 1854 974 1902 legis,
996 1853 1228 1890 reducuntur
1255 1853 1304 1890 ad
1324 1852 1378 1889 di-

307 1907 511 1945 lectionem
549 1907 622 1945 Dei
651 1915 687 1944 et
714 1907 898 1956 proximi:
938 1907 1027 1956 quia
1053 1906 1246 1956 plenitudo
1285 1906 1379 1956 legis

308 1967 363 1999 est
387 1961 545 2005 dilectio,
574 1969 615 1998 ut
644 1961 779 1998 dicitur
806 1962 918 1998 Rom.
943 1972 1004 1997 xm
1028 1960 1059 1997 ³¹⁶.
1095 1961 1198 2008 Ergo
1226 1959 1379 1998 videtur

308 2014 414 2064 quod
441 2014 599 2052 virtutes
627 2015 792 2052 morales
819 2014 1034 2064 pertineant
1062 2014 1111 2051 ad
1139 2014 1259 2050 vitam
1289 2026 1378 2050 con-

308 2068 585 2117 templativam.

363 2133 399 2159 2.
423 2121 658 2169 PRAETEREA,
680 2121 979 2170 contemplativa
997 2120 1075 2158 vita
1093 2120 1298 2170 praecipue
1319 2132 1380 2156 or-

309 2174 460 2214 dinatur
479 2176 525 2213 ad
547 2175 619 2213 Dei
640 2174 1023 2223 contemplationem:
1053 2174 1142 2211 dicit
1161 2174 1264 2212 enim
1285 2174 1379 2212 Gre-

309 2228 449 2277 gorius,
469 2240 583 2278 super
599 2229 734 2278 Ezech.
754 2228 786 2276 ²¹⁶,
817 2228 938 2278 quod,
959 2227 1112 2265 calcatis
1139 2229 1240 2265 curis
1258 2228 1377 2265 omni-

310 2282 391 2328 bus,
409 2282 461 2319 ad
486 2282 688 2320 videndum
703 2282 854 2331 faciem
873 2282 934 2318 sui
955 2282 1146 2319 Creatoris
1165 2282 1375 2320 inardescit.
1405 2293 1407 2302 ¹

311 2335 390 2375 Sed
409 2335 458 2375 ad
477 2336 553 2373 hoc
572 2337 697 2374 nullus
717 2343 842 2385 potest
860 2335 1059 2384 pervenire
1080 2335 1151 2373 nisi
1179 2348 1250 2385 per
1268 2348 1378 2373 mun-

311 2388 454 2436 ditiam,
476 2402 592 2438 quam
614 2397 744 2427 causat
770 2389 892 2427 virtus
911 2389 1087 2426 moralis:
1117 2389 1252 2426 dicitur
1275 2389 1378 2426 enim

312 2443 524 2480 Matth.v*:
544 2443 655 2480 Beati
666 2443 808 2480 mundo
823 2443 948 2489 corde,
975 2443 1154 2491 quoniam
1170 2443 1241 2492 ipsi
1252 2444 1378 2480 Deum

311 2495 505 2541 videbunt‚·
534 2505 570 2534 et
601 2497 702 2534 Heb.
723 2508 772 2534 xn
797 2496 868 2533 ²²¹⁸:
897 2497 1036 2534 Pacem
1064 2497 1266 2545 sequimini
1292 2508 1378 2534 cum

312 2550 497 2596 omnibus,
526 2556 564 2587 et
586 2550 889 2596 sanctimoniam,
908 2550 988 2587 sine
1007 2561 1082 2598 qua
1107 2562 1216 2587 nemo
1244 2550 1383 2587 videbit

313 2603 449 2640 Deum.
479 2603 583 2651 Ergo
611 2603 763 2640 videtur
790 2603 897 2652 quod
923 2603 1084 2640 virtutes
1110 2605 1276 2641 morales
1296 2616 1379 2652 per—

312 2656 457 2694 tineant
484 2656 533 2695 ad
560 2656 680 2694 vitam
709 2656 1061 2706 contemplativam.

368 2710 403 2748 3.
432 2710 665 2756 ΡκΑΕτΕκΕΑ,
697 2709 903 2758 Gregorius
931 2709 1030 2757 dicit,
1059 2722 1172 2759 super
1192 2711 1326 2760 Ezech.
1347 2710 1378 2758 ³¹³,

313 2763 418 2812 quod
446 2763 734 2812 contemplativa
769 2764 846 2800 vita
883 2764 1050 2812 speciosa
1078 2770 1133 2800 est
1157 2765 1195 2801 in
1228 2765 1378 2802 animo:

312 2817 415 2857 unde
443 2817 674 2866 significatur
701 2829 771 2866 per
798 2817 1020 2864 Rachelem,
1050 2818 1096 2854 de
1126 2830 1203 2866 qua
1231 2817 1378 2866 dicitur,

317 2869 410 2908 Gen.
439 2883 524 2908 xxnt
545 2870 584 2917 ²¹²,
613 2872 719 2918 quod
751 2876 834 2908 erat
855 2870 1016 2919 pulchra
1038 2872 1153 2918 facie.
1189 2871 1264 2908 Sed
1297 2873 1380 2920 pul-

314 2923 487 2963 chritudo
507 2923 625 2961 animi
653 2923 858 2961 attenditur
877 2924 1091 2962 secundum
1109 2924 1267 2962 virtutes
1295 2938 1379 2963 mo-

314 2977 422 3024 rales,
453 2985 490 3014 et
516 2977 722 3026 praecipue
750 2977 964 3014 secundum
992 2979 1305 3026 temperantiam:
1339 2987 1381 3017 ut

315 3031 543 3072 Ambrosius
571 3030 676 3077 dicit,
707 3031 745 3067 in
775 3032 788 3067 I
818 3031 864 3068 de
896 3031 1003 3079 Offic.
1025 3031 1045 3053 *
1081 3032 1183 3079 Ergo
1227 3032 1380 3071 videtur

316 3083 423 3132 quod
451 3083 607 3121 virtutes
635 3085 800 3123 morales
827 3083 1040 3132 pertineant
1067 3085 1116 3122 ad
1143 3085 1262 3122 vitam
1292 3099 1381 3124 con-

315 3137 590 3186 templativam.

371 3190 446 3227 SED
466 3201 612 3227 CONTRA
631 3201 698 3226 as’r
717 3190 823 3239 quod
840 3190 997 3228 virtutes
1015 3192 1180 3229 morales
1204 3192 1381 3230 ordinan-

316 3250 378 3279 tur
405 3243 452 3281 ad
482 3243 686 3282 exteriores
718 3243 897 3282 actiones.
937 3244 1013 3283 Sed
1042 3245 1247 3293 Gregorius
1281 3245 1380 3291 dicit,

317 3308 355 3332 in
383 3295 435 3333 VI
463 3296 598 3337 Mor-al
614 3295 652 3343 ²¹²,
683 3297 789 3344 quod
817 3297 865 3334 ad
896 3298 1232 3347 contemplativam
1260 3298 1379 3334 vitam

318 3348 480 3398 pertinet
505 3350 555 3387 ab
582 3350 764 3387 exteriori
789 3351 934 3388 actione
952 3353 1152 3400 quiescere.
1182 3352 1284 3396 Ergo
1306 3350 1380 3386 vir-

318 3410 414 3439 tutes
442 3403 608 3440 morales
642 3415 721 3441 non
752 3404 940 3453 pertinent
973 3405 1020 3445 ad
1054 3404 1172 3440 vitam
1212 3409 1379 3438 contem-

319 3455 511 3505 plativam.

371 3599 400 3632 α)
422 3600 485 3625 XII.
497 3613 516 3619 -
534 3600 628 3625 ultimo
646 3601 750 3625 codices
769 3605 795 3625 et
812 3607 838 3625 a.

462 3652 572 3676 Summa
590 3652 692 3677 Timor..
711 3652 742 3677 D.
755 3652 869 3676 Taomffl
880 3651 912 3675 T.
930 3650 984 3675 vn.

384 1639 869 1689 Wconternplativam.
900 1638 1000 1676 Dicit
1024 1638 1125 1675 enim
1155 1637 1374 1686 GregoriuS,
1403 1643 1405 1646 '

1484 1531 1711 1567 RESPONDEO
1738 1543 1923 1569 DICENDUM
1953 1535 2057 1594 quod
2093 1535 2140 1572 ad
2174 1536 2292 1573 vitam
2326 1546 2493 1576 contem-

1431 1583 1615 1633 plativam
1636 1592 1760 1632 potest
1788 1585 1927 1634 aliquid
1958 1588 2144 1635 pertinere
2173 1590 2388 1638 dupliciter:
2417 1605 2494 1629 uno

1432 1638 1564 1684 modo,
1595 1638 1860 1685 essentialiter3
1891 1639 1963 1676 alio
1994 1641 2133 1689 modO,
2165 1643 2396 1692 dispositive.
2427 1646 2494 1682 Es-

1431 1691 1637 1728 sentialiter
1657 1691 1812 1740 quidem
1833 1693 1989 1730 virtutes
2018 1697 2182 1732 morales
2209 1710 2286 1734 non
2311 1699 2496 1746 pertinent

1433 1744 1481 1782 ad
1500 1745 1618 1782 vitam
1649 1746 1998 1794 contemplativam.
2030 1748 2130 1795 Quia
2149 1750 2236 1788 finis
2266 1754 2496 1801 contempla-

1404 1825 1406 1844 ,
1432 1798 1532 1835 tivae
1561 1798 1662 1835 vitae
1691 1807 1747 1836 est
1766 1799 2015 1838 consideratio
2044 1803 2222 1841 veritatis.
2252 1805 2313 1842 Ad
2340 1805 2496 1843 virtutes

1433 1860 1561 1889 autem
1596 1853 1762 1890 morales
1799 1854 1896 1890 scire
1924 1855 2092 1903 quidem,
2122 1858 2227 1906 quod
2260 1858 2421 1907 pertinet
2449 1861 2494 1896 ad

1434 1905 1778 1943 considerationem
1798 1907 1978 1955 veritatis,
1998 1920 2163 1956 parvam
2186 1917 2404 1959 potestatem
2430 1915 2496 1950 ha-

1405 1964 1407 1979 4
1433 1960 1509 1997 bet:
1537 1967 1579 1996 ut
1606 1960 1862 2009 Philosophus
1892 1961 1988 2009 dicit,
2010 1962 2047 1999 in
2078 1964 2107 1999 II
2137 1965 2256 2002 Ethic.
2278 1964 2297 1987 ’¹‘
2324 1966 2434 2004 Unde
2461 1975 2496 2003 et
2524 1969 2535 1980 ⁴

1406 2043 1407 2059 ,
1433 2013 1526 2062 ipse,
1547 2013 1585 2050 in
1614 2014 1649 2050 X
1676 2014 1796 2051 Ethzssc
1822 2014 1861 2061 ²⁸,
1891 2015 2050 2053 virtutes
2079 2018 2242 2055 morales
2271 2019 2358 2056 dicit
2385 2021 2496 2069 perti-

1433 2079 1525 2104 nere
1550 2067 1598 2104 ad
1627 2067 1842 2105 felicitatem
1871 2069 2047 2117 activam,
2069 2083 2146 2107 non
2175 2079 2302 2109 autern
2332 2074 2380 2110 ad
2409 2086 2498 2110 con-

1405 2145 1407 2157 .
1433 2120 1712 2169 templativam.

1487 2173 1719 2223 Dispositive
1739 2183 1867 2212 autem
1887 2175 2042 2213 virtutes
2063 2179 2226 2215 morales
2244 2179 2431 2227 pertinent
2449 2181 2497 2217 ad

1433 2228 1554 2265 vitam
1575 2229 1924 2277 contemplativam.
1947 2231 2153 2278 Impeditur
2169 2232 2269 2269 enim
2290 2240 2393 2269 actus
2409 2246 2497 2270 con-

1433 2281 1711 2330 templationiS,
1748 2282 1788 2319 in
1826 2295 1902 2332 quo
1942 2283 2186 2322 essentialiter
2223 2286 2390 2323 consistit
2421 2287 2498 2323 vita

1435 2336 1732 2384 contemplativa
1750 2335 1782 2382 ²⁸,
1805 2344 1840 2373 et
1867 2349 1936 2385 per
1958 2338 2243 2376 vehementiam
2262 2340 2496 2389 passionum,

1433 2401 1503 2437 per
1531 2401 1648 2438 quarn
1678 2390 1905 2428 abstrahitur
1933 2391 2088 2428 intentio
2117 2392 2265 2430 animae
2291 2394 2339 2430 ab
2368 2393 2500 2430 intelli-

1434 2442 1610 2490 gibilibus
1629 2443 1678 2480 ad
1698 2443 1908 2490 sensibilia3
1939 2453 1974 2481 et
1993 2457 2061 2493 per
2079 2447 2262 2483 tumultus
2283 2446 2496 2484 exteriores.

1433 2496 1600 2533 Virtutes
1629 2503 1758 2534 autem
1787 2499 1952 2534 morales
1981 2498 2194 2546 impediunt
2217 2501 2497 2537 vehementiam

1433 2549 1678 2599 passionum,
1709 2558 1747 2587 et
1774 2551 1907 2588 sedant
1935 2552 2163 2588 exteriorum
2201 2553 2496 2601 occupationum

1433 2603 1631 2640 tumultus.
1662 2604 1711 2640 Et
1730 2604 1817 2641 ideo
1837 2604 1994 2641 virtutes
2015 2606 2178 2642 morales
2208 2606 2428 2654 dispositive
2449 2606 2496 2643 ad

1434 2657 1553 2694 vitam
1584 2657 1922 2706 contemplativam
1950 2658 2147 2706 pertinent.

1488 2712 1547 2747 AD
1575 2723 1712 2748 PRIMUM
1740 2723 1838 2748 ERGO
1867 2723 2051 2748 DICENDUM
2079 2712 2201 2761 quod,
2232 2711 2326 2748 sicut
2353 2711 2495 2748 dictum

1434 2771 1490 2801 est
1508 2764 1539 2811 ³⁸,
1569 2764 1648 2801 vita
1667 2764 1962 2813 contemplativa
1981 2765 2095 2801 habet
2116 2764 2304 2801 motivum
2326 2777 2369 2801 ex
2390 2772 2494 2813 parte
2523 2765 2533 2774 ⁴

1434 2817 1608 2854 affectus:
1650 2826 1685 2854 et
1719 2818 1930 2854 secundum
1957 2818 2032 2854 hoc
2061 2818 2208 2854 dilectio
2241 2817 2313 2854 Dei
2346 2825 2382 2854 et
2409 2830 2494 2866 pro-

1433 2871 1525 2908 ximi
1545 2871 1746 2920 requiritur
1764 2871 1814 2907 ad
1832 2871 1950 2907 vitam
1972 2871 2315 2919 contemplativam.
2347 2871 2494 2907 Causae

1435 2932 1562 2962 autem
1593 2932 1793 2961 moventes
1821 2936 1900 2960 non
1928 2924 2064 2961 intrant
2099 2924 2300 2961 essentiam
2328 2923 2398 2970 rei,
2428 2924 2495 2960 sed

1436 2978 1642 3026 disponunt
1670 2985 1706 3014 et
1733 2977 1935 3026 perficiunt
1963 2990 2055 3014 rem.
2085 2978 2196 3015 Unde
2224 2989 2302 3014 non
2328 2977 2496 3025 sequitur

1435 3031 1541 3080 quod
1570 3031 1727 3068 virtutes
1755 3032 1919 3067 morales
1948 3031 2190 3067 essentialiter
2209 3029 2419 3078 pertineant
2447 3029 2495 3066 ad

1407 3099 1409 3115 ¹
1434 3085 1554 3122 vitam
1584 3083 1932 3131 contemplativam.

1487 3140 1546 3175 An
1566 3149 1758 3174 SECUNDUM
1776 3148 1960 3173 DICENDUM
1985 3137 2088 3184 quod
2112 3135 2372 3182 sanctimonia,
2399 3135 2496 3173 idest

1436 3189 1633 3236 munditia,
1664 3196 1839 3225 causatur
1867 3201 1911 3225 ex
1938 3189 2136 3225 virtutibus
2165 3200 2262 3236 quae
2283 3194 2370 3225 sunt
2397 3189 2495 3225 circa

1407 3232 1409 3245 ¹
1435 3243 1631 3290 passiones
1650 3241 1901 3289 impedientes
1920 3241 2122 3289 puritatem
2142 3241 2306 3278 rationis.
2332 3242 2411 3278 Pax
2431 3255 2496 3279 au-

1434 3303 1511 3331 tem
1541 3301 1717 3331 causatur
1746 3306 1789 3330 ex
1818 3294 1965 3340 iustitia,
1986 3306 2083 3342 quae
2104 3301 2159 3331 est
2184 3294 2282 3331 circa
2309 3295 2496 3343 operatio-

1429 3411 1532 3447 pax:
1561 3399 1785 3447 inquantum
1815 3399 1954 3436 scilicet
1980 3400 2040 3436 ille
2068 3400 2133 3448 qui
2161 3401 2209 3437 ab
2237 3401 2376 3438 iniuriis
2405 3402 2496 3438 alio-

1406 3479 1408 3493 ,
1434 3464 1518 3489 rum
1549 3452 1724 3499 abstinet,
1755 3452 1937 3489 subtrahit
1968 3452 2171 3501 litigiorum
2201 3461 2238 3491 et
2264 3455 2495 3492 tumultuum

2517 724 2525 733 ⁸
2541 722 2596 749 Arg.
2608 721 2657 743 Sed
2673 727 2729 742 con-

2598 1975 2717 2018 iiviztilv.
2687 2002 2709 2017 iv
2702 1976 2722 1998 3
2724 1979 2735 1984 —

2524 2023 2605 2050 'Cap.
2621 2029 2711 2050 v111‚n.
2727 2029 2734 2043 ι

2524 2055 2596 2097 sqqa
2585 2049 2627 2071 —.S
2630 2038 2677 2071 Th?
2686 2050 2706 2070 le
2708 2052 2732 2070 ct

2527 2345 2536 2354 ⁸
2550 2344 2577 2366 D.
2593 2344 2648 2371 1189.

1434 3359 1513 3393 nes,
1535 3347 1746 3383 secundum
1774 3346 1864 3383 illud
1889 3347 2006 3383 Isaiae
2024 3359 2120 3383 xxxn
2139 3346 2181 3393 ³⁸,
2215 3348 2315 3396 Opus
2338 3348 2498 3385 iustitiae
2524 3347 2534 3357 ⁸
2548 3346 2612 3367 Vm
2628 3351 2656 3372 '⁷‘
