2768 4198
986 264 1256 311 QUAEsrlo
1286 265 1423 312 CLIV,
1452 266 1752 304 ARTICULUS
1780 267 1831 303 vl
2429 269 2503 304 233

309 346 396 387 quid,
414 352 537 376 servato
562 353 646 376 certo
665 344 786 380 ordine,
804 351 913 374 contra
937 354 1034 384 quern
1059 345 1084 374 si
1101 344 1164 381 fiat,
1180 344 1312 375 iniuriae
1334 345 1381 374 10-
1406 354 1409 391 ᾗ·
1491 347 1529 377 X.
1554 346 1604 376 Ad
1629 351 1779 387 quartum
1803 346 1933 376 dubium
1950 346 1966 364 '¹‘
1991 345 2104 376 dicitur
2120 347 2207 387 quod
2229 346 2298 376 talis
2319 346 2506 377 concubitus
2536 356 2543 362 ⁴
2558 353 2627 375 Num.
2644 360 2675 375 w.

310 401 365 421 cus
382 396 485 420 restat.
509 389 549 420 Et
564 389 640 430 quia
655 388 855 429 signaculum
877 388 1062 428 virginitatis
1079 399 1136 419 nec
1161 389 1301 420 mulieris
1324 398 1382 419 nec
1407 399 1409 433 g
1435 398 1482 421 est
1505 398 1669 431 stuprum:
1702 390 1777 431 quia
1802 390 1844 420 ibi
1877 390 2014 420 salvatur
2042 390 2170 431 propria
2194 390 2367 421 differentia
2395 391 2505 430 stupri,

311 434 406 474 patris
437 434 545 464 subest
574 433 708 464 libertati
733 433 771 462 ad
794 432 937 469 libitum,
963 433 1017 463 sed
1044 443 1062 463 a
1091 441 1203 464 natura
1226 433 1381 464 tributum
1407 436 1409 460 ἒ
1435 445 1533 476 quam
1558 434 1645 465 addit
1673 445 1767 475 supra
1797 434 1943 465 illicitum
1975 435 2150 465 naturalem
2180 434 2403 470 concubitum,
2429 435 2506 465 dum

311 478 437 519 utrique
454 484 501 508 est
524 478 714 508 servandum
738 487 839 518 usque
856 477 896 507 ad
912 477 1055 517 nuptias;
1080 477 1152 508 ideo
1170 478 1312 508 neutrius
1335 478 1381 508 in·
1407 501 1409 517 ,
1435 479 1575 510 aufertur
1599 479 1799 519 signaculum
1818 479 1969 519 virginale
1993 485 2140 519 paternae
2165 479 2327 509 custodiae
2345 489 2507 510 commen-

310 522 390 553 iuria
413 522 548 553 evitatur
571 531 607 552 ex
632 521 796 562 utriusque
821 531 978 552 consensu
1002 529 1111 552 contra
1131 522 1272 553 naturale
1297 522 1381 552 debi-
1407 525 1409 559 j
1435 524 1556 560 datum,
1574 523 1663 564 quod
1687 530 1798 553 natum
1814 530 1860 554 est
1883 523 2051 553 mulierem
2067 523 2204 554 habilem
2229 533 2350 554 servare
2374 524 2411 553 ad
2433 533 2507 553 con-

310 574 391 604 tum,
405 576 472 607 quo
488 573 621 607 uterque
641 565 903 596 commendatum
919 565 981 596 hoc
998 567 1094 597 decus
1110 577 1231 597 servare
1247 573 1380 597 tenetur.
1408 562 1409 597 ἕ
1435 568 1569 608 iugium.
1595 567 1749 598 Redditur
1773 567 1931 608 siquidem
1951 567 2065 598 mulier
2084 568 2123 598 ad
2141 568 2327 608 coniugium
2350 568 2506 604 inhabilis,

366 612 418 642 Ad
441 610 654 642 obiectionem
685 617 792 641 autem
822 610 861 640 de
884 610 1017 641 muliere
1047 611 1243 651 grandaeva,
1268 611 1383 641 dicitur
1436 613 1564 653 proprie
1586 612 1770 653 loquendo,
1795 622 1861 642 non
1886 622 1923 642 ex
1946 612 2080 643 mollitie
2111 620 2166 643 aut
2196 612 2342 643 sodomia
2368 622 2443 643 cum
2467 612 2509 643 fe-

311 655 400 696 quod
423 654 568 696 quandiu
590 655 680 695 virgo
705 661 765 690 est,
790 665 931 695 semper,
957 662 1114 696 quantum
1138 662 1184 686 est
1208 665 1244 686 ex
1270 655 1382 686 habili-
1408 652 1410 687 ἰ
1435 657 1532 693 mina,
1557 657 1613 687 sed
1629 666 1666 687 ex
1682 656 1868 687 huiusmodi
1884 656 2058 687 violatione
2073 657 2235 697 signaculi.
2262 656 2364 687 Cuius
2380 656 2507 697 signum

71 1188 166 1212 ’Nun-
182 1195 205 1211 u.

72 1238 285 1289 ’ffliffv'ii'

72 1298 124 1322 etp.
138 1297 174 1320 m,
187 1297 211 1314 n.
226 1291 248 1314 8.
279 1281 284 1292 ¹

311 706 373 730 tate
397 698 547 730 naturalis
571 698 708 736 decoris,
733 706 806 740 apta
830 706 875 730 est
900 699 1066 739 coniugio:
1099 706 1130 730 et
1152 699 1225 739 ideo
1258 709 1383 740 semper

311 753 348 774 ex
379 743 551 774 violatione
581 744 763 774 redderetur
790 743 936 774 inhabilis
960 744 1122 784 coniugio.
1153 744 1251 781 Quod
1275 751 1382 774 autem
1408 746 1410 763 ³

311 788 370 818 sub
399 787 518 818 nullius
548 788 693 819 custodia
717 788 773 830 sit,
798 788 944 829 quamvis
975 788 1014 819 de
1046 788 1129 819 facto
1157 788 1197 819 sit
1219 788 1380 828 possibile,

310 832 386 874 quia
408 839 515 863 tamen
538 832 601 864 hoc
625 840 671 864 est
693 842 750 873 per
773 833 927 869 accidens,
945 842 1011 863 non
1035 833 1119 864 tollit
1141 833 1220 874 quin
1235 833 1306 864 talis
1330 833 1382 863 de-

310 876 435 908 floratio
451 885 532 908 esset
548 883 705 918 stuprum.
731 877 896 914 Quoniam
915 878 1051 908 morales
1073 877 1192 918 species
1216 877 1383 909 attendun-

310 929 362 952 tur
391 921 570 952 secundum
602 921 634 952 id
658 921 746 962 quod
773 922 987 953 communiter
1019 921 1149 953 inveniri
1181 927 1292 952 natum
1319 928 1381 952 est:

312 971 435 997 constat
458 971 565 996 autem
599 966 687 1007 quod
719 966 933 997 communiter
956 965 989 996 in
1012 967 1155 997 humano
1186 975 1299 1006 genere
1322 965 1384 996 vir-

311 1010 399 1051 gines
423 1010 482 1040 sub
502 1018 681 1050 parentum,
705 1011 755 1041 vel
780 1010 912 1042 alicuius
936 1010 1009 1041 loco
1034 1017 1213 1051 parentum,
1239 1009 1383 1041 custodia

312 1061 387 1086 sunt
410 1061 440 1085 et
463 1064 530 1085 esse
554 1055 679 1086 debent.
711 1055 752 1086 Et
774 1055 847 1086 ideo
866 1054 1026 1095 virginum
1050 1053 1214 1085 defloratio
1239 1054 1384 1085 absolute

312 1106 343 1130 et
366 1109 422 1140 per
438 1109 470 1130 se
486 1105 634 1140 stuprum
650 1106 710 1130 est:
734 1100 774 1130 ad
790 1109 889 1140 quam
905 1099 1044 1139 speciem
1061 1098 1282 1129 deflorationes
1301 1108 1384 1139 quae

313 1153 369 1185 per
392 1144 536 1174 accidens
560 1144 648 1175 aliter
671 1143 871 1184 contingunt,
895 1143 1092 1174 reducendae
1116 1148 1200 1173 sunt.

369 1188 451 1219 VIII.
478 1188 529 1219 Ad
551 1188 726 1220 secundum
756 1188 886 1220 dubium
902 1187 920 1207 *
942 1187 1055 1218 dicitur
1087 1186 1194 1227 quod,
1217 1196 1293 1217 cum
1316 1196 1383 1226 spe-

313 1232 375 1263 cies
395 1242 500 1263 rerum
525 1233 587 1263 sint
610 1232 690 1263 sicut
713 1232 849 1270 numeri,
867 1239 902 1263 ut
926 1231 1040 1262 dicitur
1062 1230 1134 1262 VIII
1155 1231 1339 1271 Metaphys.
1355 1230 1382 1267 *,

312 1277 345 1307 in
369 1276 486 1318 quibus
509 1277 647 1308 sublatio
673 1277 800 1308 unitatis
822 1276 921 1307 variat
944 1275 1098 1316 speciem;
1128 1281 1158 1305 et
1181 1274 1214 1305 in
1238 1274 1382 1305 masculo

307 1318 578 1362 memte
601 1331 675 1352 cum
706 1321 869 1352 meretrice
899 1319 1072 1351 differentia
1101 1319 1201 1359 stupri
1234 1329 1300 1349 non
1325 1319 1384 1349 sal-

313 1373 421 1402 vetur;
453 1367 529 1407 quia
551 1375 610 1396 nec
633 1365 833 1406 signaculum
856 1364 988 1406 aliquod
1016 1363 1158 1394 naturale
1181 1363 1293 1404 perdit,
1318 1373 1384 1404 quo

313 1410 483 1441 inhabilior
504 1410 646 1441 redditur
669 1409 836 1450 coniugio;
868 1419 926 1440 nec
949 1408 1069 1450 aliquid
1092 1407 1195 1448 perdit
1218 1408 1307 1448 quod
1330 1418 1385 1448 pa-

312 1462 419 1486 ternae
443 1455 605 1486 custodiae
632 1454 815 1485 naturaliter
837 1453 1100 1485 commendatum
1124 1451 1164 1483 sit
1193 1452 1386 1483 servandum

315 1508 416 1541 usque
441 1499 480 1529 ad
503 1498 700 1538 coniugium,
717 1505 752 1529 ut
773 1504 860 1538 patet
876 1508 913 1529 ex
928 1497 990 1528 hoc
1014 1497 1104 1538 quod
1127 1495 1194 1534 filii,
1211 1503 1283 1527 ante
1307 1507 1385 1527 con-

311 1543 447 1584 iugium,
473 1550 547 1583 post
568 1542 742 1583 pubertatis
765 1552 877 1579 annos,
898 1542 1017 1583 absque
1040 1541 1106 1572 ulla
1129 1541 1273 1572 custodia
1297 1551 1386 1572 corn-

313 1587 453 1619 munitet
476 1587 665 1623 discurrunt,
689 1593 887 1628 repugnante
910 1593 1022 1617 natura
1045 1585 1070 1616 si
1094 1585 1282 1626 oppositum
1298 1585 1387 1616 fieret

314 1630 419 1675 (quod
449 1631 536 1662 enim
566 1631 780 1662 communiter
809 1631 842 1661 in
871 1630 1069 1662 naturalibus
1098 1629 1148 1667 fit,
1169 1630 1312 1661 ostendit
1342 1630 1386 1661 sic

268 1695 274 1701 ·
313 1682 427 1707 natum
449 1685 517 1707 esse
539 1675 618 1712 fieri,
635 1682 670 1707 ut
684 1675 800 1706 dicitur
814 1675 847 1706 in
866 1676 891 1706 11
908 1676 1038 1717 Physic.
1053 1675 1083 1706 *:
1109 1682 1140 1706 et
1154 1683 1332 1716 propterea,
1349 1685 1386 1706 ex

281 1722 286 1727 '
314 1730 353 1752 eo
367 1721 467 1762 *quod
490 1720 626 1751 naturali
647 1720 853 1751 inclinatione
869 1720 1006 1751 feminae
1029 1727 1100 1750 ante
1120 1719 1308 1759 coniugium
1332 1730 1385 1750 cu-

281 1759 286 1765 ’
314 1764 506 1802 stodiuntur,
531 1764 663 1795 masculi
687 1774 764 1801 non,
785 1764 849 1801 sed,
874 1765 898 1795 si
925 1763 1084 1795 custodire
1107 1763 1179 1804 quis
1204 1774 1258 1794 eos
1282 1763 1385 1800 vellet,

315 1815 425 1841 contra
440 1809 617 1840 naturalem
634 1819 758 1839 morem
775 1818 866 1849 agere
889 1808 1058 1845 diceretur;
1083 1808 1210 1848 signum
1230 1807 1386 1838 habemns

314 1853 464 1885 naturalis
489 1853 651 1884 custodiae
674 1853 708 1883 in
731 1852 857 1883 feminis
881 1863 983 1894 usque
1008 1852 1046 1883 ad
1070 1852 1273 1893 coniugium,
1298 1859 1329 1883 et
1351 1852 1387 1883 Ii-

313 1899 406 1931 berae
430 1898 586 1929 facultatis
609 1898 642 1928 in
667 1895 850 1939 masculis):
875 1907 1074 1938 consequens
1094 1904 1141 1927 est
1156 1897 1246 1938 quod
1269 1906 1386 1927 concu-

314 1943 399 1977 bitus
422 1942 556 1973 masculi
580 1942 703 1982 primus
727 1952 802 1973 cum
816 1942 979 1973 meretrice
995 1951 1060 1972 non
1085 1948 1131 1972 est
1149 1941 1182 1972 in
1202 1941 1306 1982 specie
1325 1948 1387 1972 stu-

315 1986 374 2028 pri,
398 1993 454 2018 aut
476 1986 720 2027 proportionali,
745 1986 800 2017 sed
824 1986 958 2027 simplex
981 1992 1106 2017 tantum
1130 1985 1308 2016 fornicatio.

369 2031 437 2061 Nec
460 2031 564 2061 obstat
587 2030 676 2072 quod
701 2040 737 2061 ex
760 2030 866 2071 primo
890 2029 1062 2062 concubitu
1086 2030 1233 2061 reddatur
1251 2029 1388 2061 habilior

315 2075 355 2106 ad
387 2074 560 2112 luxuriam,
585 2081 698 2116 utpote
728 2081 884 2115 expertus.
917 2072 990 2106 Hoc
1020 2074 1106 2105 enim
1139 2084 1312 2106 commune
1341 2081 1388 2105 est
1414 2106 1415 2112 ,

315 2119 406 2150 omni
429 2119 534 2160 primo
565 2126 695 2160 peccato
718 2119 751 2149 in
782 2119 927 2160 quolibet
949 2129 1078 2159 genere,
1104 2119 1192 2160 quod
1221 2129 1257 2149 ex
1280 2118 1386 2159 primo

316 2165 466 2195 reddatur
487 2163 623 2194 habilior
645 2164 685 2194 ad
708 2163 827 2194 simile:
861 2170 892 2194 et
915 2170 1038 2194 constat
1069 2164 1159 2204 quod
1192 2173 1258 2194 non
1289 2173 1387 2194 omne

316 2208 457 2250 primum
486 2215 654 2249 peccatum
682 2207 775 2239 habet
805 2208 967 2249 propriam
998 2207 1137 2248 speciem
1167 2207 1346 2238 distinctam
1370 2218 1388 2238 a

315 2253 458 2284 secundo
482 2260 513 2283 et
535 2253 643 2289 tertio,
668 2259 726 2283 etc.

371 2297 412 2328 Et
431 2296 504 2327 hinc
527 2296 624 2327 habes
647 2296 746 2338 quod,
765 2296 789 2326 si
804 2296 965 2327 masculus
990 2294 1159 2327 confitetur
1182 2296 1220 2327 de
1244 2296 1387 2327 luxuriae

316 2348 456 2382 peccato,
481 2351 548 2371 non
572 2347 700 2381 oportet
722 2350 872 2381 quaerere
896 2339 922 2371 si
945 2347 1010 2371 erat
1032 2340 1133 2380 virgo.

370 2385 422 2416 Ad
445 2385 582 2426 primam
598 2395 673 2425 ergo
689 2385 903 2415 obiectionem
926 2384 959 2416 in
983 2384 1182 2426 oppositum,
1203 2384 1388 2416 conceditur

315 2430 406 2471 quod
428 2439 495 2460 non
518 2430 624 2460 omnis
641 2429 760 2470 species
779 2429 922 2460 luxuriae
945 2429 1084 2460 sumitur
1106 2439 1143 2460 ex
1158 2437 1246 2471 parte
1269 2429 1386 2460 utrius-

315 2484 379 2516 que
403 2484 506 2505 sexus.

371 2519 422 2549 Ad
445 2518 619 2550 secundam
642 2528 717 2549 vero
741 2518 855 2549 dicitur
874 2519 965 2560 quod
988 2525 1136 2558 stuprum
1152 2528 1219 2550 non
1235 2517 1389 2559 significat

316 2562 430 2593 vitium
461 2562 649 2603 oppositum
679 2562 851 2602 virginitati
883 2563 1074 2604 adaequate,
1106 2563 1161 2594 sed
1191 2563 1223 2593 in
1255 2563 1389 2593 muliere
1414 2570 1416 2579 ‘¹

316 2614 451 2638 tantum.
476 2607 517 2638 Et
539 2614 707 2647 propterea
730 2606 866 2637 obiectio
883 2607 962 2637 nihil
985 2607 1099 2638 obstat.
1123 2624 1144 2630 —
1168 2607 1209 2638 Et
1229 2614 1388 2648 praeterea
1414 2607 1416 2613 ’

315 2651 502 2691 virginitatis
525 2651 655 2682 aureola
678 2661 744 2682 non
764 2651 941 2691 opponitur
963 2657 1088 2682 tanturn
1103 2651 1182 2682 vitio
1201 2658 1311 2682 contra
1326 2651 1388 2681 vir-

316 2695 496 2736 ginitatem:
521 2696 577 2726 sed
599 2695 696 2726 etiam
711 2702 813 2726 castae
839 2695 1004 2726 amissioni
1019 2695 1213 2735 virginitatis.
1238 2696 1388 2737 Undique

317 2750 392 2781 ergo
417 2740 480 2772 ruit
502 2740 582 2770 ratio
606 2740 668 2771 illa.

374 2785 426 2815 IX.
451 2784 503 2815 Ad
526 2785 655 2815 tertium
679 2783 842 2815 dubium*
865 2783 979 2814 dicitur
1006 2784 1112 2824 quod,
1137 2794 1211 2814 cum
1240 2791 1389 2825 stuprum

284 2894 289 2900 ‹
318 2873 552 2904 Sententiarum
567 2873 586 2892 '¹‘
608 2883 708 2914 quarn
732 2883 749 2903 a
772 2872 924 2904 Gratiano
940 2872 974 2891 **
998 2872 1140 2913 quinque
1167 2880 1301 2904 tantum·
1316 2883 1388 2914 spe-

319 2918 382 2949 cies
405 2925 614 2948 numerantur
628 2917 780 2953 luxuriae,
797 2924 827 2947 et
851 2927 917 2947 non
933 2916 968 2947 fit
989 2917 1110 2948 mentio
1128 2917 1166 2948 de
1182 2917 1259 2948 vitio
1280 2924 1389 2948 contra

282 2974 290 2985 ,
318 2969 474 2999 naturam,
491 2969 604 3003 utpote
627 2972 694 2993 non
711 2962 886 3003 pertinente
902 2961 941 2992 ad
965 2961 1086 2992 dictum
1102 2960 1232 3004 genus);
1257 2969 1288 2992 et
1306 2963 1389 2992 mol—

285 3001 291 3012 '
317 3006 409 3044 lities,
426 3017 491 3048 qua
505 3007 621 3038 mulier
637 3007 774 3047 seipsam
797 3006 923 3046 polluit,
941 3016 1007 3036 non
1027 3005 1066 3037 sit
1082 3006 1205 3037 luxuria
1229 3006 1388 3043 naturalis,

319 3051 374 3082 sed
397 3058 506 3082 contra
529 3058 690 3082 naturam:
721 3051 891 3082 dicendum
915 3057 962 3081 est
989 3051 1078 3091 quod
1106 3050 1293 3081 huiusmodi
1319 3051 1389 3091 pol-

318 3095 399 3126 lutio
423 3106 489 3126 non
506 3102 553 3126 est
575 3103 734 3136 stuprum,
750 3095 805 3126 sed
829 3102 875 3126 est
893 3094 988 3135 longe
1013 3097 1116 3125 maius
1132 3102 1309 3136 peccatum,
1330 3095 1388 3125 sci-

318 3138 391 3170 lieet
418 3147 527 3171 contra
559 3147 723 3176 naturam,
753 3139 869 3171 tollens
900 3139 1139 3179 irreparabiliter
1167 3139 1388 3179 virginitatem.

320 3182 451 3214 Falsum
473 3191 520 3215 est
543 3184 629 3215 enim
653 3185 743 3226 quod
765 3184 798 3214 in
822 3184 954 3214 muliere
977 3183 1137 3224 virginitas
1161 3183 1267 3214 solum
1297 3184 1389 3214 tolla-

320 3234 371 3258 tur
394 3237 451 3267 per
469 3234 628 3268 stuprum:
653 3239 712 3260 nec
736 3236 885 3269 stuprum
908 3228 1085 3269 opponitur
1100 3228 1273 3269 adaequate
1296 3227 1389 3268 virgi-

286 3277 292 3296 ἱ
321 3271 409 3302 nitati
433 3271 466 3302 in
483 3272 625 3303 muliere.
650 3273 715 3304 Uni
738 3283 878 3314 namque
894 3273 1001 3303 virtuti
1016 3273 1118 3303 multa
1142 3272 1264 3313 opponi
1284 3282 1321 3302 ex
1337 3282 1390 3302 su-

286 3313 292 3322 ’
322 3325 378 3356 pra
391 3315 410 3334 ¹⁸
432 3315 522 3346 dictis
545 3323 631 3356 patet
652 3317 737 3348 vitia.

465 3711 575 3736 Summas
596 3710 699 3735 Tenon.
718 3710 749 3735 D.
770 3710 885 3735 Tnoms
904 3710 937 3736 T.
955 3711 1008 3736 VII.

1436 709 1482 732 est
1505 702 1605 742 quod,
1624 700 1650 731 si
1674 701 1804 731 sciretur
1823 701 1928 741 puella
1948 700 2081 732 mollitie
2105 701 2173 732 sola
2197 701 2330 741 polluta,
2348 711 2414 731 non
2438 711 2510 741 pro-

1436 753 1505 786 pter
1527 745 1590 776 hoc
1613 745 1800 785 coniugium
1830 745 1898 775 eius
1922 745 2135 785 despiceretur
2159 745 2250 786 quasi
2274 755 2340 776 non
2367 745 2506 785 virginis.

1492 791 1543 820 Ad
1567 789 1689 820 obiecta
1713 796 1821 820 autem
1835 789 1868 819 in
1884 789 2071 829 oppositum
2095 789 2209 820 dicitur
2232 790 2331 831 quod,
2349 800 2423 820 cum
2442 797 2507 821 stu-

1436 844 1532 875 prum
1551 833 1683 874 ponitur
1705 833 1811 864 illicita
1834 833 1964 873 virginis
1988 834 2162 871 defloratio,
2178 834 2212 875 ly
2228 835 2366 875 virginis
2381 834 2508 875 proprie

1437 886 1468 910 et
1484 879 1598 909 directe
1623 885 1669 909 est
1685 887 1804 908 nomen
1821 877 1970 908 naturalis
1994 885 2108 909 status:
2134 878 2189 919 qui
2204 878 2359 919 quoniam
2380 886 2426 909 est
2441 889 2507 909 ma-

1436 923 1513 955 teria
1524 922 1658 959 virtutis,
1672 922 1789 952 scilicet
1804 921 1953 952 castitatis
1969 923 2019 953 vel
2034 922 2219 962 virginitatis
2235 922 2399 954 distinctae
2413 933 2509 964 supra

1437 967 1623 1002 castitatem,
1640 966 1712 996 ideo
1737 975 1833 1006 penes
1852 965 2060 997 violationem
2075 967 2160 997 illius
2184 967 2261 1007 poni
2285 974 2389 1007 potest
2405 977 2509 998 unum

1437 1011 1571 1053 speciale
1603 1010 1727 1040 vitium.
1761 1010 1805 1040 Ita
1829 1010 1930 1050 quod,
1954 1010 2035 1040 sicut
2058 1011 2309 1051 magnanimitati
2332 1012 2508 1042 secundum

1437 1055 1560 1086 diversa
1575 1060 1787 1094 opponuntur
1810 1053 1911 1084 multa
1925 1053 2008 1090 vitia,
2026 1061 2102 1095 puta
2122 1055 2349 1095 praesumptio,
2366 1056 2508 1092 ambitio,

1437 1099 1539 1130 inanis
1562 1098 1677 1138 gloria,
1702 1105 1775 1134 etc.;
1800 1097 1843 1129 ita
1866 1097 2051 1138 virginitati,
2077 1109 2132 1129 seu
2162 1099 2308 1136 castitati,
2333 1101 2509 1131 secundum

1438 1143 1559 1174 diversa
1576 1149 1787 1183 opponuntur
1810 1142 1901 1182 plura
1916 1142 2000 1174 vitia.
2025 1143 2107 1173 Nam
2127 1144 2303 1174 secundum
2328 1145 2509 1175 seminatio-

1438 1197 1523 1223 nem,
1539 1186 1716 1227 opponitur
1739 1187 1969 1227 quodcumque
1986 1187 2127 1217 luxuriae
2143 1187 2256 1218 vitium
2276 1188 2315 1218 ad
2338 1189 2509 1219 ordinatio-

1439 1242 1513 1263 nem
1530 1230 1748 1261 seminationis
1765 1237 1927 1271 spectans:
1953 1237 1983 1262 et
1999 1238 2167 1271 propterea
2183 1238 2248 1262 tam
2273 1232 2395 1263 castitas
2412 1243 2510 1273 quam

1437 1275 1599 1316 virginitas
1615 1274 1715 1305 virtus
1730 1275 1871 1315 perditur
1887 1284 1943 1315 per
1962 1275 2141 1311 mollitiem,
2158 1284 2215 1307 etc.
2234 1276 2418 1307 Secundum
2435 1287 2510 1308 vero

1411 1348 1413 1362 ἰ
1437 1319 1624 1359 virginalem
1654 1326 1787 1355 statum,
1805 1319 1981 1359 opponitur
1997 1319 2041 1349 illi
2066 1327 2222 1360 stuprum.
2248 1320 2431 1351 Secundum
2454 1331 2510 1351 au-

1411 1363 1413 1400 ¹,
1438 1371 1504 1395 tem
1528 1363 1739 1403 coniugalem,
1764 1363 1940 1403 opponitur
1962 1363 2007 1393 illi
2031 1364 2233 1400 adulterium,
2259 1372 2315 1395 etc.

1498 1408 1539 1439 Et
1562 1417 1636 1438 cum
1665 1407 1813 1438 obiicitur
1840 1408 1930 1448 quod
1959 1408 1997 1438 ad
2028 1408 2214 1439 huiusmodi
2245 1415 2378 1445 statum,
2403 1417 2438 1440 ut
2467 1416 2513 1440 est

1441 1452 1571 1483 materia
1594 1452 1737 1488 virtutis,
1769 1462 1824 1492 per
1854 1451 1998 1483 accidens
2022 1463 2054 1483 se
2078 1453 2172 1483 habet
2195 1453 2393 1492 signaculum
2418 1453 2512 1494 virgi-

1441 1497 1525 1528 nale:
1555 1497 1766 1537 respondetur
1790 1497 1879 1537 quod
1902 1496 2062 1536 integritas
2093 1496 2220 1527 feminei
2249 1498 2382 1528 membri
2408 1497 2511 1538 dupli-

1441 1542 1516 1572 citer
1539 1547 1645 1582 potest
1668 1540 1870 1572 considerari.
1896 1540 2013 1576 Primo,
2035 1548 2070 1571 ut
2094 1549 2140 1572 est
2163 1542 2319 1582 quaedam
2344 1542 2443 1572 carnis
2467 1542 2513 1572 in-

1440 1585 1576 1627 tegritas.
1601 1585 1642 1615 Et
1666 1586 1709 1616 sic
1733 1595 1844 1615 verum
1869 1593 1915 1616 est
1939 1585 2027 1626 quod
2051 1595 2107 1626 per
2130 1585 2274 1616 accidens
2297 1597 2330 1616 se
2357 1586 2452 1617 habet
2474 1587 2514 1616 ad

1441 1638 1561 1662 statum
1585 1629 1770 1670 virginalem
1799 1636 1834 1660 ut
1862 1637 1908 1660 est
1938 1630 2067 1661 materia
2097 1630 2231 1661 virtutis.
2260 1631 2300 1661 Et
2327 1631 2389 1661 hoc
2419 1641 2514 1671 supra

1441 1675 1551 1706 docuit
1573 1677 1705 1711 Auctor,
1730 1684 1767 1705 ex
1790 1674 1983 1714 Augustino.
2008 1691 2029 1698 -
2052 1674 2126 1705 Alio
2151 1675 2262 1711 modo,
2282 1681 2318 1705 ut
2342 1682 2387 1706 est
2411 1675 2512 1716 signa—

1441 1719 1553 1751 culum
1567 1719 1731 1760 virginale,
1749 1719 1866 1750 scilicet
1890 1719 2112 1750 conclusivum
2128 1719 2207 1750 uteri
2225 1726 2255 1750 et
2271 1719 2368 1750 animi
2392 1721 2431 1750 ad
2448 1730 2513 1750 am-

1441 1765 1572 1804 plexum
1594 1763 1728 1794 virilem.
1754 1763 1794 1794 Et
1818 1763 1861 1794 sic
1886 1774 1951 1794 non
1975 1773 2031 1804 per
2054 1763 2208 1800 accidens,
2233 1764 2287 1794 sed
2311 1774 2367 1804 per
2391 1774 2423 1794 se
2447 1775 2515 1804 spe-

1441 1815 1503 1839 ctat
1526 1808 1566 1838 ad
1589 1815 1707 1839 statum
1730 1807 1915 1847 virginalem
1941 1815 1976 1838 ut
2000 1815 2046 1838 est
2069 1808 2200 1838 materia
2219 1808 2352 1840 virtutis.
2377 1809 2417 1838 Et
2441 1818 2513 1849 pro-

1439 1860 1556 1893 pterea,
1582 1852 1607 1882 si
1632 1853 1675 1883 sic
1699 1851 1850 1892 perditur,
1875 1851 1977 1882 reddit
1993 1851 2160 1883 mulierem
2186 1852 2293 1882 minus
2313 1852 2449 1883 habilem
2474 1853 2512 1883 ad

1441 1896 1640 1937 coniugium.
1665 1914 1686 1920 -
1710 1896 1743 1927 Si
1766 1903 1874 1927 autem
1902 1897 2085 1937 perderetur
2116 1897 2221 1937 primo
2252 1904 2377 1927 tantum
2401 1898 2512 1933 modo,

1441 1942 1484 1972 ob
1508 1951 1618 1972 casum
1635 1941 1684 1972 vel
1707 1939 1898 1972 infirmitatis
1921 1941 2078 1972 curandae
2102 1941 2331 1978 necessitatem,
2348 1952 2414 1972 non
2439 1952 2515 1982 pro-

1440 1993 1548 2027 pterea
1572 1985 1679 2016 minus
1702 1985 1814 2016 habilis
1845 1985 1885 2015 ad
1909 1985 2097 2026 coniugium
2128 1992 2217 2016 esset.
2249 1986 2342 2016 Unde
2365 1986 2398 2016 in
2422 1986 2512 2017 nullo

1440 2030 1538 2072 patris
1562 2029 1725 2061 custodiae
1748 2029 1862 2060 iniuria
1886 2028 1982 2066 fieret,
2008 2029 2033 2060 si
2058 2029 2101 2060 sic
2124 2030 2315 2070 perderetur.

1495 2075 1550 2106 XI.
1575 2075 1624 2105 Ad
1648 2075 1793 2115 quintum
1814 2074 1974 2105 dubium*
1998 2073 2112 2105 dicitur
2131 2074 2219 2115 quod
2244 2081 2391 2115 stuprum
2415 2074 2513 2105 sumit

1441 2118 1579 2159 speciem
1605 2118 1768 2159 propriam
1785 2129 1822 2149 ex
1845 2118 1992 2149 adiuncta
2017 2129 2112 2159 supra
2135 2118 2282 2149 illicitum
2306 2119 2513 2149 concubitum

1440 2163 1556 2194 iniuria
1579 2170 1727 2203 paternae
1752 2162 1924 2199 custodiae,
1945 2173 2011 2193 non
2035 2170 2179 2203 respectu
2201 2163 2442 2204 cuiuscumque,
2459 2163 2514 2193 sed

1441 2207 1595 2248 signaculi
1619 2207 1779 2247 virginalis
1803 2214 1839 2238 ut
1862 2207 1916 2238 sic.
1942 2207 1988 2238 Ita
2010 2207 2099 2248 quod
2122 2214 2252 2247 paterna
2277 2208 2421 2238 custodia
2436 2214 2514 2248 pot—

1442 2259 1488 2282 est
1511 2251 1679 2292 dupliciter
1702 2251 1796 2282 sumi.
1829 2251 1902 2282 Uno
1928 2251 2044 2288 mode,
2069 2258 2105 2282 ut
2127 2251 2254 2291 respicit
2277 2250 2377 2282 filiam
2401 2258 2437 2282 ut
2461 2262 2513 2282 cu-

1441 2296 1607 2333 stoditam,
1632 2296 1697 2326 sive
1728 2296 1768 2326 sit
1796 2295 1884 2336 virgo
1909 2295 1973 2326 sive
2006 2306 2083 2326 non.
2119 2296 2160 2327 Et
2183 2295 2226 2326 sic
2254 2306 2320 2326 non
2352 2296 2516 2326 constituit

1442 2340 1542 2381 stupri
1560 2340 1709 2381 speciem.
1734 2341 1774 2371 Et
1790 2346 1958 2380 propterea
1975 2350 2171 2380 cognoscens
2187 2339 2285 2370 filiam
2302 2339 2435 2371 alicuius
2451 2340 2515 2370 iam

1414 2404 1416 2426 y
1441 2391 1617 2425 stupratam
1641 2385 1673 2415 in
1691 2385 1791 2415 domo
1807 2391 1986 2424 parentum,
2004 2395 2069 2414 non
2090 2384 2263 2415 committit
2285 2391 2442 2425 stuprum,
2460 2385 2514 2415 sed

1414 2454 1416 2478 ³.
1441 2429 1619 2470 simplicem
1644 2429 1899 2465 fornicationem,
1924 2436 2013 2459 tanto
2037 2429 2214 2469 graviorem
2238 2436 2359 2470 quanto
2384 2429 2515 2460 offendit

1414 2483 1416 2489 ’
1442 2474 1538 2505 etiam
1562 2481 1696 2515 patrem,
1712 2475 1771 2505 sub
1796 2473 1887 2504 cuius
1907 2474 2011 2504 adhuc
2031 2474 2175 2504 custodia
2191 2482 2237 2505 est
2252 2481 2324 2504 ante
2341 2474 2477 2514 nuptias.
2494 2492 2514 2496 -

1442 2519 1517 2550 Alio
1546 2519 1657 2555 modo,
1682 2526 1718 2549 ut
1740 2517 1865 2559 respicit
1893 2517 1990 2548 filiam
2021 2518 2198 2549 secundum
2228 2518 2378 2559 virginale
2410 2518 2514 2558 signa-

1442 2563 1562 2594 culum.
1587 2563 1628 2594 Et
1651 2563 1695 2593 sic
1719 2562 1882 2593 constituit
1905 2562 2004 2603 stupri
2029 2562 2178 2602 speciem.

1498 2608 1539 2638 Et
1555 2618 1630 2638 cum
1653 2607 1802 2638 obiicitur
1825 2607 1924 2648 quod,
1945 2614 2067 2637 remota
2091 2613 2219 2647 paterna
2244 2606 2387 2636 custodia
2411 2617 2428 2636 a
2451 2606 2513 2636 vir-

1442 2652 1539 2692 ginali
1562 2652 1737 2693 signaculo,
1763 2651 1866 2682 adhuc
1889 2650 2094 2682 constitueret
2117 2658 2280 2691 stuprum:
2305 2650 2515 2691 respondetur

1442 2697 1542 2737 quod,
1566 2697 1639 2727 licet
1662 2696 1862 2736 signaculum
1886 2695 2036 2735 virginale
2061 2695 2162 2736 possit
2181 2695 2260 2725 forte
2278 2704 2345 2725 esse
2368 2695 2435 2725 sine
2458 2705 2512 2735 pa-

1415 2756 1417 2760 *
1442 2747 1531 2772 terna
1554 2740 1708 2777 custodia,
1732 2751 1799 2771 non
1823 2746 1928 2780 potest
1951 2746 2058 2770 tamen
2083 2750 2149 2770 esse
2173 2739 2240 2770 sine
2263 2739 2436 2779 indigentia
2460 2749 2512 2769 na-

1415 2813 1417 2819 ,
1441 2785 1546 2821 tutan,
1571 2792 1730 2826 quantum
1752 2785 1784 2815 in
1810 2794 1843 2814 se
1866 2791 1922 2820 est,
1939 2791 2086 2824 paternae
2111 2783 2293 2820 custodiae;
2319 2794 2354 2813 ac
2369 2794 2424 2823 per
2440 2783 2511 2819 hoc,

318 2828 357 2861 sit
380 2829 499 2870 species
522 2828 664 2860 luxuriae
689 2828 839 2859 naturalis
864 2826 909 2871 (et
931 2834 1099 2868 propterea
1122 2835 1187 2859 tarn
1203 2839 1221 2859 a
1237 2829 1388 2870 Magistro
1415 2823 1417 2833 ³

1415 2897 1418 2918 ,y
1442 2874 1515 2904 ideo
1541 2884 1631 2904 casus
1656 2883 1722 2904 non
1747 2879 1793 2904 est
1816 2872 2041 2903 admittendus.

1443 2840 1510 2860 non
1534 2837 1639 2870 potest
1662 2829 1783 2859 absolvi
1807 2829 1845 2859 ab
1870 2827 1980 2858 ordine
2005 2828 2045 2858 ad
2068 2836 2231 2869 paternam
2256 2828 2443 2858 custodiam.
2473 2827 2513 2857 Et

1498 2918 1540 2948 Et
1563 2918 1588 2948 si
1611 2918 1745 2948 instetur
1773 2917 1863 2958 quod
1890 2916 1949 2948 ista
1977 2916 2200 2948 conditionalis
2231 2923 2277 2947 est
2299 2926 2385 2952 vera,
2410 2916 2446 2946 Si
2471 2917 2513 2946 si-

1442 2963 1622 3003 gnaculum
1654 2962 1817 3003 virginale
1845 2967 1927 2992 esset
1958 2962 2027 2992 sine
2049 2966 2190 3002 paterna
2219 2961 2384 2998 custodia,
2407 2960 2514 2991 adhuc

1443 3007 1531 3038 illius
1554 3007 1666 3037 illicita
1687 3007 1816 3037 uiolatio
1831 3011 1912 3037 esset
1927 3011 2094 3046 stuprum:
2117 3006 2327 3045 respondetur
2349 3005 2448 3045 quod,
2465 3004 2511 3034 in-

1442 3051 1615 3091 telligendo
1639 3061 1695 3091 per
1718 3058 1883 3091 paternam
1907 3050 2086 3081 custodiam
2109 3050 2254 3080 ordinem
2283 3050 2323 3080 ad
2350 3056 2513 3089 paternam

1443 3095 1632 3131 custodiam,
1650 3106 1667 3125 a
1691 3105 1758 3136 quo
1783 3105 1849 3125 non
1873 3101 1978 3135 potest
1992 3094 2191 3134 signaculum
2215 3093 2365 3133 virginale
2381 3093 2511 3129 absolvi,

1442 3139 1501 3170 ista
1517 3139 1738 3170 conditionalis
1755 3146 1801 3170 est
1817 3139 1909 3175 falsa;
1934 3138 2089 3180 quoniam
2104 3138 2235 3169 destruit
2251 3138 2396 3178 seipsam.
2422 3138 2512 3175 Quo-

1444 3183 1529 3214 niam
1547 3183 1573 3213 si
1588 3183 1788 3224 signaculum
1807 3183 1957 3223 virginale
1982 3190 2062 3214 esset
2078 3182 2145 3213 sine
2162 3182 2272 3212 ordine
2287 3182 2327 3212 ad
2348 3189 2512 3222 paternam

1445 3227 1633 3264 custodiam,
1651 3237 1717 3258 non
1741 3234 1822 3258 esset
1845 3227 2044 3267 signaculum
2067 3226 2233 3267 virginale,
2259 3226 2314 3256 sed
2330 3234 2410 3257 esset
2433 3226 2513 3257 sicut

1444 3271 1605 3311 virginitas
1629 3272 1780 3302 naturalis
1803 3272 2030 3302 masculorum.
2055 3271 2143 3302 Sicut
2166 3271 2261 3301 etiam
2277 3271 2336 3301 ista
2356 3271 2511 3302 conditio-

1446 3316 1524 3346 nalis
1549 3323 1595 3346 est
1616 3316 1706 3346 falsa:
1732 3316 1768 3347 Si
1783 3321 1882 3356 pater
1906 3321 1986 3346 esset
2008 3317 2077 3346 sine
2090 3316 2178 3356 filio,
2204 3320 2286 3346 esset
2302 3320 2410 3355 pater.

2337 3710 2368 3734 30

2542 2080 2551 2088 ⁸
2564 2078 2634 2100 Num.
2650 2084 2671 2099 v,
