2768 4198
864 275 867 277 “
912 296 1180 342 QUAESTIO
1211 295 1439 342 CLXXXV,
1470 297 1765 334 ARTICULUS
1797 296 1845 332 111

280 372 504 421 iniungitur:
535 374 630 410 sicut
657 374 687 410 si
709 374 1018 422 archiepiscopus
1038 386 1116 410 non
1145 374 1264 422 possit
1289 386 1350 410 su·
1375 372 1378 425 J

279 438 348 475 per
376 426 646 475 irregularitate
676 428 907 476 dispensare.
937 427 1048 464 Unde
1079 427 1250 464 subditus
1271 440 1350 463 non
1376 457 1377 473 ,

280 487 430 517 tenetur
454 480 488 517 ei
508 481 665 517 obedire
686 481 735 517 ad
763 480 1050 529 suscipiendum
1072 481 1348 529 episcopatum,

279 534 341 569 vel
371 533 486 570 etiam
516 546 645 570 sacros
674 533 841 581 ordines,
871 534 900 570 si
930 534 975 570 sit
1004 534 1227 582 irregularis.

334 588 393 623 An
421 598 585 623 ’reanum
618 598 805 624 montinum
826 588 930 636 quod
960 588 1132 636 accipere
1157 588 1350 636 episcopa-

279 647 362 676 tum
391 651 470 676 non
501 648 557 676 est
585 640 632 677 de
661 652 702 677 se
731 641 989 678 necessarium
1010 642 1057 679 ad
1087 643 1260 689 salutem,
1282 642 1348 678 sed
1376 684 1378 687 ι

279 693 323 729 fit
350 693 610 743 necessarium
641 705 686 730 ex
715 694 921 742 superioris
945 704 1164 744 praecepto.
1196 696 1265 732 His
1285 707 1350 731 au·
1376 691 1378 713 l

280 754 358 782 tem
387 758 487 794 quae
517 747 571 783 sic
599 755 686 783 sunt
715 749 928 785 necessaria
957 749 1004 786 ad
1034 751 1204 795 salutem,
1226 757 1351 797 potest
1377 756 1378 763 ¹

280 799 414 848 aliquis
442 799 763 848 impedimentum
793 802 890 839 licite
919 815 1115 851 apponere
1144 811 1349 851 antequam
1377 800 1379 810 ¹

279 853 347 889 fiat
365 862 633 902 praeceptum:
656 854 837 903 alioquin,
860 868 938 892 non
958 856 1087 892 liceret
1106 856 1214 892 alicui
1236 863 1352 892 trans-

279 906 332 943 ire
363 907 410 944 ad
441 908 629 945 secundas
648 909 811 957 nuptias,
834 922 881 946 ne
911 922 980 958 per
1001 910 1076 946 hoc
1105 909 1353 958 impediretur

279 972 301 996 a
331 962 573 1009 susceptione
603 961 847 1011 episcopatus
866 964 928 999 vel
957 963 1053 999 sacri
1073 963 1229 999 ordinis.
1261 964 1351 1000 Non

2393 308 2465 347 471

1406 376 1628 411 necessitate
1650 376 1790 412 salutis.
1821 375 1934 414 Unde
1956 376 2089 412 beatus
2109 377 2264 413 Marcus
2284 388 2362 413 non
2383 389 2472 414 con-

1405 435 1461 463 tra
1499 436 1746 477 praeceptum
1787 429 1860 476 egit
1901 429 1972 465 sibi
2015 429 2171 477 digitum
2214 430 2470 478 amputando:

1405 481 1582 528 quamvis
1612 482 1789 518 credibile
1809 482 1855 519 sit
1884 495 1928 519 ex
1954 482 2131 519 instinctu
2162 483 2319 531 Spiritus
2345 483 2472 520 Sancti

1376 529 1378 570 ἷ
1403 534 1478 570 hoc
1513 535 1664 581 secisse,
1695 535 1774 572 sine
1804 548 1880 584 quo
1911 548 1989 572 non
2024 535 2111 572 licet
2147 535 2258 572 alicui
2296 536 2366 572 sibi
2394 548 2473 573 ma-

1405 599 1476 623 nus
1505 587 1666 624 iniicere.

1459 640 1536 686 Qui
1564 649 1692 678 autem
1716 649 1849 678 votum
1880 642 2013 678 emittit
2042 643 2089 679 de
2122 655 2200 679 non
2229 642 2471 690 suscipiendo

1406 693 1682 742 episcopatum,
1709 695 1738 730 si
1765 707 1835 743 per
1861 695 1936 731 hoc
1964 695 2134 732 intendat
2160 708 2199 732 se
2229 695 2395 743 obligare
2424 697 2471 732 ad

1404 747 1479 782 hoc
1507 747 1611 795 quod
1641 760 1711 784 nec
1740 760 1808 796 per
1842 748 2099 785 obedientiam
2133 748 2338 797 superioris
2366 761 2474 797 prae-

1405 799 1467 835 lati
1496 800 1672 848 accipiat,
1702 801 1825 837 illicite
1852 809 1983 838 vovet.
2014 802 2054 838 Si
2082 809 2209 838 autern
2238 802 2397 838 intendit
2424 802 2472 838 ad

1405 852 1480 889 hoc
1508 865 1548 889 se
1578 854 1746 901 obligare
1773 862 1832 901 ut,
1862 863 2047 903 quantum
2078 862 2132 891 est
2162 855 2208 891 de
2238 867 2296 901 se,
2328 855 2474 903 episco-

1405 913 1537 953 patum
1567 918 1645 943 non
1684 915 1858 954 quaerat;
1889 920 1959 944 nec
1988 908 2185 956 suscipiat,
2211 908 2279 944 nisi
2309 908 2472 945 necessi-

1406 966 1481 995 tate
1509 959 1754 996 imminente:
1794 960 1934 997 licirum
1970 969 2025 997 est
2051 969 2209 1008 votum,
2239 961 2328 1009 quia
2355 968 2475 998 vovet

279 1021 407 1051 autem
446 1015 521 1051 hoc
554 1015 684 1052 liceret
712 1016 750 1052 in
787 1015 845 1052 his
879 1028 977 1064 quae
1014 1029 1082 1064 per
1110 1029 1150 1053 se
1182 1025 1270 1053 sunt
1305 1017 1352 1054 de
1378 1007 1382 1053 ἱ
1407 1023 1447 1048 se
1477 1012 1664 1049 facturum
1694 1013 1733 1050 id
1761 1014 1867 1061 quod
1895 1014 2093 1051 hominem
2121 1015 2245 1051 facere
2273 1014 2393 1051 decet.

965 1121 1299 1154 Commentaria
1322 1121 1574 1156 cardinalis
1597 1124 1798 1157 Caietani

309 1220 332 1243 N
356 1211 489 1242 articulo
514 1210 656 1241 secundo
681 1210 824 1240 eiusdem
843 1210 1048 1251 quaestionis,
1066 1217 1142 1240 nota
1159 1211 1258 1250 quod,
1277 1221 1351 1241 cum

310 1255 341 1285 in
367 1265 502 1295 corpore
534 1254 662 1285 dicitur:
692 1254 782 1285 Sicut
810 1255 854 1285 ad
879 1254 1148 1285 inordinationem
1177 1255 1352 1286 voluntatis

273 1301 418 1340 pertinet
443 1299 530 1340 quod
552 1299 671 1339 aliquis
694 1300 833 1339 proprio
857 1304 945 1330 motu
967 1298 1106 1339 seratur
1129 1299 1162 1329 in
1186 1299 1246 1329 hoc
1268 1300 1354 1339 quod

254 1343 419 1375 ‘aiiorum
453 1343 684 1384 gubernationi
700 1343 928 1384 praeficiatur,
953 1344 998 1374 ita
1023 1350 1092 1379 etc„
1116 1343 1149 1384 ly
1175 1344 1259 1374 sicut
1286 1354 1352 1374 non

280 1388 411 1420 denotat
433 1388 677 1419 similitudinem
699 1388 808 1428 quoad
831 1388 956 1418 omnia:
981 1387 1146 1428 quoniam,
1172 1395 1208 1418 ut
1231 1388 1353 1418 dictum

280 1439 327 1464 est
348 1433 375 1469 *,
399 1432 559 1474 appetitus
583 1439 619 1463 ut
642 1431 840 1472 praeficiatur
863 1442 930 1463 non
947 1440 993 1463 est
1012 1443 1049 1463 ex
1065 1442 1125 1462 suo
1149 1442 1263 1472 genere
1287 1443 1352 1462 ma-

0 1470 6 1519 }
279 1477 346 1513 lus.
370 1477 452 1508 sicut
476 1476 636 1517 appetitus
660 1476 825 1507 resistendi
849 1477 1021 1517 superioris
1048 1483 1218 1517 praecepto
1248 1484 1294 1507 est
1317 1487 1354 1508 ex

0 1522 4 1549 f
279 1532 340 1553 suo
368 1531 482 1563 genere
507 1522 622 1552 malus.
640 1521 701 1552 Sed
725 1527 811 1553 tenet
833 1521 1010 1551 similitudo
1035 1521 1143 1561 quoad
1167 1521 1238 1558 hoc,
1263 1521 1352 1562 quod

0 1552 7 1591 l
279 1566 451 1608 utrobique
475 1573 522 1596 est
544 1565 738 1597 inordinatio
761 1565 944 1601 voluntatis,
968 1565 1114 1606 quamvis
1145 1565 1352 1596 dissimiliter:

279 1611 355 1653 quia
386 1611 420 1642 in
451 1611 556 1652 primo
581 1617 627 1641 est
650 1610 842 1640 inordinatio
871 1617 907 1640 ut
929 1609 962 1640 in
996 1610 1157 1650 pluribus,
1183 1617 1213 1641 et
1236 1620 1273 1640 ex
1297 1610 1354 1641 cir-

280 1655 494 1692 cumstantiis;
517 1655 551 1686 in
575 1655 718 1686 secundo
742 1662 850 1686 autem
874 1662 921 1686 est
945 1654 1138 1685 inordinatio
1156 1665 1192 1685 ex
1215 1665 1276 1685 suo
1299 1665 1352 1695 ge-

0 1691 6 1736 i
279 1710 364 1732 uere.
389 1699 512 1732 Sufficit
534 1707 643 1731 autem
659 1699 782 1731 veritati
798 1699 919 1730 litterae
942 1700 1031 1740 quod
1049 1699 1225 1730 similitudo
1250 1706 1355 1731 teneat

0 1755 2 1759 ·
280 1751 438 1788 quantum
469 1745 509 1775 ad
543 1745 646 1785 ipsam
669 1744 950 1780 inordinationem,
986 1744 1214 1785 undecumque
1237 1744 1352 1775 veniat.

335 1790 446 1821 Posset
462 1794 569 1821 tamen
587 1796 617 1820 et
633 1789 722 1820 aliter
738 1788 869 1829 exponi:
886 1795 922 1819 ut
939 1789 1116 1819 similitudo
1136 1796 1241 1819 teneat
1257 1789 1353 1819 etiam

279 1841 439 1876 quantum
463 1835 503 1865 ad
526 1834 796 1864 inordinationem
819 1840 908 1864 actus
933 1843 969 1863 ex
993 1843 1053 1863 suo
1077 1843 1200 1873 genere.
1225 1834 1266 1864 Et
1289 1834 1352 1870 sic,

280 1879 352 1910 ferri
375 1879 409 1910 in
432 1879 495 1910 hoc
518 1879 607 1919 quod
632 1878 830 1919 praeficiatur
853 1877 990 1908 aliorum
1006 1878 1239 1918 gubernationi,
1263 1878 1354 1908 intel-

279 1923 390 1964 ligitur
411 1923 444 1954 in
468 1923 591 1954 ratione
615 1922 703 1958 finis,
732 1922 776 1953 ita
806 1922 895 1963 quod
918 1921 990 1952 finis
1015 1922 1186 1953 voluntatis
1214 1923 1283 1953 talis
1307 1930 1355 1954 est

280 1975 318 2000 ut
339 1968 465 2009 praesit.
500 1968 542 1998 Et
568 1967 613 1998 sic
643 1974 732 1998 actus
763 1974 810 1997 est
836 1967 940 1997 malus
971 1977 1008 1997 ex
1031 1977 1091 1997 suo
1114 1977 1247 2007 genere,
1278 1967 1354 2008 quia

279 2019 584 2055 praesumptuosus:
617 2019 653 2043 ut
679 2012 713 2042 in
743 2012 882 2042 secunda
906 2011 1112 2042 conclusione
1140 2012 1354 2052 praecedentis

281 2057 404 2089 articuli
427 2063 523 2098 patet.
548 2057 590 2088 Et
613 2063 690 2087 tunc
714 2055 890 2087 similitudo
915 2056 1011 2087 currit
1026 2056 1093 2086 sine
1109 2056 1352 2096 impedimentO.

281 2102 323 2133 Et
345 2102 423 2133 haec
447 2101 602 2142 expositio
627 2101 728 2142 magis
752 2101 972 2142 amplectenda
994 2100 1129 2136 videtur,
1155 2107 1267 2141 utpote
1291 2101 1354 2132 for-

281 2147 407 2182 melior.

338 2191 376 2224 11.
401 2191 437 2222 In
461 2191 577 2221 eodem
600 2189 754 2226 articulo,
784 2190 817 2220 in
847 2189 1057 2230 responsione
1087 2190 1127 2220 ad
1155 2191 1353 2228 secundum,

281 2243 358 2268 nota
384 2232 647 2278 [distinctionem]
674 2235 755 2265 inter
777 2234 835 2265 tria
849 2244 964 2274 genera
986 2234 1292 2274 impedimentorum
1315 2236 1355 2266 ad

281 2280 517 2312 obediendum:
542 2279 660 2310 scilicet
679 2278 894 2310 auferibilium
910 2290 928 2309 a
945 2287 994 2315 se;
1019 2279 1069 2309 vel
1094 2289 1111 2308 a
1134 2286 1353 2319 praeceptore;

281 2325 331 2356 vel
350 2335 368 2356 a
383 2331 509 2356 neutro.
533 2324 678 2354 Primum
694 2324 962 2364 impedimentum
979 2323 1071 2363 ponit
1087 2330 1254 2363 peccatum
1269 2334 1355 2354 mor-

281 2370 343 2401 tale
367 2375 511 2410 respectu
543 2368 744 2409 episcopatus
773 2368 976 2409 suscipiendi.
1014 2368 1107 2399 Unde
1138 2368 1235 2398 habes
1265 2369 1356 2409 quod

282 2414 416 2446 existens
439 2414 473 2444 in
496 2420 627 2454 peccato
643 2413 771 2444 mortali
787 2420 834 2444 est
851 2412 959 2443 divino
975 2412 1043 2443 iure
1059 2412 1207 2443 inhabilis
1231 2413 1271 2443 ad
1291 2413 1355 2454 epi-

283 2465 463 2500 scopatum.

339 2504 375 2534 In
405 2502 547 2534 secundo
576 2509 684 2533 autem
714 2512 827 2542 genere
855 2501 1096 2542 impedimenti,
1128 2501 1203 2543 quia
1233 2504 1356 2533 Auctor

283 2548 358 2579 dicit
380 2548 470 2589 quod
493 2553 627 2583 tenetur,
653 2547 855 2587 dispensante
879 2553 1093 2587 praeceptore,
1111 2546 1250 2583 obedire,
1274 2556 1356 2587 quo-

282 2593 440 2624 tidianum
463 2591 599 2622 dubium
623 2591 777 2622 occurrit:
807 2594 858 2621 An
883 2591 1029 2621 subditus
1059 2598 1203 2621 teneatur
1227 2591 1356 2622 obedire

284 2637 425 2677 praelato
455 2635 620 2667 mandanti
651 2642 760 2666 contra
784 2635 1047 2666 constitutionem
1076 2645 1131 2666 seu
1156 2635 1299 2675 regulam
1322 2635 1355 2666 in

284 2682 333 2712 his
356 2682 389 2712 in
412 2680 530 2722 quibus
553 2686 659 2722 potest
678 2687 709 2710 et
727 2680 796 2710 vult
815 2679 1006 2720 dispensare,
1023 2687 1100 2720 puta
1120 2680 1209 2721 quod
1233 2679 1357 2720 frangat

283 2726 440 2758 ieiunium
463 2725 496 2756 in
521 2725 597 2757 feria
621 2731 715 2760 sexta,
740 2732 795 2755 aut
822 2724 943 2765 aliquid
974 2724 1087 2755 simile.
1118 2727 1356 2764 Argumentum

284 2770 371 2802 enim
401 2769 475 2801 hinc
503 2770 640 2801 sumitur
663 2769 753 2810 quod
783 2775 908 2800 tenetur
939 2769 1077 2805 obedire,
1103 2778 1140 2799 ex
1163 2779 1230 2809 quo
1254 2768 1357 2800 aufert

283 2815 450 2846 vinculum
485 2814 562 2845 iuris
597 2814 829 2855 dispensando:
864 2813 946 2844 sicut
979 2813 1184 2854 praecipienti
1214 2820 1356 2853 accepta-

51 1616 55 1628 ι
86 1614 119 1633 ,ιν
142 1608 156 1627 Η
172 1614 211 1629 ,ω

1405 1211 1528 1242 tionem
1560 1213 1764 1253 episcopatus
1792 1220 1822 1243 et
1849 1213 2010 1243 amoventi
2040 1213 2323 1254 impedimentum,
2351 1221 2476 1245 tenetur

1407 1255 1547 1286 obedire.

1462 1300 1512 1329 Ad
1535 1300 1598 1330 hoc
1621 1300 1754 1331 breviter
1779 1300 1892 1331 dicitur
1915 1302 2004 1341 quod
2029 1301 2194 1341 dupliciter
2211 1302 2364 1341 contingit
2386 1312 2475 1343 prae-

1407 1343 1508 1374 latum
1539 1345 1689 1374 mandare
1721 1345 1842 1385 aliquid
1871 1345 2084 1385 dispensando
2109 1345 2142 1375 in
2166 1346 2295 1376 vinculo
2323 1346 2474 1377 constitu-

1408 1388 1513 1418 tionis.
1539 1388 1613 1418 Uno
1639 1389 1749 1424 modo,
1774 1389 1849 1429 quia
1863 1389 1895 1419 id
1915 1390 2004 1429 quod
2027 1390 2157 1420 mandat
2180 1397 2226 1421 est
2249 1391 2426 1421 secundum
2442 1401 2475 1422 se

1407 1442 1590 1463 consonum
1613 1433 1769 1472 religioni,
1793 1434 1848 1463 sed
1871 1433 1979 1464 obviat
2001 1434 2187 1464 huiusmodi
2204 1435 2354 1465 mandato
2374 1435 2475 1476 impe-

1408 1476 1588 1507 dimentum
1607 1477 1739 1518 aliquod
1756 1487 1792 1507 ex
1808 1477 1936 1508 vinculo
1954 1478 2200 1515 constitutionis,
2223 1479 2256 1508 in
2280 1489 2345 1519 quo
2370 1487 2476 1510 tamen

1408 1521 1566 1560 praelatus
1590 1528 1695 1561 potest
1718 1521 1909 1562 dispensare.
1933 1522 2027 1552 Verbi
2043 1522 2151 1562 gratia,
2169 1523 2298 1553 mandat
2320 1523 2477 1563 praelatus

1408 1565 1501 1596 alicui
1526 1566 1615 1606 quod
1638 1567 1732 1596 vadat
1755 1566 1982 1606 praedicatum,
2006 1573 2061 1597 aut
2083 1567 2172 1607 quod
2197 1566 2350 1607 disputet,
2375 1568 2476 1608 legat,

1408 1617 1463 1640 aut
1486 1610 1607 1651 aliquid
1631 1611 1818 1641 huiusmodi
1836 1621 2016 1641 consonum
2033 1621 2108 1641 suae
2125 1611 2268 1651 religioni
2292 1611 2397 1648 facian
2422 1612 2477 1642 sed

1408 1654 1484 1695 quia
1507 1662 1554 1685 est
1577 1655 1654 1685 feria
1677 1662 1772 1691 sexta,
1797 1662 1827 1686 et
1849 1655 1902 1686 ille
1917 1662 1964 1686 est
1980 1655 2091 1686 debilis
2108 1662 2138 1686 et
2154 1666 2220 1686 non
2236 1662 2342 1696 potest
2356 1663 2478 1687 utrum-

1407 1709 1471 1740 que
1495 1699 1592 1729 simul
1615 1699 1776 1740 perficere,
1801 1700 1918 1730 scilicet
1940 1700 2097 1730 ieiunium
2122 1706 2152 1730 et
2175 1701 2363 1731 mandatum
2378 1701 2478 1731 adim-

1407 1744 1504 1783 plere,
1522 1751 1552 1775 et
1568 1751 1736 1784 propterea
1759 1751 1887 1775 excusat
1910 1754 1943 1774 se
1959 1744 2040 1775 forte
2055 1745 2093 1774 ab
2118 1745 2310 1776 obedientia:
2328 1763 2348 1769 -
2364 1746 2478 1786 procul

1408 1788 1506 1818 dubio
1539 1795 1664 1819 tenetur
1687 1789 1833 1819 subditus
1857 1788 1986 1819 obedire
2009 1789 2149 1828 praelato
2173 1789 2336 1820 mandanti
2360 1797 2390 1821 et
2414 1790 2477 1820 dis-

1407 1832 1551 1873 pensanti
1575 1833 1608 1863 in
1632 1833 1771 1868 ieiunio,
1801 1843 1859 1863 nec
1883 1840 2049 1863 excusatur
2079 1843 2096 1863 a
2120 1834 2365 1874 transgressione
2388 1845 2478 1875 prae-

1409 1877 1509 1918 cepti:
1528 1887 1566 1908 eo
1584 1878 1672 1918 quod
1695 1888 1876 1908 consonum
1899 1877 2043 1918 religioni
2069 1877 2237 1918 praecipit;
2261 1889 2318 1909 nec
2338 1879 2477 1909 abutitur

1407 1929 1562 1963 potestate
1586 1922 1799 1963 dispensandi,
1824 1922 1880 1952 sed
1903 1922 2024 1963 optime
2048 1922 2147 1953 utitur
2167 1932 2212 1959 ea,
2229 1923 2269 1953 ad
2292 1923 2476 1954 subtrahen-

1407 1968 1487 1997 dum
1516 1967 1745 2007 impedimenta
1775 1966 1916 1997 melioris
1948 1967 2035 1998 boni.
2067 1967 2109 1997 Et
2131 1967 2194 1997 hoc
2217 1967 2338 2007 optime
2362 1969 2476 2008 probat

1408 2018 1634 2052 argumentum
1657 2021 1694 2042 ex
1716 2011 1818 2042 littera
1841 2011 1909 2042 ista.

1463 2055 1495 2087 Si
1519 2063 1627 2087 autem
1650 2056 1808 2097 praelatus
1831 2056 1895 2086 alio
1912 2056 2011 2086 modo
2032 2065 2064 2086 se
2080 2055 2174 2086 habet
2196 2055 2229 2085 in
2253 2055 2476 2096 praecipiendo

1409 2106 1439 2131 et
1462 2100 1686 2141 dispensando,
1711 2100 1787 2141 quia
1810 2100 1926 2131 scilicet
1949 2100 2056 2130 solum
2072 2107 2178 2131 actum
2194 2100 2346 2140 praecipit
2360 2100 2393 2130 in
2409 2111 2476 2142 quo

1409 2144 1584 2185 dispensat;
1609 2151 1696 2185 puta,
1721 2145 1799 2175 nihil
1823 2145 1910 2175 aliud
1933 2145 2085 2185 praecipit
2107 2154 2206 2185 quam
2230 2152 2265 2176 ut
2287 2144 2410 2184 frangat
2432 2146 2477 2176 ie-

1407 2190 1535 2220 iunium
1557 2189 1590 2220 in
1614 2189 1690 2220 feria
1713 2196 1813 2220 sexta:
1838 2199 1904 2220 non
1928 2196 2052 2220 tenetur
2075 2188 2220 2219 subditus
2244 2189 2382 2226 obedire,
2399 2196 2475 2226 etc.;

1409 2245 1448 2265 eo
1472 2234 1563 2275 quod
1586 2241 1674 2264 actus
1697 2233 1756 2264 iste
1779 2234 1834 2274 qui
1858 2233 2068 2274 praecipitur,
2100 2243 2165 2264 non
2191 2239 2237 2263 est
2260 2234 2407 2273 propriae
2431 2245 2477 2264 re-

1408 2279 1518 2319 ligioni
1536 2288 1726 2314 consonans,
1743 2278 1803 2308 nisi
1819 2278 1900 2309 forte
1916 2278 2128 2309 tolerabiliter.
2153 2277 2246 2308 Unde
2261 2277 2439 2309 Bernardus
2450 2279 2476 2309 *2

1415 2324 1492 2354 Vota
1517 2333 1588 2353 mea
1608 2323 1779 2363 praelatus
1803 2331 1865 2353 non
1889 2324 2015 2353 minuat
2036 2323 2107 2352 sine
2130 2323 2326 2352 necessitate.

1467 2368 1520 2398 111.
1546 2368 1580 2397 In
1610 2367 1818 2407 responsione
1848 2367 1888 2397 ad
1915 2367 2044 2397 tertium
2073 2366 2215 2397 eiusdem
2239 2366 2379 2403 articuli,
2404 2373 2480 2397 nota

1410 2413 1486 2443 duo.
1511 2412 1667 2448 Primum,
1692 2411 1899 2442 differentiam
1922 2412 1954 2441 in
1972 2411 2205 2452 praeveniendo
2221 2421 2256 2441 ac
2273 2410 2479 2451 impediendo

1410 2456 1625 2488 obedientiam
1649 2456 1807 2497 praecepti
1830 2457 1868 2486 ab
1885 2456 2029 2492 homine;
2054 2462 2085 2486 et
2106 2455 2263 2496 praecepti
2280 2466 2297 2486 a
2312 2455 2390 2492 iure,
2415 2455 2479 2486 sive

1410 2501 1518 2532 divino
1543 2501 1607 2531 sive
1631 2501 1766 2532 naturali
1790 2500 1854 2531 sive
1878 2501 2004 2541 scripto,
2030 2499 2112 2531 facti.
2139 2499 2302 2536 Quoniam
2325 2499 2479 2540 impedire

1409 2546 1552 2587 primum
1575 2545 1808 2586 praeveniendo
1831 2545 1923 2575 licet:
1949 2545 2124 2575 secundum
2149 2551 2256 2574 autem
2280 2553 2363 2580 non,
2389 2551 2424 2574 ut
2446 2544 2479 2574 in

1409 2592 1512 2622 littera
1536 2590 1661 2621 dicitur.
1686 2590 1727 2620 Et
1750 2590 1812 2620 hoc
1835 2589 1988 2620 deserviet
2010 2589 2043 2619 in
2066 2588 2175 2619 multis
2200 2588 2332 2618 casibus.

1466 2635 1631 2671 Secundo,
1664 2634 1753 2676 quod
1778 2633 1833 2674 qui
1856 2633 1944 2664 vovit
1973 2643 2039 2663 non
2070 2639 2230 2672 acceptare
2258 2632 2478 2672 episcopatum

1409 2687 1568 2721 quantum
1592 2686 1638 2710 est
1661 2689 1697 2710 ex
1721 2685 1808 2719 parte
1832 2678 1891 2714 sui,
1915 2684 2027 2708 votum
2051 2677 2192 2707 validum
2209 2676 2292 2712 fecit,
2310 2683 2340 2706 et
2355 2683 2480 2707 tenetur

1409 2725 1490 2755 illud
1513 2732 1651 2754 servare:
1677 2730 1707 2754 et
1731 2722 1789 2753 nisi
1815 2722 2033 2763 compellatur,
2058 2731 2129 2751 reus
2145 2720 2211 2751 voti
2227 2719 2336 2750 violati
2360 2727 2406 2750 est
2429 2731 2478 2751 ac-

1410 2769 1566 2809 ceptando
1591 2767 1823 2808 episcopatum.
1847 2767 1888 2797 Et
1911 2766 1972 2797 hoc
1997 2772 2043 2796 est
2064 2775 2171 2796 verum
2196 2772 2261 2796 tam
2278 2764 2310 2794 in
2327 2764 2479 2805 religiosis

1410 2823 1509 2854 quam
1533 2813 1566 2843 in
1589 2811 1811 2847 saecularibus,
1829 2817 1887 2842 etc.

1092 2968 1412 3011 ARTICULUS
1447 2967 1677 3011 TERTIUS

424 3065 581 3096 UTRUM
604 3064 844 3096 OPORTEAT
868 3063 962 3094 EUM
986 3062 1062 3099 QUI
1086 3062 1145 3092 AD
1169 3061 1476 3092 EPISCOPATUM
1499 3054 1758 3097 ASSUMITUR‚
1782 3060 1883 3091 ESSE
1907 3059 2089 3090 CETERIS
2112 3057 2340 3089 MELIOREM

752 3142 848 3173 Quodl.
866 3130 910 3173 lV,
930 3149 976 3174 qu.
994 3148 1038 3171 xn,
1058 3146 1105 3166 art.
1129 3148 1149 3170 1,
1169 3140 1202 3165 ad
1225 3147 1270 3171 12;
1288 3140 1354 3171 vm,
1373 3147 1417 3172 qu.
1435 3147 1470 3169 ῐν,
1489 3144 1535 3165 art.
1559 3147 1586 3170 13
1607 3139 1637 3163 In
1658 3139 1741 3168 Ioan„
1761 3146 1816 3171 cap.
1834 3146 1883 3169 xxx,
1903 3138 1961 3163 lect.
1980 3144 2017 3162 111.

321 3243 384 3285 ,ξιξ-ἧι
406 3245 475 3288 514,
501 3244 524 3269 1)
542 3244 704 3270 TERTtuM
725 3244 779 3270 stc
799 3242 1040 3268 PROCEDITUR.
1065 3229 1227 3266 Videtur
1253 3228 1358 3277 quod

317 3271 473 3341 ἵξᾼὲᾕ
488 3293 676 3335 oporteat
710 3298 800 3322 eum
829 3285 894 3333 qui
927 3284 976 3321 ad
1010 3283 1275 3332 episcopatum
1303 3294 1359 3318 as-

308 3337 346 3383 ),Ϋ
369 3351 418 3368 ν’
452 3340 472 3375 6
503 3338 676 3386 sumitur,
706 3351 788 3376 esse
819 3338 952 3375 ceteris
980 3337 1193 3374 meliorem.
1223 3335 1358 3372 Domi-

313 3383 323 3389 *
349 3363 446 3418 ᾆξ’)
462 3379 493 3421 *x
503 3403 576 3428 nus
596 3391 698 3428 enim
713 3392 884 3438 Petrum,
902 3391 963 3428 cui
984 3389 1259 3428 commissurus
1280 3396 1360 3425 erat

290 3445 478 3495 pastorale
508 3444 693 3491 officium,
714 3445 947 3482 examinavit
966 3444 997 3482 si
1016 3457 1056 3482 se
1087 3443 1255 3491 diligeret
1273 3443 1359 3491 plus

292 3498 425 3536 ceteris
439 3498 469 3534 ¹¹³.
492 3498 568 3535 Sed
585 3509 631 3534 ex
649 3497 725 3534 hoc
739 3497 872 3546 aliquis
886 3498 1021 3535 melior
1041 3505 1096 3535 est
1115 3497 1219 3546 quod
1230 3497 1358 3533 Deum

291 3553 378 3602 plus
407 3551 534 3599 diligit.
570 3552 672 3598 Ergo
701 3550 852 3587 videtur
878 3551 984 3599 quod
1013 3551 1062 3588 ad
1095 3550 1358 3599 episcopatum

293 3618 371 3643 non
393 3605 438 3642 sit
463 3603 718 3642 assumendus
737 3603 807 3640 nisi
825 3603 884 3640 ille
904 3604 969 3652 qui
989 3611 1044 3640 est
1065 3603 1196 3640 ceteris
1211 3602 1357 3640 melior.

50 3507 62 3520 '⁴
74 3508 138 3530 Ῑοιιι.
152 3512 203 3535 etp.
217 3511 264 3534 xxi,

50 3540 110 3557 ven.
124 3540 151 3562 ¹5«

1467 3240 1502 3265 2.
1538 3229 1773 3274 PRAETEREA‚
1804 3225 2060 3274 Symmachus
2093 3225 2199 3272 Papa
2236 3223 2323 3261 dicit
2350 3223 2389 3260 *z
2417 3223 2477 3260 Vi-

1411 3281 1573 3318 lissimus
1601 3279 1873 3328 computandus
1901 3284 1971 3324 est,
2001 3278 2073 3314 nisi
2101 3277 2254 3314 scientia
2282 3282 2319 3313 et
2342 3277 2478 3313 sancti-

1412 3340 1486 3371 tate
1510 3333 1725 3382 praecellat,
1746 3332 1812 3380 qui
1832 3337 1887 3368 est
1911 3331 2092 3381 dignitate
2103 3331 2370 3379 praestantior.
2401 3329 2477 3367 Sed

1412 3387 1473 3424 ille
1501 3386 1566 3436 qui
1594 3385 1786 3435 praecellit
1822 3384 1977 3422 scientia
2006 3391 2042 3420 et
2070 3383 2285 3430 sanctitate,
2316 3391 2372 3420 est
2398 3394 2478 3420 me-

1411 3441 1494 3477 lior.
1524 3441 1627 3488 Ergo
1657 3451 1736 3476 non
1755 3439 1869 3476 debet
1896 3437 2030 3486 aliquis
2058 3438 2105 3474 ad
2135 3437 2397 3486 episcopatum
2421 3449 2478 3473 as-

1413 3493 1512 3531 sumi
1540 3493 1611 3530 nisi
1640 3493 1686 3529 sit
1714 3491 1847 3529 ceteris
1876 3491 2022 3528 melior.

1470 3548 1503 3584 3.
1533 3548 1775 3592 ΡΚΑΕΤΕΒΕΑ,
1805 3545 1844 3582 in
1871 3544 2040 3594 quolibet
2067 3556 2205 3592 genere
2234 3543 2383 3580 minora
2410 3555 2479 3591 per

1414 3601 1561 3638 maiora
1590 3607 1788 3648 reguntur:
1828 3598 1922 3635 sicut
1955 3597 2166 3646 corporalia
2199 3603 2379 3644 reguntur
2410 3607 2479 3643 per

2505 2280 2515 2290 ’
2528 2279 2577 2300 Lib.
2597 2278 2626 2300 de
2643 2279 2718 2300 Prae-

2504 2307 2562 2360 εἷς.
2569 2307 2593 2353 εἰ
2598 2305 2716 2333 Dispersa,

2504 3231 2514 3241 ⁸
2518 3230 2576 3253 can.
2581 3230 2715 3257 Vilis-simus,

2504 3263 2568 3279 caus.
2582 3259 2601 3283 Ι,
2619 3264 2657 3285 qu.
2674 3263 2688 3279 ι.
