2768 4198
50 1012 59 1021 ⁴
87 1010 122 1032 Cf.
154 1010 246 1037 prolog.
254 1025 260 1035 ,

49 1037 180 1059 Comment.

48 1149 56 1157 ⁸
74 1147 108 1168 Cf.
126 1150 172 1168 not.
188 1146 209 1173 β.

49 1324 59 1336 ·
78 1324 125 1351 Qu.
145 1329 212 1349 xxix,
233 1322 261 1343 ad

48 1357 94 1378 arg.
111 1350 207 1378 princip.
224 1350 261 1371 ιω.

50 1730 263 1777 ὲῗὶἷοὲ“,;“,“ᾱαῗ“”

50 1990 59 1998 “
69 1988 104 2009 Cs.
117 1988 181 2014 ibid„
192 1987 263 2009 Simi-

49 2015 110 2036 liter.

51 2172 58 2180 ⁸
74 2170 110 2191 Cf.
126 2176 190 2191 num.
207 2176 240 2192 111.

50 2306 59 2316 ⁸
74 2306 110 2328 Cf.
126 2312 189 2327 num.
206 2311 235 2327 iv.

49 2341 60 2352 ⁸
76 2342 129 2364 Loc.
147 2342 184 2363 cit.

52 2437 105 2469 {etl
118 2443 180 2459 num.
188 2443 217 2463 iv,
227 2437 266 2459 Ad

50 2463 203 2515 fidisque..
227 2490 265 2512 Λαι

51 2517 226 2539 auctoritatem.

53 2546 61 2555 ⁸
69 2543 189 2569 Eadmeri3
205 2544 264 2566 inter

52 2571 113 2599 opp.
130 2571 244 2593 Anselmi.

57 3199 65 3207 ⁸
86 3197 155 3218 Num.
178 3203 268 3225 praec.,

56 3223 111 3245 Cum
127 3223 195 3245 enim.

60 3456 68 3463 ·
78 3454 146 3480 ibid,
156 3452 269 3482 Amplius.

59 3549 68 3556 ⁸
76 3546 137 3569 Mor.
148 3546 187 3578 lib..
196 3546 270 3574 XXV,

59 3580 108 3621 gap.
128 3580 159 3601 ix,
178 3579 200 3595 tn
225 3577 270 3595 vet.

286 274 364 319 446

289 362 386 391 stare
408 353 589 390 dicantur.
614 352 698 388 Nec
719 350 830 386 etiam
851 346 1027 384 homines
1049 353 1146 382 stare
1168 344 1355 390 dicuntur,

289 414 628 455 quantumcunque
659 404 731 441 sint
760 401 861 447 recti,
892 399 962 436 nisi
982 404 996 427 Υ
1027 398 1235 447 quiescant.

342 462 400 496 AD
430 471 621 497 SECUNDUM
650 467 834 494 D1CENDUM
864 453 968 502 quod
1003 450 1250 488 immobilitas
1280 461 1359 485 non

289 513 427 551 suffieit
453 513 502 549 ad
530 511 715 548 rationem
737 516 866 545 status.
897 507 1001 543 Nam
1023 506 1137 541 etiam
1157 505 1294 541 sedens
1324 510 1360 539 et

289 567 416 604 iacens
438 566 655 614 quiescunt:
685 562 750 610 qui
769 569 899 598 tamen
920 571 999 595 non
1020 554 1222 595 dicuntur⁶
1247 563 1359 593 stare.

342 734 368 766 γ)
388 732 447 757 nisi.
460 745 478 750 -
497 738 545 755 nec
563 729 719 759 ABCDFIK,
739 732 766 754 et
784 728 842 760 (qui
860 728 946 759 stant)
966 727 996 751 L.
1224 759 1230 765 ἢ
1248 759 1254 765 .

340 768 364 801 δ)
385 772 411 793 et
426 768 514 792 iacens
529 766 692 799 quiescunt...
707 765 841 789 dicuntur.
855 777 873 782 -
887 764 928 787 vel
943 763 1032 787 iacens
1046 760 1184 794 quiescit...
1200 759 1301 785 dicztur
1315 759 1362 784 Pa.

927 265 1195 313 QUAESTIO
1226 264 1473 310 CLXXXIII,
1503 264 1802 302 ARTICULUS
1832 266 1845 300 Ι

1466 344 1525 379 AD
1545 355 1707 381 TERTuJM
1726 356 1912 382 mcENDuM
1941 346 2048 393 quod
2069 344 2240 381 officium
2265 344 2400 382 dicitur
2419 358 2488 394 per

1413 397 1747 444 comparationem
1776 398 1826 434 ad
1854 405 2001 445 actum;
2032 399 2171 446 gradus
2201 405 2329 434 autem
2357 398 2489 436 dicitur

1414 451 1627 486 secundum
1657 450 1833 487 ordinem
1862 451 2135 500 superioritatis
2154 457 2166 472 ⁸
2196 459 2233 488 et
2267 451 2488 489 inferiorita-

1413 502 1477 548 tis;
1516 503 1585 540 sed
1614 503 1663 540 ad
1692 511 1831 541 statum
1861 505 2063 554 requiritur
2092 505 2340 543 immobilitas
2372 505 2410 542 in
2442 518 2488 543 eo

1414 555 1521 604 quod
1551 556 1715 604 pertinet
1743 557 1791 594 ad
1821 558 2081 595 conditionem
2111 571 2313 608 personae.

1471 723 1494 756 ε)
1513 724 1724 755 superioritatis.
1737 738 1756 743 -—
1773 726 1959 757 supportantis
1985 727 2125 760 AEFLpB,
2143 729 2361 760 super-portantis
2375 729 2407 759 K,
2426 736 2490 760 sup-

1388 723 1391 788 Ι
1413 759 1582 791 portationis
1601 759 1632 785 D.
1645 773 1662 778 -
1682 760 1733 785 Pro
1752 760 1952 794 inferioritatis,
1974 762 2112 796 Inferioris
2132 763 2162 788 L.

967 862 1307 898 Commentaria
1330 860 1587 893 Cardinalis
1609 862 1814 896 Caietam

358 975 387 994 ic
411 963 522 1003 incipit
544 962 668 993 decima
684 968 714 991 et
730 960 843 991 ultima
866 969 937 999 pars
954 958 1049 989 huius
1067 956 1200 997 Operis,
1225 961 1361 986 tractans

293 977 397 1039 Hde
417 1007 529 1038 officiis
553 1017 589 1037 ac
620 1005 753 1036 statibus
777 1004 950 1035 hominurn
963 1002 990 1033 *.
1017 1003 1051 1032 In
1076 1011 1155 1042 qua‘
1170 999 1358 1041 quaestione

288 1054 393 1085 statim
418 1051 555 1084 occurrit
585 1050 721 1081 dubium
754 1049 834 1080 circa
864 1047 1128 1088 significationem
1158 1050 1276 1082 status,
1302 1054 1361 1084 pro

288 1105 409 1140 quanto
434 1098 467 1127 in
490 1097 593 1127 littera
620 1095 734 1125 dicitur
764 1094 853 1135 quod
877 1094 1006 1134 respicit
1038 1091 1264 1133 obligationem
1283 1098 1361 1129 per—

287 1153 386 1174 sonae
408 1143 557 1178 hominis,
569 1145 670 1181 prout
685 1139 805 1171 scilicet
821 1138 944 1179 aliquid
957 1137 975 1157 *
991 1141 1038 1167 est
1052 1137 1104 1167 sui
1128 1135 1177 1166 vel
1192 1135 1292 1165 alieni
1315 1134 1361 1164 iu-

288 1190 352 1226 ris,
377 1193 407 1218 et
430 1187 489 1217 hoc
519 1195 560 1216 ex
583 1194 682 1216 causa
707 1184 924 1224 permanenti.
958 1182 1014 1212 Est
1037 1181 1194 1222 siquidem
1227 1179 1265 1209 de
1300 1179 1362 1209 hoc
1388 1185 1390 1207 l

288 1231 433 1274 quaestio
465 1238 495 1261 et
525 1240 600 1261 cum
624 1228 776 1260 extraneis
806 1228 901 1258 aliam
932 1225 1196 1266 significationem
1223 1224 1362 1255 tribuen-
1389 1229 1390 1232 ’

288 1278 373 1308 tibus
397 1275 501 1312 statui,
520 1281 555 1305 ut
571 1281 657 1315 patet
678 1274 717 1304 de
733 1272 874 1304 Henrico
894 1272 933 1302 de
950 1271 1115 1306 Gandavo,
1136 1270 1169 1300 in
1190 1269 1247 1300 XII
1276 1268 1362 1306 Quo-

289 1323 382 1353 libeto
405 1321 437 1351 *:
463 1327 494 1351 et
517 1318 726 1350 nihilominus
751 1324 797 1348 est
820 1317 964 1358 quaestio
996 1315 1141 1346 absolute
1166 1315 1204 1344 de
1235 1313 1363 1344 veritate
1389 1306 1391 1359 Ξ

289 1367 385 1397 huius
414 1363 660 1405 significationis.
692 1363 786 1394 Unde
815 1372 874 1392 nos
903 1361 1041 1402 primam
1071 1358 1292 1401 quaestionem
1317 1367 1363 1388 re-

288 1412 487 1452 linquemus:
513 1409 669 1450 quoniam
685 1415 765 1439 esset
785 1414 901 1437 certare
925 1406 964 1436 de
979 1405 1121 1436 vocibus.
1146 1403 1292 1435 Secunda
1309 1413 1362 1434 au-

289 1463 364 1492 tem,
380 1465 420 1485 an
445 1453 563 1485 scilicet
586 1453 744 1493 assignata
767 1452 807 1483 ab
824 1454 965 1482 Auctore
985 1448 1172 1489 significatio
1197 1448 1236 1478 sit
1251 1448 1362 1484 solida,

289 1499 451 1532 tractanda
475 1506 536 1530 est:
562 1498 655 1529 habet
679 1498 765 1528 enim
789 1496 906 1527 multas
930 1494 1135 1526 obiectiones.

347 1544 433 1575 Cum
457 1543 545 1574 enim
566 1543 600 1573 in
622 1542 723 1573 littera
757 1541 877 1573 dicatur
900 1540 989 1582 quod
1017 1544 1139 1576 status,
1164 1542 1230 1568 tam
1259 1538 1291 1568 in
1320 1538 1363 1568 ci-

291 1589 406 1622 vilibus
435 1598 531 1629 quam
556 1588 588 1618 in
615 1587 856 1628 spiritualibus,
881 1590 999 1627 spectet
1029 1583 1073 1614 ad
1103 1583 1282 1613 libertatem
1314 1582 1365 1612 vel

289 1635 487 1670 servitutem,
513 1632 619 1663 statim
643 1638 773 1672 apparet
802 1629 1009 1663 contradictio
1034 1628 1066 1659 in
1091 1628 1162 1668 ipso
1193 1636 1363 1667 progressu

289 1679 420 1710 litterae.
451 1678 535 1708 Nam
559 1676 685 1707 libertas
717 1686 836 1707 nomen
861 1682 907 1706 est
930 1681 1042 1706 status:
1078 1679 1108 1703 et
1137 1671 1260 1702 nullam
1283 1671 1365 1701 obli-

289 1723 452 1764 gationem
476 1721 551 1752 dicit
566 1720 593 1751 *.

345 1766 511 1807 Amplius,
537 1764 669 1796 servitus
695 1771 726 1795 et
752 1764 877 1794 libertas
908 1761 1094 1804 spiritualiS,
1122 1766 1157 1790 ut
1185 1760 1218 1790 in
1248 1766 1363 1801 quarto

290 1811 422 1842 articulo
447 1810 570 1845 dicitur,
595 1819 692 1849 penes
717 1808 863 1839 habitum
886 1807 1022 1838 iustitiae
1046 1805 1096 1837 vel
1119 1804 1239 1845 peccati
1264 1810 1365 1835 atten-

290 1857 418 1887 duntur.
451 1854 492 1885 Et
516 1861 621 1884 tamen
646 1853 679 1883 in
703 1859 816 1884 neutro
841 1858 888 1883 est
911 1850 1084 1892 obligatio:
1117 1849 1173 1879 sed
1199 1848 1267 1880 sola
1295 1859 1365 1889 per—

290 1899 460 1935 manentia,
477 1899 606 1939 qualem
623 1897 749 1928 habitus
769 1906 897 1928 causare
913 1903 986 1927 nata
1007 1902 1063 1927 est.
1089 1893 1220 1924 Falsum
1243 1900 1289 1924 est
1305 1893 1364 1933 igi-

289 1952 341 1976 tur
364 1944 453 1986 quod
476 1949 575 1974 status
599 1942 769 1983 spiritualis
793 1941 950 1974 servitutis
973 1941 1023 1972 vel
1046 1938 1196 1972 libertatis
1220 1938 1366 1979 respiciat

290 1988 520 2029 obligationem
536 1988 562 2019 *.

345 2034 527 2068 Praeterea,
559 2039 658 2064 status
686 2031 890 2072 distinguitur
920 2030 953 2061 in
983 2038 1101 2062 statum
1131 2027 1364 2069 incipientium,

272 2069 525 2120 'proficientium
545 2083 575 2108 et
599 2076 829 2118 perfectorum,
854 2083 889 2107 ut
913 2082 999 2116 patet
1022 2075 1054 2105 in
1078 2074 1212 2106 articulo
1238 2080 1365 2115 quarto.

290 2123 330 2154 Et
353 2129 476 2154 constat
499 2123 588 2162 quod
618 2132 676 2153 nec
699 2128 798 2152 status
821 2120 1061 2161 incipientium,
1086 2130 1144 2151 nec
1168 2125 1268 2150 status
1291 2128 1365 2160 pro-

290 2167 467 2199 ficientium
491 2167 721 2208 obligationem
746 2166 840 2197 habet
855 2166 882 2196 *.

346 2211 559 2251 Distinguitur
574 2221 707 2252 quoque
723 2218 823 2242 status
848 2210 1095 2250 coniugatorum
1120 2215 1230 2240 contra
1246 2215 1365 2240 statum

290 2256 477 2297 virginalem
501 2263 532 2287 et
554 2256 727 2287 vidualem.
751 2256 792 2287 Et
815 2262 923 2286 tamen
946 2254 1036 2286 solus
1060 2260 1160 2285 status
1177 2253 1364 2294 coniugato-

291 2311 364 2332 rum
383 2300 613 2340 obligationem
637 2301 731 2331 habet
746 2301 773 2332 *.

348 2344 509 2377 Clericalis
533 2345 666 2376 demum
689 2351 798 2381 status,
819 2343 923 2384 inquit
947 2343 1105 2374 Henricus
1119 2342 1145 2379 *‚
1163 2341 1368 2382 distinguitur

292 2396 402 2421 contra
418 2389 572 2421 laicalem.
596 2390 637 2420 Et
652 2396 760 2421 tamen
776 2395 887 2420 neuter
904 2387 1133 2428 obligationem
1149 2386 1258 2419 habet:
1284 2397 1366 2428 quo-

293 2435 379 2466 niam
404 2433 535 2465 clericus
559 2441 665 2475 potest
687 2434 783 2465 libere
808 2434 922 2464 ducere
946 2442 1080 2463 uxorem
1103 2431 1234 2463 viduam
1249 2430 1275 2462 *.

348 2478 486 2510 Affertur
509 2489 642 2520 quoque
658 2480 696 2510 ab
717 2479 832 2510 eodem
847 2478 864 2498 *
876 2476 1048 2508 auctoritas
1063 2476 1217 2513 Anselmi,
1235 2476 1269 2507 in
1285 2476 1366 2507 libro

292 2524 331 2555 de
347 2523 519 2555 Similitud.
531 2523 558 2560 *,
577 2534 645 2565 cap.
658 2534 740 2561 var,
761 2521 910 2555 dicentis:
935 2522 1085 2560 Quatuor
1098 2526 1175 2552 sunt
1189 2527 1293 2553 status
1307 2521 1366 2552 hu-

292 2578 410 2599 manae
426 2573 574 2606 naturae,
591 2569 706 2610 quibus
716 2579 782 2610 pro
796 2568 934 2599 diversis
949 2567 1073 2598 meritis
1084 2566 1178 2597 beata
1194 2566 1245 2598 vel
1260 2566 1367 2607 magis

292 2613 396 2651 beata,
421 2613 541 2644 misera
557 2614 608 2644 vel
630 2614 738 2645 minus
760 2614 879 2644 misera
899 2611 1063 2643 redditur:
1086 2610 1203 2642 scilicet
1226 2611 1258 2642 in
1283 2617 1365 2642 statu

292 2657 503 2695 innocentiae,
526 2657 558 2688 in
583 2664 665 2689 statu
690 2658 818 2699 patriae,
835 2657 867 2687 in
891 2663 974 2687 statu
998 2655 1077 2692 viae,
1095 2662 1127 2686 et
1149 2655 1182 2686 in
1205 2662 1287 2687 statu
1312 2655 1365 2685 da-

292 2701 474 2733 mnationis
499 2701 635 2734 Constat
650 2709 757 2734 autern
775 2702 865 2744 quod
884 2711 988 2742 neque
1004 2700 1037 2731 in
1060 2699 1242 2732 innocentia
1263 2709 1367 2742 neque

291 2747 323 2778 in
347 2746 398 2777 via
421 2753 520 2778 status
539 2746 654 2778 dicitur
678 2747 857 2779 secundum
884 2745 1125 2786 obligationem.

349 2791 387 2822 11.
409 2791 460 2822 Ad
492 2791 610 2823 horum
634 2792 836 2828 evidentiam,
861 2791 1027 2822 sciendum
1051 2796 1098 2821 est
1125 2789 1216 2831 quod
1245 2791 1368 2820 Auctor

293 2845 460 2877 nunquam
477 2835 552 2867 dicit
575 2837 665 2878 quod
689 2843 788 2868 status
804 2835 906 2876 exigat
929 2834 1159 2876 obligationem
1174 2834 1206 2864 in
1222 2833 1368 2876 quolibet

293 2887 392 2911 statu:
417 2880 472 2911 sed
495 2880 571 2912 dicit
593 2881 683 2922 quod
707 2881 840 2923 quilibet
859 2886 959 2911 status
983 2880 1113 2920 respicit
1127 2879 1366 2921 obligationem.

294 2925 385 2963 Quae
408 2925 474 2955 duo
497 2925 614 2956 distant
637 2925 717 2957 sicut
740 2925 864 2957 caelum
895 2931 926 2955 et
947 2931 1039 2956 terra.
1062 2923 1146 2955 Nam
1170 2924 1209 2954 ad
1226 2923 1367 2964 primum

293 2969 463 3010 requiritur
477 2970 653 3010 quemlibet
668 2977 787 3002 statum
802 2969 917 3001 habere
933 2968 1162 3010 obligationem
1173 2968 1214 2999 ad
1230 2968 1263 2999 id
1278 2968 1368 3009 quod

294 3014 343 3045 sui
371 3020 471 3045 status
494 3020 550 3046 est.
579 3015 630 3045 Ad
654 3015 832 3046 secundum
854 3023 931 3044 vero
959 3012 1075 3044 sufficit
1089 3013 1178 3054 quod
1201 3012 1368 3053 obligatio-

295 3068 369 3089 nem
393 3058 548 3099 respiciat.
572 3059 615 3090 ita
638 3059 727 3100 quod
751 3069 848 3101 penes
881 3057 1111 3098 obligationem
1135 3057 1369 3098 distinguantur

295 3101 478 3133 affirmative
511 3103 562 3134 vel
586 3103 745 3144 negative,
772 3103 834 3135 hoc
858 3109 905 3134 est
934 3112 1031 3143 penes
1061 3101 1176 3133 habere
1199 3102 1367 3143 obligatio-

296 3157 370 3177 nem
394 3153 424 3178 et
447 3157 545 3187 penes
576 3157 642 3178 non
669 3148 784 3180 habere
807 3148 906 3179 illam.

350 3191 391 3222 Et
415 3191 477 3222 hoc
503 3192 603 3223 modo
625 3192 831 3233 distinguitur
855 3198 955 3223 status
978 3190 1067 3222 liberi
1091 3202 1109 3222 a
1133 3201 1224 3222 servo
1240 3190 1273 3222 *z
1290 3191 1367 3233 quia

297 3235 428 3266 servitus
451 3236 578 3277 respicit
601 3237 831 3278 obligationem
855 3235 1051 3273 affirmative,
1068 3236 1194 3267 libertas
1215 3245 1292 3267 vero
1316 3247 1368 3268 ne-

296 3279 408 3320 gative.

353 3324 426 3354 Hoc
449 3324 544 3356 etiam
568 3326 668 3356 modo
696 3325 900 3367 distinguitur
925 3331 1024 3356 status
1048 3325 1215 3357 saecularis
1238 3335 1257 3356 a
1276 3335 1367 3367 regu-

298 3367 472 3442 1³2³qu
496 3369 613 3401 scilicet
629 3370 779 3411 regularis
803 3370 897 3402 habet
919 3369 1095 3406 vinculum,
1112 3379 1179 3411 quo
1196 3377 1279 3402 caret
1302 3380 1368 3402 sae-

299 3422 337 3443 cu
352 3421 422 3443 aris.

354 3455 504 3487 Similiter
526 3463 624 3488 status
648 3458 821 3498 peccatoris
838 3466 868 3490 et
891 3465 990 3489 status
1013 3458 1087 3489 iusti
1101 3457 1369 3499 *distinguuntur

299 3499 374 3541 quia
398 3507 544 3540 peccator
571 3501 729 3542 obligatus
758 3510 804 3534 est
834 3503 873 3533 ad
897 3503 1109 3543 peccandum,
1134 3509 1292 3544 quantum
1322 3509 1369 3534 est

299 3554 336 3575 ex
360 3544 475 3585 seipso,
496 3545 571 3586 quia
587 3555 653 3576 non
670 3553 774 3586 potest
798 3557 835 3577 ex
858 3547 964 3587 seipso
981 3556 1151 3587 resurgere,
1176 3554 1216 3584 et,
1237 3555 1272 3579 ut
1289 3546 1368 3578 Gre-

299 3588 408 3630 gorius
424 3588 500 3620 dieit
510 3588 537 3625 ¹⁸¹,
548 3595 717 3630 peccatum
733 3590 818 3631 quod
827 3599 892 3630 per
901 3591 1132 3631 poenitentiam
1149 3600 1212 3621 non
1228 3590 1366 3630 deletur,

1388 977 1389 999 ἢ
1415 963 1475 986 suo
1491 955 1640 995 pondere
1662 957 1706 987 ad
1728 958 1820 989 aliud
1842 959 1964 990 trahit:
1986 959 2090 991 iustus
2113 968 2222 993 autem
2242 963 2281 993 ab
2305 962 2492 995 huiusmodi

1416 999 1546 1030 vinculo
1571 1000 1738 1032 absolutus
1762 1009 1818 1034 est.

1462 1043 1515 1075 111.
1540 1043 1764 1085 Incipientium
1788 1053 1895 1078 autem
1913 1054 1943 1079 et
1959 1048 2196 1088 proficientium
2219 1058 2318 1083 status
2341 1050 2357 1068 ¹⁸
2374 1053 2493 1094 obliga-

1416 1089 1539 1119 tionem
1562 1089 1594 1119 in
1618 1100 1732 1130 genere
1748 1091 1910 1129 claudunt,
1935 1102 2001 1123 non
2025 1094 2058 1124 in
2082 1095 2202 1135 specie:
2227 1096 2382 1138 quoniam
2407 1108 2494 1128 corn—

1417 1144 1640 1185 munegenus
1663 1142 1763 1166 status
1787 1136 1990 1168 existentium
2013 1138 2046 1169 in
2071 1139 2197 1171 caritate
2217 1150 2274 1181 per
2289 1141 2493 1182 negationem

1416 1179 1535 1209 vinculi
1551 1189 1617 1220 quo
1635 1187 1782 1221 peccator
1796 1181 1951 1222 alligatur,
1969 1182 2092 1215 dicitur.
2117 1184 2244 1225 Species
2260 1193 2369 1217 autem
2384 1187 2494 1218 huius-

1417 1224 1507 1254 modi
1531 1231 1641 1260 status»,
1666 1226 1843 1256 secundum
1871 1228 2017 1267 proprias
2045 1228 2250 1267 differentias,
2275 1241 2341 1262 non
2369 1241 2494 1269 omnes,

1417 1269 1472 1299 sed
1486 1268 1699 1309 perfectorum
1716 1276 1842 1302 tantum
1859 1271 1935 1302 dicit
1951 1272 2190 1312 obligationem.
2213 1275 2254 1306 Et
2272 1275 2335 1307 hoc
2350 1275 2495 1308 sufficere

1417 1315 1540 1344 Auctor
1552 1313 1620 1354 ipse
1637 1315 1812 1346 testaturin
1831 1315 1932 1347 littera
1948 1317 2052 1358 quarti
2072 1318 2204 1355 articuli,
2228 1319 2262 1350 in
2285 1321 2495 1362 responsione

1418 1358 1457 1388 ad
1470 1358 1658 1395 secundum,
1673 1359 1762 1396 dum,
1780 1360 1917 1401 loquens
1933 1362 1972 1392 de
1988 1361 2176 1394 huiusmodi
2192 1363 2404 1402 distinctione,
2422 1365 2497 1397 dicit

1418 1403 1507 1444 quod
1530 1413 1594 1443 per
1623 1404 1683 1434 hoc
1704 1404 1738 1434 hi
1759 1404 1881 1436 diversi
1908 1411 2014 1438 status
2042 1407 2309 1450 distinguuntur,
2334 1410 2420 1451 quod
2448 1410 2495 1441 di-

1418 1457 1512 1478 versa
1535 1448 1644 1478 studia
1668 1448 1818 1480 adhibent
1833 1450 1877 1481 ad
1899 1460 1937 1482 ea
1961 1461 2044 1493 quae
2059 1458 2206 1493 spectant
2227 1454 2272 1485 ad
2293 1455 2495 1495 spiritualem

1419 1492 1608 1525 libertatem.

1463 1537 1525 1568 Sed
1550 1543 1659 1568 contra
1683 1537 1745 1569 hoc
1776 1545 1882 1578 potest
1905 1539 2014 1571 instari
2038 1541 2129 1582 quod
2159 1552 2227 1573 non
2257 1551 2416 1575 consonat
2437 1544 2497 1576 hu-

1418 1582 1558 1613 iusmodi
1593 1583 1761 1623 responsio
1792 1584 1993 1615 sermonibus
2020 1595 2076 1625 per
2102 1595 2145 1617 se.
2175 1586 2342 1624 Quoniam
2376 1588 2403 1619 si
2434 1595 2497 1621 sta—

1417 1633 1470 1658 tus
1494 1627 1533 1657 de
1557 1627 1681 1658 ratione
1711 1637 1768 1658 sua
1792 1628 1919 1669 respicit
1949 1629 2197 1669 obligationem,
2223 1641 2424 1674 consequens
2451 1641 2499 1665 est

1419 1678 1470 1708 ut,
1496 1681 1552 1712 per
1576 1681 1608 1702 se
1637 1672 1819 1712 loquendo,
1845 1673 1951 1704 omnis
1982 1673 2128 1714 specifica
2159 1675 2321 1708 diversitas
2354 1683 2496 1710 statuum

1418 1726 1475 1757 per
1498 1726 1532 1746 se
1555 1715 1702 1756 respiciat
1725 1717 1972 1757 obligationem:
1997 1726 2028 1750 et
2052 1729 2119 1750 non
2143 1719 2260 1752 sufficit
2282 1722 2374 1762 quod
2396 1732 2498 1763 genus

1419 1770 1534 1791 eorum
1557 1770 1655 1800 penes
1679 1761 1909 1801 obligationem
1932 1763 2121 1795 attendatur.
2147 1764 2285 1806 Oportet
2308 1766 2394 1798 enim
2411 1766 2498 1798 diffe-

2521 1055 2531 1065 ·
2545 1054 2617 1077 Nam.
2631 1059 2649 1082 ι,
2659 1053 2734 1076 Prae,

2521 1083 2597 1103 terea.

1418 1804 1534 1836 rentias
1558 1815 1615 1846 per
1637 1814 1670 1835 se
1695 1805 1949 1837 diversificativas
1972 1807 2096 1847 generis
2119 1815 2151 1840 et
2174 1810 2396 1845 constitutivas
2426 1822 2498 1853 spe·
2537 1833 2542 1838 -

1419 1850 1557 1886 cierum,
1581 1859 1638 1890 per
1662 1859 1695 1880 se
1719 1849 1927 1882 diversificare
1950 1850 1982 1881 id
2006 1853 2096 1893 quod
2127 1859 2248 1894 spectat
2270 1854 2311 1884 ad
2340 1855 2499 1888 rationem

1418 1895 1542 1935 generis
1563 1894 1594 1924 *:
1626 1893 1716 1935 quod
1740 1894 1772 1924 in
1797 1895 1965 1935 proposito
1996 1902 2043 1927 est
2070 1896 2224 1938 respicere
2257 1898 2498 1940 obligationem.

1419 1940 1492 1971 Hoc
1516 1946 1624 1970 autern
1648 1938 1700 1969 hic
1723 1949 1789 1970 non
1809 1939 1961 1971 salvatur:
1987 1941 2145 1981 quoniam
2160 1949 2261 1974 status
2275 1943 2499 1985 incipientium

1419 1991 1450 2016 et
1466 1983 1703 2025 proficientium
1727 1994 1793 2015 non
1818 1983 2068 2016 diversificantur
2087 1996 2186 2027 penes
2209 1987 2364 2028 respicere
2380 1990 2499 2031 obliga—

1419 2029 1543 2060 tionem
1567 2028 1719 2070 aliquam.

1475 2073 1526 2104 Ad
1550 2073 1613 2105 hoc
1629 2073 1745 2104 dicitur
1760 2073 1851 2114 quod
1867 2079 1968 2105 status
1984 2081 2050 2105 tam
2069 2074 2294 2118 incipientium
2310 2087 2410 2119 quam
2425 2089 2500 2120 pro-

1419 2118 1596 2150 ficientium
1621 2128 1687 2149 non
1718 2117 1778 2148 nisi
1801 2117 1986 2158 imperfecte
2018 2119 2113 2152 habet
2135 2120 2291 2153 rationem
2319 2128 2438 2154 status:
2469 2130 2502 2155 et

1420 2169 1589 2205 propterea
1613 2173 1680 2194 non
1704 2169 1751 2193 est
1775 2162 1894 2194 mirum
1918 2163 1944 2194 si
1968 2170 2103 2206 uterque
2126 2164 2252 2197 deficiat
2266 2176 2284 2197 a
2300 2167 2430 2209 propria
2452 2177 2500 2199 ra-

1419 2208 1508 2240 tione
1532 2215 1643 2239 status.
1675 2207 1757 2238 Sunt
1784 2207 1870 2238 enim
1896 2208 1930 2239 hi
1962 2215 2062 2240 status
2085 2209 2118 2241 in
2142 2220 2256 2251 genere
2289 2218 2389 2243 status
2419 2213 2502 2244 sicut

1420 2253 1542 2284 formae
1566 2252 1599 2283 in
1624 2253 1835 2293 embryonem
1859 2253 2064 2285 succedentes
2098 2261 2174 2287 suat
2196 2255 2228 2286 in
2252 2265 2368 2296 genere
2391 2257 2500 2289 vivan-

1420 2297 1512 2328 tium.
1538 2297 1613 2328 Non
1638 2296 1724 2327 enim
1748 2303 1823 2327 sunt
1838 2297 1926 2328 velut
1949 2298 2069 2338 species
2093 2299 2132 2330 de
2157 2309 2214 2341 per
2236 2310 2279 2338 se,
2295 2301 2351 2332 sed
2376 2308 2412 2333 ut
2430 2301 2501 2334 viae

1420 2342 1460 2373 ad
1484 2341 1581 2372 aliud.
1606 2341 1647 2372 Et
1670 2340 1814 2372 similiter
1837 2347 1936 2372 status
1960 2342 2183 2384 incipientium
2201 2351 2232 2376 et
2251 2344 2500 2385 proficientium,

1421 2394 1457 2418 ut
1479 2386 1548 2427 ipsa
1573 2395 1687 2416 eorum
1711 2385 1844 2416 nomina
1868 2387 2051 2424 ostendunt,
2076 2387 2162 2418 viam
2186 2389 2225 2419 ad
2249 2389 2347 2426 aliud,
2371 2389 2435 2421 hoc
2454 2397 2501 2422 est

1420 2431 1460 2462 ad
1483 2430 1714 2472 perfectionem
1737 2439 1794 2461 seu
1818 2430 2022 2470 perfectionis
2046 2438 2175 2470 statum,
2192 2432 2380 2473 significant.
2406 2434 2500 2466 Unde

1420 2478 1544 2507 Auctor
1572 2475 1605 2505 in
1629 2474 1787 2516 principib
1811 2475 1973 2516 sequentis
1996 2476 2194 2518 quaestionis
2208 2477 2227 2497 ¹⁸⁸
2249 2478 2341 2509 dicit:
2373 2479 2502 2510 Deinde
2527 2479 2539 2491 ⁸

1420 2520 1691 2552 considerandum
1718 2524 1765 2551 est
1787 2519 1827 2551 de
1849 2520 1900 2551 his
1921 2530 2006 2562 quae
2021 2523 2190 2562 pertinent
2218 2522 2263 2554 ad
2284 2527 2404 2554 statum
2422 2533 2500 2564 per-

1413 2564 1581 2607 fectionis,
1605 2564 1649 2596 ad
1672 2574 1764 2606 quem
1789 2564 1848 2595 alii
1869 2570 1975 2597 status
1997 2566 2207 2599 ordinantur.

1476 2610 1531 2641 IV.
1556 2609 1604 2640 De
1618 2615 1701 2640 statu
1718 2615 1826 2640 autem
1851 2609 2108 2650 coniugatorum,
2125 2610 2298 2652 virginum,
2315 2618 2374 2644 etc.
2389 2611 2416 2650 ¹⁸¹,
2441 2613 2500 2644 du-

1421 2654 1543 2695 pliciter
1567 2654 1627 2685 dici
1651 2660 1766 2695 potest.
1791 2653 1910 2691 Primo,
1928 2655 2018 2696 quod
2041 2655 2074 2685 in
2098 2655 2166 2687 iure
2190 2665 2248 2687 nec
2264 2655 2426 2697 virginitas
2443 2666 2500 2689 nec

1420 2699 1557 2731 viduitas
1581 2698 1748 2730 constituit
1762 2705 1892 2736 statum,
1910 2699 1971 2730 nisi
1994 2699 2125 2732 vinculo
2149 2699 2303 2732 firmetur.
2328 2701 2423 2733 Unde
2437 2708 2500 2733 sra-

1421 2750 1489 2774 tuta
1513 2750 1588 2775 sunt
1611 2743 1757 2775 distincta
1772 2743 1841 2774 vela
1860 2743 2032 2775 viduarum
2049 2751 2080 2776 et
2095 2744 2265 2786 virginum.
2278 2745 2326 2769 ¹⁸⁸-
2337 2745 2498 2783 Secundo,

1421 2796 1527 2829 potest
1541 2788 1603 2820 dici
1620 2795 1655 2820 ut
1670 2788 1791 2820 dictum
1806 2795 1854 2820 est
1867 2788 1885 2808 *
1904 2788 1943 2820 de
1957 2789 2183 2830 incipientibus
2197 2796 2230 2822 et
2242 2788 2498 2831 proficientibus:

1422 2834 1512 2876 quod
1540 2833 1677 2870 scilicet,
1706 2833 1773 2864 sine
1802 2833 1949 2870 vinculo,
1981 2833 2164 2874 imperfecte
2197 2834 2315 2866 habent
2341 2834 2498 2866 rationem

1421 2885 1531 2915 status,
1549 2877 1671 2909 ratione
1695 2877 1745 2909 sui
1760 2877 1893 2918 geneda,
1910 2888 1978 2920 quo
1995 2877 2174 2911 libertatem
2196 2879 2315 2910 habent
2334 2889 2352 2909 a
2367 2879 2498 2911 vinculo

1423 2922 1595 2963 coniugali.

1479 2968 1530 2998 Ad
1545 2967 1578 2998 id
1594 2967 1684 3008 quod
1699 2966 1826 2998 additur
1841 2967 1880 2998 de
1895 2973 1978 2998 statu
1995 2964 2161 3003 clericali‘,
2175 2967 2386 3008 respondetur
2397 2968 2497 3010 quod,

1423 3022 1498 3043 cum
1530 3012 1634 3052 prima
1663 3018 1796 3043 tonsura
1826 3011 1999 3044 constituat
2022 3011 2193 3048 clericum;
2227 3018 2258 3043 et
2292 3012 2396 3052 prima
2427 3019 2499 3044 ton-

1422 3067 1495 3088 sura
1519 3057 1559 3087 ad
1575 3056 1719 3088 officium
1743 3063 1872 3097 spectet,
1890 3056 1973 3088 sicut
1994 3062 2026 3087 et
2048 3056 2129 3089 ordo
2153 3056 2271 3094 omnis,
2287 3056 2407 3088 scilicet
2429 3066 2499 3088 aco-

1421 3101 1572 3143 lythatus,
1597 3107 1672 3134 etc.:
1698 3111 1898 3142 consequens
1914 3107 1962 3132 est
1984 3100 2074 3142 quod
2097 3099 2262 3132 clericatus
2277 3111 2344 3132 non
2367 3108 2497 3140 statum,

1423 3146 1477 3177 sed
1502 3145 1645 3177 officium
1676 3145 1860 3177 constituat.
1890 3144 1993 3176 Cuius
2017 3144 2146 3185 signum
2175 3152 2223 3176 est
2245 3145 2336 3186 quod
2366 3146 2498 3179 clericos

1422 3191 1455 3221 in
1487 3191 1570 3222 duos
1594 3197 1694 3222 status
1726 3189 1968 3230 distinguimus,
1993 3188 2112 3220 scilicet
2138 3189 2296 3230 regulares
2326 3196 2358 3221 et
2387 3200 2496 3223 saecu-

1422 3236 1517 3267 lares:
1542 3241 1624 3266 esset
1647 3241 1755 3266 autem
1778 3233 1954 3275 implicatio
1977 3233 2223 3274 quodammodo
2246 3234 2279 3265 in
2303 3235 2427 3267 adiecto
2451 3235 2497 3266 di-

1423 3290 1491 3312 cere
1525 3280 1656 3312 clericos
1686 3278 1879 3315 saeculares,
1903 3277 1930 3308 si
1953 3277 2091 3310 clericus
2122 3285 2203 3310 esset
2226 3289 2347 3310 nomen
2377 3286 2496 3316 statum

1422 3325 1477 3356 sed
1502 3323 1608 3356 officio
1633 3323 1816 3364 adiungitur
1845 3331 1966 3353 nomen
1990 3329 2099 3354 status.
2132 3322 2437 3366 Comprobamrque
2463 3323 2498 3355 id

1422 3379 1460 3400 ex
1483 3378 1522 3400 eo
1546 3368 1636 3410 quod
1651 3367 1754 3408 prima
1777 3373 1909 3398 tonsura
1933 3366 2095 3399 inchoatio
2111 3368 2270 3409 quaedam
2294 3368 2415 3400 ordinis
2439 3374 2496 3405 est,

1422 3423 1521 3457 quem
1545 3418 1669 3444 constat
1692 3411 1732 3442 ad
1755 3410 1899 3442 officium
1922 3418 2074 3452 spectare.

1478 3457 1529 3488 Ad
1553 3455 1773 3488 auctoritatem
1796 3455 1928 3486 demum
1944 3455 2087 3487 Anselmi
2099 3455 2126 3493 *,
2144 3463 2175 3488 et
2189 3456 2318 3494 similes,
2336 3466 2418 3498 quae
2430 3456 2495 3488 for-

1423 3511 1479 3532 san
1502 3501 1622 3531 multae
1638 3499 1753 3531 adduci
1777 3507 1917 3540 possent,
1939 3501 2035 3532 unico
2058 3501 2157 3532 verbo
2181 3501 2366 3542 responderi
2390 3507 2497 3543 potest

1423 3545 1513 3586 quod
1543 3554 1609 3575 non
1633 3544 1675 3575 ita
1698 3543 1801 3575 stricte
1826 3551 1856 3575 et
1886 3545 2014 3586 proprie
2042 3550 2147 3577 status
2170 3545 2302 3577 nomine
2329 3545 2379 3577 usi
2402 3551 2493 3582 sunt,

1423 3589 1479 3620 sed
1502 3598 1557 3630 per
1581 3595 1698 3620 statum
1721 3588 1942 3621 intellexerunt
1965 3589 2199 3627 conditionem,
2223 3590 2314 3631 quasi
2338 3589 2492 3621 dicerent:

2526 1900 2741 1924 ‘cnm-tomae-

2526 1928 2620 1958 lapara.
2637 1927 2679 1951 lib.
2698 1927 2739 1954 vl,

2526 1960 2740 2008 ζ’·τῧυὲῗδιιῖ

2526 2009 2579 2032 leet.
2593 2013 2634 2031 n.

2704 2044 2707 2052 ι

2526 2616 2538 2628 ·
2555 2602 2628 2638 fian.
2649 2621 2666 2644 ι,
2684 2615 2743 2638 Dte—

2526 2747 2659 2798 3933.
2667 2755 2736 2798 ωε·

2525 2801 2709 2852 “taff-2⁴¹¹*
2723 2791 2740 2825 ·'·

2525 2967 2620 3018 2a¹23m¹
2629 2973 2648 2996 ι,
2661 2966 2740 2990 clert-

2524 3460 2533 3470 ·
2542 3457 2612 3487 isia,
2619 3457 2734 3487 Apu-m.
