2768 4198
38 1021 47 1030 ¹·
54 1020 110 1047 Cap.
117 1026 139 1046 x,
149 1025 208 1040 vers.
215 1025 246 1045 14.

37 1200 46 1208 ⁸
56 1198 79 1219 S.
89 1197 132 1219 Th.
142 1198 191 1219 lect.
200 1204 246 1219 xvi.

35 1235 46 1240 -
67 1224 118 1245 Did.
141 1225 180 1246 lib.
202 1224 246 1251 IV,

36 1257 84 1278 cap.
102 1257 148 1278 xiv,
164 1257 186 1272 n.
201 1258 219 1279 5.

35 2526 110 2553 ’.Qu
131 2531 245 2552 mxxviii,

32 2556 73 2574 art.
90 2559 106 2579 ι
121 2552 178 2574 adi.

40 3279 49 3288 ⁸
56 3278 82 3299 In
94 3276 168 3298 Psalt.
178 3276 251 3298 Prae-

31 3305 133 3362 {51225'
153 3320 158 3325 ·
169 3303 251 3361 {sifi

38 3357 95 3380 ntul.
114 3357 223 3379 Pnltern.

284 321 358 368 370

275 401 419 440 pientiae
441 401 500 431 sibi
523 401 675 437 revelata,
700 400 773 430 licet
787 399 894 439 quoad
910 398 1019 427 lumen
1036 395 1222 436 qualificans
1239 395 1345 435 cogni-

281 445 401 475 tionem
425 445 553 475 excedat
576 445 752 474 humanam
767 449 921 477 natur,am
947 441 1054 481 quoad
1078 439 1286 470 substantiam
1302 446 1346 470 ta-

281 499 353 519 men
383 496 469 519 actus
500 489 676 519 intellectus
705 495 849 517 naturam
878 495 942 515 non
968 484 1103 515 excedit:
1136 484 1278 524 alioquin
1307 484 1345 514 ab

279 533 350 573 ipso
374 543 439 563 non
464 540 558 569 esset;
583 531 724 580 alioquin
755 531 808 560 illa
826 529 972 579 cognitio
997 539 1063 558 non
1092 536 1172 559 esset
1202 528 1345 568 operatio

279 578 380 608 vitalis
406 578 443 607 ab
467 577 635 613 intrinseco
661 575 762 605 activo
787 573 943 614 principio
967 572 1059 603 vitae.

335 621 517 652 Secundum
542 627 648 650 autem
671 619 839 658 probatur,
865 618 940 657 quia
963 617 1088 647 videtur
1115 616 1288 656 implicatio
1313 616 1345 646 in

279 666 417 696 adiecto:
446 665 562 695 scilicet
585 663 673 703 quod
698 662 778 692 actio
802 661 908 701 aliqua
930 671 1002 692 vere
1026 661 1064 691 sit
1088 660 1227 691 hominis
1252 660 1344 696 actio,

280 717 309 740 et
324 717 427 740 tamen
453 708 578 739 excedat
602 708 708 746 ipsum
732 707 838 746 quoad
864 705 1073 736 substantiam
1095 712 1191 735 actus.
1217 706 1300 735 Nam
1321 704 1346 734 si

279 761 325 784 est
348 754 414 783 eius
439 753 529 787 actio,
555 761 629 790 ergo
655 751 765 781 saltem
793 750 901 790 quoad
930 749 1139 780 substantiam
1163 756 1209 780 est
1233 750 1271 779 ab
1295 758 1345 779 eo,

279 798 318 828 Et
341 798 365 827 si
390 807 454 827 non
479 803 524 826 est
548 796 586 825 ab
609 805 647 825 eo
672 795 779 835 quoad
796 794 1014 830 substantiam,
1034 803 1108 833 ergo
1126 803 1192 823 non
1209 801 1255 824 est
1274 802 1346 823 vere

278 841 360 871 illius
385 841 475 876 actio,
502 840 555 870 sed
579 839 774 879 deprecative
793 839 841 868 vel
862 838 1046 878 dispositive
1062 844 1196 874 tantum,
1222 838 1271 868 vel
1291 837 1346 868 ali-

277 896 342 926 quo
367 885 428 914 alio
446 884 539 914 simili
557 883 673 913 modo:
699 883 779 914 sicut
803 883 905 914 facere
921 883 1072 913 miracula
1092 882 1272 913 attribuitur
1287 882 1346 912 ho·
1373 905 1374 915 ,

277 930 353 959 mini
379 928 629 963 ministerialiter,
655 937 720 957 non
744 928 819 968 quia
836 927 937 958 facere
953 927 1106 957 miracula
1123 927 1162 957 sit
1185 927 1267 957 actio
1291 926 1346 956 ho-

277 973 378 1009 minis,
405 973 459 1003 sed
483 973 522 1002 ad
546 972 685 1002 hominis
703 972 958 1012 deprecationem
975 972 1025 1001 vel
1040 980 1154 1002 votum
1170 972 1257 1002 Deus
1273 981 1348 1011 ope·
1373 971 1375 1008 ξ

276 1026 372 1053 ratur;
402 1017 487 1047 iuxta
509 1017 587 1047 illud
604 1017 699 1047 Iosue
714 1017 740 1053 *‚
758 1017 797 1047 de
816 1017 970 1047 miraculo
987 1016 1078 1046 solis:
1103 1016 1266 1047 obediente
1280 1016 1347 1046 Deo
1373 1014 1375 1050 ὲ

1373 1061 1375 1087 3
1403 1068 1490 1091 actus
1514 1060 1642 1091 videndi
1665 1061 1772 1091 Deum
1794 1061 1828 1091 in
1852 1060 1952 1100 patria
1975 1068 2022 1092 est
2045 1062 2084 1092 ab
2101 1061 2261 1092 intellectu
2278 1069 2393 1099 creato,
2410 1064 2472 1094 ele-

330 1107 396 1136 VII.
422 1106 472 1136 Ad
502 1106 619 1136 horum
644 1105 852 1141 evidentiam,
878 1104 1043 1136 sciendum
1067 1112 1114 1135 est
1141 1105 1229 1145 quod
1259 1111 1347 1135 actus
1373 1116 1375 1119 ’

275 1152 435 1181 humanus
459 1150 626 1190 dupliciter
642 1149 841 1190 qualificatus
857 1149 1052 1189 intelligitur,
1077 1149 1158 1180 sicut
1182 1149 1348 1189 dupliciter
1373 1171 1375 1176 ,

1373 1198 1375 1203 ’
1402 1193 1641 1225 substantialem
1665 1194 1698 1224 in
1721 1204 1789 1224 esse
1813 1201 1959 1225 naturae:
1983 1194 2027 1225 ita
2050 1195 2139 1235 quod
2164 1204 2230 1225 non
2254 1202 2301 1226 est
2322 1194 2365 1225 ibi
2385 1202 2473 1226 actus

1373 1237 1375 1249 ⁸
1402 1239 1577 1269 substratus
1600 1238 1656 1279 qui
1681 1238 1720 1269 sit
1743 1238 1884 1279 cognitio
1901 1238 1970 1275 Dei,
1994 1245 2025 1270 et
2047 1249 2104 1279 per
2119 1239 2356 1279 appositionem
2378 1239 2474 1270 lumi-

275 1063 343 1094 voci
365 1062 510 1092 hominis.

275 1195 412 1226 sumitur
435 1195 580 1235 qualitas,
606 1201 641 1224 ut
664 1194 778 1225 dicitur
801 1194 833 1224 in
853 1195 881 1225 V
896 1194 1080 1234 Metaphys.
1095 1194 1122 1230 *,
1148 1194 1264 1224 scilicet
1288 1203 1346 1233 pro

276 1239 457 1276 differentia,
483 1246 512 1269 et
536 1248 595 1278 pro
619 1238 789 1269 accidente.
814 1239 937 1269 Dicitur
957 1238 1115 1278 siquidem
1138 1238 1243 1278 primo
1259 1244 1347 1268 actus

276 1285 436 1315 humanus
465 1284 534 1314 talis
563 1283 596 1313 in
621 1293 688 1313 esse
713 1290 861 1319 naturae,
887 1293 924 1313 ex
948 1282 1120 1313 differentia
1144 1282 1347 1313 constitutiva

275 1329 375 1369 ipsius
398 1328 429 1358 in
454 1327 602 1368 specifico
626 1337 693 1358 esse
714 1335 856 1358 naturae:
882 1327 963 1358 sicut
979 1327 1058 1357 visio
1076 1327 1191 1357 dicitur
1207 1327 1346 1366 cognitio
1373 1353 1374 1364 ,

275 1373 353 1408 talis,
379 1379 409 1403 et
432 1372 553 1403 auditio
574 1372 714 1412 cognitio
733 1372 811 1408 talis,
830 1382 867 1403 ex
883 1371 1064 1402 differentiis
1081 1371 1347 1402 constituentibus
1373 1383 1374 1391 2

276 1417 491 1457 cognitionem
515 1417 547 1446 in
567 1416 671 1456 specie
695 1416 826 1447 visionis
841 1423 871 1447 et
890 1416 1062 1446 auditionis
1077 1415 1110 1446 in
1127 1416 1192 1446 suis
1209 1426 1275 1446 esse
1292 1426 1346 1446 na·
1373 1427 1374 1433 ¹

275 1462 439 1493 turalibus.
464 1461 587 1492 Dicitur
604 1461 745 1491 secundo
769 1468 856 1491 actus
874 1461 1034 1491 humanus
1058 1460 1128 1491 talis
1144 1460 1176 1490 in
1193 1470 1261 1490 esse
1278 1470 1346 1490 mo-

275 1507 341 1543 rali,
367 1516 403 1536 ex
427 1505 610 1536 accidentali
635 1505 819 1536 conditione
844 1505 1055 1536 constituente
1074 1505 1182 1545 ipsum
1202 1505 1297 1535 talem
1314 1505 1346 1535 in

276 1561 342 1581 esse
366 1550 495 1581 morali:
520 1550 601 1580 sicut
625 1550 783 1580 visionem
807 1550 942 1580 dicimus
965 1549 1162 1589 impudicam
1187 1559 1223 1579 ex
1247 1559 1346 1589 appo-

275 1595 388 1626 sitione
416 1594 608 1625 conditionis
636 1595 738 1624 malae
766 1594 936 1625 moraliter.
970 1594 1010 1624 Et
1040 1593 1194 1634 quoniam
1226 1593 1346 1624 morale
1373 1623 1374 1635 χ

1372 1638 1374 1650 ⁴
1401 1638 1555 1679 quoniam
1578 1638 1776 1678 impossibile
1793 1645 1839 1669 est
1861 1638 1976 1675 videre,
2000 1646 2031 1669 et
2046 1639 2126 1669 nihil
2140 1639 2261 1675 videre;
2286 1639 2354 1670 sine
2370 1639 2474 1680 specie

275 1639 429 1680 supponit
452 1639 602 1675 naturale,
628 1639 786 1679 habetque
810 1649 842 1669 se
866 1639 906 1668 ad
921 1638 1063 1668 naturale
1088 1645 1123 1668 ut
1146 1637 1289 1668 accidens
1306 1638 1346 1667 ad

275 1683 498 1719 substantiam
530 1683 582 1713 ille
612 1690 700 1713 actus
724 1683 837 1713 dicitur
861 1693 927 1713 esse
956 1692 1052 1722 supra
1079 1681 1262 1712 facultatem
1285 1682 1345 1712 hu-

275 1739 386 1759 manae
406 1735 536 1758 naturae
559 1728 667 1767 quoad
684 1727 892 1758 substantiam
909 1734 1008 1765 actus,
1025 1726 1081 1766 qui
1097 1726 1274 1756 secundum
1290 1736 1344 1756 na-

275 1773 408 1803 turalem
433 1782 524 1802 suam
548 1771 686 1811 speciem
718 1771 838 1801 excedit
865 1771 1048 1801 facultatem
1071 1770 1230 1800 humanae
1253 1777 1344 1801 natu-

275 1826 341 1847 rae:
366 1817 418 1846 ille
433 1826 509 1846 vero
534 1815 648 1845 dicitur
672 1826 738 1845 esse
762 1824 858 1855 supra
881 1815 1056 1845 humanam
1073 1821 1220 1844 naturam
1244 1823 1344 1854 quan—

275 1868 343 1891 tum
357 1861 395 1890 ad
408 1861 544 1890 modum
557 1866 654 1895 actus,
673 1866 702 1889 et
719 1869 785 1889 non
801 1866 958 1899 quantum
971 1859 1011 1889 ad
1022 1858 1107 1888 illius
1124 1858 1343 1894 substantiam,

274 1905 328 1945 qui
349 1904 526 1935 secundum
544 1903 720 1934 naturalem
736 1903 867 1943 quidem
884 1903 1022 1943 speciem
1038 1909 1143 1943 potest
1159 1902 1197 1932 ab
1213 1901 1345 1932 homine

274 1949 348 1985 fieri,
374 1949 428 1979 sed
448 1947 625 1978 secundum
642 1947 798 1978 moralem
815 1947 1032 1978 conditionem
1048 1946 1169 1978 excedit
1187 1946 1344 1976 humanas

274 1994 362 2029 vires,
389 1999 423 2023 ut
447 1992 574 2032 diligere
598 1992 703 2022 Deum
727 1992 897 2022 meritorie.
922 1993 1031 2022 Potest
1054 1991 1140 2021 enim
1164 1991 1265 2021 homo
1290 2001 1345 2021 na-

273 2045 360 2069 turae
383 2037 501 2067 viribus
525 2037 631 2067 Deum
654 2036 793 2076 diligere,
818 2036 873 2066 sed
898 2046 963 2066 non
983 2035 1154 2072 meritorie,
1171 2035 1231 2066 nisi
1247 2045 1283 2065 ex
1298 2035 1344 2065 in-

273 2082 341 2112 fusa
366 2081 508 2112 caritate:
539 2091 621 2122 quae
645 2081 670 2111 si
694 2088 876 2121 apponatur
899 2080 983 2111 actui
1007 2090 1073 2122 quo
1098 2079 1196 2120 diligo
1219 2079 1342 2116 Deum,

271 2133 358 2157 actus
383 2135 471 2156 meae
491 2125 669 2156 dilectionis
693 2125 822 2156 sortitur
838 2135 875 2155 ex
891 2135 927 2155 ea
951 2125 1037 2156 hunc
1060 2124 1207 2160 modum,
1228 2123 1346 2156 scilicet

272 2171 443 2201 meritorie.
467 2170 508 2200 Et
531 2170 674 2200 similiter
696 2180 831 2210 possum
851 2179 910 2209 ego
935 2179 972 2200 ex
988 2169 1120 2210 proprio
1137 2169 1297 2200 intellectu
1315 2175 1345 2200 et

272 2216 434 2246 voluntate
458 2214 608 2245 assentire
631 2214 679 2244 his
704 2225 787 2255 quae
810 2221 885 2245 sunt
907 2213 999 2244 fidei:
1034 2214 1089 2244 sed
1113 2224 1178 2244 non
1203 2213 1344 2244 laudabi-

272 2261 350 2295 liter,
368 2266 436 2295 etc.,
462 2259 521 2289 nisi
544 2269 583 2290 ex
607 2259 715 2289 habitu
740 2258 813 2289 fidei
838 2259 990 2289 habeatur
1013 2258 1071 2289 iste
1095 2258 1223 2289 modus.

327 2304 401 2334 Non
429 2311 502 2334 sunt
530 2310 638 2334 autem
667 2310 755 2334 actus
788 2303 972 2334 excedentes
1003 2303 1112 2344 quoad
1136 2302 1345 2333 substantiam

273 2355 359 2379 actus
382 2348 556 2378 humanam
581 2355 738 2384 naturam,
764 2347 859 2378 unius
883 2347 1023 2379 rationis.
1050 2348 1134 2378 Nam
1153 2347 1287 2388 quidam
1302 2346 1345 2377 ita

273 2393 427 2424 excedunt
450 2400 486 2423 ut
509 2392 572 2423 sint
594 2392 912 2423 incommunicabiles
937 2392 1057 2429 eidem,
1083 2398 1119 2422 ut
1142 2399 1261 2422 creare:
1295 2391 1346 2421 vel

273 2439 311 2469 de
334 2437 417 2468 facto
441 2437 565 2468 homini
589 2447 654 2467 non
680 2437 968 2473 communicantur,
994 2436 1053 2467 nisi
1075 2435 1272 2477 deprecative
1288 2445 1344 2466 seu

274 2482 421 2522 optative,
447 2489 482 2513 ut
505 2482 606 2512 facere
637 2482 740 2512 solem
770 2489 870 2520 stare,
895 2488 1062 2512 mortuum
1091 2480 1290 2517 resuscitare,
1315 2487 1346 2511 et

274 2526 468 2563 huiusmodi,
485 2536 577 2566 quae,
603 2532 638 2556 ut
661 2526 742 2569 infra
760 2526 778 2545 *
801 2526 930 2566 patebit,
955 2526 1042 2557 Deus
1062 2525 1129 2566 ipse
1145 2525 1184 2556 ad
1204 2525 1345 2556 hominis

274 2571 450 2602 orationem
473 2571 523 2601 vel
548 2577 663 2601 nutum
688 2578 848 2611 operatur.
875 2588 896 2594 —
925 2570 1067 2608 Quidam
1090 2579 1166 2600 vero
1191 2576 1266 2600 sunt
1289 2569 1346 2611 qui

273 2616 312 2646 de
336 2615 418 2646 facto
443 2615 724 2646 communicantur
746 2614 880 2652 homini,
906 2622 942 2646 ut
957 2615 1062 2646 videre
1081 2615 1198 2646 Deum.
1224 2613 1346 2645 Huius-

274 2660 361 2690 modi
386 2659 471 2690 enim
495 2667 583 2691 actus
612 2660 791 2691 secundum
815 2669 907 2690 suam
931 2659 1109 2690 naturalem
1133 2658 1271 2700 speciem
1295 2669 1344 2689 ex-

274 2705 354 2735 cedit
376 2704 492 2735 limites
515 2704 672 2736 facultatis
692 2711 822 2735 naturae
838 2704 998 2735 humanae
1018 2712 1048 2736 et
1065 2710 1224 2735 creaturae
1241 2703 1345 2734 cuius-

939 318 1206 364 QUAESTIO
1238 317 1411 364 CLXXI,
1441 318 1738 356 ARTICULUS
1770 320 1818 356 III

1402 402 1467 426 tem
1490 397 1615 428 animae
1638 405 1776 434 nostrae,
1797 408 1862 429 non
1887 399 1993 429 solum
2017 398 2092 439 quia
2115 398 2148 428 in
2169 408 2205 429 ea
2227 405 2315 429 actus
2334 399 2391 429 iste
2415 409 2472 439 po-

1402 440 1503 470 nitur:
1529 441 1583 471 sed
1606 442 1691 482 quia,
1717 449 1752 472 ut
1775 442 1808 472 in
1830 443 1933 473 littera
1956 443 2078 477 dicitur.
2104 443 2243 473 elevatur
2265 453 2321 484 per
2348 444 2471 473 donum

1401 484 1460 514 Dei
1483 485 1590 515 anima
1613 486 1653 515 ad
1676 486 1738 516 hoc
1762 494 1798 517 ut
1821 487 1860 517 sit
1883 494 1997 528 potens
2022 487 2132 518 elicere
2155 487 2251 518 talem
2273 494 2390 523 actum,
2416 487 2471 528 qui

1401 538 1476 559 suae
1500 528 1682 559 facultatem
1697 538 1826 561 naturae
1841 532 1945 562 nudae
1960 531 2095 567 excedit;
2120 531 2164 562 ita
2180 531 2268 572 quod
2283 530 2319 562 fit
2333 539 2369 562 ut
2385 539 2472 562 actus

1401 572 1470 603 talis
1494 583 1560 603 non
1585 573 1713 604 excedat
1735 573 1919 605 facultatem
1943 582 2074 606 naturae
2098 576 2247 614 elevatae,
2272 575 2328 616 qui
2352 575 2473 606 excedit

1402 617 1586 647 facultatem
1610 624 1750 649 naturae.

1456 661 1539 693 VIII.
1564 662 1614 691 Ad
1631 661 1768 701 primam
1792 672 1865 702 ergo
1890 663 2102 694 obiectionem
2131 664 2164 694 in
2181 664 2369 704 oppositum
2384 664 2401 683 *
2425 663 2470 694 di-

1401 705 1481 736 citur
1504 706 1594 746 quod
1617 706 1704 736 aliud
1724 713 1770 736 est
1793 713 1900 737 actum
1916 707 2106 747 cognitionis
2122 718 2190 739 esse
2204 709 2312 749 quoad
2328 709 2473 739 substan-

1372 757 1374 767 *
1401 750 1478 780 tiam
1502 757 1590 780 actus
1614 751 1652 780 ab
1676 750 1838 781 intellectu
1861 758 1990 782 nostro:
2014 759 2046 782 et
2068 752 2154 782 aliud
2171 760 2218 783 est
2240 759 2348 783 actum
2365 752 2471 793 cogni-

1400 794 1495 824 tionis
1519 795 1666 825 excedere
1689 795 1798 835 quoad
1821 795 2029 826 substantiam
2051 803 2149 833 actus,
2173 797 2355 828 facultatem
2380 804 2471 828 natu-

1372 841 1374 864 i
1401 839 1500 869 ralem
1523 838 1700 869 intellectus
1716 839 1826 870 nostri.
1851 839 1936 870 Nam
1951 839 2092 880 primum
2107 840 2262 880 significat
2276 849 2382 872 actum
2398 852 2471 872 cau-

1401 883 1461 913 sari
1493 884 1601 924 quoad
1636 883 1845 914 substantiam
1875 890 1963 914 actus
1993 894 2011 914 a
2040 891 2150 915 nostro
2177 885 2352 922 intellectu,
2383 887 2472 926 quod

1400 926 1577 958 verificatur
1600 927 1638 957 de
1654 927 1814 958 intellectu
1832 934 1941 958 nostro
1959 928 2080 958 elevato
2097 938 2153 969 per
2169 929 2292 960 donum
2310 930 2472 961 divinum:

1402 972 1579 1002 secundum
1596 979 1704 1002 autem
1720 971 1875 1012 significat
1898 972 2141 1012 proportionem
2157 980 2245 1004 actus
2259 973 2345 1005 iuius
2361 985 2472 1005 secun-

1403 1017 1481 1046 dum
1513 1016 1723 1047 substantiam
1752 1017 1793 1046 ad
1825 1017 2002 1047 naturalem
2035 1016 2219 1048 facultatem
2249 1018 2344 1049 illius.
2380 1019 2473 1050 Unde

1402 1111 1475 1135 vato
1500 1112 1616 1141 tamen,
1641 1106 1748 1146 quoad
1773 1105 1983 1136 substantiam
2007 1112 2105 1137 actus.
2138 1105 2289 1146 Cognitio
2313 1106 2473 1147 siquidem

1402 1149 1461 1180 Dei
1490 1149 1686 1180 contrahitur
1713 1150 1752 1180 ad
1782 1149 1999 1190 cognitionem
2022 1149 2155 1180 visivam
2186 1160 2242 1191 per
2265 1149 2473 1182 differentiam

1402 1283 1450 1313 nis
1474 1283 1592 1323 gloriae
1616 1283 1655 1313 sit
1677 1283 1768 1319 visio,
1795 1283 2073 1323 quemadmodum
2097 1283 2252 1323 contingit
2273 1283 2307 1314 in
2331 1291 2402 1314 actu
2427 1284 2473 1314 di-

1402 1327 1546 1358 lectionis
1570 1327 1628 1358 Dei
1652 1337 1689 1357 ex
1713 1327 1856 1363 caritate;
1882 1328 1937 1358 sed
1961 1334 2086 1358 tantum
2110 1335 2157 1359 est
2171 1327 2215 1358 ibi
2231 1335 2319 1359 actus
2335 1329 2473 1359 substra-

1402 1380 1453 1403 tus
1476 1372 1754 1412 quemadmodum
1778 1379 1888 1402 natura
1913 1372 2034 1412 generis
2058 1372 2244 1412 intelligitur
2262 1372 2403 1404 subiecta
2419 1382 2474 1403 na-

1402 1425 1490 1448 turae
1514 1416 1716 1447 differentiae.
1741 1416 1781 1446 Et
1805 1416 1917 1452 simile,
1942 1417 2050 1458 quoad
2074 1416 2293 1457 propositum,
2318 1417 2415 1448 habes
2438 1417 2472 1448 in

1402 1461 1523 1491 visione
1548 1460 1716 1501 corporali.
1741 1461 1886 1491 Potentia
1909 1461 1996 1491 enim
2019 1461 2118 1492 visiva
2141 1468 2187 1492 est
2210 1460 2404 1501 principium
2428 1461 2473 1492 vi—

1373 1512 1374 1525 *
1402 1505 1497 1536 dendi
1520 1506 1629 1546 quoad
1652 1505 1861 1535 substantiam
1885 1513 1982 1542 actus,
2008 1516 2074 1536 non
2097 1506 2140 1537 ita
2163 1506 2252 1547 quod
2267 1506 2355 1536 visus
2371 1506 2475 1538 eliciat

1373 1556 1374 1559 ’
1401 1549 1611 1580 substantiam
1634 1556 1722 1580 actus
1736 1549 1874 1586 videndi,
1892 1557 1922 1580 et
1937 1550 2056 1590 species
2079 1550 2208 1580 visibilis
2232 1557 2373 1591 apponat
2397 1550 2474 1581 acci-

1401 1594 1561 1624 dentalem
1591 1593 1776 1634 qualitatem
1806 1604 1870 1634 qua
1896 1594 1976 1624 visio
2006 1595 2045 1626 sit
2073 1594 2161 1631 talis,
2187 1602 2265 1635 puta
2287 1594 2366 1626 visio
2391 1595 2472 1626 albi:

1401 1690 1508 1714 autem
1531 1682 1646 1713 visibili
1671 1682 1750 1712 nihil
1772 1682 1906 1714 videtur.
1939 1683 2014 1713 Non
2038 1683 2133 1723 igitur
2157 1683 2270 1714 oculus
2294 1684 2474 1716 secundum

1401 1736 1433 1757 se
1457 1733 1503 1757 est
1526 1726 1719 1767 principium
1742 1726 1886 1758 videndi:
1911 1728 1966 1758 sed
1989 1728 2032 1758 ita
2055 1727 2144 1768 quod
2167 1727 2253 1758 visus
2277 1727 2380 1767 specie
2402 1738 2473 1768 per-

1399 1770 1500 1801 fectus
1530 1771 1612 1810 parit
1639 1771 1797 1801 visionem
1834 1771 1930 1802 talem
1964 1771 2178 1803 essentialiter.
2214 1771 2338 1803 Dicitur
2365 1779 2472 1803 autem

1399 1815 1488 1855 quod
1511 1814 1597 1845 visus
1620 1822 1667 1845 est
1690 1815 1819 1855 propria
1849 1825 1944 1846 causa
1966 1816 2097 1846 visionis
2128 1816 2305 1847 secundum
2327 1817 2472 1848 substan-

1398 1859 1490 1893 tiam,
1515 1865 1546 1889 et
1569 1858 1688 1899 species
1718 1859 1847 1900 propria
1870 1869 1965 1890 causa
1987 1860 2118 1891 visionis
2141 1860 2319 1891 secundum
2342 1861 2472 1902 qualita-

1398 1909 1473 1939 tem,
1492 1902 1690 1933 essentialem
1706 1909 1831 1934 tamen:
1857 1910 1892 1934 ut
1914 1903 1988 1934 inde
2003 1904 2196 1944 percipiatur
2211 1904 2365 1936 resolutio
2383 1915 2470 1945 prae-

1399 1947 1578 1978 dicatorum
1601 1947 1827 1984 essentialium,
1849 1947 1965 1979 scilicet
1988 1947 2180 1979 differentiae
2204 1954 2236 1979 et
2256 1958 2422 1988 generum,
2438 1949 2472 1981 in

1398 2001 1472 2022 suas
1489 2001 1608 2022 causas,
1628 1991 1716 2022 Sicut
1732 1991 1867 2022 dicimus
1884 1992 1973 2033 quod
1988 1992 2078 2023 fortis
2093 1992 2286 2034 inquantum
2301 1992 2363 2030 hic,
2381 2000 2412 2024 et
2423 1993 2472 2025 in·

1398 2042 1556 2077 quantum
1571 2035 1683 2072 homo,
1697 2042 1727 2067 et
1742 2036 1934 2077 inquantum
1951 2036 2078 2073 animal,
2095 2043 2126 2068 et
2137 2037 2266 2068 tandem
2278 2037 2471 2078 inquantum

1370 2099 1371 2103 =
1398 2090 1464 2117 ens,
1478 2081 1572 2111 habet
1588 2080 1684 2111 aliam
1701 2088 1731 2111 et
1752 2080 1847 2112 aliam
1862 2081 2026 2122 propriam
2043 2091 2182 2118 causam,
2199 2081 2233 2112 in
2249 2091 2348 2123 quam
2363 2081 2471 2114 reduci

1398 2135 1454 2165 per
1477 2135 1509 2156 se
1526 2125 1631 2166 primo
1656 2132 1784 2166 oportet
1799 2125 1947 2157 effectum
1962 2125 2165 2156 huiusmodi:
2193 2132 2225 2157 et
2239 2136 2306 2157 non
2323 2126 2472 2158 dicuntur

1398 2170 1475 2200 haec
1488 2169 1578 2211 quasi
1598 2169 1726 2200 effectus
1747 2169 1862 2201 habeat
1876 2170 1983 2211 plures
2007 2180 2066 2207 res,
2085 2180 2223 2212 quarum
2238 2180 2303 2201 una
2326 2178 2474 2203 causatur

1399 2215 1437 2245 ab
1462 2224 1526 2245 una
1550 2221 1581 2245 et
1603 2214 1699 2245 altera
1723 2215 1762 2245 ab
1787 2215 1883 2245 altera
1907 2225 2011 2251 causa,
2029 2221 2065 2246 ut
2086 2214 2119 2245 in
2135 2215 2350 2257 metaphysica
2374 2222 2470 2256 patet.

1454 2258 1495 2289 Et
1518 2268 1574 2299 per
1596 2258 1674 2290 haec
1697 2265 1782 2299 patet
1812 2259 1930 2290 solutio
1959 2259 2115 2290 secundae
2144 2259 2342 2291 obiectionis.
2377 2259 2474 2292 Nulla

1398 2303 1557 2344 siquidem
1580 2302 1756 2343 implicatio
1780 2309 1827 2334 est
1850 2303 1952 2334 dicere
1975 2304 2065 2345 quod
2088 2310 2176 2335 actus
2200 2304 2377 2335 secundum
2402 2305 2475 2336 sub-

1399 2347 1548 2378 stantiam
1572 2357 1673 2384 suam,
1698 2347 1760 2378 hoc
1784 2354 1839 2384 est,
1863 2348 2040 2379 naturalem
2065 2358 2158 2379 suam
2177 2348 2337 2390 speciem„
2352 2349 2475 2381 excedit

1399 2391 1583 2423 facultatem
1606 2391 1746 2422 hominis
1770 2392 1962 2423 naturalem:
1988 2399 2019 2423 et
2042 2392 2154 2429 dicere,
2180 2403 2255 2424 cum
2278 2393 2357 2430 hoc,
2382 2393 2474 2434 quod

1399 2436 1587 2467 huiusmodi
1602 2443 1690 2467 actus
1706 2437 1815 2477 quoad
1836 2436 2044 2468 substantiam
2061 2447 2153 2468 suam
2173 2447 2246 2468 vere
2267 2444 2313 2469 est
2331 2437 2472 2469 hominis

1400 2481 1527 2517 elevati,
1560 2487 1590 2512 et
1616 2490 1688 2511 vere
1719 2488 1866 2512 causatur
1893 2482 1931 2512 ab
1956 2481 2088 2513 homine
2112 2482 2251 2519 elevato,
2276 2489 2308 2514 et
2329 2492 2402 2513 vere
2425 2489 2474 2514 est

1399 2531 1488 2556 actus
1511 2525 1613 2556 vitalis
1637 2532 1667 2556 et
1690 2526 1729 2556 ab
1752 2525 1923 2557 intrinseco
1947 2525 2088 2557 hominis
2113 2526 2223 2557 elevati
2246 2536 2303 2567 per
2326 2526 2472 2558 divinum

1399 2570 1534 2607 donum,
1559 2569 1624 2600 sive
1647 2569 1816 2607 habituale‚
1842 2577 1878 2601 ut
1900 2570 1933 2601 in
1957 2570 2067 2611 patria,
2088 2570 2153 2602 sive
2175 2580 2232 2611 per
2247 2571 2384 2602 modum
2400 2581 2472 2612 pas-

1399 2614 1514 2650 sionis,
1540 2621 1575 2645 ut
1599 2614 1631 2644 in
1655 2614 1822 2655 proposito
1848 2615 1886 2646 de
1909 2614 2074 2656 prophetis
2101 2614 2246 2647 dicimus.

1454 2659 1625 2699 Habesque
1649 2659 1722 2690 hinc
1747 2659 1842 2690 aliam
1866 2659 2051 2700 prophetiae
2073 2659 2292 2691 conditionem
2303 2660 2330 2696 *‚
2353 2660 2472 2692 scilicet

1400 2703 1489 2744 quod
1513 2713 1578 2733 non
1603 2710 1650 2734 est
1672 2703 1851 2741 habituale,
1877 2705 1932 2735 sed
1956 2704 2076 2735 actuale
2108 2705 2232 2736 donum
2255 2714 2312 2744 per
2335 2705 2474 2736 modum

274 2759 421 2789 cumque,
447 2755 476 2779 et
501 2755 547 2780 est
571 2749 629 2780 soli
654 2749 724 2780 Deo
748 2749 973 2780 connaturalis.
1000 2748 1268 2780 Communicatur
1290 2758 1347 2778 au·
1369 2766 1372 2782 .
1400 2748 1599 2779 transeuntis.

1078 2911 1400 2954 ARTICULUS
1429 2911 1662 2954 TERTIUS

676 3007 833 3038 UTRUM
858 3006 1108 3038 pnopnarm
1133 3006 1200 3038 srr
1225 3005 1372 3037 sotuM
1396 3005 1676 3037 FUTURORUM
1699 3004 2071 3038 CONTINGENTIUM

487 3085 517 3110 111
539 3085 615 3110 Cont.
637 3085 723 3114 Geni„
744 3093 799 3118 cap.
819 3092 894 3116 cmv3
916 3086 957 3110 De
979 3085 1069 3115 Verit„
1088 3093 1134 3118 qu.
1152 3093 1195 3115 χιι.
1215 3090 1261 3111 art.
1282 3091 1312 3115 2;
1334 3084 1362 3110 In
1384 3084 1482 3110 Psalm.
1501 3091 1531 3114 ις
1553 3084 1582 3109 1η
1603 3085 1711 3115 kalam,
1731 3092 1787 3118 cap.
1805 3091 1829 3115 ι;
1847 3084 1892 3111 Ad
1909 3084 1996 3114 Rom„
2015 3092 2070 3117 cap.
2089 3092 2133 3115 ιιι,
2153 3085 2210 3111 lect.
2229 3092 2256 3111 u.

305 3180 368 3227 ),ἢ
391 3183 425 3213 *a
412 3187 464 3235 ξ(
486 3176 508 3201 D
527 3175 688 3201 TERTIUM
708 3177 761 3202 src
781 3176 1024 3203 PROCEDITUR.
1053 3165 1215 3204 Videtur
1239 3165 1344 3226 quod

305 3197 463 3279 ζῗέᾈζῇ
486 3217 690 3266 prophetia
719 3217 764 3255 sit
793 3219 917 3256 solum
947 3220 1162 3257 futurorum
1199 3218 1344 3257 contin-

296 3252 409 3349 ),t'kn
431 3262 458 3319 <q
473 3269 669 3318 gentium.
691 3271 790 3308 Dicit
805 3272 909 3310 enirn
930 3272 1220 3311 Cassiodorus*
1239 3273 1345 3322 quod

336 3298 432 3355 §3¹50
448 3314 480 3359 Nx
499 3325 683 3373 rophetia
711 3331 764 3362 est
786 3326 979 3374 inspiratio
1009 3327 1068 3363 vel
1095 3327 1272 3364 revelatio
1291 3327 1346 3364 di-

279 3374 367 3410 vina
396 3387 524 3413 rerum
552 3383 703 3414 eventus
725 3379 910 3416 immobili
935 3380 1091 3417 veritate
1109 3380 1344 3418 denuntians.

282 3427 359 3464 Sed
379 3433 530 3465 eventus
549 3430 712 3478 pertinet
731 3432 778 3468 ad
799 3432 1057 3480 contingentia
1076 3433 1213 3471 futura.
1241 3434 1344 3483 Ergo

281 3480 332 3570 dg
357 3479 445 3516 solis
475 3482 774 3530 contingentibus
810 3485 942 3522 futuris
970 3486 1013 3523 fit
1041 3487 1221 3524 revelatio
1257 3499 1345 3537 pro-

280 3545 304 3582 p
335 3532 441 3570 etica.

336 3598 370 3623 2.
392 3587 626 3635 Prusiam,
646 3589 762 3636 gratia
775 3591 997 3638 prophetiae
1016 3591 1196 3630 dividitur
1215 3600 1347 3630 contra

280 3639 502 3688 sapientiam
540 3648 577 3677 et
596 3642 737 3688 fidem,
768 3654 865 3691 quae
904 3652 990 3681 sunt
1028 3644 1075 3681 de
1113 3645 1271 3691 divinis;
1311 3653 1374 3690 et,

1399 3164 1659 3202 discretionem
1696 3165 1917 3214 spirituum,
1961 3176 2060 3213 quae
2095 3171 2150 3202 est
2188 3164 2235 3202 de
2278 3165 2471 3214 spiritibus

1400 3217 1552 3263 creatis;
1584 3225 1620 3255 et
1637 3218 1843 3264 scientiam,
1865 3229 1963 3267 quae
1983 3225 2039 3254 est
2068 3218 2116 3255 de
2137 3217 2250 3255 rebus
2269 3219 2469 3266 humanis;

1399 3278 1440 3308 ut
1469 3278 1572 3320 patet
1601 3272 1615 3308 1
1645 3271 1698 3308 ad
1719 3271 1806 3309 Cor.
1826 3270 1919 3309 xn*.
1950 3270 2112 3308 Habitus
2141 3279 2268 3309 autem
2299 3280 2336 3310 et
2363 3281 2470 3311 actus

1401 3323 1681 3372 distinguuntur
1701 3325 1912 3362 secundum
1933 3323 2103 3361 obiecta:
2132 3333 2174 3362 ut
2201 3333 2304 3375 patet
2327 3338 2397 3376 per
2424 3337 2470 3364 ea

1400 3389 1500 3426 quae
1529 3389 1646 3426 supra
1663 3376 1684 3398 '¹‘
1711 3376 1811 3414 dicta
1839 3383 1937 3414 sunt.
1977 3377 2079 3426 Ergo
2107 3377 2259 3416 videtur
2285 3379 2392 3428 quod
2421 3379 2469 3417 de
2498 3391 2507 3400 ·

1401 3431 1505 3467 nullo
1534 3429 1745 3478 pertinente
1766 3429 1814 3467 ad
1835 3429 1990 3478 aliquod
2010 3432 2150 3468 horum
2180 3431 2226 3470 sit
2252 3433 2467 3482 prophetia.

1401 3482 1641 3532 Relinquitur
1669 3494 1758 3531 ergo
1788 3483 1894 3532 quod
1923 3483 1970 3521 sit
1997 3485 2124 3522 solum
2144 3484 2192 3523 de
2216 3485 2350 3524 futuris
2379 3498 2468 3524 con·

1399 3535 1637 3584 tingentibus.

1456 3589 1490 3625 3.
1513 3589 1748 3636 plumeam,
1779 3588 1976 3628 diversitas
2005 3590 2144 3629 obiecti
2181 3599 2312 3630 causat
2345 3591 2468 3630 diver-

1401 3639 1549 3678 sitatem
1570 3641 1727 3690 speciei:
1748 3650 1789 3679 ut
1810 3655 1853 3679 ex
1875 3656 1988 3693 supra
2002 3643 2022 3666 ⁸¹⁸
2042 3643 2149 3682 dictis
2172 3653 2286 3694 patet.
2318 3644 2357 3682 Si
2378 3656 2468 3693 ergo

2498 665 2508 676 ¹
2523 664 2595 687 Num.

2499 2667 2714 2722 ’eiiam-⁹32:

2497 3283 2508 3294 ⁴
2522 3282 2588 3306 Van.

2496 3651 2505 3660 ⁶
2519 3649 2578 3672 ibid.

2609 671 2640 686 Vl.

2603 3282 2616 3306 8
2631 3288 2684 3311 sqq.
