2768 4198
8 1104 31 1130 ¹⁴¹3
54 1109 70 1124 ⁸
79 1112 137 1142 Cup.
152 1118 201 1135 xix.

38 1564 226 1611 ζ’ῐεοοψοη.

67 3393 78 3404 ⁸
90 3392 157 3414 ven.
173 3398 204 3419 ¹4·

66 3494 78 3505 ⁸
91 3493 156 3517 Ver-s.
172 3500 204 3522 14.

946 282 1215 328 QUAESTIO
1246 284 1438 331 CLXXII,
1468 285 1766 322 ART1CULUS
1794 285 1845 322 Vl

299 360 462 408 divinus,
478 362 545 399 sed
565 361 680 398 etiam
699 361 908 398 intellectus
928 361 1151 407 angelorum
1173 362 1365 399 bonorum

299 422 336 451 et
354 415 557 461 malorum,
577 414 790 451 secundum
810 421 967 450 naturae
993 414 1181 451 ordinem.
1212 416 1260 451 Et
1278 415 1365 452 ideo

298 467 489 514 quaedam
527 474 762 515 cognoscunt
804 467 1025 512 daemones,
1055 468 1167 504 etiam
1203 480 1271 504 sua
1299 481 1365 505 na-

297 520 406 557 turali
435 520 661 568 cognitione,
684 531 782 568 quae
812 527 898 556 sunt
926 528 1075 556 remota
1099 521 1146 557 ab
1162 521 1363 558 hominum

299 573 534 620 cognitione,
578 585 676 622 quae
719 581 879 621 possunt
923 573 1143 611 hominibus
1181 576 1363 612 revelare.

299 625 526 674 Simpliciter
552 634 681 663 autem
710 634 746 663 et
782 626 949 663 maxime
983 635 1131 664 remota
1160 635 1247 664 sunt
1266 640 1364 676 quae

297 680 400 715 solus
446 680 552 715 Deus
590 679 795 727 cognoscit.
835 681 884 717 Et
915 680 1003 717 ideo
1040 681 1241 730 prophetia
1277 694 1364 730 pro-

296 731 375 779 prie
406 739 442 768 et
470 732 687 781 simpliciter
716 733 813 770 dicta
837 734 880 770 fit
908 734 1032 770 solum
1069 747 1138 782 per
1166 734 1363 772 revelatio-

298 797 386 822 nem
423 785 605 823 divinam.
645 786 723 823 Sed
753 794 789 823 et
825 787 907 835 ipsa
943 788 1125 824 revelatio
1162 788 1259 824 facta
1297 800 1365 836 per

297 837 521 886 daemones,
541 847 666 888 potest
694 840 908 878 secundum
928 840 1021 889 quid
1050 841 1123 878 dici
1150 841 1363 889 prophetia.

297 891 409 928 Unde
437 891 487 928 illi
508 893 646 941 quibus
666 893 808 942 aliquid
828 905 896 943 per
925 893 1135 931 daemones
1165 895 1364 941 revelatur,

297 956 376 981 non
406 945 582 983 dicuntur
609 947 647 984 in
668 947 870 996 Scripturis
892 949 1103 996 prophetae
1133 947 1364 996 simpliciter,

296 998 365 1035 sed
394 1010 483 1036 cum
512 1000 638 1049 aliqua
666 1001 873 1049 additione,
902 1009 1007 1049 puta,
1030 1003 1239 1053 prophetae
1252 1001 1364 1049 falsi,

295 1053 369 1098 vel,
394 1054 603 1100 prophetae
630 1053 831 1091 idolorum.
869 1054 982 1092 Unde
1009 1054 1265 1102 Augustinus,
1295 1054 1364 1090 XII

295 1117 409 1153 Super
440 1106 534 1145 Gen.
554 1107 606 1144 ad
627 1107 692 1144 litt.
712 1107 750 1143 *τ
785 1108 880 1144 Cum
908 1107 1032 1143 malus
1054 1108 1205 1155 spiritus
1232 1107 1368 1155 arripit

296 1159 486 1196 hominem
515 1160 552 1197 in
580 1161 685 1206 haec,
716 1160 856 1198 scilicet
883 1160 1076 1206 visa‚‡aut
1100 1160 1367 1197 daemoniacos

286 1213 398 1260 facit,
419 1218 487 1249 aut
511 1214 734 1262 arreptitios,
764 1219 832 1250 aut
845 1213 972 1260 falsos
994 1214 1213 1261 prophetas.

349 1268 409 1302 AD
429 1278 566 1304 ptumum
586 1278 685 1304 ERGO
706 1279 890 1303 DICENDUM
911 1266 1015 1315 quod
1042 1266 1296 1302 Cassiodorus
1316 1265 1367 1302 ibi

259 1335 261 1337 ·
296 1318 430 1355 definit
457 1320 698 1368 prophetiam
723 1319 878 1369 proprie
905 1327 941 1356 et
969 1319 1187 1368 simpliciter
1215 1319 1366 1355 dictam.

2410 286 2482 323 383

1473 365 1532 399 AD
1574 375 1765 400 SECUNDUM
1808 375 1992 401 DtCENDUM
2035 364 2140 412 quod
2190 364 2397 402 daemones
2440 377 2485 401 ea

1420 428 1519 463 quae
1561 417 1681 453 sciunt
1722 416 1942 453 hominibus
1980 416 2240 464 manifestant,
2282 430 2360 454 non
2405 418 2485 465 qui-

1421 469 1509 506 dem
1537 481 1605 517 per
1633 470 1946 506 illuminationem
1976 470 2198 517 intellectus,
2230 472 2297 508 sed
2326 483 2394 519 per
2422 471 2485 507 ali-

1419 535 1535 571 quam
1562 522 1823 570 imaginariam
1853 523 2059 571 visionem,
2089 531 2152 560 aut
2185 524 2299 561 etiam
2328 524 2484 560 sensibi—

1419 575 1501 612 liter
1530 576 1797 625 colloquendO.
1829 576 1904 613 Et
1896 589 1934 613 m
1953 577 2028 614 hoc
2049 577 2176 614 deficit
2202 578 2299 614 haec
2321 578 2484 626 prophe-

1418 629 1468 665 tia
1497 641 1519 665 a
1544 641 1647 666 vera.

1471 684 1530 718 Αι)
1572 694 1733 719 TER-rium
1771 694 1957 720 mCENDUM
1996 685 2100 731 quod
2134 683 2322 731 aliquibus
2355 683 2481 731 signis,

1390 763 1392 772 ,
1420 735 1532 772 etiam
1563 735 1820 782 exterioribus,
1845 735 2005 773 discerni
2026 744 2150 784 potest
2168 736 2367 786 prophetia
2395 737 2482 774 dae-

1419 800 1581 825 monum
1611 801 1632 824 a
1661 789 1860 837 prophetia
1890 789 2030 826 divina.
2059 790 2171 827 Unde
2201 790 2289 828 dicit
2317 790 2483 838 Chryso-

1419 849 1577 888 stomus,
1597 853 1711 891 super
1737 842 1875 879 Matth.
1896 841 1926 889 ²¹²,
1956 844 2061 891 quod
2088 844 2240 891 quidam
2258 844 2486 892 prophetant

1419 895 1456 931 in
1483 895 1614 943 spiritu
1634 895 1784 939 diaboli,
1805 895 1933 943 quales
1950 901 2038 932 sunt
2063 896 2311 934 divinatores.-
2338 897 2405 933 sed
2429 897 2483 933 sic

1419 948 1692 993 discernuntur,
1713 949 1892 996 quoniam
1921 949 2090 986 diabolus
2109 950 2293 987 interdum
2302 950 2411 997 falsa
2430 950 2482 986 di-

1420 1002 1478 1047 cit,
1500 1001 1658 1049 Spiritus
1680 1001 1838 1037 Sanctus
1860 1013 2065 1049 nunquam.
2090 1003 2201 1040 Unde
2222 1003 2354 1040 dicitur
2372 1004 2481 1039 Deut.

1420 1053 1559 1090 xvi11*:
1580 1054 1623 1090 Si
1639 1054 1750 1090 tacita
1770 1054 1996 1103 cogitatione
2014 1056 2265 1103 responderis:
2289 1056 2484 1098 Quomodo

1415 1119 1571 1155 possum
1600 1105 1807 1156 intelligere
1834 1108 1991 1144 verbum
2025 1109 2126 1156 quod
2161 1121 2234 1146 non
2264 1115 2318 1146 est
2342 1109 2485 1146 locutus

1421 1159 1640 1196 Dominus?
1667 1160 1738 1196 hoc
1765 1160 1917 1196 habebis
1935 1161 2110 1210 signum.-
2142 1162 2252 1203 Quod
2278 1163 2315 1199 in
2336 1162 2486 1199 nomine

1422 1213 1580 1249 Domini
1600 1214 1785 1260 propheta
1806 1213 1866 1249 ille
1879 1214 2125 1261 praedixerit,
2146 1221 2182 1251 et
2208 1227 2282 1252 non
2311 1215 2484 1260 evenerit,

1423 1266 1493 1302 hoc
1521 1266 1707 1302 Dominus
1736 1278 1809 1302 non
1839 1272 1893 1302 est
1918 1267 2073 1304 locutus.

977 1407 1314 1443 Commentaria
1336 1406 1590 1439 cardinalis
1612 1406 1817 1439 Caietam

326 1488 347 1509 N
371 1479 504 1509 articulo
528 1479 642 1520 quinto
666 1479 809 1509 eiusdem
833 1478 1030 1520 quaestionis
1049 1478 1367 1517 centesimaeseptua—

299 1489 633 1563 Igefimaesemndae,
659 1523 773 1563 collige
797 1530 858 1553 tres
880 1522 1069 1553 differentias
1091 1522 1173 1553 inter
1195 1521 1368 1562 prophetas

295 1566 480 1609 simpliciter
495 1574 528 1598 et
542 1567 749 1598 daemonum.
766 1567 899 1598 Prima*
914 1574 961 1597 est
975 1567 1051 1608 quia
1067 1566 1234 1608 prophetia
1250 1565 1370 1606 simpli-

1393 1477 1396 1543 ι
1422 1485 1501 1507 num
1525 1478 1830 1518 praesumptionem,
1856 1488 1920 1508 non
1944 1485 2110 1508 vereantur
2133 1479 2310 1519 praedicere
2334 1489 2416 1520 quae
2435 1489 2488 1509 ne-

1423 1528 1537 1552 sciunt.

1478 1565 1624 1596 Secunda
1638 1566 1656 1585 *
1684 1573 1730 1597 est
1753 1567 1842 1607 quod
1866 1566 1919 1597 illa
1943 1573 1989 1597 est
2013 1577 2086 1597 cum
2110 1567 2344 1598 illuminatione
2368 1568 2488 1599 intelle—

295 1610 372 1643 citer
394 1611 534 1642 extendit
557 1622 590 1642 se
613 1612 652 1642 ad
670 1622 708 1642 ea
730 1621 812 1653 quae
827 1611 898 1642 Deo
915 1611 976 1642 soli
993 1618 1070 1642 nota
1086 1618 1171 1647 sunt,
1197 1621 1278 1651 quae
1295 1611 1370 1641 sunt
1424 1617 1510 1641 ctus:
1534 1610 1594 1640 ista
1613 1620 1688 1641 non.

295 1655 481 1697 simpliciter
502 1657 626 1696 procul,
647 1663 678 1687 et
693 1666 760 1687 non
776 1656 884 1687 solum
908 1656 1021 1696 procul
1037 1667 1055 1686 a
1071 1656 1173 1686 nobis.
1198 1655 1370 1695 Prophetia

295 1709 371 1739 vero
395 1701 592 1731 daemonum
623 1701 663 1731 ad
686 1701 739 1732 ina
770 1711 836 1731 non
861 1711 894 1731 se
918 1701 1058 1732 extendit
1080 1701 1189 1741 quoad
1213 1699 1369 1740 cognitio-

296 1753 387 1775 nem:
418 1745 564 1786 quamvis
593 1746 700 1786 quoad
731 1745 911 1786 superbiam
943 1745 1208 1785 temerariamque
1239 1745 1369 1774 daemo-

1479 1655 1587 1685 Tertia
1602 1655 1620 1674 *
1644 1662 1689 1685 est
1709 1655 1798 1695 quod
1822 1655 1876 1686 illa
1899 1665 2066 1696 nunquam
2090 1655 2177 1692 falsa,
2195 1655 2271 1687 haec
2295 1657 2489 1697 quandoque

1423 1699 1500 1729 falsa
1523 1697 1690 1742 (quamvis
1713 1699 1881 1731 falsitatem
1905 1700 2099 1741 quandoque
2126 1700 2286 1731 contineat
2310 1701 2368 1731 sub
2385 1701 2489 1741 specie

1425 1743 1628 1783 propheticae
1653 1743 1937 1786 comminationis).

1122 1881 1445 1922 ARTICULUS
1475 1879 1686 1921 SEXTUS

670 1974 827 2005 UTRUM
851 1974 1114 2006 PROPHETAE
1138 1974 1390 2005 DAEMONUM
1414 1972 1672 2010 ALIQUANDO
1697 1973 1812 2003 VERA
1836 1973 2113 2004 PRAEDICANT

955 2044 1031 2075 Infra,
1051 2052 1094 2077 qu.
1114 2052 1213 2075 cnxxrv,
1233 2050 1279 2070 art.
1300 2043 1324 2075 5,
1343 2045 1375 2070 ad
1394 2051 1411 2075 4
1418 2052 1425 2075 ;
1445 2043 1476 2068 111
1498 2044 1574 2068 Cont.
1596 2044 1683 2071 Gent.,
1703 2050 1759 2075 cap.
1778 2050 1846 2068 cuv.

333 2130 392 2159 κ.»
413 2131 470 2160 20<

429 2143 486 2227 {bii
511 2165 723 2214 prophetae
762 2165 999 2201 daemonum
1038 2177 1238 2212 nunquam
1274 2176 1367 2200 vera

448 2204 481 2262 ἒ
495 2217 745 2268 praedicant
762 2217 863 2255 Dicit
878 2217 979 2255 enim
991 2218 1249 2255 Ambrosius*
1264 2217 1368 2266 quod

357 2304 359 2306 .
469 2265 624 2309 &omne
635 2283 818 2317 verum,a
833 2272 1237 2320 quocumqueszcatur
1253 2271 1368 2319 aSpi-

300 2326 374 2363 ritu
404 2326 542 2362 Sancto
577 2331 640 2362 est.
676 2325 752 2362 Sed
781 2325 995 2384 prophetae·
1027 2325 1263 2362 daemonum
1292 2337 1368 2361 non

299 2380 508 2428 loquuntur
535 2391 558 2416 a
579 2377 718 2427 Spiritu
740 2379 903 2415 Sancto:
933 2378 1022 2426 quia
1045 2391 1118 2416 non
1140 2384 1194 2415 est
1211 2390 1371 2415 conven-

300 2434 350 2470 tio
384 2432 523 2469 Christi
548 2432 600 2469 ad
625 2431 763 2478 Belial,
793 2440 834 2468 ut
863 2432 998 2469 dicitur
1027 2433 1058 2468 ΙΙ
1093 2433 1145 2469 ad
1176 2433 1263 2469 Cor.
1284 2431 1370 2469 V1*.

302 2486 403 2534 Ergo
441 2485 593 2523 videtur
629 2485 735 2534 quod
770 2486 862 2522 tales
899 2498 1097 2534 nunquam
1132 2498 1226 2523 vera
1263 2497 1372 2534 prae-

301 2539 485 2576 nuntiant.

357 2605 391 2629 2.
422 2593 657 2639 PRAETEREA,
679 2592 773 2629 sicut
791 2592 872 2630 veri
900 2593 1112 2641 prophetae
1140 2591 1373 2640 inspirantur

301 2659 324 2683 a
354 2645 495 2694 Spiritu
523 2645 702 2692 veritatis,
733 2645 782 2682 ita
809 2647 1019 2695 prophetae
1050 2645 1287 2682 daemonum
1316 2645 1372 2682 in-

302 2699 491 2748 spirantur
519 2712 541 2736 a
570 2698 700 2748 spiritu
729 2699 935 2736 mendacii:
967 2699 1179 2735 secundum
1200 2699 1291 2736 illud
1321 2699 1371 2735 III

301 2754 399 2804 Reg.
430 2753 494 2790 ult.
515 2752 552 2790 *ε
582 2753 786 2802 Egrediar,
815 2758 851 2789 et
876 2764 941 2789 ero
969 2753 1120 2800 spiritus
1139 2752 1306 2789 mendax
1334 2753 1371 2788 in

302 2819 370 2844 ore
405 2807 575 2843 omnium
608 2807 882 2854 prophetarum
920 2806 1009 2842 eius.
1049 2806 1126 2842 Sed
1160 2807 1371 2854 prophetae

302 2860 470 2909 inspirati
491 2873 513 2897 a
534 2860 675 2909 Spiritu
696 2860 836 2896 Sancto
859 2871 1057 2907 nunquam
1078 2860 1283 2908 loquuntur
1307 2860 1372 2896 fal-

270 2925 276 2966 }
303 2926 402 2961 sum,
419 2921 459 2950 ut
479 2925 594 2962 supra
608 2912 628 2934 ‘³‘
646 2912 819 2950 habitum
842 2920 907 2949 est.
929 2913 1031 2960 Ergo
1052 2913 1262 2962 prophetae
1284 2913 1372 2950 dae-

303 2979 466 3005 monum
495 2979 694 3016 nunquam
723 2967 931 3015 loquuntur
958 2978 1107 3002 verum.

359 3021 393 3057 3.
427 3021 672 3067 PRAETEREA,
703 3021 808 3056 Ioan.
828 3018 929 3056 vm*
958 3018 1092 3056 dicitur
1130 3019 1177 3055 de
1217 3018 1371 3055 diabolo

304 3073 428 3120 quod,
457 3086 543 3111 cum
571 3074 737 3123 loquitur
767 3073 1018 3118 mendacium,
1048 3085 1098 3109 ex
1118 3073 1286 3121 propriis
1321 3072 1372 3108 Io-

305 3125 450 3174 quitur.-
477 3127 566 3176 quia
595 3127 765 3164 diabolus
793 3132 846 3163 est
871 3126 1052 3172 mendax,
1082 3131 1119 3162 et
1139 3131 1250 3174 pater
1281 3125 1371 3172 eius,

306 3177 402 3215 idest
436 3180 639 3217 mendacii.
677 3180 754 3217 Sed
783 3179 1004 3239 inspirando
1039 3179 1246 3227 prophetas
1282 3191 1372 3215 suos

308 3230 482 3268 diabolus
501 3245 580 3270 non
597 3233 766 3283 loquitur
793 3233 864 3270 nisi
886 3245 930 3269 ex
949 3232 1130 3282 propriis:
1161 3245 1240 3269 non
1270 3232 1372 3268 enirn

307 3283 508 3322 instituitur
525 3285 694 3323 minister
713 3286 785 3323 Dei
805 3286 854 3323 ad
868 3286 1066 3323 veritatem
1088 3285 1372 3333 enuntiandam,

308 3336 399 3384 quia
427 3349 501 3374 non
529 3343 583 3374 est
609 3341 803 3376 conventio
830 3340 924 3376 lucis
952 3340 1003 3377 ad
1028 3340 1219 3385 tenebras,
1249 3347 1290 3376 ut
1319 3339 1373 3376 di-

309 3389 403 3426 citur
431 3390 463 3426 II
487 3390 539 3427 ad
561 3390 647 3428 Cor.
666 3391 754 3431 V1*.
782 3393 884 3441 Ergo
904 3394 1116 3442 prophetae
1136 3393 1372 3430 daemonum

308 3455 507 3490 nunquam
536 3455 628 3480 vera
655 3444 878 3491 praedicunt
898 3451 926 3483 α.

363 3497 437 3533 SED
466 3507 612 3533 CONTRA
635 3507 702 3533 EST
729 3498 846 3545 quod,
866 3499 985 3536 Num.
1008 3511 1079 3536 xxn
1095 3498 1127 3546 ³¹⁶,
1154 3498 1240 3535 dicit
1259 3511 1373 3548 quae-

482 2135 487 2145 .
511 2123 535 2148 n
561 2122 704 2148 SEXTUM
730 2122 784 2147 SIC
810 2122 1052 2149 PROCEDITUR.
1077 2111 1238 2148 Videtur
1265 2111 1370 2160 quod
1395 2117 1397 2146 Ι
1425 2109 1514 2146 darn
1544 2109 1668 2157 glossa
1687 2108 1707 2130 ’¹‘
1736 2109 1842 2156 quod
1861 2109 2024 2146 Balaam
2043 2110 2190 2147 divinus
2209 2117 2311 2149 erat:
2340 2113 2488 2151 daemo-

1424 2175 1515 2199 num
1543 2162 1683 2199 scilicet
1707 2162 1924 2208 ministeria
1954 2169 1990 2199 et
2015 2169 2096 2200 arte
2123 2165 2288 2224 magica,
2318 2179 2489 2205 nonnun-

1424 2228 1538 2275 quam
1556 2217 1696 2264 futura
1721 2217 2004 2263 praenoscebat.
2036 2217 2142 2254 Sed
2136 2230 2215 2266 ipse
2236 2220 2355 2256 multa
2383 2233 2491 2270 prae-

1424 2269 1612 2306 nuntiavit
1639 2281 1748 2306 vera.
1783 2269 1879 2306 sicut
1907 2277 1963 2306 est
1991 2269 2029 2306 id
2057 2272 2161 2319 quod
2190 2272 2352 2309 habetur
2370 2274 2489 2312 Num.

1424 2335 1509 2360 xxtv
1528 2322 1563 2359 *t
1599 2323 1749 2360 Orietur
1766 2323 1870 2359 stella
1890 2335 1940 2359 ex
1958 2324 2086 2369 Iacob,
2107 2329 2143 2360 et
2160 2333 2364 2376 consurget
2379 2328 2530 2378 virga

1425 2377 1470 2413 de
1489 2352 1621 2414 Israel.
1643 2377 1746 2424 Ergo
1768 2376 1882 2428 etiam
1901 2377 2112 2425 prophetae
2133 2378 2367 2417 daemonum
2384 2393 2492 2429 prae-

1426 2430 1598 2468 nuntiant
1624 2442 1730 2467 vera.

1479 2485 1707 2522 RESPONDEO
1741 2479 1927 2522 mcENDUM
1955 2484 2060 2532 quod
2089 2485 2184 2521 sicut
2212 2498 2251 2522 se
2279 2486 2395 2524 habet
2424 2488 2491 2524 bo-

1426 2549 1520 2575 num
1549 2538 1589 2575 in
1616 2538 1742 2586 rebus,
1773 2538 1822 2574 ita
1848 2549 1985 2574 verum
2016 2537 2054 2574 in
2083 2538 2307 2586 cognitione.
2346 2541 2492 2589 Impos-

1426 2590 1530 2628 sibile
1560 2599 1616 2628 est
1644 2598 1772 2629 autem
1805 2590 1964 2628 inveniri
2002 2591 2140 2639 aliquid
2169 2592 2208 2628 in
2236 2593 2349 2629 rebus
2387 2595 2492 2642 quod

1426 2645 1589 2682 totaliter
1607 2646 1712 2682 bono
1728 2644 1743 2675 β
1761 2645 1930 2694 privetur
1943 2643 1974 2680 ²¹⁵.
1996 2644 2106 2681 Unde
2129 2644 2239 2681 etiam
2259 2645 2492 2694 impossibile

1427 2706 1482 2735 est
1511 2711 1593 2735 esse
1622 2698 1789 2747 aliquam
1824 2697 2079 2747 cognitionem
2116 2711 2214 2747 quae
2248 2700 2409 2736 totaliter
2448 2701 2494 2737 sit

1426 2751 1530 2798 falsa,
1562 2752 1707 2800 absque
1736 2751 1967 2789 admixtione
1997 2751 2153 2788 alicuius
2172 2752 2350 2789 veritatis.
2380 2753 2491 2790 Unde

1428 2813 1464 2842 et
1482 2805 1588 2842 Beda
1609 2805 1697 2843 dicit
1714 2805 1735 2826 ‘¹‘
1763 2806 1868 2855 quod
1889 2805 1991 2842 nulla
1999 2805 2108 2853 salsa
2136 2811 2190 2842 est
2207 2805 2376 2842 doctrina
2396 2818 2493 2854 quae
2520 2813 2530 2823 ⁸

1427 2871 1501 2896 non
1518 2859 1721 2907 aliquando
1736 2860 1864 2908 aliqua
1879 2859 2090 2906 verafalsis
2105 2859 2364 2896 intermisceat.
2381 2860 2491 2896 Unde

1428 2919 1464 2948 et
1492 2912 1573 2961 ipsa
1603 2912 1773 2950 doctrina
1802 2913 2048 2959 daemonum,
2070 2925 2145 2961 qua
2174 2925 2263 2949 suos
2287 2913 2532 2966 prophetas

1428 2965 1627 3012 instruunt,
1649 2966 1774 3014 aliqua
1801 2978 1893 3003 vera
1914 2966 2091 3013 continet,
2113 2978 2180 3014 per
2207 2978 2306 3013 quae
2335 2967 2490 3015 recepti-

1428 3018 1511 3056 bilis
1541 3019 1730 3056 redditur:
1760 3020 1814 3056 sic
1834 3019 1934 3056 enim
1962 3019 2171 3056 intellectus
2196 3019 2243 3055 ad
2263 3019 2400 3055 falsum
2428 3021 2492 3057 de-

1428 3072 1576 3110 ducitur
1603 3085 1672 3121 per
1699 3073 1961 3122 apparentiam
1991 3070 2167 3119 veritatis,
2194 3072 2288 3109 sicut
2315 3073 2491 3110 voluntas

1427 3126 1477 3162 ad
1511 3127 1656 3162 malum
1689 3138 1758 3174 per
1792 3125 2054 3175 apparentiam
2088 3125 2276 3162 bonitatis.
2316 3125 2427 3162 Unde
2458 3133 2493 3163 et

1429 3179 1727 3227 Chrysostomus
1758 3179 1863 3227 dicit,
1890 3190 2003 3227 super
2029 3179 2167 3215 Matth.
2187 3178 2227 3214 *τ
2266 3179 2492 3216 Concessum

1428 3238 1483 3268 est
1507 3232 1655 3268 diabolo
1684 3232 1870 3269 interdum
1898 3243 1990 3269 vera
2019 3232 2159 3278 dicere,
2189 3237 2229 3267 ut
2254 3232 2491 3269 mendacium

1427 3297 1537 3322 suum
1566 3297 1658 3322 rara
1687 3286 1842 3322 veritate
1869 3285 2111 3322 commendet.

1481 3340 1540 3375 Αι)
1561 3350 1699 3375 PRIMUM
1720 3349 1818 3375 ERGO
1843 3350 2029 3375 DICENDUM
2049 3337 2155 3386 quod
2173 3338 2383 3386 prophetae
2405 3338 2491 3375 dae-

1428 3404 1589 3428 monum
1618 3403 1696 3428 non
1726 3403 1878 3440 semper
1895 3392 2102 3440 loquuntur
2131 3402 2175 3427 ex
2205 3390 2416 3428 demonum
2437 3404 2492 3428 re-

1427 3445 1634 3492 velatione,
1665 3444 1733 3481 sed
1770 3443 1960 3481 interdum
1996 3456 2041 3481 ex
2068 3443 2312 3492 inspiratione
2342 3444 2491 3481 divina:

1429 3498 1523 3535 sicut
1542 3498 1741 3535 manifeste
1760 3497 1893 3546 legitur
1913 3497 1960 3535 de
1988 3498 2159 3545 Balaam,
2181 3497 2240 3534 cui
2260 3497 2395 3535 dicitur
2413 3499 2490 3534 Do-

362 3611 389 3642 α)
405 3609 577 3642 praedicunt.
591 3623 608 3628 —
622 3609 787 3641 praedicant
804 3610 993 3645 ABDEHLpC.

1481 3612 1507 3645 β)
1527 3613 1603 3638 bono.
1615 3627 1635 3631 —
1653 3619 1716 3638 vero
1735 3611 1947 3645 ABDEFHpCK,
1971 3602 2024 3636 non
2044 3612 2074 3641 L;
2094 3612 2136 3636 vel
2153 3618 2216 3636 vero
2235 3619 2326 3646 margo
2345 3611 2373 3636 C.

2508 843 2612 899 Μῖἤῑ,
2595 846 2643 874 ''²¹‘'
2625 846 2725 894 ἤϊ’ἕῖῃῖἷῗ

2510 899 2574 922 XIX.
2578 890 2651 922 -Inter
2662 899 2724 927 Opp.

2510 927 2593 955 Chrys.

2512 1058 2522 1069 ⁸
2536 1057 2603 1079 Vei-s.
2619 1063 2649 1084 21,
2664 1063 2697 1079 ²2.

2516 1575 2526 1585 ⁴
2540 1574 2566 1595 In
2580 1573 2647 1601 Resp.
2663 1574 2691 1595 ad
2706 1580 2725 1596 2.

2517 1663 2527 1673 ⁸
2540 1663 2565 1683 In
2581 1662 2649 1690 Resp.
2664 1663 2691 1684 ad
2706 1669 2725 1690 3.

2517 2122 2527 2132 ⁸
2541 2121 2626 2142 Raban.

2544 2338 2609 2360 Vers.
2625 2345 2656 2366 17.

2619 2648 2633 2681 β

2522 2682 2530 2691 ·
2545 2682 2570 2703 1)Δ
2587 2682 2636 2710 837,
2651 2687 2704 2709 ¹¹43-

2553 2812 2684 2834 Comment
2709 2812 2732 2833 in

2519 2839 2575 2860 Luc.
2588 2839 2628 2860 lib.
2639 2838 2670 2865 V,
2681 2845 2730 2866 cap.

2519 2871 2548 2886 xv
2550 2872 2575 2891 11,
2593 2871 2652 2887 vers.
2664 2855 2706 2886 12..
2722 2877 2731 2882 -

2519 2892 2554 2913 Ex
2561 2882 2622 2920 Aug.
2635 2898 2717 2940 ¹1uae-H
2701 2894 2731 2913 ,τι

2519 2899 2622 2972 Evangq'
2731 2935 2735 2944 ,

2518 3186 2620 3239 noim
2600 3186 2613 3208 ¹
2611 3193 2648 3214 ''¹''
2650 3186 2731 3234 grfmfin

2519 3239 2595 3261 XIX.-
2602 3229 2664 3261 Inter
2669 3240 2730 3267 Opp.

2521 3266 2602 3294 Chrys
