2768 4198
0 3891 13 4040 ”aff-amne
3 3877 5 3882 <
0 3840 3 3845 v

70 606 80 616 ⁸
98 606 148 626 Art.
170 603 282 631 praeced„

70 631 98 653 ad
113 637 129 653 1.

71 745 123 768 ⁸1).

139 751 190 772 ¹175·

71 772 82 783 ⁸
123 778 145 793 u.
159 774 283 797 ιιιιι,5ῐῐ

71 804 88 826 1,
93 804 107 820 a

71 828 113 847 m.

127 804 147 824 2;
155 803 284 826 qumxxxv,

127 831 148 854 3.

71 1028 160 1057 ’.Καρ
175 1027 235 1059 adi
248 1033 285 1049 se—

72 1035 152 1079 eund·
154 1044 283 1076 solmi'one.

72 1081 285 1120 '’DeTemper-ant.

72 1108 144 1136 Ὠιι
155 1114 170 1133 ι,
180 1108 284 1130 conclus.

70 1141 96 1164 4,
110 1134 139 1157 ad
153 1140 172 1156 ι.

75 1643 118 1695 ³25

123 1643 170 1693 '¹²⁵¹

83 2914 94 2925 ⁸
106 2911 162 2939 cap.
176 2916 233 2932 xvn.

85 3336 206 3358 'Lib.11
242 3341 283 3356 seu

83 3363 151 3411 ἀιιι
178 3351 232 3389 υ),
253 3363 282 3383 ai.

127 3389 167 3416 IX,
177 3395 227 3417 cap.
236 3395 283 3410 ιιι.

171 1659 178 1672 ,
185 1649 226 1673 qn.
233 1650 289 1672 uv,

955 252 1224 298 QUAESTIO
1255 252 1449 299 CXLVII,
1479 250 1779 288 ARTICULUS
1810 251 1859 286 Ill

309 331 569 381 metaphorice
599 330 742 368 dictum
763 330 931 367 consistit
950 330 989 367 in
1010 330 1237 368 abstinendo
1259 343 1280 367 a
1301 331 1381 379 qui-

310 386 472 424 buslibet
500 384 659 431 nocivis,
689 396 788 433 quae
817 383 983 420 maxime
1013 391 1100 420 sunt
1126 391 1295 432 peccata.

2437 253 2504 289 155

1437 330 1615 379 prohibet
1654 329 1839 367 ieiunium
1876 329 2066 378 pertinere
2103 329 2153 366 ad
2190 329 2411 378 religionem
2448 332 2510 367 vel

1439 383 1488 420 ad
1526 384 1758 430 castitatem,
1788 383 1851 420 vel
1889 382 1938 420 ad
1970 394 2259 432 quamcumque
2296 383 2407 420 aliam
2435 384 2511 420 vir-

363 439 433 477 Vel
461 445 587 486 potest
620 436 694 474 dici
727 436 834 485 quod
863 436 975 473 etiam
1010 436 1192 474 ieiunium
1229 437 1382 496 proprie
1438 444 1571 474 tutem.

311 493 455 530 dictum
472 498 527 528 est
546 490 772 528 abstinentia
791 490 839 526 ab
860 490 1040 527 omnibus
1059 490 1263 527 illecebris:
1295 490 1411 543 quia3

310 558 380 595 per
417 544 608 594 quaelibet
643 543 736 581 vitia
772 543 949 580 adiuncta
987 543 1122 580 desinit
1156 556 1239 580 esse
1278 546 1411 593 actus¹3

309 599 517 644 virtuosus,
546 605 588 634 ut
617 597 760 634 dictum
790 604 846 633 est
863 596 895 634 ²¹⁶.
1409 602 1411 635 ι

365 653 423 689 Ao
466 662 658 688 SECUNDUM
700 662 886 688 DICENDUM
928 650 1033 698 quod
1075 649 1165 687 nihil
1208 649 1411 709 prohibet

312 712 439 742 actum
468 704 582 741 unius
601 703 748 742 virtutis
776 704 964 753 pertinere
985 703 1034 740 ad
1054 703 1168 740 aliam
1187 704 1382 750 virtutem,

312 758 527 796 seeundum
564 758 671 805 quod
704 757 753 794 ad
783 757 862 794 eius
899 757 1020 794 finem
1053 756 1250 794 ordinatur
1274 756 1314 804 *,
1344 764 1385 793 ut

1491 492 1551 527 An
1570 502 1731 527 TERTIUM
1752 501 1937 529 mcENDuM
1957 489 2063 538 quod
2083 489 2132 526 ad
2161 489 2433 536 fortitudinem,
2455 502 2511 526 se-

1440 544 1608 580 cundum
1638 543 1743 592 quod
1774 550 1830 579 est
1859 542 2031 591 specialis
2068 542 2205 590 virtus,
2235 555 2315 580 non
2352 543 2513 591 pertinet

1439 596 1607 645 perferre
1637 608 1903 645 quascumque
1932 596 2143 643 molestias,
2174 596 2242 633 sed
2270 596 2396 633 solum
2433 596 2514 633 illas

1439 662 1539 698 quae
1569 657 1656 687 sunt
1684 649 1782 686 circa
1809 650 1978 698 pericula
2007 649 2152 687 mortis.
2184 649 2354 686 Sufferre
2383 657 2512 687 autem

1410 710 1411 723 ¹
1440 703 1633 740 molestias
1663 715 1761 752 quae
1791 710 1878 739 sunt
1908 715 1953 740 ex
1982 702 2132 740 defectu
2153 702 2431 740 delectabilium
2460 711 2514 740 ta-

1441 764 1535 803 ctus,
1561 756 1725 805 pertinet
1753 756 1802 793 ad
1820 756 2110 816 temperantiam
2141 764 2177 794 et
2205 756 2255 793 ad
2274 764 2400 805 partes
2420 756 2513 793 eius.

313 824 358 849 ex
387 824 503 860 supra
521 810 541 832 ‘¹‘
571 811 677 848 dictis
705 818 819 860 patet.
850 811 899 847 Et
927 811 1141 848 secundum
1170 811 1264 858 hoc,
1294 809 1384 847 nihil
1410 805 1412 859 ξ
1439 811 1489 847 Et
1516 810 1607 847 tales
1637 818 1724 847 sunt
1752 809 1948 847 molestiae
1978 810 2119 847 ieiunii.

990 907 1327 942 Commentario
1350 907 1605 941 Cat-danaus
1627 907 1830 941 Caietam

317 990 363 1054 IN
388 980 522 1010 articulo
546 980 687 1010 secundo
713 979 857 1010 eiusdem
880 978 1095 1020 quaestionis,
1119 979 1152 1008 in
1176 979 1385 1018 responsione
1412 978 1414 1020 [

344 1025 384 1055 ad
400 1024 617 1060 secundum*‚
634 1023 768 1054 dubium
785 1034 823 1054 ex
837 1023 975 1054 Martino
995 1023 1146 1060 occurrit,
1160 1023 1214 1053 ubi
1235 1022 1414 1063 supra'ffi}

312 1069 345 1100 in
369 1068 555 1110 quaestione
580 1068 618 1098 de
642 1068 764 1099 Ieiunio
780 1068 811 1105 *,
837 1074 987 1108 arguente
1018 1074 1127 1097 contra
1151 1069 1327 1097 Auctorem
1354 1067 1386 1096 in
1412 1062 1414 1128 ¹3

312 1113 371 1144 hac
395 1114 534 1144 secunda
557 1112 728 1149 solutione,
744 1112 799 1143 sic.
823 1111 983 1142 Ieiunium
1003 1121 1070 1141 non
1093 1111 1226 1142 includit
1245 1111 1387 1151 negatio-

313 1168 389 1189 nem
412 1157 550 1189 aliorum
574 1157 726 1188 vitiorum
755 1164 921 1206 tanquam
937 1162 1024 1186 actus
1049 1155 1257 1205 principales,
1282 1165 1386 1195 neque

313 1211 469 1253 tanquam
484 1201 763 1233 circumstantiam.
781 1201 869 1251 Ergo
882 1199 1050 1235 ieiunium,
1063 1199 1175 1249 positis
1191 1199 1241 1229 vel
1257 1199 1388 1230 remotis

313 1247 381 1281 aliis
404 1247 506 1283 vitiis,
531 1253 578 1277 est
601 1246 751 1277 vestitum
781 1245 872 1275 omni
896 1243 1131 1275 circumstantia
1154 1244 1269 1274 debita.
1302 1244 1387 1284 Ergo

314 1298 361 1322 est
383 1297 487 1329 actus
495 1290 666 1326 virtuosus,
691 1290 756 1320 sive
779 1289 840 1320 alia
862 1289 938 1320 vitia
961 1294 1123 1329 ponantur
1146 1288 1211 1318 sive
1235 1298 1312 1319 non.

311 1344 317 1345 ’
369 1331 421 1366 Ad
444 1335 508 1365 hoc
531 1334 667 1365 dubium
691 1334 806 1365 dicitur
829 1333 976 1373 negando
997 1332 1270 1382 consequentiam.
1296 1332 1387 1369 Quo—

313 1379 401 1410 niam
425 1385 513 1410 actus
536 1378 656 1414 ieiunii,
681 1385 717 1409 ut
740 1385 828 1409 actus
852 1385 898 1408 est
921 1377 1092 1412 virtuosus,
1117 1377 1174 1407 etsi
1198 1386 1264 1406 non
1288 1376 1390 1417 exigat

313 1423 498 1464 negationes
519 1422 658 1453 auorum
676 1422 830 1453 vitiorum
853 1428 889 1452 ut
912 1428 1000 1452 actus
1024 1420 1213 1461 principales
1237 1427 1292 1451 aut
1314 1431 1388 1462 pro-

313 1468 399 1509 prias
414 1466 674 1503 circumstantias,
691 1466 786 1507 exigit
804 1473 912 1497 tamen
929 1475 980 1496 eas
998 1472 1033 1496 ut
1049 1465 1301 1496 concomitantes
1325 1465 1389 1496 for-

314 1522 403 1543 mam
427 1521 636 1543 communem
659 1511 766 1542 omnis
788 1510 923 1542 virtuosi
947 1517 1036 1541 actus
1059 1510 1201 1541 moralis.
1225 1510 1283 1540 Est
1303 1509 1388 1540 enim

314 1556 419 1588 forma
449 1556 621 1587 moralium
652 1555 837 1596 prudentia,
866 1564 966 1596 quam
996 1554 1091 1595 exigit
1121 1554 1228 1585 omnis
1258 1554 1389 1584 moralis

313 1601 423 1638 virtus,
448 1608 479 1632 et
502 1600 678 1632 necessario
703 1600 873 1631 comitatur
896 1609 1028 1630 omnem
1052 1599 1208 1630 moralem
1223 1599 1388 1630 virtutem:

315 1652 352 1677 ut
375 1652 461 1686 patet
483 1656 521 1676 ex
543 1645 592 1676 his
615 1655 697 1686 quae
721 1645 760 1675 de
781 1644 980 1676 connexione
999 1643 1155 1674 virtutum
1179 1643 1261 1674 dicta
1277 1651 1351 1674 sunt
1362 1643 1389 1674 *.

372 1690 410 1721 11.
430 1690 568 1720 Adverte
585 1695 693 1720 autem
717 1689 767 1720 hic
791 1689 880 1730 quod
904 1695 1053 1719 notanter
1072 1688 1218 1724 dicimus,
1236 1689 1390 1719 ieiunium

316 1739 352 1766 ut
366 1740 414 1766 est
435 1740 529 1766 actus
544 1735 685 1771 virtutis,
700 1743 757 1765 seu
775 1735 948 1765 virtuosus.
973 1733 1118 1764 Dicimus
1141 1733 1229 1763 enim
1244 1733 1284 1763 ad
1301 1732 1388 1763 diffe-

315 1779 451 1810 rentiam
473 1778 583 1810 ieiunii
608 1785 643 1809 ut
659 1785 706 1810 est
721 1785 810 1809 actus
825 1778 975 1814 vitiosus;
1001 1784 1031 1809 et
1050 1777 1160 1808 ieiunii
1181 1784 1216 1808 ut
1235 1784 1282 1808 est
1301 1784 1390 1808 actus

316 1833 354 1855 ex
376 1823 508 1864 proprio
537 1829 664 1854 tantum
686 1833 800 1863 genere
823 1823 995 1854 virtuosus.
1027 1821 1209 1862 Tripliciter
1231 1821 1391 1862 siquidem

1441 978 1596 1018 contingit
1626 985 1734 1008 actum
1764 978 1904 1018 aliquem
1936 988 1973 1008 ex
1996 988 2056 1008 suo
2079 988 2192 1018 genere
2222 979 2346 1009 bonum
2370 979 2515 1011 inveniri.

1440 1022 1560 1059 Primo,
1585 1029 1620 1052 ut
1644 1022 1828 1052 ordinatum
1851 1022 1890 1051 ad
1914 1021 2012 1052 finem
2035 1023 2168 1059 malum,
2194 1030 2278 1073 puta
2294 1023 2423 1054 inanem
2446 1025 2514 1065 glo-

1441 1066 1531 1097 riam.
1555 1066 1596 1097 Et
1619 1073 1696 1096 tunc
1720 1073 1766 1096 est
1788 1066 1974 1106 imperative
1998 1073 2086 1097 actus
2111 1067 2195 1097 illius
2214 1067 2290 1103 vitii,
2315 1078 2350 1098 ac
2374 1078 2430 1108 per
2453 1069 2515 1099 hoc

1442 1116 1488 1141 est
1512 1117 1599 1141 actus
1622 1109 1768 1141 vitiosus.
1792 1128 1813 1133 —
1838 1110 1996 1146 Secundo,
2022 1111 2199 1142 secundum
2219 1111 2370 1151 seipsum,
2395 1114 2514 1154 absque

1441 1161 1549 1186 tamen
1573 1154 1702 1194 propria
1725 1154 1840 1184 virtute
1865 1154 1999 1185 elicitiva
2022 1155 2138 1195 ipsius:
2168 1162 2204 1186 ut
2227 1166 2302 1186 cum
2325 1157 2461 1188 iniustus
2485 1164 2517 1188 et

1442 1208 1554 1229 avarus
1579 1198 1680 1229 reddit
1700 1198 1847 1229 creditori
1870 1199 1960 1239 quod
1980 1209 2076 1229 suum
2093 1207 2154 1236 est;
2179 1198 2214 1230 fit
2233 1200 2318 1230 enim
2332 1207 2408 1231 tunc
2427 1208 2515 1232 actus

1442 1243 1579 1274 iustitiae
1603 1243 1723 1283 absque
1745 1242 1883 1274 iustitiae
1906 1243 2030 1280 virtute,
2056 1251 2086 1275 et
2110 1244 2154 1274 sic
2176 1244 2215 1274 de
2232 1244 2311 1275 aliis.
2335 1245 2377 1275 Et
2400 1245 2444 1276 sic
2466 1246 2515 1276 lu-

1441 1287 1590 1318 xuriosus
1610 1294 1641 1318 et
1660 1287 1876 1327 blasphemuS,
1895 1294 1963 1324 etc„
1983 1287 2127 1318 ieiunans
2147 1287 2221 1319 facit
2236 1295 2344 1319 actum
2360 1289 2516 1320 abstinen-

1442 1331 1504 1369 tiae
1529 1341 1566 1362 ex
1581 1342 1642 1362 suo
1658 1341 1782 1371 genere,
1807 1332 1928 1372 absque
1944 1332 2150 1363 abstinentiae
2166 1333 2291 1364 virtute.
2316 1333 2356 1364 Et
2379 1343 2436 1373 per
2454 1334 2517 1365 hoc

1442 1376 1554 1406 liberat
1576 1386 1609 1406 se
1632 1386 1650 1406 a
1674 1382 1804 1416 peccato
1828 1376 2084 1416 transgressionis
2113 1377 2271 1417 praecepti
2295 1377 2454 1408 Ecclesiae
2478 1379 2517 1409 de

1442 1420 1574 1451 ieiunio.
1600 1438 1621 1443 —
1644 1420 1770 1457 Tertio,
1796 1427 1831 1451 ut
1855 1420 1996 1451 elicitum
2020 1422 2058 1451 ab
2082 1420 2150 1462 ipsa
2173 1421 2303 1452 virtute.
2336 1422 2376 1452 Et
2400 1422 2443 1452 sic
2467 1433 2517 1453 so-

1442 1465 1512 1496 lum
1528 1471 1661 1495 vocatur
1684 1471 1716 1495 et
1739 1471 1785 1495 est
1808 1472 1896 1496 actus
1911 1465 2083 1502 virtuosus,
2100 1475 2156 1496 seu
2172 1465 2306 1502 virtutis,
2322 1466 2515 1506 simpliciter.

1443 1510 1485 1540 Et
1507 1510 1570 1540 hoc
1593 1510 1693 1540 modo
1716 1509 1862 1550 loquitur
1884 1512 2007 1540 Auctor
2030 1510 2063 1540 in
2084 1509 2187 1541 littera
2210 1511 2249 1540 de
2272 1510 2402 1547 ieiunio,
2420 1518 2455 1542 ut
2472 1518 2518 1542 est

1443 1561 1532 1585 actus
1556 1553 1677 1584 elicitus
1701 1564 1719 1584 a
1742 1554 1858 1584 virtute
1882 1554 2103 1590 abstinentiae,
2129 1564 2211 1595 quae
2235 1561 2281 1585 est
2304 1565 2446 1586 connexa
2470 1566 2518 1586 ce-

1444 1598 1517 1630 teris
1537 1598 1706 1629 virtutibus
1731 1598 1764 1628 in
1781 1598 1885 1629 forma
1900 1599 2066 1635 virtutum,
2090 1609 2172 1640 quae
2197 1606 2243 1629 est
2266 1599 2443 1639 prudentia.
2468 1600 2518 1631 Sic

1444 1650 1552 1674 autem
1576 1650 1743 1684 acceptum
1767 1642 1924 1673 ieiunium
1949 1653 2015 1673 non
2037 1643 2119 1674 cadit
2142 1644 2201 1673 sub
2226 1651 2394 1684 praecepto
2411 1645 2517 1675 Eccle-

1444 1687 1519 1719 siae.
1545 1687 1639 1725 Quia,
1665 1694 1701 1718 ut
1714 1688 1861 1728 superius
1876 1687 1894 1707 *
1918 1687 2096 1724 didicimus,
2119 1698 2185 1718 non
2209 1688 2362 1729 praecipit
2384 1689 2433 1719 lex
2449 1699 2518 1719 mo-

1445 1733 1525 1762 dum
1548 1732 1664 1772 operis,
1689 1731 1806 1762 scilicet
1829 1732 1918 1773 quod
1939 1742 1975 1762 ex
1990 1732 2099 1763 habitu
2116 1733 2240 1763 virtutis
2255 1742 2438 1773 operemur:
2464 1734 2518 1764 sed

1444 1777 1513 1817 ipsa
1537 1786 1635 1817 opera
1665 1786 1747 1817 quae
1772 1786 1808 1807 ex
1832 1787 1892 1807 suo
1916 1786 2029 1816 genere
2053 1784 2126 1807 nata
2149 1784 2223 1807 sunt
2247 1787 2314 1808 esse
2338 1788 2435 1818 opera
2457 1779 2518 1808 vir—

1445 1828 1563 1852 tutum.

1127 1957 1448 2000 ARTICULUS
1477 1957 1709 2000 TERTIUS

1006 2053 1164 2084 UTRUM
1188 2052 1387 2083 IEIUNIUM
1411 2051 1478 2082 s1T
1504 2052 1547 2082 IN
1571 2051 1831 2082 PRAECEPTO

1106 2132 1139 2156 IV
1159 2131 1242 2161 Sem„
1263 2131 1322 2156 dist.
1341 2139 1381 2161 xv,
1401 2139 1445 2163 qu.
1464 2138 1502 2160 111,
1522 2136 1569 2156 art.
1592 2139 1613 2161 1,
1635 2131 1684 2164 qu²
1703 2139 1729 2162 4.

441 2256 443 2261 ,
530 2225 555 2250 D
573 2224 735 2250 TERTIUM
755 2224 810 2249 slc
833 2223 1076 2248 paocam‘rua.
1097 2210 1259 2247 Videtur
1286 2210 1392 2259 quod
1417 2212 1420 2264 l

352 2259 503 2329 ”“”-”Δῗὶο
531 2266 715 2303 ieiunium
730 2274 810 2302 non
829 2264 876 2301 sit
890 2264 929 2301 in
942 2271 1162 2313 praecepto.
1182 2264 1393 2312 Praecepta
1419 2269 1420 2273 ’

340 2357 346 2364 ,
388 2338 458 2367 v-
470 2307 502 2362 'f
517 2319 635 2356 enim
656 2331 735 2356 non
764 2318 902 2356 dantur
921 2318 969 2355 de
988 2317 1171 2367 operibus
1191 2329 1392 2366 superero·
1419 2348 1421 2351 .

455 2392 461 2398 ·
491 2368 522 2411 N
536 2372 741 2419 ationum,
758 2384 859 2420 quae
875 2371 1016 2408 cadunt
1036 2371 1107 2408 sub
1124 2370 1293 2407 consilio.
1316 2370 1421 2407 Sed

317 2426 502 2464 ieiunium
522 2433 578 2463 est
598 2438 696 2475 opus
716 2424 1079 2474 supererogationis:
1109 2424 1290 2473 alioquin,
1313 2423 1394 2460 ubi·
1420 2451 1421 2483 3

1445 2210 1653 2247 sericordia
1682 2209 1800 2246 voluit
1825 2222 1904 2246 esse
1932 2210 2102 2255 liberam,
2127 2210 2323 2247 servilibus
2343 2214 2523 2259 premunt

1447 2263 1636 2300 oneribus.
1667 2263 1771 2311 Ergo
1790 2263 1943 2300 videtur
1973 2263 2078 2312 quod
2107 2275 2185 2299 non
2215 2263 2346 2300 debuit
2364 2276 2432 2312 per
2452 2265 2524 2301 Ec-

1449 2316 1604 2353 clesiam
1634 2315 1819 2353 ieiunium
1850 2317 1920 2353 sub
1950 2324 2156 2365 praecepto
2187 2316 2338 2353 institui.

1503 2370 1578 2407 SED
1607 2381 1755 2406 CONTRA
1783 2381 1849 2406 EST
1878 2371 1983 2430 quod
2018 2370 2296 2419 Hieronymus,
2326 2370 2379 2406 ad
2411 2371 2522 2407 Luci—

1449 2435 1540 2460 num
1559 2422 1601 2470 ²⁸,
1632 2423 1741 2471 dicit,
1772 2423 1820 2460 de
1858 2423 2005 2460 ieiuniis
2041 2424 2222 2472 loquens:
2265 2425 2568 2478 Unaquaequeg¹

318 2492 394 2530 que
411 2487 448 2516 et
461 2491 615 2528 semper
633 2479 841 2528 aequaliter
856 2486 955 2516 esset
970 2478 1272 2515 observandum.
1290 2478 1422 2531 Ergo3
1442 2476 1645 2525 provincia
1674 2477 1872 2513 abundet
1857 2489 1895 2513 ιη
1920 2489 1988 2513 suo
2016 2489 2140 2522 sensu,
2161 2483 2197 2514 et
2207 2482 2413 2536 praecepta
2441 2489 2521 2514 ma-

317 2533 504 2571 ieiunium
530 2545 609 2569 non
639 2532 739 2570 cadit
767 2532 839 2569 sub
867 2539 1087 2581 praeceptO.
1420 2533 1422 2579 ξ

375 2598 409 2623 2.
439 2587 682 2633 PRAETEREA,
712 2585 946 2634 quicumque
975 2584 1249 2644 transgreditur
1284 2596 1394 2633 prae·
1420 2581 1422 2626 ζ

321 2647 474 2700 ceptum
503 2646 637 2688 peccat
664 2638 883 2675 mortaliter.
914 2638 955 2676 Si
976 2650 1066 2698 ergo
1091 2637 1275 2675 ieiunium
1296 2645 1395 2674 esset
1420 2655 1422 2675 ι

321 2694 360 2730 in
392 2700 619 2742 praecepto,
650 2704 787 2729 omnes
825 2704 905 2728 non
940 2691 1151 2728 ieiunantes
1186 2685 1422 2728 mortaliter

320 2753 533 2796 peccarent.
563 2746 638 2782 Per
665 2745 771 2805 quod
790 2744 984 2782 videretur
1012 2757 1173 2792 magnus
1193 2745 1354 2793 laqueus
1374 2749 1392 2765 α
1421 2779 1422 2783 ,

321 2799 542 2837 hominibus
573 2811 654 2835 esse
684 2798 855 2835 iniectus.

378 2854 412 2890 3.
449 2853 693 2899 PRAETEREA,
722 2851 958 2899 Augustinus
993 2850 1102 2897 dicit,
1142 2850 1181 2886 in
1216 2850 1312 2887 libro
1349 2850 1395 2886 de

329 2907 427 2944 Vera
464 2905 589 2955 Relig.
610 2905 651 2953 ²¹⁵,
681 2905 787 2954 quod
813 2905 863 2941 ab
891 2905 971 2952 ipsa
999 2904 1074 2940 Dei
1105 2904 1310 2952 Sapientia,
1330 2904 1395 2940 ho·
1421 2902 1422 2907 ’

322 2960 423 2997 mine
450 2965 654 3008 assumpto,
674 2971 698 2996 a
718 2970 792 3007 quo
821 2959 858 2995 in
880 2958 1086 2994 libertatem
1105 2957 1231 2994 uocati
1251 2969 1392 3004 sumus,

316 3025 445 3062 pauca
481 3018 721 3050 sacramenta
757 3011 1010 3048 saluberrima
1051 3011 1248 3047 constituta
1284 3015 1392 3056 sunt,
1421 3035 1423 3057 3

322 3078 420 3115 quae
437 3066 650 3103 societatem
675 3065 880 3103 Christiani
891 3064 1035 3113 populi,
1055 3065 1127 3100 hoc
1154 3069 1207 3100 est
1229 3064 1298 3100 sub
1318 3075 1392 3100 uno

322 3121 406 3157 Deo
444 3119 585 3157 liberae
619 3119 881 3164 multitudinis,
919 3118 1161 3154 continerent.
1201 3116 1279 3153 Sed
1315 3128 1394 3153 non
1421 3119 1422 3143 ἰ

324 3172 451 3210 minus
469 3171 620 3210 videtur
647 3172 800 3209 libertas
828 3171 959 3220 populi
988 3170 1190 3207 Christiani
1215 3159 1422 3224 impediri3

323 3237 394 3274 per
415 3226 696 3263 multitudinem
717 3225 1048 3263 observantiarum
1068 3235 1185 3283 quam
1206 3235 1276 3272 per
1297 3223 1393 3259 mul·
1420 3230 1422 3242 ²

324 3278 526 3315 titudinem
551 3286 899 3317 sacramentorum:
920 3277 1009 3315 dicit
1028 3277 1131 3314 enirn
1145 3276 1392 3324 Augustinus,

325 3332 363 3368 in
391 3331 488 3368 libro
508 3332 559 3368 ad
574 3333 839 3381 Inquisitiones
856 3331 1034 3368 Ianuarii
1049 3330 1081 3378 ³²⁶,
1112 3329 1217 3379 quod
1237 3329 1421 3378 quidam
1420 3330 1421 3355 ¹

325 3385 446 3433 ipsam
475 3385 696 3445 religionem
725 3391 910 3432 nostram,
939 3396 1054 3433 quam
1082 3383 1393 3431 manifestissimis
1420 3395 1421 3429 3

326 3444 362 3475 et
381 3437 620 3486 paucis-simis
639 3439 931 3476 celebrationum
958 3437 1205 3475 sacramentis
1223 3436 1299 3473 Dei
1323 3436 1392 3472 mi·
1419 3435 1421 3485 ζ

380 3553 407 3585 α)
427 3553 545 3612 laqueus.
556 3565 576 3572 ·-
594 3542 686 3584 iapsus
710 3552 812 3576 codices
830 3556 857 3576 et
874 3559 902 3578 a.
913 3566 932 3571 -
950 3553 1000 3576 Pro
1020 3552 1146 3580 iniectus,
1166 3552 1284 3576 invectus
1304 3551 1335 3582 L,
1356 3551 1396 3575 in-

326 3591 420 3614 ventus
448 3588 470 3613 “.

1449 2530 1574 2567 iorum
1594 2530 1696 2580 leges
1723 2530 1947 2579 apostolicas
1970 2515 2185 2567 arbitretur.
2216 2530 2347 2578 Ergo
2339 2530 2520 2567 leiunium

1450 2591 1506 2621 est
1534 2583 1573 2620 in
1600 2590 1820 2632 praecepto.

1503 2637 1732 2674 RESPONDEO
1762 2648 1947 2673 mcaNDUM
1975 2637 2082 2684 quod
2111 2636 2206 2673 sicut
2234 2636 2284 2673 ad
2307 2636 2520 2672 saeculares

1420 2690 1640 2739 principes
1659 2689 1820 2739 pertinet
1838 2697 2041 2738 praecepta
2070 2689 2213 2737 legalia,
2234 2689 2324 2725 iuris
2344 2689 2521 2726 naturalis

1450 2743 1753 2789 determinativa,
1783 2742 1931 2779 tradere
1961 2743 2008 2779 de
2036 2742 2094 2779 his
2123 2754 2222 2790 quae
2254 2742 2444 2791 pertinent
2472 2743 2520 2779 ad

1449 2797 1647 2834 utilitatem
1677 2807 1925 2833 communem
1946 2795 1984 2832 in
2008 2795 2282 2845 temporalibus
2311 2796 2440 2841 rebus;
2471 2795 2521 2831 ita

1451 2850 1564 2887 etiam
1581 2851 1628 2887 ad
1643 2850 1833 2898 praelatos
1849 2849 2124 2886 ecclesiasticos
2139 2849 2301 2898 pertinet
2317 2861 2360 2885 ea
2377 2848 2521 2885 statutis

1449 2903 1670 2952 praecipere
1708 2915 1807 2952 quae
1836 2902 1886 2939 ad
1922 2902 2119 2939 utilitatem
2149 2914 2398 2939 communem
2427 2902 2520 2938 fide-

1421 2966 1422 2997 }
1449 2957 1542 2994 lium
1560 2956 1750 3006 pertinent
1777 2956 1816 2992 in
1844 2955 2099 3004 spiritualibus
2128 2955 2250 2992 bonis.
2281 2955 2435 2991 Dictum
2465 2962 2521 2991 est

1450 3017 1579 3047 autem
1595 3010 1615 3031 ³³⁸
1630 3011 1735 3059 quod
1751 3008 1934 3046 ieiunium
1952 3009 2042 3045 utile
2060 3016 2115 3045 est
2134 3016 2170 3045 et
2189 3009 2238 3045 ad
2262 3006 2520 3045 deletioneml3

1451 3071 1488 3100 et
1507 3063 1780 3100 cohibitionem
1802 3063 1948 3111 culpae,
1972 3069 2008 3098 et
2035 3062 2083 3099 ad
2105 3061 2358 3099 elevationem
2381 3060 2519 3097 mentis

1449 3116 1487 3153 in
1517 3116 1734 3165 spiritualia.
1765 3115 2039 3174 Unusquisque
2060 3123 2188 3152 autem
2210 3127 2255 3151 ex
2275 3114 2434 3151 naturali
2462 3126 2519 3150 ra-

1449 3170 1554 3206 tione
1582 3176 1730 3206 tenetur
1770 3176 1918 3205 tantum
1954 3168 2102 3204 ieiuniis
2138 3167 2191 3204 uti
2229 3175 2414 3226 quantum
2449 3167 2518 3203 sibi

1449 3222 1706 3259 necessarium
1737 3229 1792 3258 est
1820 3222 1868 3259 ad
1896 3221 2101 3270 praedicta.
2141 3221 2190 3257 Et
2216 3220 2304 3258 ideo
2334 3220 2518 3257 ieiunium

1448 3275 1486 3312 in
1516 3275 1714 3313 communi
1750 3274 1850 3311 cadit
1884 3275 1955 3310 sub
1983 3281 2190 3322 praecepto
2228 3273 2319 3322 legis
2347 3280 2516 3310 naturae.

1450 3329 1527 3366 Sed
1556 3327 1820 3365 determinatio
1849 3327 2033 3376 temporis
2054 3334 2090 3363 et
2109 3326 2216 3364 modi
2245 3326 2438 3364 ieiunandi
2462 3339 2518 3363 se-

1449 3381 1619 3418 cundum
1650 3380 1958 3418 convenientiam
1979 3388 2015 3416 et
2038 3380 2238 3417 utilitatem
2258 3380 2390 3440 populi
2411 3380 2517 3417 Chri-

1449 3435 1578 3482 stiani,
1619 3434 1716 3471 cadit
1753 3434 1823 3470 sub
1860 3441 2066 3483 praecepto
2099 3433 2190 3470 iuris
2226 3433 2380 3482 positivi
2413 3434 2518 3482 quod

1506 3548 1530 3582 β)
1552 3549 1718 3574 deletionem.
1731 3562 1751 3567 -
1769 3547 1971 3573 delectationem
1990 3547 2154 3579 DEFpACK.

2548 1694 2556 1702 ·
2571 1694 2594 1714 112
2609 1693 2654 1714 11³¹e

2661 1709 2667 1720 7
2683 1699 2721 1720 qu-
2738 1699 2759 1719 Cr

2546 1724 2587 1742 art.
2603 1726 2625 1747 9.

2581 2430 2600 2451 E

2548 3013 2558 3022 ⁴
2571 3013 2623 3034 Art.

2618 2430 2654 2452 ist.
2678 2430 2760 2457 LXXI,

2637 2457 2697 2479 vm.

2638 3019 2654 3034 1.
