2768 4198
234 268 261 302 4

884 250 1154 298 QUAESTtO
1185 248 1362 295 CXXIII,

1394 248 1696 285 ARTlCULUS
1727 249 1740 284 I

236 334 568 380 dehonorationis,
600 341 664 370 aut
701 333 815 369 etiam
849 337 1008 380 propter
1040 327 1225 365 tristitiam
1253 328 1317 364 vel
1342 345 1346 396 1
1425 330 1486 366 Au
1515 324 1654 365 randum
1675 339 1775 366 ERGO
1804 339 1991 365 DICENDUM
2017 326 2125 375 quod
2153 326 2274 364 virtus
2303 326 2456 364 animae

235 388 343 435 iram,
375 400 442 425 seu
471 399 602 436 spem3
633 386 753 423 virtus
782 393 909 422 autem
939 381 1096 419 moralis
1116 393 1195 418 non
1225 392 1317 430 ope·
1343 397 1345 426 l
1374 393 1453 418 non
1482 381 1679 430 perficitur
1707 382 1745 418 in
1774 381 1995 419 infirmitate
2025 380 2200 429 animae,
2230 380 2300 417 sed
2329 380 2367 417 in
2401 380 2457 417 in-

127 455 142 470 u
183 454 206 474 ¹—
236 450 340 479 ratur
369 454 413 478 ex
443 441 643 490 passione,
674 440 742 476 sed
773 451 817 476 ex
847 436 1053 482 electione,
1083 442 1124 471 ut
1162 447 1278 483 supra
1297 433 1317 456 ’¹‘
1342 427 1345 490 j

234 495 409 533 habitum
439 503 506 531 est.
537 495 639 542 Ergo
670 492 850 530 fortitudo
881 502 959 527 non
989 496 1046 526 est
1072 488 1206 526 virtus.
1343 494 1345 527 l

292 550 326 586 3.
362 550 606 595 PRAETEREA,
638 547 757 584 virtus
785 547 957 582 humana
986 542 1153 580 maxime
1193 541 1317 579 consi·
1342 531 1346 610 Ι

235 602 295 639 stit
324 603 360 638 in
391 602 539 639 anima:
571 608 627 637 est
656 600 758 636 enim
788 600 888 635 bona
917 596 1080 646 qualitas
1108 595 1254 641 mentis,
1276 603 1318 632 ut
1343 611 1345 639 l

133 664 147 679 ¹¹
169 664 205 682 ¹³·
235 668 349 705 supra
373 655 393 677 '³‘
435 655 511 692 iam
542 654 685 691 dictum
726 659 792 689 est.
834 651 911 688 Sed
941 650 1125 687 fortitudo
1164 649 1318 686 videtur
1343 652 1344 694 ξ

235 709 443 746 consistere
473 709 511 744 in
541 719 720 755 corpore:
752 706 814 741 vel
844 705 979 741 saltem
1010 703 1184 752 corporis
1211 713 1318 739 com·
1343 697 1345 743 ζ

234 763 454 811 plexionem
485 761 592 808 sequi
612 766 638 796 Υ.
670 761 773 807 Ergo
803 758 957 795 videtur
995 757 1103 805 quod
1133 756 1316 793 fortitudo
1343 768 1344 791 3

236 829 315 853 non
345 816 390 852 sit
418 815 550 851 virtus.

290 870 365 905 SED
394 878 541 904 CONTRA
571 878 638 904 EST
667 866 774 916 quod
803 864 1053 914 Augustinus,
1080 863 1119 901 in
1148 863 1244 900 libro
1273 861 1344 904 de}

234 923 411 959 Moribus
439 921 562 958 Eccle.
584 920 626 967 ²¹⁶,
658 920 920 957 fortitudinem
950 918 1048 956 inter
1066 918 1228 955 virtutes
1249 929 1318 954 nu·
1342 910 1344 942 ἶ

235 983 368 1012 merat.
1344 1021 1345 1026 1

289 1030 517 1065 RESPONDEO
547 1039 734 1065 DlCENDuM
760 1028 879 1076 quod,
901 1026 1118 1064 secundum
1142 1025 1319 1062 Philoso-
1344 1027 1345 1031 ’

170 1088 180 1103 ²
195 1093 205 1097 ·
234 1083 369 1132 phum,
391 1082 428 1118 in
460 1083 490 1118 Il
511 1082 633 1119 Ethic.
654 1081 686 1128 ²²⁸,
708 1082 827 1119 virtus
855 1087 910 1119 est
937 1093 1036 1130 quae
1054 1081 1197 1118 honum
1212 1079 1318 1128 facit

234 1137 445 1182 habentem,
466 1142 501 1172 et
520 1147 615 1185 opus
634 1136 714 1173 eius
738 1137 879 1173 honum
909 1135 1048 1172 reddit:
1077 1133 1182 1171 unde
1201 1133 1321 1170 virtus
1345 1130 1346 1135 ’

234 1191 409 1236 hominis,
439 1190 486 1227 de
517 1202 593 1239 qua
622 1191 830 1240 loquimur,
862 1197 918 1227 est
941 1201 1039 1239 quae
1068 1189 1210 1225 bonum
1218 1187 1323 1237 facit

234 1245 439 1290 hominem,
460 1250 496 1280 et
513 1256 607 1293 opus
632 1245 711 1281 eius
739 1243 882 1282 bonum
911 1243 1042 1281 reddit.
1074 1242 1229 1279 Bonum
1254 1253 1320 1279 au·
1346 1268 1349 1289 ‚

236 1306 314 1335 tem
345 1298 513 1335 hominis
534 1306 591 1335 est
611 1298 826 1335 secundum
857 1298 1046 1335 rationem
1068 1309 1164 1342 esse,
1187 1307 1319 1332 secun-

238 1352 331 1390 dum
362 1352 608 1400 Dionysium,
630 1365 665 1389 ιν
695 1365 777 1402 cap.
799 1353 845 1389 de
864 1353 953 1389 Div.
974 1351 1092 1388 Nom.
1113 1349 1133 1371 ‘¹‘
1163 1350 1212 1387 Et
1233 1349 1321 1387 ideo
1348 1375 1349 1378 =

237 1406 286 1444 ad
301 1406 482 1443 virtutem
499 1407 712 1444 humanam
734 1406 898 1456 pertinet
912 1413 953 1442 ut
968 1405 1079 1442 faciat
1094 1404 1296 1441 hominem
1309 1402 1322 1425 δ
1348 1452 1350 1462 4

238 1468 274 1497 et
303 1473 402 1509 opus
433 1461 514 1498 eius
542 1461 758 1498 secundum
794 1460 982 1498 rationem
1023 1471 1118 1496 esse.
1149 1480 1173 1487 -
1204 1457 1323 1505 Quod

239 1514 396 1564 quidem
426 1515 621 1564 tripliciter
655 1514 849 1563 contingit.
888 1514 978 1552 Uno
1012 1513 1156 1559 modo,
1187 1524 1323 1549 secun-

239 1568 332 1605 dum
363 1569 470 1616 quod
509 1569 591 1619 ipsa
621 1569 715 1606 ratio
746 1568 996 1606 rectificatur:
1036 1567 1141 1616 quod
1176 1566 1219 1604 fit
1256 1579 1325 1615 per

237 1622 396 1659 virtutes
417 1622 702 1660 intellectuales.
724 1623 812 1660 Alio
829 1623 963 1669 modo,
981 1621 1197 1658 secundum
1218 1621 1324 1669 quod

238 1676 320 1725 ipsa
350 1677 538 1714 rectitudo
560 1676 715 1715 rationis
745 1677 783 1715 in
813 1677 928 1714 rebus
957 1675 1138 1714 humanis
1166 1674 1325 1712 institui-

238 1738 319 1767 tur:
342 1731 447 1779 quod
468 1731 631 1780 pertinet
651 1731 699 1768 ad
721 1729 912 1768 iustitiam.
939 1727 1087 1777 Tertio,
1109 1726 1325 1766 secundum

239 1785 343 1832 quod
374 1785 559 1822 tolluntur
589 1785 868 1835 impedimenta
888 1784 1002 1821 huius
1023 1782 1258 1821 rectitudinis
1288 1783 1326 1820 in
1354 1803 1355 1813 ι

240 1838 355 1874 rebus
375 1839 554 1876 humanis
573 1839 792 1888 ponendae.
823 1861 847 1867 -
874 1837 1086 1886 Dupliciter
1105 1844 1235 1874 autem
1255 1836 1325 1874 im·
1354 1838 1356 1843 “

238 1891 391 1940 peditur
419 1893 598 1930 voluntas
626 1893 798 1930 humana
828 1905 876 1930 ne
907 1891 1175 1929 rectitudinem
1215 1890 1327 1928 ratio-

240 1945 297 1982 nis
323 1954 517 1994 sequatur.
549 1947 638 1984 Uno
660 1947 794 1993 modo,
817 1959 887 1996 per
907 1946 983 1983 hoc
1003 1944 1109 1994 quod
1131 1943 1329 1982 attrahitur

239 2000 288 2036 ab
318 1999 448 2048 aliquo
489 2000 702 2039 delectabili
742 2000 791 2038 ad
821 2001 923 2038 aliud
944 2005 956 2021 ⁸
986 2011 1105 2048 quam
1141 1997 1327 2036 rectitudo

240 2053 395 2091 rationis
416 2054 601 2105 requirat:
632 2063 669 2093 et
687 2056 763 2092 hoc
783 2054 1107 2105 impedimentum
1133 2051 1228 2090 tollit
1252 2052 1329 2091 vir-

238 2115 300 2145 tus
329 2109 620 2158 temperantiae.
652 2109 739 2146 Alio
770 2108 904 2155 modo,
929 2120 999 2158 per
1027 2108 1103 2145 hoc
1132 2106 1239 2157 quod
1258 2120 1328 2144 vo-

241 2163 426 2200 luntatem
458 2163 605 2213 repellit
634 2163 682 2200 ab
713 2175 760 2200 eo
789 2163 897 2214 quod
932 2170 988 2199 est
1018 2160 1232 2199 secundum
1272 2173 1328 2198 ra-

241 2215 408 2264 tionem,
439 2225 598 2267 propter
631 2216 774 2266 aliquid
810 2215 964 2255 difficile
993 2215 1100 2266 quod
1130 2214 1328 2253 incumbit.

243 2271 292 2307 Et
321 2272 370 2309 ad
401 2272 476 2309 hoc
510 2271 836 2322 impedimentum
876 2270 1090 2308 tollendum
1127 2269 1331 2319 requiritur

243 2378 383 2417 tatibus
412 2380 579 2418 resistat:
615 2380 711 2417 sicut
741 2388 777 2418 et
810 2380 932 2417 homo
966 2391 1036 2428 per
1069 2377 1330 2416 fortitudinem

1349 1544 1353 1569 l

1372 435 1555 472 firmitate
1586 435 1730 482 carnis,
1762 436 1810 473 de
1849 448 1927 484 qua
1962 435 2175 484 Apostolus
2213 434 2456 484 loquebatur.

1373 489 1461 526 Hoc
1489 497 1620 526 autern
1641 489 1692 527 ad
1711 489 1975 527 fortitudinem
1996 488 2136 526 mentis
2155 488 2330 538 pertinet,
2352 488 2458 537 quod

1371 541 1636 580 infirmitatem
1673 543 1797 580 carnis
1824 543 1971 581 fortiter
1998 543 2113 580 ferat:
2151 542 2257 592 quod
2294 541 2460 592 pertinet

1372 596 1422 633 ad
1451 596 1632 633 virtutem
1662 596 1869 646 patientiae
1897 597 1960 635 vel
1990 596 2232 634 fortitudinis.
2269 594 2319 633 Et
2352 595 2459 645 quod

1373 650 1494 686 homo
1525 650 1723 698 propriam
1753 650 2016 688 infirmitatem
2046 659 2314 700 recognoscat,
2345 649 2459 699 perti-

1373 702 1469 740 net‘
1497 703 1547 740 ad
1576 703 1854 751 perfectionem
1885 717 1984 753 quae
2015 705 2152 742 dicitur
2179 704 2385 742 humilitas.

1427 759 1487 793 An
1508 768 1701 794 SECUNDUM
1723 769 1911 795 met-:noum
1931 759 2039 806 quod
2060 759 2290 796 exteriorem
2310 757 2459 795 virtutis

1373 817 1502 847 actum
1541 810 1777 860 quandoque
1815 811 1931 860 aliqui
1960 812 2132 850 efficiunt
2160 825 2239 850 non
2274 813 2461 850 habentes

1371 862 1568 911 virtutem,
1600 875 1645 901 ex
1675 864 1803 913 aliqua
1830 864 1904 902 alia
1933 875 2050 902 causa
2078 876 2197 916 quam
2234 879 2280 904 ex
2308 866 2459 903 virtute.

1374 918 1423 954 Et
1443 917 1531 954 ideo
1554 917 1827 967 Philosophus,
1844 918 1883 955 in
1904 919 1954 955 III
1970 919 2093 957 Ethic.
2108 919 2141 968 ²¹⁸,
2162 920 2270 969 ponit
2290 920 2461 970 quinque

1343 976 1345 1015 ζ
1373 971 1516 1008 modos
1547 984 1684 1009 eorum
1706 972 1772 1020 qui
1802 971 2104 1010 similitudinarie
2134 973 2312 1011 dicuntur
2331 975 2460 1022 fortes,

1374 1025 1484 1075 quasi
1516 1034 1737 1063 exercentes
1767 1033 1896 1063 actum
1935 1026 2165 1064 fortitudinis
2202 1035 2355 1077 praeter
2386 1028 2462 1066 vir—

1374 1087 1509 1117 tutem.
1541 1080 1660 1127 Quod
1690 1079 1849 1129 quidem
1880 1080 2063 1129 contingit
2091 1081 2298 1131 tripliciter.
2327 1081 2462 1119 Primo

1375 1133 1549 1184 quidem,
1572 1133 1663 1183 quia
1692 1133 1866 1171 feruntur
1896 1147 1933 1171 in
1963 1134 2001 1172 id
2030 1135 2138 1183 quod
2159 1143 2215 1172 est
2245 1135 2399 1172 difficile
2419 1147 2464 1173 ac

1376 1188 1407 1225 si
1438 1200 1517 1225 non
1548 1195 1648 1225 esset
1677 1187 1844 1225 difficile.
1875 1188 1996 1236 Quod
2026 1189 2063 1226 in
2092 1196 2168 1226 tres
2197 1190 2339 1227 modos
2368 1189 2464 1227 divi-

1378 1243 1489 1280 ditur.
1522 1242 1774 1292 Quandoque
1794 1241 1899 1280 enim
1919 1243 1996 1280 hoc
2015 1242 2153 1281 accidit
2172 1250 2330 1292 propter
2357 1243 2464 1292 igno-

1379 1296 1563 1334 rantiam:
1595 1296 1684 1345 quia
1714 1296 1856 1334 scilicet
1875 1297 1997 1334 homo
2027 1309 2108 1334 non
2137 1297 2298 1347 percipit
2317 1297 2464 1346 magni-

1377 1350 1552 1388 tudinem
1583 1350 1755 1400 periculi.
1786 1351 2035 1401 Quandoque
2065 1359 2196 1389 autem
2225 1351 2300 1389 hoc
2330 1351 2466 1389 accidit

1349 1437 1350 1442 ,
1378 1413 1536 1455 propter
1565 1405 1640 1442 hoc
1670 1405 1775 1454 quod
1805 1406 1926 1442 homo
1957 1413 2014 1443 est
2042 1406 2170 1443 bonae
2209 1405 2292 1455 spei
2321 1405 2369 1444 ad
2398 1418 2465 1455 pe-

1379 1459 1499 1497 ricula
1528 1458 1739 1496 vincenda:
1769 1467 1862 1508 puta
1883 1471 1973 1497 cum
2004 1467 2182 1510 expertus
2203 1467 2260 1497 est
2279 1472 2319 1497 se
2349 1471 2467 1510 saepe

1379 1513 1550 1564 pericula
1579 1513 1762 1551 evasisse.
1794 1513 2043 1563 Quandoque
2072 1522 2203 1552 autem
2223 1514 2299 1551 hoc
2328 1513 2467 1552 accidit

1379 1575 1538 1618 propter
1566 1567 1764 1604 scientiam
1795 1575 1832 1604 et
1860 1576 1981 1605 artem
2011 1568 2229 1617 quandam:
2260 1568 2357 1605 sicut
2376 1581 2468 1606 con·

1379 1621 1486 1670 tingit
1514 1621 1552 1658 in
1582 1621 1776 1669 militibus,
1799 1621 1863 1671 qui
1892 1630 2051 1672 propter
2069 1623 2245 1672 peritiam
2265 1635 2466 1661 armorum

1351 1678 1354 1728 ᾗ
1382 1683 1419 1714 et
1448 1675 1671 1713 exercitium
1702 1688 1782 1714 non
1812 1683 1991 1726 reputant
2018 1676 2150 1727 gravia
2174 1676 2345 1727 pericula
2365 1676 2466 1725 belli,

1382 1729 1628 1767 aestimantes
1658 1742 1698 1767 se
1728 1743 1798 1779 per
1826 1743 1937 1769 suam
1967 1739 2089 1769 artem
2119 1743 2235 1781 posse
2259 1738 2391 1769 contra
2421 1743 2467 1769 ea

1383 1783 1558 1830 defendi;
1587 1783 1685 1821 sicut
1712 1784 1895 1833 Vegetius
1924 1785 2026 1832 dicit,
2047 1785 2084 1823 in
2109 1786 2205 1823 libro
2230 1786 2291 1823 De
2309 1786 2369 1823 Re
2387 1785 2466 1823 Mi-

1382 1837 1487 1875 litari
1503 1837 1541 1874 *2
1579 1837 1708 1875 Nemo
1724 1839 1867 1887 facere
1894 1839 2027 1876 metuit
2051 1840 2155 1889 quod
2179 1851 2220 1877 se
2247 1840 2342 1877 bene
2373 1839 2467 1877 didi-

1383 1891 1477 1928 cisse
1496 1891 1661 1940 confidit.
1683 1913 1707 1920 -
1736 1891 1824 1929 Alio
1845 1892 1966 1930 modo
1991 1893 2067 1942 agit
2085 1893 2221 1944 aliquis
2241 1902 2370 1931 actum
2392 1893 2469 1931 for-

1383 1943 1554 1982 titudinis
1586 1944 1667 1982 sine
1705 1945 1863 1993 virtute,
1894 1954 2053 1996 propter
2081 1947 2292 1997 impulsum
2322 1947 2469 1997 passio-

1385 1999 1462 2037 nis:
1490 1999 1553 2036 vel
1583 1998 1765 2047 tristitiae,
1788 2012 1907 2049 quam
1927 2001 2010 2038 vult
2038 2002 2244 2051 repellere;
2268 2002 2332 2039 vel
2353 2001 2468 2041 etiam

1356 2089 1357 2092 ,
1384 2053 1474 2091 irae.
1492 2075 1516 2082 -
1533 2052 1667 2091 Tertio
1689 2052 1822 2101 modo,
1843 2062 2002 2105 propter
2022 2054 2264 2104 electionem,
2286 2067 2367 2094 non
2387 2048 2470 2105 qui»

1385 2107 1476 2146 dem
1497 2106 1585 2146 finis
1606 2107 1735 2155 debiti,
1757 2108 1826 2147 sed
1846 2108 2006 2148 alicuius
2025 2109 2249 2160 temporalis
2274 2099 2471 2152 commodi

1357 2207 1358 2210 Ἴ
1385 2161 1620 2212 acquirendi,
1640 2169 1733 2211 puta
1752 2162 1925 2212 honoris,
1944 2164 2153 2215 voluptatis
2172 2159 2234 2202 vel
2260 2163 2377 2211 lucri;
2406 2163 2470 2203 vel

1356 2226 1358 2254 ῑ
1386 2214 1546 2253 alicuius
1575 2215 1815 2255 incommodi
1843 2217 2003 2266 vitandi,
2033 2226 2127 2269 puta
2154 2218 2350 2269 vituperii,
2374 2215 2471 2257 affii-

1357 2313 1359 2319 k
1386 2269 1522 2307 ctionis
1540 2271 1604 2308 vel
1634 2270 1778 2308 damni.

242 2325 426 2364 fortitudo
456 2326 610 2373 mentis,
640 2337 718 2376 qua
748 2325 891 2364 scilicet
920 2323 1145 2363 huiusmodi
1170 2323 1332 2361 difficul-
1357 2320 1359 2350 ἵ

1494 2324 1554 2362 An
1580 2336 1743 2363 τεκτιυΜ
1763 2337 1950 2364 οισεΝυυΜ
1980 2326 2088 2376 quod
2106 2326 2157 2366 ad
2182 2325 2471 2365 similitudinem

1387 2377 1597 2428 corporalis
1636 2375 1864 2417 fortitudinis
1903 2379 2040 2418 dicitur
2077 2379 2261 2420 fortitudo
2299 2380 2470 2428 animae,

2490 923 2564 945 Ἕω.
2576 923 2645 946 eit-iu
2655 929 2704 951 ara.

2496 1844 2506 1854 ·
2521 1841 2575 1865 ub.
2588 1843 2613 1870 1,
2628 1847 2680 1870 cap.
2695 1848 2712 1864 ι.

245 2435 488 2484 corporalem
531 2434 812 2484 impedimenta
850 2433 1065 2484 corporalia
1102 2440 1259 2482 superat
1297 2439 1333 2470 et
1387 2444 1487 2481 quae
1516 2432 1672 2482 ponitur
1699 2433 1832 2482 virtus,
1853 2441 1894 2472 ut
1923 2433 2068 2472 dictum
2098 2442 2155 2473 est
2172 2434 2205 2473 *.
2234 2430 2320 2473 Nec
2339 2442 2471 2475 tamen
2499 2442 2674 2473 ’houmere-

245 2489 403 2538 repellit.
434 2489 547 2527 Unde
576 2489 821 2526 manifestum
852 2497 907 2526 est
936 2487 1043 2537 quod
1064 2486 1247 2525 fortitudo
1277 2493 1333 2524 est
1388 2494 1444 2524 est
1464 2494 1597 2524 contra
1617 2486 1805 2525 rationem
1821 2487 1970 2526 virtutis
1989 2489 2098 2539 quod
2117 2501 2164 2527 ex
2185 2489 2346 2528 naturali
2366 2501 2473 2528 com-

244 2541 384 2590 virtus‚
415 2544 647 2593 inquantum
678 2543 766 2582 facit
794 2544 997 2581 hominem
1027 2539 1245 2579 secundum
1275 2553 1332 2578 ra·
1388 2540 1567 2590 plexione
1596 2541 1734 2591 aliquis
1762 2542 1904 2580 habeat
1931 2543 2145 2582 naturalem
2183 2543 2471 2583 inclinationem

245 2596 392 2634 tionem
422 2610 518 2636 esse.
1360 2598 1363 2635 i
1389 2594 1437 2633 ad
1466 2594 1659 2643 virtutem,
1689 2604 1730 2633 ut
1759 2609 1875 2646 supra
1893 2596 1915 2619 ¹*
1944 2596 2087 2636 dictum
2119 2605 2185 2636 est.
2500 2590 2657 2647 ξ’,μῗῖὶ
2674 2596 2716 2620 ‘¹¹¹‘

300 2732 327 2766 γ)
346 2732 431 2765 sequi.
444 2746 461 2751 —
479 2732 601 2765 sequitur
621 2732 674 2763 ΑΒ,
693 2731 867 2764 consequitur
886 2731 934 2757 Pax
1443 2737 1453 2754 ι
1485 2729 1603 2756 atiud.-
1620 2730 1727 2764 aliquid
1745 2731 1823 2756 aliud
1841 2731 1869 2757 Ρ.

249 2767 430 2830 Μὶηόεὶνιχαέῗαε
449 2768 592 2793 hominem.
604 2782 623 2787 -
635 2767 726 2802 saciat
745 2767 879 2792 hominem
899 2767 997 2792 bonum
1012 2767 1057 2797 sA,
1072 2767 1168 2792 bonum
1181 2766 1274 2800 saciat
1286 2765 1333 2790 ho·
1459 2765 1468 2797 )
1485 2766 1645 2798 pertinen-
1663 2767 1737 2800 quod
1752 2767 1873 2800 pertinet
1892 2767 1981 2793 phac.

931 2894 1272 2927 Commentario.
1295 2892 1553 2925 Cardinalis
1575 2892 1781 2927 Caietam

255 2996 301 3059 IN
333 2985 520 3026 quaestione
550 2984 968 3025 centesimavigesimatertia
1000 2983 1111 3024 incipit
1145 2990 1231 3014 sexta
1264 2993 1336 3024 pars
1390 2982 1497 3014 tionis.
1516 2983 1630 3024 Arguit
1646 2984 1806 3026 siquidem
1827 2992 1937 3017 contra
1954 2985 2027 3022 hoc,
2048 2985 2151 3026 prima
2168 2995 2225 3016 sua
2242 2985 2430 3027 quaestione
2446 2986 2473 3023 ¹⁸¹,
2502 2984 2717 3041 Jgffmmff‘

10 3028 222 3078 ὲοξξῶωξζξοῑῡκη
283 3030 378 3061 huius
403 3029 499 3066 Libri,
525 3029 556 3060 in
587 3039 651 3071 qua
683 3036 834 3061 tractatur
858 3029 896 3059 de
923 3028 1110 3060 fortitudine
1128 3028 1157 3060 ¹⁸.
1188 3028 1336 3060 Occurrit
1390 3038 1444 3059 sex
1467 3028 1592 3060 mediis.
2503 3027 2647 3066 cond-&³⁴-
2709 3028 2716 3039 '

251 3083 359 3107 autem
384 3075 416 3106 in
442 3075 503 3106 hoc
527 3082 671 3110 tractatu,
697 3082 727 3105 et
751 3074 896 3115 sequenti
921 3074 959 3104 de
985 3073 1205 3114 temperantia,
1231 3084 1335 3105 novus
1362 3104 1364 3111 ,
2503 3077 2512 3086 ·
2527 3074 2565 3098 α.
2593 3079 2659 3098 ιω.
2678 3079 2716 3098 ιιι.

1447 3074 1566 3110 Primo,
1591 3074 1635 3106 sic
1650 3074 1677 3106 ⁴¹.
1703 3074 1820 3106 Omnis
1844 3074 1944 3106 virtus
1968 3074 2099 3106 moralis
2123 3074 2217 3106 habet
2241 3085 2361 3116 ponere
2385 3075 2474 3107 recti·

251 3120 351 3152 saneti
367 3118 516 3151 Thomna
540 3119 760 3161 impugnator,
778 3119 892 3150 doctor
916 3118 1110 3155 Pariaienaie,
1127 3118 1183 3160 qui
1200 3128 1238 3151 ea
1262 3129 1335 3160 pro-
1361 3127 1363 3173 l
1390 3118 1536 3150 tudinem
1554 3119 1586 3150 in
1602 3119 1758 3160 operibua
1770 3119 1935 3151 huma-iu.
1954 3119 2053 3160 Igitur
2068 3118 2224 3152 fortitudo
2239 3129 2308 3152 non
2324 3127 2372 3152 eat
2387 3130 2475 3162 prae

254 3166 362 3206 posto
375 3166 458 3196 duos
479 3165 577 3196 libros
594 3164 695 3196 edidit
711 3174 766 3206 per
786 3164 924 3195 modum
941 3164 1180 3206 quaestionum,
1198 3164 1335 3196 alterum
1390 3163 1453 3195 cisa
1468 3164 1569 3196 virtue
1592 3174 1628 3196 ex
1644 3164 1707 3196 hoe
1730 3164 1821 3206 quod
1835 3164 1920 3197 tollit
1942 3163 2175 3206 impedimenta
2197 3165 2397 3198 rectitudini·
2416 3175 2474 3207 po-

12 3207 60 3255 inr
76 3206 227 3257 ssgs’rfffflffie
255 3211 294 3241 de
310 3210 510 3241 Fortitudine
518 3207 544 3247 ⁸,
561 3210 697 3242 alterum
714 3210 753 3240 de
770 3209 998 3250 Temperantia
1010 3209 1055 3246 **,
1072 3216 1283 3252 conaturque,
1301 3216 1336 3241 ut
1391 3209 1513 3240 nendae
1536 3209 1569 3241 in
1586 3209 1738 3252 operibus
1762 3209 1922 3242 humanis.
1946 3226 1967 3232 —
1991 3209 2193 3241 Antecedena
2207 3211 2364 3251 probatur
2378 3210 2473 3244 indu—

10 3261 77 3315 [μδ.
123 3247 140 3260 ”
220 3250 226 3256 ”
255 3254 362 3292 audio,
402 3262 537 3286 uantum
561 3262 676 3296 potest,
695 3254 778 3286 dictu
803 3254 953 3286 Auctoris
977 3254 1177 3295 impugnare.
1202 3251 1337 3297 Propter
1362 3266 1364 3297 ‚¹
1391 3248 1471 3285 ctive
1496 3254 1550 3286 sic.
1583 3250 1755 3286 Rectitudo
1779 3254 1856 3292 iata,
1881 3253 2020 3292 scilicet,
2044 3254 2264 3297 Paagnandum
2288 3260 2337 3288 est
2359 3261 2474 3289 mm

15 3285 230 3342 remffl‘zffiafff
256 3300 345 3341 quod
394 3299 493 3330 ecrevi
525 3299 648 3332 obiecta
678 3299 746 3331 elus
776 3295 908 3336 referre,
934 3306 965 3331 er
990 3307 1065 3331 cum
1094 3299 1157 3330 divi
1187 3299 1336 3331 Thomae
1363 3310 1365 3331 1
1389 3299 1511 3331 hostem
1544 3300 1790 3341 oppugnantem>
1820 3299 1999 3338 civitaten,
2031 3299 2185 3340 ponenda
2214 3306 2262 3333 est
2293 3301 2333 3332 ab
2366 3300 2475 3345 aliqu·

13 3341 53 3364 ¹⁵³·-
69 3346 134 3369 “90-
256 3342 380 3375 auxilio·
399 3344 530 3383 solvere,
556 3345 692 3376 solidam
716 3345 785 3376 e'rus
809 3344 989 3376 doctrinam
1013 3344 1226 3376 clarificando.
1391 3344 1508 3375 virtute
1530 3344 1660 3375 morali:
1686 3349 1717 3375 et
1741 3351 1807 3375 non
1832 3353 1849 3375 a
1874 3344 2055 3385 prudentia,
2080 3351 2139 3376 nec
2163 3346 2391 3387 temperantia,
2415 3354 2475 3378 uec

314 3387 350 3419 ln
374 3387 482 3430 primo
503 3389 598 3428 igitur
622 3390 759 3421 articulo
781 3388 877 3421 huius
900 3390 1098 3432 quaestionis
1122 3390 1257 3422 dubium
1283 3399 1334 3422 oc·
1364 3395 1365 3437 l
1391 3388 1528 3421 iustitia:
1554 3396 1629 3429 ergo
1654 3398 1673 3420 a
1697 3388 1894 3421 fortitudine.
1920 3388 2072 3421 Similiter
2100 3389 2258 3422 rectitudo
2281 3391 2351 3428 iata,
2370 3391 2475 3423 Absti-

257 3433 354 3464 curait
377 3442 414 3464 ea
438 3433 523 3464 dicto
548 3434 692 3470 doctore,
705 3434 761 3475 qui
782 3442 915 3466 vocatur
939 3435 1094 3467 Martinus
1115 3435 1156 3466 de
1179 3434 1337 3475 Magistria
1392 3433 1533 3466 nendum
1558 3439 1606 3465 est
1628 3434 1670 3465 ab
1693 3443 1798 3466 uxore
1820 3434 1941 3473 aliena,
1967 3435 2119 3475 ponenda
2147 3442 2208 3469 est:
2234 3443 2266 3468 et
2289 3443 2357 3468 non
2381 3447 2399 3468 a
2423 3436 2474 3469 iu·

256 3476 365 3521 (cuius
389 3477 536 3519 superius
550 3478 577 3515 *,
595 3478 627 3509 in
644 3486 776 3510 tractatu
793 3480 831 3510 de
849 3480 926 3511 odio
952 3487 982 3512 et
1002 3479 1130 3516 invidia,
1149 3479 1338 3521 corrigendo
1392 3478 1476 3511 stitia
1501 3487 1558 3510 nec
1583 3478 1786 3510 fortitudine:
1812 3488 1888 3519 ergo
1904 3489 1923 3510 a
1939 3479 2158 3521 temperantia.
2184 3480 2232 3513 De
2255 3480 2376 3514 iustitia
2398 3490 2475 3514 vero

258 3518 490 3565 meminimus),
516 3522 596 3554 circa
624 3522 780 3554 rationem
806 3519 961 3555 redditam
990 3524 1021 3555 in
1051 3532 1185 3565 corpore
1214 3523 1337 3555 articuli
1393 3533 1460 3554 non
1485 3529 1612 3564 oportet
1644 3523 1779 3565 probare
1809 3523 1898 3565 quod
1922 3523 1962 3555 sit
1986 3524 2122 3565 positiva
2151 3524 2368 3558 rectitudinis:
2399 3525 2476 3568 quin

257 3568 297 3599 ad
322 3567 556 3598 ostendendum
592 3568 681 3608 quod
716 3567 869 3599 fortitudo
901 3577 946 3600 est
974 3570 1090 3606 virtus,
1115 3569 1190 3610 quia
1222 3568 1340 3600 scilicet
1393 3568 1426 3599 in
1450 3567 1551 3599 littera
1577 3570 1700 3600 Auctor
1724 3568 1848 3600 fatetur.
1875 3568 1916 3600 Et
1940 3579 2005 3600 non
2031 3577 2106 3602 sunt
2129 3571 2237 3612 plures
2260 3571 2399 3602 morales
2414 3570 2476 3602 vir·

257 3612 342 3644 tollit
365 3611 595 3653 impedimenta
620 3612 810 3643 abducentia
833 3614 1031 3646 voluntatem
1046 3625 1065 3645 a
1080 3614 1268 3646 rectitudine
1292 3623 1339 3644 ra·
1395 3620 1495 3645 tutes:
1525 3613 1599 3655 quia
1626 3613 1795 3654 prudentia
1821 3621 1869 3645 cst
1891 3614 1991 3646 virtus
2021 3615 2255 3648 intellectualia.
2283 3616 2387 3657 Erec,
2415 3622 2474 3647 etc.

15 3474 23 3482 “
39 3472 87 3500 Qq.
102 3478 182 3499 miv,

15 3504 94 3521 xxxvi.
