2768 4198
76 377 85 384 ⁸
93 375 160 396 ibid..
169 375 197 396 ad
207 381 254 402 arg.
264 382 285 401 4.

69 1442 77 1448 ·
96 1440 142 1467 Qu.
163 1446 269 1461 cxxviii..

70 1471 113 1488 art.
126 1467 194 1493 unic.y
206 1466 234 1488 ad
245 1467 266 1488 6.

68 1817 279 1840 ·i.ib.X.adlit.S.

66 2944 75 2952 ⁸
89 2943 144 2970 Cap,
166 2950 186 2965 v.
203 2949 224 2964 n.
246 2950 276 2970 ¹4·

68 3373 76 3381 ·
92 3372 200 3393 Conclus.
216 3379 237 3398 4.

319 297 368 333 68

372 375 456 406 Dicit
469 377 610 406 secundo
623 376 649 407 *.
663 376 751 416 quod
767 385 831 405 non
846 375 927 404 valet
939 373 1027 413 quod
1043 372 1117 402 dicit
1130 372 1286 407 Thomas,
1300 372 1390 412 quod

305 421 433 461 fiducia
448 422 600 460 importat
614 420 772 460 quendam
788 420 914 449 modum
929 419 1006 457 spei,
1026 418 1101 457 quia
1110 416 1240 457 fiducia
1257 421 1304 447 est
1318 426 1391 456 spes

315 510 450 539 modum
466 510 532 549 spei
549 509 711 548 intelligat.
738 512 802 538 Aut
819 507 904 537 enim
921 505 1067 545 intelligit
1082 505 1185 545 ipsam
1203 513 1310 545 spem:
1335 512 1391 536 aut

314 554 399 583 aliud
425 565 441 583 a
466 564 530 593 spe.
556 554 596 583 Et
620 553 645 582 si
669 553 764 587 aliud,
790 559 843 581 aut
861 551 1078 585 intrinsecum,
1096 557 1151 580 aut
1168 550 1389 580 extrinsecum.

315 599 354 628 Et
378 598 467 628 facile
492 598 722 628 deducerentur
747 596 900 626 membra.
927 595 995 633 Ego
1016 601 1122 624 autem
1145 594 1216 624 dico
1241 594 1330 634 quod
1356 593 1389 624 fi-

314 642 406 672 ducia
431 652 494 672 non
521 650 566 672 est
589 642 675 672 aliud
695 650 793 681 quam
809 650 890 680 spes,
909 649 973 669 non
995 639 1165 679 quaelibet,
1190 639 1245 669 sed
1269 638 1389 669 habens

313 687 515 717 coniunctam
541 685 770 716 certitudinem.
796 684 836 714 Et
860 684 883 713 si
910 684 970 713 hoc
994 683 1147 723 intelligat
1171 693 1227 723 per
1251 683 1388 714 modum

313 731 390 771 spei,
416 741 480 761 non
506 730 698 760 contradico.

369 776 406 806 11.
431 775 481 805 Ad
505 775 565 804 hoc
590 774 703 803 dicitur
725 773 871 812 negando
891 772 980 813 quod
997 771 1122 808 fiducia,
1140 779 1175 803 ut
1192 780 1239 802 est
1253 782 1324 812 pars
1341 772 1389 802 in·
1415 782 1417 824 Ἰ

311 820 434 859 tegraiis
459 818 662 853 fortitudinis,
683 825 718 848 ut
734 817 851 848 scilicet
870 817 1009 848 restricta
1025 824 1072 848 est
1089 817 1128 847 ad
1144 817 1309 847 materiam
1325 817 1388 848 for·
1415 825 1416 830 ¹

311 863 470 898 titudinis,
496 863 535 893 sit
558 863 676 898 virtus,
707 862 834 902 proprie
858 862 1033 902 loquendo.
1065 862 1106 892 Et
1129 869 1296 902 propterea
1322 872 1388 892 non
1415 860 1416 892 l

311 908 490 938 continetur
514 908 572 938 sub
597 907 703 948 aliqua
726 907 841 937 virtute
866 914 902 937 ut
925 906 1056 937 inferius
1077 907 1136 938 sub
1154 917 1214 937 suo
1231 907 1387 947 superiori

311 952 476 982 essentiali.
503 969 522 974 -
546 952 586 982 Et
619 952 658 981 ad
692 952 932 992 probationem,
959 951 1033 992 quia
1061 958 1149 982 actus
1181 950 1314 982 fiduciae
1342 959 1388 982 est
1414 967 1415 971 =

310 1004 397 1027 actus
422 1007 477 1036 per
500 1007 532 1027 se
555 996 737 1032 virtuosus,
767 1006 842 1036 ergo
867 996 993 1027 habitus
1017 1003 1064 1027 est
1087 1006 1143 1037 per
1166 1006 1199 1026 se
1223 996 1341 1027 virtus:
1366 1014 1387 1019 -
1414 1028 1415 1032 ,

1282 1075 1334 1082 Ν

965 294 1235 340 QUAEsrio
1266 293 1445 340 cxxix,
1476 295 1776 332 ARTicuLUs
1806 295 1874 332 vii

1445 381 1578 413 negatur
1602 375 1800 405 antecedens.
1834 375 1998 412 Quoniam
2028 382 2116 406 actus
2145 375 2279 406 fiduciae
2305 385 2370 405 non
2395 381 2441 404 est
2465 373 2523 403 vir-

354 465 372 494 b
546 465 579 506 fi
860 463 888 499 Q
916 462 922 468 .
1200 461 1206 466 Ι
1279 461 1311 490 ’ἀ
1417 431 1419 458 ;
1445 423 1559 448 tuosus
1589 428 1645 458 per
1669 429 1717 455 se,
1750 420 1804 449 sed
1834 427 1869 450 ut
1899 430 1970 460 pars
1994 420 2138 457 alterius,
2170 420 2288 451 scilicet
2312 418 2522 450 fortitudinis:

315 475 352 495 ro
373 470 467 495 orata
492 475 534 495 ex
581 475 651 494 rma
676 465 833 504 opinione.
893 473 943 492 uia
963 469 1075 501 posset
1099 471 1207 501 quaeri
1232 471 1287 501 qui
1335 470 1391 500 per
1417 503 1418 506 Ἰ

1445 461 1526 493 sicut
1550 472 1608 493 nec
1632 471 1720 494 actus
1744 464 1866 504 hepatis
1890 471 1945 495 aut
1961 465 2077 495 cerebri
2102 472 2149 495 est
2164 472 2253 496 actus
2276 474 2332 505 per
2348 474 2391 499 se,
2415 463 2469 493 sed
2490 470 2524 494 ut

1445 506 1560 545 partis,
1585 516 1668 547 quae
1700 508 1855 549 quidquid
1885 514 1932 539 est
1955 510 2054 540 totius
2077 515 2133 540 est.
2167 510 2260 540 Unde
2293 513 2415 539 Auctor
2449 507 2524 537 dicit

1445 551 1534 590 quod
1559 561 1624 581 non
1648 559 1694 582 est
1716 551 1833 583 fiducia
1857 553 1965 590 virtus,
1990 554 2065 595 quia
2089 554 2226 584 alienam
2242 553 2407 584 materiam
2425 552 2523 592 respi-

1444 594 1494 630 cit,
1513 594 1631 625 scilicet
1647 595 1841 627 fortitudinis
1857 598 2038 628 materiam:
2063 599 2103 629 ad
2118 599 2243 630 virtutis
2259 606 2368 629 autem
2385 596 2522 638 speciem

1444 639 1573 679 propria
1598 639 1732 680 exigitur
1754 642 1896 672 materia.

1502 684 1553 714 Ad
1577 683 1847 724 improbationem
1879 693 1986 717 autem
2003 688 2152 723 *secundo
2185 687 2259 718 loco
2287 686 2437 718 Auctoris
2467 695 2523 726 per

1443 728 1744 768 interrogationem,
1770 730 1980 770 respondetur
2007 732 2096 772 quod
2120 733 2219 763 robur
2242 732 2309 772 spei
2333 739 2380 763 est
2404 730 2522 762 modus

1444 773 1511 813 spei
1542 773 1662 803 addens
1692 784 1788 814 supra
1812 784 1902 814 spem
1926 774 2108 806 firmitatem
2136 784 2265 808 rectam.
2299 777 2339 808 Et
2369 775 2412 808 sic
2436 781 2522 816 patet

1443 819 1532 858 quod
1556 824 1604 848 est
1626 818 1714 849 aliud
1737 828 1754 848 a
1778 829 1850 859 spe.
1874 818 1915 850 Et
1938 826 1986 850 est
2008 820 2144 861 qualitas
2162 822 2213 852 vel
2235 821 2347 853 relatio
2371 820 2521 861 superad-

1443 862 1507 893 dita
1530 863 1617 902 spei:
1642 863 1821 894 secundum
1841 863 1979 895 diversas
1996 865 2166 905 opiniones
2189 866 2228 897 de
2243 866 2384 898 bonitate
2401 873 2432 896 et
2455 876 2520 896 ma-

1441 907 1507 938 litia
1531 907 1645 938 morali
1668 908 1701 938 in
1725 908 1929 949 passionibus
1952 909 2058 950 posita
2080 910 2131 941 vel
2155 910 2288 942 elicitive
2311 911 2361 942 vel
2384 910 2521 951 impera-

1442 951 1514 988 tive,
1533 959 1590 983 etc.
1615 952 1704 984 Haec
1724 952 1809 983 enim
1833 961 1908 984 sunt
1930 953 2100 994 proposito
2120 954 2371 996 impertinentia:
2397 963 2427 986 et
2447 962 2521 986 sunt

1443 996 1475 1026 in
1500 997 1699 1037 praecedenti
1725 997 1822 1028 Libro
1837 997 1854 1017 *
1878 1005 2017 1029 tractata.

1103 1133 1426 1175 ARTICULUS
1461 1133 1733 1177 SEPTIMUS

806 1227 963 1258 UTRUM
988 1227 1229 1258 sucuaiTAs
1255 1227 1312 1258 AD
1339 1227 1748 1259 MAGNAN1M1TATEM
1778 1228 2027 1260 PERTINEAT

397 1345 404 1358 ι
459 1350 480 1363 „-
525 1338 547 1363 ι)
568 1338 749 1363 SEPTIMUM
769 1338 823 1363 Sic
840 1338 1083 1363 PROCEDiTUR.
1100 1325 1261 1363 Videtur
1280 1326 1387 1375 quod
1412 1333 1414 1357 ¹
1441 1333 1571 1363 autem
1598 1326 1735 1363 dicitur
1764 1339 1833 1376 per
1852 1328 2112 1365 remotionem
2132 1327 2245 1365 huius
2270 1341 2382 1366 curae
2403 1342 2520 1379 quam

338 1371 347 1384 '
373 1378 385 1399 ·“
525 1380 706 1417 securitas
735 1380 784 1416 ad
815 1379 1170 1428 magnanimitatem
1194 1392 1272 1417 non
1301 1392 1386 1429 per—

345 1434 361 1482 (
387 1449 440 1468 xv
465 1432 652 1476 (tineat.
683 1434 875 1471 Securitas
897 1433 1013 1480 enim,
1035 1441 1077 1470 ut
1101 1446 1216 1483 supra
1231 1433 1251 1455 ’¹‘
1279 1434 1386 1470 habi-

309 1540 598 1588 perturbatione
621 1541 781 1578 timoris.
814 1541 892 1578 Sed
911 1542 987 1578 hoc
1006 1541 1174 1579 maxime
1204 1541 1291 1578 facit
1311 1541 1385 1578 for-

310 1593 443 1630 titudo.
482 1594 584 1643 Ergo
615 1595 797 1632 securitas
835 1594 988 1633 videtur
1026 1595 1129 1632 idem
1167 1607 1250 1633 esse
1279 1597 1386 1645 quod

310 1647 503 1684 fortitudo.
535 1649 612 1686 Sed
643 1649 823 1686 fortitudo
855 1661 933 1686 non
962 1649 1125 1698 pertinet
1154 1650 1201 1687 ad
1231 1662 1386 1699 magna-

310 1701 542 1750 nimitatem,
577 1703 645 1740 sed
675 1703 802 1752 potius
833 1715 852 1738 e
883 1715 1086 1740 converso.
1126 1703 1229 1751 Ergo
1259 1715 1385 1752 neque

309 1755 490 1791 securitas
519 1756 567 1792 ad
596 1756 951 1805 magnanimitatem
981 1756 1154 1806 pertinet.

364 1820 398 1844 2.
422 1809 656 1856 PRAETEREA,
680 1809 848 1846 Isidorus
869 1810 970 1857 dicit,
994 1809 1031 1846 in
1051 1810 1147 1847 libro
1166 1810 1335 1858 Etymol.
1352 1810 1383 1857 *,

308 1862 415 1910 quod
452 1874 608 1900 securus
636 1863 773 1900 dicitur
807 1864 919 1912 quasi
947 1863 1029 1900 sine
1056 1875 1162 1900 cura.
1203 1863 1281 1901 Sed
1310 1864 1386 1900 hoc

307 1915 460 1952 videtur
489 1929 571 1953 esse
602 1926 734 1954 contra
762 1917 956 1963 virtutem,
986 1929 1086 1966 quae
1117 1929 1248 1954 curam
1270 1917 1386 1954 habet

308 1968 356 2005 de
378 1969 490 2006 rebus
510 1970 700 2008 honestis:
723 1971 938 2008 secundum
961 1971 1051 2008 illud
1073 1970 1261 2020 Apostoli,
1284 1972 1313 2007 ll
1336 1971 1388 2008 ad

311 2023 406 2059 Tim.
438 2035 459 2060 11
476 2023 511 2060 *ε
541 2025 706 2062 Sollicite
724 2037 819 2062 cura
839 2025 996 2074 teipsum
1022 2024 1259 2074 probabilem
1280 2025 1386 2062 exhi-

307 2077 395 2113 bere
415 2077 510 2114 Deo.
542 2079 645 2127 Ergo
667 2078 848 2116 securitas
869 2091 946 2116 non
967 2078 1131 2128 pertinet
1160 2078 1208 2116 ad
1228 2091 1385 2127 magna-

308 2130 543 2176 nimitatem,
582 2145 680 2181 quae
711 2141 893 2182 operatur
922 2145 1107 2181 magnum
1138 2132 1176 2169 in
1205 2132 1385 2170 omnibus

307 2184 521 2222 virtutibus.

363 2239 397 2274 3.
429 2239 666 2286 PRAETEREA,
699 2252 777 2276 non
808 2247 863 2276 est
892 2239 994 2277 idem
1024 2240 1145 2276 virtus
1175 2247 1210 2276 et
1238 2239 1385 2277 virtutis

307 2292 538 2340 praemium.
570 2293 647 2331 Sed
677 2293 858 2331 securitas
886 2293 1043 2343 ponitur
1061 2293 1281 2343 praemium
1311 2293 1385 2330 vir-

307 2345 417 2382 tutis:
448 2354 490 2383 ut
517 2355 621 2396 patet
649 2348 720 2384 Iob
748 2347 836 2384 xi*:
877 2347 919 2384 Si
946 2347 1178 2396 iniquitatem
1209 2359 1308 2396 quae
1335 2353 1388 2384 est

308 2399 345 2436 in
367 2411 484 2437 manu
504 2406 568 2438 tua
584 2401 794 2446 abstuleris,
815 2402 985 2450 diffossus
997 2407 1014 2423 ‘²
1033 2413 1188 2438 securus
1207 2401 1384 2439 dormies.

308 2453 411 2501 Ergo
441 2454 624 2491 securitas
654 2467 731 2492 non
762 2455 925 2504 pertinet
947 2455 996 2492 ad
1018 2454 1384 2504 magnanimitatem,

307 2518 433 2555 neque
463 2508 511 2544 ad
541 2508 654 2546 aliam
684 2509 877 2555 virtutem,
908 2509 1004 2546 sicut
1031 2521 1119 2559 pars
1149 2509 1243 2546 eius.

362 2561 437 2597 SED
458 2573 606 2599 CONTRA
626 2574 692 2600 1-:sT
722 2562 827 2612 quod
848 2563 997 2600 Tullius
1028 2562 1128 2610 dicit,
1159 2562 1197 2600 in
1221 2564 1233 2599 I
1255 2563 1302 2600 de
1321 2563 1385 2612 Os-

295 2615 365 2662 fic,
396 2614 432 2662 *,
470 2616 575 2664 quod
624 2617 673 2653 ad
718 2617 1011 2665 magnanimum
1055 2616 1219 2666 pertinet
1266 2628 1387 2666 neque

301 2669 582 2716 perturbationi
607 2670 739 2716 animi,
777 2682 898 2720 neque
925 2671 1082 2718 homini,
1110 2682 1231 2719 neque
1256 2671 1386 2720 fortu-

307 2734 379 2759 nae
412 2725 669 2764 succumbere.
718 2725 795 2762 Sed
825 2724 862 2761 in
900 2725 976 2762 hoc
1012 2724 1183 2762 consistit
1216 2724 1386 2762 hominis

306 2776 501 2814 securitas.
530 2778 632 2827 Ergo
654 2778 836 2815 securitas
857 2778 905 2816 ad
927 2778 1279 2827 magnanimitatem
1301 2791 1385 2828 per-

307 2837 409 2866 unet

362 2884 589 2922 Resrounizo
620 2897 806 2923 mensuum
836 2886 966 2934 quod,
1004 2885 1100 2924 sicut
1128 2885 1388 2936 Philosophus

307 2937 407 2982 dicit,
435 2937 472 2974 in
495 2939 524 2974 ΙΙ
547 2951 638 2976 suae
659 2940 888 2977 Rhetoricae
901 2939 935 2986 ²¹³,
965 2940 1079 2978 timor
1095 2941 1201 2989 facit
1216 2940 1388 2977 homines

306 2991 581 3030 consiliativos:
619 2992 847 3042 inquantum
887 2993 1029 3031 scilicet
1067 3006 1199 3032 curam
1243 2994 1387 3031 habent

307 3044 467 3094 qualiter
485 3046 632 3095 possint
652 3059 696 3084 ea
718 3047 881 3084 evadere
903 3060 1004 3097 quae
1025 3047 1171 3085 timent.
1195 3047 1388 3085 Securitas

359 3179 386 3203 α)
407 3175 537 3209 defossus.
552 3189 567 3193 -
589 3174 710 3207 defessus
730 3174 823 3199 AGlh'.

367 1462 603 1524 ssAEXtum
635 1495 700 1534 est,
732 1487 913 1536 importat
941 1487 1111 1538 quietem
1142 1487 1340 1537 quandam
1364 1500 1386 1525 a
1412 1494 1414 1497 ’

1442 1381 1558 1417 timor
1586 1379 1730 1429 ingerit.
1771 1381 1820 1418 Et
1849 1380 1938 1418 ideo
1968 1381 2152 1419 securitas
2181 1381 2365 1431 importat
2400 1396 2520 1432 quan-

1442 1433 1531 1471 dam
1570 1435 1781 1483 perfectam
1821 1435 1989 1484 quietem
2029 1435 2147 1472 animi
2177 1448 2199 1472 a
2227 1436 2384 1474 timore:
2424 1436 2520 1475 sicut

1441 1487 1583 1524 fiducia
1611 1488 1794 1537 importat
1813 1489 2013 1538 quoddam
2045 1490 2164 1526 robur
2192 1489 2286 1538 spei.
2318 1489 2424 1528 Sicut
2452 1504 2518 1529 au—

1441 1549 1518 1578 tern
1549 1553 1636 1590 spes
1657 1541 1799 1580 directe
1818 1543 1982 1593 pertinet
2010 1542 2058 1580 ad
2078 1542 2448 1592 magnanimitatem,
2469 1544 2519 1584 ita

1441 1595 1556 1632 timor
1585 1594 1726 1633 directe
1754 1596 1918 1645 pertinet
1950 1596 1999 1634 ad
2028 1596 2303 1635 fortitudinem.
2333 1598 2383 1636 Et
2411 1597 2516 1646 ideo,

1441 1649 1537 1686 sicut
1566 1649 1707 1686 fiducia
1736 1649 1960 1688 immediate
1989 1651 2153 1700 pertinet
2185 1652 2235 1690 ad
2263 1651 2518 1701 magnanimi-

1439 1710 1576 1750 tatem,
1605 1702 1654 1740 ita
1683 1703 1865 1741 securitas
1895 1704 2116 1742 immediate
2145 1704 2309 1755 pertinet
2336 1705 2386 1743 ad
2415 1706 2518 1744 forti-

1440 1756 1627 1794 tudinem.
1644 1778 1668 1784 -
1689 1757 2025 1796 Considerandum
2055 1766 2186 1796 tamen
2208 1766 2264 1796 est
2284 1759 2400 1809 quod,
2422 1759 2518 1798 sicut

1440 1822 1528 1858 spes
1558 1817 1615 1846 est
1644 1823 1759 1847 causa
1789 1811 1986 1858 audaciae,
2017 1812 2067 1849 ita
2086 1812 2202 1849 timor
2231 1820 2287 1850 est
2307 1825 2422 1851 causa
2451 1813 2516 1852 de-

1441 1862 1680 1911 sperationis,
1711 1872 1751 1902 ut
1780 1865 1930 1914 supra*
1957 1866 2133 1903 habitum
2162 1873 2231 1914 est,
2253 1879 2342 1904 curn
2364 1868 2410 1905 de
2430 1879 2517 1917 pas-

1440 1915 1614 1953 sionibus
1643 1925 1830 1965 ageretur.
1862 1919 1911 1956 Et
1934 1918 2034 1964 ide0,
2056 1918 2152 1956 sicut
2180 1919 2322 1957 fiducia
2351 1933 2397 1958 ex
2426 1933 2516 1961 con-

1440 1970 1614 2018 sequenti
1658 1971 1822 2019 pertinet
1869 1972 1918 2009 ad
1956 1972 2240 2021 fortitudinem,
2287 1973 2518 2023 inquantum

1440 2023 1556 2061 utitur
1584 2024 1800 2071 audacia*;
1831 2025 1880 2062 ita
1911 2033 1947 2062 et
1979 2025 2162 2064 securitas
2192 2038 2237 2064 ex
2267 2028 2518 2077 consequenti
2547 2040 2558 2051 ·

1439 2077 1601 2127 pertinet
1630 2078 1679 2116 ad
1707 2078 2078 2128 magnanimitatem,
2116 2079 2343 2130 inquantum
2374 2082 2520 2132 repellit

1441 2131 1762 2181 desperationem.

1494 2188 1554 2222 An
1584 2197 1722 2224 ramum
1752 2198 1851 2224 eaeo
1882 2199 2069 2225 montinum
2099 2187 2206 2236 quod
2226 2187 2409 2226 fortitudo
2439 2201 2518 2228 non

1412 2231 1413 2235 ¹
1439 2239 1647 2289 praecipue
1668 2241 1845 2278 laudatur
1865 2253 1910 2278 ex
1929 2241 2005 2278 hoc
2025 2241 2131 2291 quod
2152 2254 2230 2279 non
2251 2242 2394 2291 timeat,
2412 2243 2519 2295 quod

1440 2293 1603 2342 pertinet
1623 2294 1672 2331 ad
1694 2294 1957 2332 securitatem:
1988 2296 2054 2332 sed
2080 2295 2307 2344 inquantum
2337 2295 2520 2346 importat

1440 2347 1660 2385 firmitatem
1691 2347 1889 2396 quandam
1920 2348 1958 2386 in
1983 2348 2238 2398 passionibus.
2269 2349 2382 2387 Unde
2411 2363 2518 2389 secu·

1441 2400 1529 2438 ritas
1559 2413 1638 2438 non
1667 2410 1724 2439 est
1751 2401 1856 2440 idem
1886 2402 1994 2451 quod
2014 2401 2207 2450 fortitudo,
2237 2401 2307 2440 sed
2327 2411 2383 2440 est
2403 2416 2517 2453 quae-

1441 2454 1530 2493 dam
1560 2454 1728 2493 conditio
1759 2455 1853 2493 eius.

1494 2510 1553 2546 An
1583 2520 1776 2547 SECUNDUM
1806 2521 1992 2547 DICENDUM
2022 2509 2127 2560 quod
2148 2521 2228 2547 non
2248 2509 2441 2559 quaelibet
2461 2523 2519 2549 se-

1441 2562 1577 2600 curitas
1608 2571 1663 2600 est
1691 2563 1904 2611 laudabilis,
1931 2563 2000 2601 sed
2020 2563 2177 2613 quando
2198 2562 2356 2613 deponit
2384 2563 2518 2615 aliquis

1441 2629 1573 2654 curam
1594 2625 1710 2667 prout
1730 2617 1857 2665 debet,
1875 2625 1910 2654 et
1929 2616 1967 2654 in
1987 2617 2127 2666 quibus
2147 2616 2282 2655 timere
2303 2629 2384 2656 non
2404 2630 2519 2668 opor-

1440 2678 1503 2708 tet.
1535 2671 1584 2708 Et
1613 2671 1688 2708 hoc
1715 2671 1836 2708 modo
1858 2679 1913 2708 est
1934 2670 2102 2710 conditio
2122 2670 2353 2709 fortitudinis
2382 2679 2419 2709 et
2438 2684 2519 2710 ma-

1440 2723 1708 2773 gnanimitatis.

1495 2780 1553 2816 An
1582 2790 1745 2817 ’ramum
1775 2790 1962 2816 Dici-:imum
2001 2778 2107 2828 quod
2145 2778 2183 2816 in
2221 2778 2424 2816 virtutibus
2462 2787 2518 2818 est

1440 2832 1634 2882 quaedam
1664 2831 1872 2870 similitudo
1903 2841 1939 2870 et
1958 2832 2195 2883 participatio
2225 2833 2373 2870 futurae
2401 2833 2517 2871 beati-

1441 2885 1602 2934 tudinis,
1642 2895 1683 2923 ut
1716 2886 1867 2936 supra*
1904 2885 2078 2924 habitum
2110 2894 2175 2924 est.
2215 2887 2264 2924 Et
2299 2885 2386 2924 ideo
2425 2885 2517 2926 nihil

1441 2940 1619 2991 prohibet
1647 2941 1889 2979 securitatem
1917 2941 2115 2990 quandam
2143 2952 2227 2978 esse
2256 2938 2515 2978 conditionem

1442 2993 1601 3031 alicuius
1629 2994 1799 3040 virtutis,
1840 2994 2019 3046 quamvis
2053 2994 2220 3044 perfecta
2257 2993 2439 3032 securitas
2468 2993 2516 3033 ad

1441 3047 1658 3097 praemium
1687 3047 1837 3086 virtutis
1865 3048 2062 3099 pertineat.
2307 3048 2312 3052 ⁴

994 3253 1332 3286 Commentario.
1357 3253 1612 3286 Garamans
1635 3253 1838 3286 Caietam

340 3340 357 3359 r<
383 3330 514 3360 articulo
539 3330 676 3370 septimo
700 3330 843 3360 eiusdem
869 3330 1063 3371 quaestionis
1088 3329 1223 3360 dubium
1248 3339 1285 3360 ex
1301 3330 1384 3360 Mar·
1409 3330 1412 3375 ξ
1438 3337 1495 3360 tas.
1521 3348 1539 3352 -
1564 3329 1720 3360 Probatur
1743 3327 1858 3359 minor.
1884 3327 1968 3366 Quia
1993 3334 2075 3358 certa
2099 3335 2180 3368 spes.
2206 3337 2287 3369 quae
2313 3334 2359 3358 est
2382 3326 2514 3363 fiducia,

313 3342 418 3410 Iuno,
444 3374 475 3404 in
500 3374 582 3405 dicta
599 3374 786 3415 quaestione
811 3375 849 3405 de
875 3374 1005 3405 Fiducia
1022 3374 1048 3411 *,
1067 3374 1219 3411 occurrit,
1243 3381 1384 3415 ponente

309 3418 423 3449 directe
454 3426 562 3449 contra
594 3426 738 3449 sanctum
762 3419 946 3455 Thornam,
972 3419 1061 3460 quod
1086 3426 1210 3460 praeter
1232 3417 1384 3450 fiduciam

309 3473 374 3494 non
399 3462 438 3493 sit
462 3463 610 3504 ponenda
626 3463 776 3494 securitas
800 3471 954 3505 tanquam
971 3463 1092 3506 aliquid
1109 3464 1149 3495 ad
1173 3463 1384 3505 magnanimi-

308 3515 406 3539 tatem
422 3507 592 3548 pertinens,
617 3507 729 3548 Arguit
746 3517 820 3548 ergo
832 3509 952 3549 primo.
969 3508 1127 3541 Securitas
1142 3518 1208 3539 non
1224 3515 1270 3539 est
1285 3507 1382 3544 aliud,

308 3552 487 3584 secundum
510 3559 656 3584 sanctum
680 3551 855 3589 Thomam,
880 3563 979 3593 quam
999 3552 1146 3595 perfecta
1165 3553 1255 3594 quies
1282 3552 1384 3584 animi

308 3607 328 3628 a
351 3597 476 3629 timore.
500 3596 562 3628 Sed
587 3596 691 3627 habita
715 3595 840 3632 fiducia,
858 3596 990 3629 habetur
1014 3596 1151 3638 perfecta
1170 3596 1262 3638 quies
1284 3595 1383 3628 animi

1436 3373 1540 3406 aufert
1562 3373 1713 3406 timorem
1736 3372 1986 3414 inquietantem:
2019 3378 2050 3403 et
2078 3371 2103 3402 si
2133 3378 2179 3403 est
2205 3372 2302 3403 timor
2324 3372 2515 3414 inquietans,

1438 3429 1503 3449 non
1528 3423 1575 3449 est
1598 3427 1670 3458 spes
1694 3416 1786 3448 certa.

1494 3462 1651 3494 Secundo.
1685 3461 1818 3492 Fiducia
1842 3468 1889 3493 est
1910 3471 1983 3502 spes
2005 3461 2156 3493 roborata
2183 3471 2225 3493 ex
2249 3462 2426 3493 vehementi
2448 3462 2512 3503 opi-

1438 3508 1543 3544 nione,
1557 3506 1736 3538 secundum
1751 3513 1898 3538 sanctum
1910 3505 2076 3537 ‘rhomam
2088 3506 2115 3537 *.
2135 3506 2220 3547 Ergo
2237 3513 2284 3538 est
2299 3506 2368 3538 sine
2383 3506 2512 3541 timore:

1437 3551 1512 3592 quia
1537 3561 1574 3582 ex
1597 3550 1651 3583 tali
1674 3561 1732 3591 spe
1754 3550 1831 3583 boni
1855 3551 2043 3592 assequendi
2068 3558 2168 3583 cessat
2190 3551 2298 3583 timor.

1497 3596 1614 3627 Tertio.
1630 3595 1737 3628 Omne
1752 3595 1931 3628 virtuosum
1948 3606 2004 3637 per
2016 3605 2049 3627 se
2065 3595 2268 3637 expulsivum
2283 3594 2512 3637 desperationis

308 3652 325 3671 a
350 3641 474 3673 timore.
505 3641 590 3682 Ergo
615 3648 736 3682 praeter
759 3639 908 3672 fiduciam
933 3652 999 3672 non
1023 3649 1069 3673 est
1094 3641 1243 3682 ponenda
1267 3640 1380 3672 securi-
1408 3625 1410 3675 l
1437 3646 1484 3672 est
1507 3640 1668 3672 securitas.
1700 3640 1832 3672 Fiducia
1856 3647 1902 3671 est
1926 3640 2124 3672 huiusmodi.
2148 3640 2245 3681 Ergo.
2269 3657 2290 3664 -
2314 3639 2417 3672 Maior
2440 3649 2511 3680 pro-

2550 993 2559 1002 ·
2575 993 2623 1021 Qu.
2643 1001 2682 1017 xx.
2701 1001 2763 1017 xxiv.

2546 1881 2555 1891 ¹
2562 1881 2584 1903 1·
2592 1880 2647 1906 nn.
2659 1886 2698 1909 qu.
2707 1886 2759 1906 xrs,

2545 1912 2588 1930 art.
2603 1913 2623 1929 2.

2547 2066 2577 2088 ad
2590 2071 2610 2088 a.

2547 2894 2689 2924 ⁸1¹11⁸·,qu.
2696 2901 2759 2920 uix.

2545 2925 2588 2943 an.
2598 2927 2618 2950 3.

2543 3513 2608 3534 ἈΙ-ί.
2622 3512 2728 3540 praeced.
