2768 4198
44 1513 114 1536 ⁸le.
123 1514 142 1540 1.
150 1519 258 1544 ‹ap-xvi.

967 245 1237 291 QUAESTIO
1267 245 1444 291 CXXIII,
1474 243 1773 281 ARTICULUS
1804 244 1837 280 X

2454 254 2495 279 21

1077 385 1398 428 ARTICULUS
1443 384 1694 427 DECIMUS

914 479 1069 510 UTRUM
1094 478 1250 510 FORTls
1275 478 1459 510 UTATUR
1483 478 1556 508 IRA
1582 478 1623 508 [N
1647 477 1732 509 suo
1756 477 1878 509 Auru

864 558 939 589 Infra,
961 564 1006 583 art.
1031 567 1069 590 11,
1089 559 1122 583 ad
1146 567 1173 589 1;
1192 558 1226 583 de
1243 558 1333 588 Verit„
1353 566 1398 591 qu.
1418 565 1484 588 xxvi,
1504 563 1551 583 art.
1570 564 1602 590 73
1621 557 1653 582 111
1675 558 1771 587 Ethic„
1791 558 1850 583 lect.
1868 565 1930 583 xvu.

328 667 387 701 ι.»
412 681 476 710 ,η
505 659 528 686 1)
558 660 721 686 nmmum
736 660 790 685 sm
812 659 1053 686 PROCEDITUR.
1079 648 1240 685 Videtur
1263 648 1368 696 quod

319 704 323 713 ’
343 702 367 723 ·‘
422 694 474 753 {⁴20
506 702 612 740 fortis
631 714 711 739 non
730 710 858 739 utatur
877 702 932 738 ira
952 702 990 738 in
1009 714 1080 739 suo
1101 710 1199 738 actu.
1231 701 1369 738 Nullus

311 787 331 805 Α
441 743 609 797 ’(ἐηἰω
639 755 753 793 debet
782 768 977 793 assumere
1007 755 1117 805 quasi
1140 755 1370 793 instrumen-

310 805 322 816 ’
347 828 357 841 »ι
462 804 587 848 χζῐωτι
608 822 700 846 suae
730 809 889 847 actionis
917 809 1009 847 illud
1029 822 1107 858 quo
1137 822 1215 847 non
1245 817 1370 857 potest

288 864 342 902 uti
370 876 440 913 pro
471 876 542 901 suo
573 863 741 901 arbitrio.
782 864 860 900 Sed
888 864 1010 900 homo
1039 876 1118 901 non
1155 871 1280 912 potest
1316 862 1368 899 uti

287 919 343 956 ira
370 930 442 967 pro
472 930 543 955 suo
573 917 742 964 arbitrio,
763 925 805 954 ut
833 917 975 954 scilicet
1002 917 1122 966 possit
1151 929 1238 954 eam
1265 929 1368 953 assu-

287 983 394 1011 mere
425 983 513 1008 cum
533 971 627 1008 velit
655 979 692 1008 et
720 971 917 1020 deponere
947 983 1036 1008 cum
1057 971 1168 1007 velit:
1198 977 1240 1006 ut
1265 970 1366 1006 enim

199 1070 207 1078 .
235 1066 260 1079 .-
286 1025 546 1075 Philosophus
571 1024 670 1072 dicit,
690 1024 730 1062 in
752 1025 849 1062 libro
869 1025 915 1062 de
933 1024 1129 1062 Memoria
1147 1023 1180 1070 ²¹²,
1209 1022 1366 1071 quando

252 1099 258 1106 ·
286 1079 414 1129 passio
445 1079 654 1128 corporalis
692 1086 799 1116 mota
829 1086 904 1125 est,
935 1089 1014 1115 non
1044 1077 1170 1114 statim
1208 1075 1369 1125 quiescit

286 1141 327 1171 ut
354 1134 474 1171 homo
503 1134 597 1171 vult.
636 1133 740 1180 Ergo
769 1132 873 1169 fom's
905 1143 984 1168 non
1020 1131 1136 1168 debet
1169 1142 1367 1167 assumere

287 1188 383 1226 iram
414 1188 462 1224 ad
492 1199 603 1224 suam
632 1185 913 1235 operationem.

342 1253 378 1278 2.
408 1241 652 1288 PRAETEREA,
682 1239 745 1276 ille
773 1239 839 1288 qui
859 1250 930 1288 per
948 1238 1118 1286 seipsum
1149 1236 1290 1273 sufficit
1318 1236 1366 1273 ad

281 1294 432 1344 ,aliquid
462 1294 663 1343 agendum
683 1322 693 1340 ,
731 1305 810 1330 non
851 1291 967 1329 debet
1004 1291 1042 1328 in
1081 1290 1264 1328 auxilium
1309 1289 1367 1326 sui

286 1360 485 1386 assumere
522 1346 614 1386 illud
652 1345 758 1396 quod
797 1353 854 1382 est
886 1344 1077 1382 infirmius
1113 1353 1150 1381 et
1187 1343 1367 1393 imperfe-

286 1402 395 1440 etius.
425 1402 503 1439 Sed
523 1401 620 1438 ratio
648 1412 718 1448 per
736 1399 904 1448 seipsam
925 1397 1066 1436 sufficit
1093 1397 1143 1435 ad
1164 1409 1264 1447 opus
1292 1397 1367 1434 for-

284 1455 453 1494 titudinis
481 1453 768 1504 exequendum,
798 1453 837 1490 in
876 1465 956 1501 quo
995 1451 1193 1489 iracundia
1228 1450 1367 1488 deficit.

285 1509 398 1548 Unde
432 1508 581 1546 Seneca
610 1506 719 1554 dicit,
749 1506 788 1544 in
823 1506 921 1544 libro
959 1506 1006 1543 de
1032 1506 1101 1543 Ira
1120 1505 1155 1542 *τ
1194 1505 1287 1543 Νοη
1317 1505 1369 1542 ad

277 1562 559 1613 providendum
598 1566 766 1607 tantum,
795 1560 863 1598 sed
888 1561 940 1598 ad
966 1571 1027 1597 res
1057 1559 1249 1610 gerendas
1275 1559 1367 1596 satis

282 1622 339 1658 est
367 1627 442 1666 per
467 1627 508 1653 se
536 1615 618 1665 ipsa
646 1615 757 1652 ratio.
795 1615 847 1652 Et
873 1614 966 1664 quid
989 1613 1137 1651 stultius
1169 1619 1224 1650 est
1249 1625 1365 1662 quam

281 1671 383 1709 hanc
413 1670 463 1707 ab
498 1669 698 1707 iracundia
729 1674 860 1718 petere
887 1667 1147 1718 praesidium,
1177 1679 1258 1704 rem
1292 1672 1366 1704 sta-

282 1724 395 1762 bilem
432 1724 482 1762 ab
520 1723 676 1769 incerta,
703 1722 863 1771 fidelem
896 1723 946 1760 ab
983 1722 1114 1770 infida,
1146 1733 1284 1759 sanam
1317 1721 1367 1758 ab

281 1776 436 1830 aegra?
463 1778 569 1826 Ergo
589 1776 772 1814 fortitudo
802 1788 883 1814 non
903 1776 1018 1814 debet
1036 1775 1132 1813 iram
1153 1787 1364 1813 assumere.

339 1832 375 1870 3.
413 1832 660 1879 ΡΜΕΤΕΚΕΑ,
690 1830 786 1868 sicut
823 1837 980 1880 propter
1013 1829 1109 1866 iram
1148 1829 1262 1878 aliqui
1300 1841 1366 1867 ve-

281 1885 501 1925 hementius
520 1897 640 1935 opera
659 1883 889 1922 fortitudinis
909 1890 1162 1932 exequuntur,
1179 1882 1230 1920 ita
1251 1882 1364 1920 etiarn

283 1947 320 1977 et
347 1947 506 1989 propter
541 1938 728 1976 tristitiam
757 1938 820 1975 vel
855 1936 1228 1986 concupiscentiam:
1262 1937 1365 1974 unde

169 2011 176 2024 ·
202 2011 208 2018 ·
233 2006 256 2045 ·ζ
282 1993 545 2043 Philosophus
565 1991 665 2039 dicit,
687 1991 726 2028 in
747 1993 797 2028 III
816 1991 938 2028 Ethic.
959 1990 991 2038 ³¹²,
1021 1990 1256 2039 quodferae
1273 2002 1365 2039 pro—

279 2052 365 2097 pter
382 2045 580 2084 0tristitiam
608 2058 674 2083 seu
694 2045 864 2083 dolorem
890 2045 1096 2082 incitantur
1114 2045 1167 2081 ad
1177 2044 1364 2093 pericula,

40 2483 76 2507 Ῥ
82 2483 138 2513 11⁸¹,
143 2490 253 2514 quxrv,

40 2514 86 2534 1η.
98 2517 120 2535 2·

39 3026 48 3035 '
63 3024 122 3047 thid.

38 3549 82 3572 'ln
89 3556 150 3578 reap-
160 3550 190 3572 ad
200 3556 252 3578 pro-

42 3576 89 3599 bat.
103 3577 201 3599 rationi·
214 3577 238 3599 6.

38 3604 60 3615 ⁰·
75 3603 111 3626 Cf.
126 3609 191 3626 num.
205 3610 236 3626 xv.

283 2107 319 2139 et
345 2100 511 2139 adulteri
521 2105 680 2150 propter
698 2098 1040 2148 concupiscentiam
1061 2097 1181 2136 multa
1201 2099 1365 2136 audacia

283 2161 503 2204 operantur.
543 2153 621 2192 Sed
650 2153 832 2191 fortitudo
868 2165 948 2190 non
975 2151 1137 2189 assumit
1165 2151 1214 2189 ad
1249 2165 1363 2189 suum

283 2216 412 2246 actum
446 2220 573 2256 neque
607 2206 796 2244 tristitiam
834 2218 961 2254 neque
997 2204 1362 2254 concupiscentiam.

283 2263 400 2311 Ergo,
425 2261 507 2311 pari
536 2260 696 2307 ratione,
718 2272 798 2298 non
827 2260 944 2297 debet
971 2270 1168 2296 assumere
1198 2259 1308 2297 iram.

364 2315 440 2354 SED
460 2326 610 2353 CONTRA
628 2325 696 2352 asr
724 2313 832 2362 quod
861 2313 1094 2363 Pilosophus
1124 2311 1224 2359 dicit,
1246 2312 1284 2351 in
1313 2314 1362 2350 Ill

280 2369 403 2408 Ethic.
422 2369 461 2418 ‘,
490 2370 597 2418 quod
616 2369 740 2416 furor
767 2373 995 2418 cooperatur
1010 2367 1195 2416 sortibus.

335 2424 566 2461 Respounno
603 2434 790 2460 mesanum
832 2423 939 2470 quod
975 2421 1023 2459 de
1063 2421 1118 2458 ira
1155 2428 1192 2458 et
1229 2420 1364 2458 ceteris

280 2477 435 2515 animae
461 2475 720 2526 passionibus,
740 2475 837 2512 sicut
859 2474 1008 2525 supra*
1029 2475 1173 2512 dictum
1202 2483 1270 2522 est,
1299 2474 1364 2512 ali-

279 2538 338 2568 ter
356 2538 446 2568 sunt
472 2530 589 2568 locuti
616 2529 868 2579 Peripatetici,
889 2537 926 2566 et
946 2529 1053 2566 aliter
1082 2528 1212 2566 Stoici.
1243 2528 1361 2566 Stoici

281 2584 386 2622 enim
417 2591 454 2622 et
489 2584 585 2622 iram
616 2591 652 2620 et
680 2594 818 2621 omnes
851 2582 943 2620 alias
971 2582 1125 2620 animae
1159 2582 1362 2631 passiones

281 2638 330 2676 ab
359 2639 490 2676 animo
526 2636 726 2687 sapientis,
756 2637 838 2674 sive
875 2635 1058 2683 virtuosi,
1093 2636 1359 2674 excludebant.

281 2691 523 2742 Peripatetici
550 2703 659 2738 vero,
689 2703 855 2739 quorum
884 2689 1063 2740 princeps
1092 2689 1160 2727 fuit
1178 2689 1362 2728 Aristote-

280 2746 352 2793 les,
382 2745 479 2783 iram
509 2752 546 2782 et
573 2745 666 2782 alias
695 2744 847 2782 animae
876 2744 1076 2793 passiones
1104 2744 1361 2782 attribuebant

278 2799 473 2846 virtuosis,
499 2798 566 2836 sed
595 2798 815 2836 moderatas
835 2797 994 2835 ratione.
1025 2798 1075 2835 Et
1105 2798 1201 2835 forte
1237 2810 1359 2846 quan-

280 2860 362 2891 tum
392 2853 442 2891 ad
461 2864 543 2890 rem
565 2865 643 2890 non
665 2851 904 2898 differebant,
925 2851 993 2889 sed
1022 2852 1149 2888 solum
1170 2860 1358 2900 quantum

280 2907 328 2945 ad
366 2907 530 2945 modum
566 2906 761 2956 loquendi.
801 2906 905 2943 Nam
943 2905 1184 2954 Peripatetici
1221 2918 1359 2944 omnes

279 2969 407 2999 motus
436 2960 626 3010 appetitus
654 2959 836 3006 sensitivi‚
866 2959 1198 3008 qualitercumque
1227 2972 1267 2997 se
1291 2961 1358 2997 ha-

279 3015 424 3061 bentes,
446 3014 646 3064 passiones
674 3014 827 3051 animae
856 3012 1121 3060 nominabant,
1142 3020 1184 3050 ut
1202 3025 1319 3063 supra
1337 3014 1358 3036 *

278 3068 454 3106 habitum
484 3076 558 3106 est:
589 3076 626 3105 et
654 3068 743 3117 quia
764 3067 954 3116 appetitus
983 3066 1188 3104 sensitivus
1221 3079 1357 3104 move-

331 3193 360 3224 α)
379 3196 547 3224 cooperetur.
560 3206 578 3211 -
597 3192 763 3224 reciperetur
782 3191 977 3220 ABDEFGKL,
996 3191 1145 3224 recipiatur
1165 3191 1183 3216 1.

331 3227 359 3322 {3
377 3228 526 3305 :og—03⁶³
537 3228 610 3294 ἳςῐιη
629 3264 713 3288 altero
735 3263 794 3288 loco
812 3270 859 3288 eas
878 3263 925 3288 Pa.

347 3298 357 3331 )
376 3305 427 3324 sm.
439 3312 459 3319 —
476 3306 553 3325 suum
573 3299 620 3324 Pa.
634 3313 649 3319 -
669 3298 721 3324 Pro
739 3305 780 3328 ea,
799 3306 830 3324 eo
849 3299 895 3324 Pa.

1424 655 1483 684 tur
1510 659 1581 696 per
1608 647 1814 696 imperium
1853 646 2009 684 rationis
2038 648 2086 684 ad
2116 647 2192 684 hoc
2221 648 2327 696 quod
2361 660 2502 698 coope-

1425 708 1527 737 retur
1546 706 1563 722 α
1591 701 1641 738 ad
1669 700 1886 750 promptius
1916 700 2123 749 agendum,
2144 700 2286 738 idcirco
2305 703 2503 751 ponebant

1424 762 1459 791 et
1497 754 1591 791 iram
1629 762 1665 791 et
1702 754 1792 791 alias
1826 754 2025 803 passiones
2060 753 2213 792 animae
2250 756 2502 793 assumendas

1424 820 1506 845 esse
1526 820 1548 845 a
1563 807 1578 837 β
1597 808 1788 856 virtuosis,
1810 809 2028 846 moderatas
2055 809 2269 846 secundum
2296 809 2500 858 imperium

1424 861 1590 898 rationis.
1623 862 1741 899 Stoici
1769 874 1865 898 vero
1894 862 2088 899 vocabant
2115 863 2314 911 passiones
2347 863 2501 900 animae

1423 915 1701 952 immoderatos
1739 915 1929 963 quosdam
1968 915 2128 955 affectus
2157 916 2346 965 appetitus
2383 917 2502 954 sensi-

1423 968 1490 1005 tivi
1509 969 1627 1015 (unde
1657 968 1909 1005 nominabant
1922 981 1989 1005 eos
2014 974 2029 996 Υ
2048 969 2304 1019 aegritudines
2318 971 2381 1007 vel
2401 983 2502 1008 mor-

2631 813 2645 846 β

2630 986 2646 1011 Υ

1423 1022 1523 1068 bos):
1554 1028 1589 1058 et
1609 1021 1696 1058 ideo
1717 1021 1868 1070 penitus
1888 1034 1955 1058 eos
1976 1034 1997 1058 a
2025 1022 2163 1059 virtute
2184 1025 2424 1072 separabant.
2443 1024 2464 1046 ’¹‘
2478 1046 2503 1053 -
2529 1035 2541 1046 ·
2554 1034 2589 1057 cf·
2606 1034 2665 1057 ibid·

1424 1074 1487 1112 Sic
1517 1087 1606 1123 ergo
1636 1074 1730 1111 iram
1754 1074 1995 1112 moderatam
2025 1075 2185 1112 assumit
2200 1077 2305 1114 fortis
2322 1077 2371 1115 ad
2387 1090 2501 1115 suum

1423 1135 1565 1175 actum,
1587 1140 1667 1165 non
1695 1135 1823 1165 autem
1845 1128 1942 1165 iram
1967 1128 2277 1166 immoderatam.

1477 1184 1536 1218 AD
1566 1193 1703 1219 mulvium
1734 1193 1833 1219 ERGO
1862 1193 2048 1219 DlCENDUM
2082 1183 2189 1231 quod
2217 1183 2272 1220 ira
2301 1186 2502 1222 moderata

1423 1236 1638 1272 secundum
1677 1234 1866 1272 rationem
1905 1235 2103 1273 subiicitur
2135 1236 2299 1285 imperio
2334 1238 2501 1276 rationis.

1423 1289 1535 1326 Unde
1565 1301 1806 1338 consequens
1828 1297 1884 1326 est
1902 1297 1944 1326 ut
1963 1290 2084 1326 homo
2115 1302 2159 1326 ea
2187 1298 2316 1328 utatur
2338 1304 2409 1340 pro
2431 1305 2501 1329 suo

1423 1342 1599 1380 arbitrio:
1630 1355 1709 1380 non
1737 1350 1865 1380 autem
1896 1343 1927 1380 si
1957 1351 2055 1380 esset
2084 1343 2352 1382 immoderata.

1475 1398 1535 1434 AD
1555 1408 1747 1434 SECUNDUM
1770 1408 1955 1434 chl-:NDUM
1984 1398 2090 1445 quod
2121 1396 2215 1435 ratio
2245 1411 2324 1435 non
2345 1399 2503 1436 assumit

1422 1450 1517 1487 iram
1547 1450 1598 1487 ad
1627 1450 1684 1487 sui
1703 1448 1716 1472 ⁶
1746 1458 1874 1487 actum
1915 1451 2023 1500 quasi
2062 1451 2243 1489 auxilium
2275 1453 2324 1489 ab
2355 1465 2400 1489 ea
2440 1466 2503 1490 ac-

1423 1503 1584 1554 cipiens:
1616 1504 1684 1542 sed
1713 1504 1803 1553 quia
1830 1504 1948 1542 utitur
1967 1504 2137 1554 appetitu
2167 1505 2350 1544 sensitivo
2379 1514 2421 1544 ut
2448 1507 2503 1544 in-

1422 1565 1649 1606 strumento,
1670 1557 1767 1595 sicut
1787 1565 1822 1596 et
1842 1559 2028 1596 membris
2049 1559 2233 1608 corporis.
2264 1560 2348 1597 Nec
2374 1568 2430 1598 est
2450 1562 2503 1597 in-

1422 1612 1659 1650 conveniens
1679 1612 1710 1649 si
1733 1613 2028 1650 instrumentum
2054 1611 2101 1649 sit
2119 1613 2378 1663 imperfectius
2401 1615 2502 1663 prin—

1422 1666 1533 1716 cipali
1553 1674 1706 1715 agente:
1736 1675 1778 1703 ut
1798 1667 1994 1704 martellus
2015 1667 2135 1704 fabro.
2157 1688 2181 1695 -
2204 1668 2352 1705 Seneca
2372 1676 2501 1706 autem

1422 1728 1587 1758 sectator
1614 1720 1681 1757 fuit
1710 1720 1944 1768 Stoicorum,
1968 1729 2003 1770 et
2027 1721 2167 1758 directe
2198 1730 2330 1759 contra
2358 1722 2503 1760 Aristo-

1421 1775 1535 1811 telem
1564 1775 1686 1811 verba
1714 1774 1926 1823 praemissa
1954 1775 2149 1824 proponit.

1473 1830 1532 1865 Ao
1552 1840 1714 1865 ‘rt-:arium
1734 1839 1922 1866 memnona
1942 1829 2062 1877 quod,
2083 1841 2170 1866 cum
2193 1829 2387 1878 fortitudo,
2406 1830 2503 1867 sicut

2628 1463 2642 1487 δ

1421 1881 1566 1919 dictum
1601 1881 1707 1924 est*‚
1741 1882 1882 1919 habeat
1911 1882 2009 1919 duos
2048 1891 2173 1931 actus,
2210 1883 2350 1920 scilicet
2391 1884 2501 1921 susti·
2531 1899 2606 1921 mm.
2621 1905 2640 1928 3.
2657 1899 2679 1921 6.

1421 1947 1512 1972 nere
1541 1943 1578 1972 et
1606 1935 1773 1984 aggredi,
1794 1947 1874 1973 non
1904 1936 2064 1973 assumit
2083 1937 2179 1974 iram
2201 1937 2249 1974 ad
2269 1945 2397 1974 actum
2419 1950 2501 1975 sus-

1421 1989 1575 2036 tinendi,
1599 1989 1689 2039 quia
1717 1990 1821 2026 hunc
1851 1997 1979 2027 actum
2000 1991 2081 2027 sola
2111 1990 2205 2027 ratio
2234 2003 2305 2040 per
2325 2003 2366 2028 se
2395 1992 2500 2029 facit:

1421 2043 1488 2081 sed
1517 2043 1565 2081 ad
1596 2051 1726 2080 actum
1757 2043 2013 2092 aggrediendi.
2053 2044 2114 2081 Ad
2143 2057 2261 2093 quern
2291 2045 2413 2093 magis
2443 2058 2501 2083 as—

1420 2097 1537 2134 sumit
1564 2097 1662 2134 iram
1692 2109 1811 2146 quam
1840 2097 1932 2134 alias
1961 2097 2177 2146 passiones,
2207 2098 2297 2147 quia
2327 2099 2374 2136 ad
2403 2099 2500 2136 iram

1420 2151 1583 2199 pertinet
1610 2149 1750 2188 insilire
1771 2150 1809 2187 in
1830 2163 1910 2187 rem
1941 2151 2240 2199 contristantem,
2263 2160 2298 2189 et
2322 2152 2375 2189 sic
2405 2153 2502 2190 dire-

1421 2212 1479 2241 cte
1499 2212 1732 2253 cooperatur
1760 2204 1970 2242 fortitudini
2000 2205 2039 2242 in
2069 2206 2339 2254 aggrediendO.
2370 2207 2501 2244 Tristi-

1420 2258 1470 2295 tia
1490 2266 1632 2305 autem,
1649 2258 1864 2296 secundum
1884 2259 2081 2308 propriam
2109 2259 2310 2307 rationem,
2328 2260 2501 2298 succum-

1419 2312 1471 2349 bit
1491 2312 1654 2350 nocivo:
1686 2312 1755 2349 sed
1774 2325 1844 2362 per
1862 2312 2041 2350 accidens
2071 2313 2276 2351 coadiuvat
2299 2314 2347 2351 ad
2372 2327 2502 2364 aggre-

1420 2365 1625 2412 diendum;
1655 2367 1717 2403 vel
1747 2366 1976 2415 inquantum
2005 2367 2152 2404 tristitia
2181 2375 2237 2405 est
2266 2381 2380 2405 causa
2409 2369 2498 2417 irae,

1419 2428 1459 2457 ut
1488 2433 1604 2470 supra
1623 2420 1643 2442 *
1673 2420 1817 2458 dictum
1840 2428 1910 2467 est;
1940 2422 2003 2458 vel
2023 2421 2252 2470 inquantum
2273 2422 2408 2471 aliquis
2434 2436 2501 2472 pe·
2529 2439 2741 2468 -1=n=·.qu.m11,

1418 2473 1538 2511 riculo
1575 2486 1615 2511 se
1656 2474 1811 2523 exponit
1849 2482 1891 2511 ut
1925 2475 2113 2512 tristitiam
2150 2476 2278 2524 fugiat.
2323 2476 2501 2514 Similiter

1418 2528 1535 2566 etiam
1556 2528 1880 2577 concupiscentia,
1909 2529 2122 2566 secundum
2159 2529 2356 2579 propriam
2387 2531 2498 2568 ratio—

1418 2594 1520 2630 nem,
1541 2581 1663 2619 tendit
1691 2582 1730 2619 in
1749 2582 1899 2619 bonum
1925 2582 2161 2631 delectabile,
2184 2584 2244 2620 cui
2273 2596 2343 2633 per
2371 2597 2411 2621 se
2442 2598 2498 2622 re-

1416 2644 1563 2686 pugnat
1591 2635 1783 2685 aggressio
1812 2635 2092 2685 periculorum:
2123 2637 2191 2674 sed
2218 2650 2290 2687 per
2317 2638 2497 2676 accidens

1416 2691 1654 2739 quandoque
1675 2690 1882 2727 coadiuvat
1910 2691 1960 2729 ad
1984 2691 2306 2739 aggrediendum,
2336 2691 2497 2740 inquan-

1415 2752 1496 2782 tum
1527 2744 1668 2781 seilicet
1687 2744 1821 2794 aliquis
1846 2744 1975 2792 potius
1994 2745 2077 2782 vult
2101 2745 2268 2793 pericula
2288 2750 2300 2766 ²
2328 2745 2497 2783 incidere

1415 2811 1533 2848 quarn
1563 2798 1777 2836 delectabili
1805 2810 1947 2835 carere.
1978 2799 2027 2835 Et
2054 2798 2142 2835 ideo
2163 2799 2422 2848 Philosophus
2443 2800 2497 2838 di—

1415 2853 1484 2900 cit,
1515 2852 1553 2889 in
1582 2853 1632 2888 IlI
1657 2851 1778 2889 Ethic.
1799 2851 1838 2900 ³¹³,
1869 2852 1975 2901 quod
2004 2852 2100 2889 inter
2128 2852 2367 2890 fortitudines
2397 2866 2495 2903 quae
2523 2866 2601 2916 geff-

1414 2914 1501 2944 sunt
1531 2918 1576 2942 ex
1604 2906 1800 2955 passione,
1822 2905 2106 2943 naturalissima
2135 2918 2213 2944 esse
2231 2907 2380 2944 videtur
2398 2919 2496 2957 quae

1413 2966 1468 2998 est
1479 2972 1553 3009 per
1571 2960 1694 2997 iram.-
1714 2966 1751 2996 et
1767 2960 1957 3008 accipiens
1985 2960 2202 2997 electionem
2223 2966 2258 2998 et
2276 2961 2383 2998 cuius
2400 2973 2493 3011 gra-

1412 3015 1463 3051 tia
1497 3013 1665 3091 (scilicqt
1701 3013 1874 3051 debitum
1907 3014 2070 3061 finem),
2088 3014 2280 3062 fortitudo
2310 3014 2490 3061 (scilicet,

1398 3068 1483 3116 suit
1508 3069 1616 3114 vera)
1652 3096 1660 3104 .

1466 3192 1490 3223 ε)
1505 3192 1671 3224 pericula.—
1690 3192 1717 3216 in
1734 3191 1858 3223 pericula
1878 3191 1990 3216 PADGI.

1464 3227 1491 3260 ζ)
1511 3227 1619 3256 scilicet,
1628 3227 1687 3260 fuit
1709 3234 1782 3252 uera.
1795 3241 1813 3246 —
1831 3227 1933 3252 scilicet
1955 3227 2008 3252 erit
2032 3233 2095 3251 vera
2119 3226 2163 3257 sC,
2176 3227 2235 3260 fuit
2258 3234 2323 3252 vera
2345 3227 2376 3257 G,
2396 3227 2421 3253 si
2432 3228 2491 3261 fuit

1382 3262 1384 3280 ι’
1413 3269 1478 3287 vera
1497 3263 1538 3289 ed.
1558 3270 1584 3292 a,
1596 3263 1657 3296 suit
1675 3263 1703 3292 P,
1723 3263 1759 3293 (si
1770 3262 1923 3295 fortitudo)
1942 3262 2043 3287 scilicet
2053 3262 2113 3295 fuit
2132 3268 2196 3287 vera
2216 3263 2237 3293 I;
2257 3262 2359 3288 scilicet
2369 3263 2409 3296 fit
2426 3270 2490 3288 vera

1382 3283 1384 3322 Ι
1412 3299 1514 3331 aliquae
1533 3298 1668 3324 editiones.

959 3378 1297 3411 Commentaria.
1319 3377 1575 3411 cardinalis
1597 3377 1801 3410 Caietam

282 3469 329 3532 Iu
344 3458 478 3490 articulo
493 3458 619 3490 decimo
643 3455 788 3491 ‘eiusdem
803 3459 1011 3501 quaestionis,
1032 3459 1066 3491 in
1091 3459 1302 3500 responsione
1319 3459 1358 3489 ad

309 3503 449 3540 tertium,
467 3503 564 3534 dubia
583 3511 756 3536 occurrunt
778 3504 837 3536 tria
861 3514 899 3535 ex
920 3504 1068 3541 Marduo,
1082 3504 1116 3535 in
1132 3515 1188 3545 qu.
1213 3515 1254 3541 vr,
1279 3504 1356 3535 dub.

284 3559 293 3578 1
311 3548 338 3585 *,
355 3548 566 3589 impugnante
581 3547 664 3579 hanc
679 3549 926 3589 responsionem
941 3549 1050 3590 quoad
1065 3549 1134 3580 nia.
1159 3549 1307 3580 Primum
1322 3548 1358 3568 **

279 3600 326 3624 est
341 3593 431 3634 quod
437 3592 605 3634 fortitudo
622 3602 684 3623 non
709 3594 846 3624 assumit
862 3595 946 3625 iram
965 3594 1010 3625 ad
1032 3599 1139 3625 actum
1163 3594 1355 3625 sustinendi.

1415 3458 1536 3490 Contra
1549 3458 1613 3489 hoc
1629 3458 1798 3499 dupliciter
1813 3459 1924 3499 arguit.
1940 3459 2061 3490 Primo.
2080 3459 2128 3489 Ira
2143 3458 2281 3489 maxime
2296 3458 2370 3491 facit
2383 3459 2487 3490 homi-

1415 3513 1489 3534 nem
1503 3503 1719 3534 insensibilem
1736 3503 1818 3535 inter
1832 3504 1964 3535 vulnera
1989 3511 2020 3535 et
2042 3503 2134 3535 ictus.
2150 3504 2237 3544 Ergo
2260 3504 2398 3535 maxime
2414 3503 2488 3534 facit

1413 3548 1580 3579 hominem
1604 3549 1774 3588 perdurare
1796 3548 1828 3579 in
1849 3549 2017 3580 tolerantia
2034 3548 2233 3589 passionum,
2253 3550 2341 3590 quod
2367 3555 2413 3579 est
2436 3558 2487 3578 su-

1411 3593 1536 3625 stinere.

2528 2471 2571 2489 art.
2586 2474 2608 2496 3.

2623 2767 2633 2782 ε

2603 2873 2653 2893 vin.
2661 2874 2683 2889 n.
2691 2874 2719 2889 12.
2727 2880 2736 2884 -

2614 2895 2665 2917 lect.
2680 2901 2735 2917 xvn.
