2768 4198
98 1240 108 1249 ⁰
122 1238 174 1261 lad
183 1238 248 1266 Cor„
258 1244 310 1266 cap.

97 1271 149 1293 aur,
163 1271 223 1288 vm.
237 1271 257 1294 5.

97 1349 188 1399 hm:

96 1407 179 1426 mu.

194 1348 310 1404 xivg&

185 2751 237 2773 viu,
251 2751 276 2768 n.
286 2751 306 2774 5,

93 2745 178 2795 ἒειὲ.
190 2772 237 2796 Th.
254 2772 306 2794 lact.

938 310 1206 355 QUAESTIO
1236 313 1520 362 CLXXXVIII,
1549 317 1846 354 ARTICULUS
1874 318 1941 354 VIl

340 389 523 432 quantum
552 385 777 421 necessitatis
804 391 872 422 est:
900 387 966 423 sed
994 393 1034 423 ut
1051 400 1125 425 non
1146 390 1214 425 ista
1239 390 1406 427 intuean-

340 442 412 483 tur,
442 442 478 473 et
497 443 657 486 propter
684 440 753 475 ista
768 439 926 487 faciant
949 441 1129 488 quidquid
1150 442 1186 478 in
1206 444 1411 493 Evangelii

333 490 619 539 praedicatione
634 492 776 538 facere
803 493 988 529 iubentur.
1020 494 1097 530 Sed
1127 496 1326 533 abundans
1355 497 1408 534 di-

339 543 518 581 vitiarum
546 544 737 592 possessio
767 545 1086 582 abundantiorem
1117 549 1407 588 sollicitudinem

340 597 493 645 ingerit,
520 609 591 646 per
619 609 737 645 quam
767 598 918 634 animus
946 599 1113 636 hominis
1142 603 1306 639 multum
1336 604 1408 640 dis-

340 650 499 688 trahitur
527 658 563 687 et
590 650 807 699 impeditur,
838 663 887 687 ne
915 652 1076 689 totaliter
1104 654 1244 691 feratur
1271 656 1307 692 in
1336 657 1408 693 Dei

341 703 582 753 obsequium.
614 724 637 730 —
667 704 751 741 Alia
779 716 873 741 vero
905 705 994 752 du0,
1025 706 1167 743 scilicet
1186 720 1296 744 amor
1317 709 1410 745 divi·
1434 709 1436 751 ἶ
1465 723 1552 746 nem
1583 712 1724 759 ingerat
1744 713 1767 750 ⁸.

340 758 478 795 tiarum
509 764 544 794 et
565 757 675 794 elatio
701 770 770 794 seu
789 757 960 806 gloriatio
981 758 1029 795 de
1050 759 1200 808 divitiis,
1222 773 1300 798 non
1321 775 1409 799 con-
1434 755 1436 794 ἶ

339 818 552 860 sequuntur
580 810 651 848 nisi
679 812 918 848 abundantes
948 811 1110 849 divitias.

393 863 530 901 Differt
558 872 688 901 tamen
717 865 817 901 circa
841 865 917 901 hoc
946 873 1073 902 utrum
1095 866 1260 914 divitiae,
1291 868 1411 904 abun·
1435 872 1436 875 ’

339 918 473 954 dantes
495 919 558 954 vel
582 918 816 964 moderatae,
837 918 876 954 in
894 919 1051 967 proprio
1071 920 1134 956 vel
1154 919 1192 956 in
1212 922 1410 957 communi

339 971 564 1008 habeantur.
600 972 705 1008 Nam
734 971 950 1008 sollicitudo
981 984 1081 1020 quae
1111 972 1209 1010 circa
1237 975 1411 1022 proprias

339 1024 491 1062 divitias
519 1024 733 1071 adhibetur,
757 1025 921 1073 pertinet
940 1025 988 1062 ad
1009 1038 1184 1063 amorem
1205 1027 1408 1075 privatum,

339 1090 418 1126 quo
456 1078 541 1126 quis
573 1090 615 1114 se
649 1078 909 1126 temporaliter
935 1087 1061 1116 amat:
1101 1080 1169 1117 sed
1198 1081 1410 1118 sollicitudo

339 1143 439 1180 quae
467 1131 672 1170 adhibetur
700 1131 799 1169 circa
828 1144 888 1169 res
912 1144 1152 1180 communes,
1182 1134 1344 1182 pertinet
1363 1136 1410 1172 ad

339 1197 515 1223 amorem
553 1184 736 1232 caritatis,
776 1198 876 1234 quae
914 1198 989 1223 non
1028 1187 1177 1234 quaerit
1212 1199 1310 1236 quae
1340 1201 1410 1226 sua

337 1244 425 1276 sunt
441 1238 473 1285 *,
503 1239 572 1275 sed
601 1239 874 1276 communibus
903 1239 1073 1277 intendit.
1105 1241 1154 1277 Et
1173 1241 1260 1289 quia
1281 1242 1410 1289 religio

336 1292 394 1330 ad
415 1291 691 1341 perfectionem
712 1292 876 1330 caritatis
896 1293 1103 1340 ordinatur,
1125 1306 1242 1342 quam
1263 1296 1412 1343 perficit

337 1357 451 1385 amor
482 1346 558 1383 Dei
593 1357 710 1394 usque
745 1347 797 1384 ad
832 1352 1084 1396 contemptum
1115 1348 1176 1384 sui
1193 1347 1235 1394 *;
1269 1349 1411 1386 habere

338 1399 479 1448 aliquid
507 1399 710 1449 proprium
741 1408 928 1449 repugnat
954 1401 1178 1450 perfectioni
1208 1402 1411 1450 religionis.

339 1453 418 1490 Sed
445 1453 662 1490 sollicitudo
691 1465 790 1501 quae
819 1454 1021 1492 adhibetur
1049 1454 1147 1492 circa
1176 1456 1279 1493 bona
1305 1468 1411 1493 com-

338 1506 483 1554 munia,
512 1507 702 1556 pertinere
730 1515 858 1556 potest
877 1508 926 1546 ad
946 1508 1160 1546 caritatem:
1191 1509 1278 1546 licet
1297 1509 1411 1547 etiam

337 1572 406 1610 per
442 1561 518 1598 hoc
555 1559 732 1609 impediri
768 1561 889 1610 possit
930 1562 1064 1611 aliquis
1102 1562 1213 1600 altior
1250 1564 1412 1601 caritatis

337 1621 466 1661 actus,
495 1621 588 1663 puta
617 1615 952 1663 contemplationis
987 1616 1140 1654 divinae
1179 1624 1245 1654 aut
1276 1617 1412 1655 instru-

338 1667 472 1705 ctionis
499 1667 780 1717 proximorum.

391 1722 450 1758 Ex
483 1733 562 1770 quo
597 1729 701 1770 patet
738 1724 843 1770 quod
877 1723 1021 1760 habere
1054 1723 1411 1771 superabundantes

338 1773 488 1817 divitias
516 1775 555 1812 in
579 1775 789 1821 communi,
810 1775 892 1813 sive
910 1776 950 1813 in
970 1777 1083 1814 rebus
1102 1776 1308 1814 mobilibus
1329 1778 1410 1815 sive

205 1851 231 1887 Ἀ
269 1879 272 1882 ¹
334 1827 613 1876 immobilibus,
631 1836 687 1866 est
701 1829 1023 1878 impedimentum
1042 1830 1304 1879 perfectionis:
1325 1832 1411 1868 licet

337 1893 416 1920 non
452 1882 616 1919 totaliter
650 1883 825 1928 excludat
864 1895 963 1921 eam.
1009 1884 1161 1920 Habere
1195 1892 1324 1922 autem
1361 1885 1408 1922 de

303 1962 306 1964 -
337 1936 452 1973 rebus
485 1935 733 1973 exterioribus
768 1937 805 1973 in
835 1937 1054 1983 communi,
1092 1937 1172 1975 sive
1203 1938 1409 1975 mobilibus

336 1988 418 2026 sive
446 1988 721 2037 immobilibus,
751 1998 941 2038 quantum
966 1990 1104 2028 sufficit
1124 1992 1172 2029 ad
1193 1991 1407 2040 simplicem

335 2043 500 2090 vietum,
529 2043 804 2092 perfectionem
835 2044 1024 2092 religionis
1053 2057 1132 2082 non
1160 2045 1339 2094 impedit:
1378 2046 1408 2084 si

337 2096 598 2134 consideretur
624 2106 830 2146 paupertas
858 2097 896 2135 in
926 2098 1214 2147 comparatione
1235 2100 1281 2136 ad
1303 2112 1408 2136 com-

336 2162 494 2188 munem
523 2150 644 2188 finem
672 2151 913 2199 religionum,
943 2152 1007 2201 qui
1036 2160 1092 2203 est
1110 2165 1250 2190 vacare
1270 2153 1408 2190 divinis

335 2203 544 2253 obsequiis.

367 2257 431 2295 .Si
458 2265 589 2294 autem
619 2257 881 2295 consideretur
907 2270 976 2307 per
1005 2259 1334 2308 comparationem
1359 2260 1407 2296 ad

335 2311 520 2360 speciales
547 2311 646 2348 fines
676 2311 914 2359 religionum,
945 2312 1009 2358 sic,
1032 2313 1324 2361 praesupposito
1345 2313 1408 2350 tali

334 2365 425 2412 fine,
454 2371 661 2413 paupertas
690 2364 816 2402 maior
843 2366 904 2402 vel
935 2365 1061 2403 minor
1080 2374 1136 2403 est
1157 2366 1326 2414 religioni
1345 2379 1406 2403 ac-

335 2418 567 2456 commoda:
607 2426 644 2454 et
671 2425 777 2455 tanto
807 2418 876 2455 erit
903 2431 1161 2468 unaquaeque
1190 2420 1320 2468 religio
1349 2432 1407 2456 se-

335 2471 505 2510 cundum
541 2479 810 2520 paupertatem
847 2472 1071 2520 perfectior,
1111 2481 1255 2522 quanto
1291 2474 1408 2511 habet

333 2532 600 2574 paupertatem
629 2525 749 2573 magis
769 2525 1100 2574 proportionatam
1121 2539 1192 2564 suo
1212 2527 1292 2564 fini.
1323 2528 1407 2564 Ma-

334 2578 514 2616 nifestum
535 2586 592 2615 est
611 2578 714 2615 enim
743 2579 849 2627 quod
878 2580 927 2616 ad
957 2579 1144 2616 exteriora
1171 2587 1207 2616 et
1227 2593 1407 2629 corpora—

333 2632 382 2669 lia
411 2644 531 2681 opera
557 2632 660 2669 vitae
688 2632 836 2669 activae
864 2632 1006 2680 indiget
1029 2633 1148 2670 homo
1175 2633 1286 2682 copia
1307 2641 1406 2671 exte-

293 2716 298 2723 .
334 2685 479 2723 riorum
500 2698 650 2722 rerum:
677 2685 726 2722 ad
751 2686 1116 2734 contemplationem
1138 2694 1266 2724 autem
1281 2699 1406 2737 pauca

334 2739 589 2787 requiruntur.
610 2739 721 2776 Unde
741 2739 999 2788 Philosophus
1019 2739 1119 2783 dicit,
1135 2739 1174 2777 in
1194 2741 1227 2776 X
1242 2740 1404 2788 Ethic.*,

333 2793 440 2843 quod
458 2793 510 2830 ad
527 2793 692 2830 actiones
720 2793 846 2829 multis
865 2804 958 2841 opus
977 2799 1040 2839 est,
1061 2799 1098 2830 et
1119 2799 1259 2842 quanto
1280 2795 1407 2844 utique

333 2847 499 2884 maiores
516 2851 605 2883 sunt
629 2851 665 2883 et
691 2845 875 2892 meliores,
890 2846 1086 2895 pluribus:
1114 2847 1323 2896 speculanti
1338 2860 1405 2885 au-

333 2906 406 2938 tem
436 2899 539 2937 nullo
567 2899 699 2936 talium
724 2899 777 2936 ad
802 2900 1059 2948 operationem
1088 2901 1308 2947 necessitas,
1337 2902 1406 2939 sed

333 2953 423 2991 solis
451 2953 677 2991 necessariis
708 2953 872 3001 indiget3
911 2953 983 2990 alia
1017 2966 1112 2990 vero
1141 2954 1406 3003 impedimenta

331 3013 421 3045 sunt
444 3007 497 3044 ad
522 3006 826 3055 speculationem.
858 3006 921 3043 Sic
954 3006 1066 3055 igitur
1083 3015 1188 3056 patet
1215 3008 1320 3057 quod
1348 3021 1406 3045 re-

331 3061 421 3109 ligio
450 3073 548 3109 quae
569 3060 766 3097 ordinatur
793 3060 842 3097 ad
868 3060 1036 3097 actiones
1065 3062 1283 3110 corporales
1317 3062 1406 3098 acti-

332 3126 405 3151 vae
432 3114 556 3160 vitae,
592 3121 685 3164 puta
713 3113 762 3150 ad
795 3113 1034 3150 militandum
1062 3114 1125 3150 vel
1161 3115 1210 3152 ad
1238 3114 1405 3164 hospita-

287 3207 295 3215 ,
332 3167 475 3204 litatem
509 3168 752 3214 sectandam,
782 3166 1006 3216 imperfecta
1044 3174 1142 3204 esset
1170 3167 1200 3204 si
1230 3179 1405 3206 commu-

333 3220 447 3258 nibus
475 3229 619 3258 careret
647 3220 797 3258 divitiis.
829 3221 1047 3269 Religiones
1067 3229 1196 3258 autem
1226 3233 1327 3269 quae
1356 3222 1405 3273 ad

334 3274 674 3322 contemplativam
710 3274 830 3311 vitam
868 3274 1111 3320 ordinantur,
1140 3281 1246 3311 tanto
1282 3276 1404 3323 perfe-

333 3327 469 3364 ctiores
507 3334 610 3374 sunt,
640 3335 785 3375 quanto
815 3340 950 3364 eorum
978 3335 1184 3377 paupertas
1213 3327 1404 3366 minorem

333 3380 387 3417 eis
416 3379 707 3418 sollicitudinem
725 3381 995 3430 temporalium
1015 3380 1159 3429 ingerit.
1189 3381 1316 3418 Tanto
1337 3394 1403 3419 au-

333 3441 412 3471 tem
434 3433 647 3471 sollicitudo
669 3435 935 3483 temporalium
955 3446 1083 3472 rerum
1103 3433 1224 3482 magis
1243 3434 1404 3483 impedit

333 3486 568 3534 religionem,
598 3495 742 3535 quanto
768 3488 980 3526 sollicitudo
999 3487 1250 3537 spiritualium
1279 3488 1404 3525 maior

333 3540 382 3578 ad
410 3540 634 3590 religionem
664 3540 875 3590 requiritur.
909 3541 1158 3579 Manifestum
1188 3548 1244 3577 est
1271 3548 1401 3578 autem

2448 327 2516 363 531

1462 394 1568 440 quod
1588 394 1774 432 maiorem
1794 397 2085 434 sollicitudinem
2102 399 2349 447 spiritualium
2370 403 2523 449 requirit

1463 446 1592 493 religio
1631 459 1728 496 quae
1757 455 1813 485 e'st
1841 450 2007 487 instituta
2039 451 2089 488 ad
2122 454 2458 501 contemplandum
2488 464 2523 493 et

1434 537 1435 544 ἵ
1463 501 1720 548 contemplata
1755 502 1834 539 aliis
1869 504 2096 541 tradendum
2135 518 2205 554 per
2241 506 2448 544 doctrinam
2488 518 2524 546 et

1434 578 1435 590 ,
1462 552 1803 601 praedicationem,
1839 569 1955 603 quam
1986 557 2045 594 illa
2073 571 2172 606 quae
2201 568 2256 595 est
2283 560 2447 598 instituta
2475 562 2523 598 ad

1464 607 1801 654 contemplandum
1829 616 1988 647 tantum.
2018 611 2128 648 Unde
2157 613 2270 648 talem
2303 614 2522 661 religionem

1464 658 1573 694 decet
1600 668 1803 708 paupertas
1832 663 1913 699 talis
1948 676 2047 711 quae
2081 665 2280 702 minimam
2310 667 2524 704 sollicitudi-

1516 765 1761 802 Manifestum
1792 775 1847 804 est
1874 776 2001 805 autem
2031 771 2136 818 quod
2159 771 2358 809 minimam
2388 773 2524 810 sollici-

1464 817 1636 854 tudinem
1675 819 1806 867 ingerit
1838 833 2065 859 conservare
2102 836 2162 860 res
2199 825 2284 861 usui
2321 826 2523 863 hominum

1464 871 1707 918 necessarias,
1727 881 1900 921 tempore
1921 887 2089 923 congruo
2108 887 2340 925 procuratas.
2370 880 2418 916 Et
2438 880 2523 917 ideo

1463 922 1583 959 tribus
1611 925 1789 971 gradibus
1823 927 2046 975 religionum
2083 943 2197 978 supra
2225 932 2356 979 positis
2393 933 2524 982 triplex

1464 976 1602 1022 gradus
1638 980 1869 1027 paupertatis
1907 983 2099 1030 competit.
2143 984 2245 1021 Nam
2283 985 2352 1022 illis
2381 987 2524 1034 religio-

1465 1028 1576 1066 nibus
1617 1043 1714 1079 quae
1758 1032 1980 1071 ordinantur
2016 1036 2064 1072 ad
2106 1038 2322 1085 corporales
2357 1039 2524 1077 actiones

1465 1082 1610 1119 activae
1637 1084 1750 1131 vitae,
1771 1087 1951 1134 competit
1969 1088 2111 1125 habere
2130 1091 2400 1128 abundantiam
2431 1093 2524 1130 divi-

1464 1135 1600 1173 tiarum
1638 1139 1915 1176 communium.
1952 1161 1976 1168 -
2014 1142 2086 1178 Illis
2124 1151 2250 1179 autern
2286 1145 2524 1192 religionibus

1464 1201 1564 1236 quae
1593 1199 1681 1227 sunt
1714 1191 1908 1229 ordinatae
1938 1195 1985 1230 ad
2019 1198 2374 1245 contemplandum,
2404 1200 2523 1247 magis

1466 1244 1648 1291 competit
1692 1245 1834 1282 habere
1876 1247 2137 1294 possessiones
2179 1252 2414 1288 moderatas:
2454 1253 2524 1289 nisi

1465 1295 1577 1332 simul
1613 1305 1788 1345 oporteat
1823 1300 1915 1336 tales
1949 1301 2160 1349 religiosos,
2190 1315 2258 1351 per
2286 1316 2326 1340 se
2359 1305 2421 1341 vel
2457 1316 2525 1354 per

1466 1348 1579 1396 alios,
1608 1351 1902 1399 hospitalitatem
1938 1361 2067 1391 tenere
2105 1363 2140 1391 et
2180 1357 2409 1404 pauperibus
2438 1360 2525 1396 sub-

1464 1402 1609 1438 venire.
1638 1424 1662 1431 -
1692 1405 1766 1441 Illis
1785 1413 1914 1442 autem
1934 1419 2032 1454 quae
2053 1408 2273 1445 ordinantur
2292 1411 2337 1446 ad
2360 1419 2530 1448 contem-v

1465 1455 1567 1503 plata
1603 1456 1684 1492 aliis
1720 1458 1970 1506 tradendum,
2010 1462 2190 1509 competit
2231 1463 2348 1500 vitam
2386 1465 2525 1501 habere

1466 1509 1634 1545 maxime
1649 1510 1697 1546 ab
1714 1511 1959 1548 exterioribus
1974 1513 2284 1552 sollicitudinibus
2299 1517 2525 1565 expeditam.

1467 1561 1585 1608 Quod
1614 1563 1770 1611 quidem
1799 1564 1841 1601 fit
1871 1565 1963 1601 dum
1993 1566 2145 1603 modica
2173 1580 2270 1616 quae
2295 1577 2380 1606 sunt
2399 1582 2527 1607 neces-

1467 1615 1565 1652 saria
1593 1617 1707 1664 vitae,
1737 1630 1906 1666 congruo
1934 1627 2108 1667 tempore
2136 1629 2347 1668 procurata,
2378 1635 2528 1660 conser-

1465 1677 1615 1706 vantur.

1518 1723 1567 1759 Et
1591 1723 1666 1759 hoc
1694 1724 1898 1769 Dominus,
1927 1725 2159 1774 paupertatis
2183 1726 2384 1775 institutor,
2403 1729 2530 1766 docuit

1463 1788 1535 1812 suo
1565 1778 1758 1825 exemplo:
1788 1778 1954 1815 habebat
1982 1778 2084 1815 enim
2109 1779 2262 1826 loculos,
2285 1781 2400 1818 Iudae
2424 1795 2528 1820 com-

1464 1829 1623 1876 missos,
1662 1830 1700 1867 in
1735 1831 1872 1879 quibus
1904 1833 2210 1870 recondebantur
2242 1834 2276 1870 ei
2310 1835 2454 1883 oblata,
2489 1844 2528 1874 ut

1463 1883 1624 1920 habetur
1654 1885 1758 1921 Ioan.
1778 1885 1875 1922 x11*.
1897 1905 1921 1913 —
1951 1886 2035 1922 Nec
2063 1887 2187 1924 obstat
2219 1888 2324 1935 quod
2345 1889 2528 1938 Hierony-

1464 1948 1549 1973 mus
1566 1937 1666 1984 dicit,
1682 1949 1795 1986 super
1808 1939 1947 1975 Matth.
1967 1939 2008 1976 *ε
2029 1940 2070 1976 Si
2083 1941 2165 1988 quis
2184 1941 2344 1978 obiicere
2357 1943 2525 1989 voluerit,

1466 1990 1663 2032 Quomodo
1685 1992 1802 2028 Iudas
1822 1992 1858 2029 in
1879 1992 2009 2029 loculis
2022 1994 2225 2041 pecuniam
2239 1996 2443 2043 portabat?
2471 2009 2526 2034 re-

1460 2044 1745 2092 spondebimus,
1776 2046 1864 2094 quia
1893 2057 1974 2082 rem
1997 2058 2212 2095 pauperum
2249 2048 2286 2085 in
2322 2061 2409 2086 usus
2440 2062 2527 2087 suos

1461 2103 1680 2135 convertere
1707 2099 1814 2146 nefas
1835 2100 1999 2147 putavit,
2029 2100 2169 2138 scilicet
2197 2102 2382 2140 solvendo
2411 2103 2525 2140 tribu-

1460 2158 1559 2188 tum:
1588 2171 1613 2180 -
1641 2152 1730 2199 quia
1751 2153 1846 2189 inter
1865 2152 1947 2189 illos
1967 2165 2155 2202 pauperes
2174 2155 2368 2205 praecipui
2383 2162 2401 2184 η
2422 2165 2527 2194 erant

1462 2205 1543 2242 eius
1579 2205 1770 2254 discipuli,
1808 2205 1844 2243 in
1884 2218 2048 2255 quorum
2088 2209 2330 2246 necessitates
2365 2211 2526 2258 pecunia

1460 2259 1674 2296 loculorum
1713 2259 1850 2296 Christi
1898 2261 2193 2309 expendebatur.
2241 2263 2386 2300 Dicitur
2423 2265 2522 2301 enim

1462 2313 1567 2349 Ioan.
1594 2324 1630 2349 ιν
1652 2311 1692 2358 *,
1731 2313 1838 2360 quod
1866 2314 2039 2362 discipuli
2072 2315 2246 2352 abierant
2271 2317 2308 2353 in
2338 2317 2522 2354 civitatem

1462 2371 1501 2402 ut
1527 2366 1629 2402 cibos
1652 2372 1838 2403 emerent:
1867 2374 1904 2403 et
1923 2368 2027 2404 Ioan.
2048 2380 2109 2405 xm
2128 2368 2148 2390 ‘¹‘
2176 2369 2312 2406 dicitur
2339 2371 2441 2418 quod
2472 2371 2525 2408 di-

1461 2419 1595 2468 scipuli
1617 2420 1815 2467 putabant,
1836 2420 1925 2468 quia
1945 2421 2085 2458 loculos
2102 2423 2263 2459 habebat
2279 2424 2406 2470 Iudas,
2426 2425 2527 2472 quod

1460 2473 1615 2510 dixisset
1641 2473 1677 2509 ei
1701 2474 1829 2510 Iesus:
1866 2475 1963 2511 Eme
1989 2487 2034 2511 ea
2062 2486 2160 2523 quae
2187 2488 2279 2524 opus
2305 2483 2391 2513 sunt
2417 2479 2522 2515 nobis

1459 2527 1512 2564 ad
1537 2526 1635 2563 diem
1652 2527 1819 2574 festum;
1845 2533 1914 2563 aut
1940 2533 1981 2564 ut
1996 2529 2124 2577 egenis
2150 2529 2293 2577 aliquid
2317 2530 2433 2566 daret.

1514 2581 1572 2616 Ex
1600 2592 1677 2628 quo
1706 2587 1809 2629 patet
1836 2580 1941 2628 quod
1971 2593 2196 2617 conservare
2219 2583 2432 2630 pecuniam,
2458 2591 2522 2620 aut

1460 2645 1724 2681 quascumque
1754 2633 1845 2670 alias
1865 2646 1923 2670 res
1953 2645 2188 2681 communes,
2210 2635 2258 2671 ad
2287 2636 2521 2672 sustentatio-

1459 2699 1551 2724 nem
1589 2687 1849 2735 religiosorum
1895 2687 2192 2734 congregationis
2231 2687 2423 2736 eiusdem,
2459 2690 2520 2726 vel

1459 2752 1795 2788 quorumcumque
1815 2739 1976 2776 aliorum
1996 2752 2221 2789 pauperum,
2243 2749 2298 2778 est
2322 2742 2519 2779 conforme

1459 2793 1702 2843 perfectioni,
1726 2805 1841 2842 quam
1873 2793 2043 2829 Christus
2071 2793 2200 2830 docuit
2227 2806 2296 2830 suo
2330 2795 2516 2843 exemplo.

1461 2848 1538 2884 Sed
1567 2855 1603 2884 et
1632 2845 1814 2895 discipuli,
1845 2853 1931 2894 post
1959 2846 2301 2894 Resurrectionem,
2330 2861 2352 2884 a
2380 2849 2517 2897 quibus

1460 2901 1586 2938 omnis
1615 2899 1744 2948 religio
1777 2899 1937 2948 sumpsit
1965 2899 2168 2947 originem,
2198 2900 2316 2947 pretia
2342 2902 2516 2949 praedio-

1460 2967 1545 2991 rum
1589 2953 1888 2999 conservabant,
1933 2960 1968 2989 et
2007 2953 2274 2990 distribuebant
2319 2955 2517 3003 unicuique

1453 3013 1572 3057 prout
1598 3007 1731 3055 cuique
1758 3017 1850 3055 opus
1877 3011 1960 3042 erat
1976 3005 2006 3042 ²¹⁸.

1512 3063 1571 3097 AD
1599 3072 1736 3097 PRIMUM
1765 3070 1863 3096 ERGO
1892 3070 2074 3095 mcENDUM
2103 3059 2220 3106 quod,
2250 3059 2344 3096 sicut
2372 3060 2512 3097 dictum

1460 3122 1516 3151 est
1534 3114 1566 3162 ²¹²,
1596 3126 1642 3150 ex
1670 3113 1732 3150 illo
1757 3112 1877 3149 verbo
1901 3112 2056 3149 Domini
2084 3124 2161 3148 non
2181 3112 2392 3160 intelligitur
2410 3113 2514 3161 quod
2540 3117 2552 3164 g
2597 3123 2611 3138 ¹¹

1458 3167 1540 3217 ipsa
1566 3173 1770 3216 paupertas
1798 3165 1844 3202 sit
1869 3165 2067 3213 perfectio,
2102 3165 2169 3202 sed
2195 3165 2432 3213 perfectionis
2459 3166 2513 3202 in·

1458 3228 1735 3258 strumentum:
1765 3227 1812 3265 et,
1833 3218 1927 3255 sicut
1946 3225 2139 3255 ostensum
2159 3225 2215 3254 est
2233 3218 2263 3265 ²¹³,
2284 3218 2484 3255 minimum
2500 3217 2512 3240 θ
2539 3222 2551 3269 ζ,
2598 3228 2612 3243 ¹¹

1457 3275 1554 3311 inter
1568 3273 1636 3310 tria
1651 3271 1869 3321 principalia
1883 3271 2130 3308 instrumenta
2144 3271 2399 3320 perfectionis;
2421 3283 2511 3308 nam

1456 3335 1591 3365 votum
1622 3325 1872 3363 continentiae
1899 3324 2132 3373 praeeminet
2150 3331 2242 3361 voto
2270 3325 2510 3373 paupertatis,

1458 3389 1493 3418 et
1529 3387 1664 3417 votum
1698 3377 1933 3415 obedientiae
1970 3377 2177 3426 praefertur
2211 3377 2371 3426 utrique.
2411 3378 2511 3424 Quia

1455 3446 1550 3470 vero
1569 3433 1860 3470 instrumentum
1884 3442 1962 3467 non
1990 3437 2144 3478 propter
2162 3442 2203 3466 se
2222 3430 2422 3478 quaeritur,
2443 3431 2510 3468 sed

1456 3494 1610 3536 propter
1627 3486 1757 3530 finem,
1774 3495 1852 3520 non
1871 3490 1974 3519 tanto
1994 3482 2133 3531 aliquid
2152 3483 2194 3519 fit
2213 3483 2348 3520 melius
2367 3491 2508 3531 quanto

1456 3540 1579 3578 maius
1608 3546 1662 3574 est
1689 3537 2001 3582 instrumentum,
2040 3535 2107 3572 sed
2135 3543 2277 3584 quanto
2307 3536 2425 3584 magis
2455 3543 2509 3572 est

386 3651 411 3685 ζ)
431 3652 547 3685 ingerat.
559 3667 578 3672 -
597 3652 698 3685 ingerit
715 3652 799 3678 PHsK
818 3657 844 3677 et
861 3659 887 3678 a.

386 3688 413 3721 η)
428 3687 579 3720 praecipui.
590 3702 608 3707 -
621 3687 768 3720 praecipue
786 3687 858 3714 Pria.

1507 3649 1532 3683 Θ)
1552 3650 1698 3675 minimum.
1712 3663 1729 3668 -
1747 3651 1786 3674 est
1805 3648 1901 3673 addunt
1920 3647 1939 3671 P
1959 3646 2007 3676 hic,
2026 3652 2085 3679 post
2098 3646 2273 3680 perfectionis
2292 3646 2331 3671 ed.
2342 3652 2366 3671 a.

2555 1902 2563 1911 ⁸
2583 1901 2648 1923 Vers.
2665 1902 2690 1928 ὃς
2712 1908 2762 1930 cap.

2570 1934 2603 1955 ru,
2618 1935 2675 1950 vers.
2690 1935 2701 1950 2
2721 1946 2726 1950 .

2554 1960 2561 1969 ’
2573 1959 2629 1986 Cap.
2637 1965 2692 1986 xvii,
2703 1966 2761 1981 vers.

2554 2002 2592 2033 Hb,
2606 1985 2759 2034 InComment.

2551 2327 2560 2337 ⁸
2574 2326 2639 2348 Vera.
2655 2328 2676 2349 8.

2551 2377 2560 2387 ⁶
2575 2376 2640 2399 Vera.
2654 2382 2689 2404 29.
