2768 4198
27 1438 30 1445 ’
88 1440 102 1453 ·
113 1438 181 1463 Vm.
195 1446 225 1463 ει.

30 1492 33 1493 ⁷
86 1500 232 1525 ‘Vct-62.

955 298 1221 343 QUAESTIO
1251 300 1498 347 CLXXXIX,
1527 302 1823 340 ARTICULUS
1853 303 1902 340 IV

388 376 429 406 Et
452 375 658 409 confirmatur
680 375 743 407 hoc
757 385 796 406 ex
818 375 898 405 beati
925 375 1057 405 Antonii
1074 376 1195 406 visione
1210 377 1263 407 illa
1285 377 1318 407 in
1335 388 1398 418 qua
1422 380 1425 419 ᾗ

2436 305 2507 352 543

1506 379 1557 409 Ad
1586 379 1722 418 primam
1751 387 1859 410 autem
1886 381 2098 412 obiectionem
2120 381 2153 412 in
2181 382 2366 422 oppositum
2399 383 2511 414 dicitur

332 420 514 456 daemones,
532 420 686 461 impedire
701 419 802 460 ipsius
819 429 1029 450 conscensum
1045 419 1077 449 in
1094 421 1217 451 caelum
1237 428 1398 460 conantes,
1423 445 1425 460 ,
1451 423 1540 463 quod
1563 430 1648 459 tunc,
1673 431 1796 454 remoto
1821 424 1920 460 obice,
1944 426 2086 465 sequitur
2109 425 2236 456 effectus
2259 426 2372 466 prioris
2388 437 2509 463 causae,

332 464 518 496 obiecerunt
532 471 661 504 peccata
682 464 716 494 in
738 463 891 494 saeculari
911 463 974 493 vita
999 465 1178 500 commissa,
1195 472 1226 495 et
1245 465 1399 496 confutati
1423 467 1426 509 1
1452 467 1581 507 quando
1606 477 1699 498 causa
1722 468 1807 508 prior
1830 469 1978 499 remansit
2001 469 2032 499 in
2058 469 2166 510 aliquo
2190 470 2298 500 relicto
2322 470 2451 501 effectu:
2476 478 2511 502 ut

333 516 407 539 sunt
429 518 448 539 a
471 508 587 539 sannis
609 507 728 547 angelis
745 507 938 538 dicentibus:
962 508 1037 538 Non
1052 509 1170 540 debetis
1193 510 1249 539 illa
1265 511 1401 541 obiicere
1423 518 1426 550 4
1452 511 1628 550 baptismus
1651 512 1683 542 in
1707 512 1896 549 charactere,
1921 521 1951 544 et
1979 524 2131 552 generans
2153 524 2246 553 grave
2276 514 2309 544 in
2341 514 2443 545 forma
2465 515 2511 545 illi

331 562 415 592 quae
440 552 561 584 Christi
582 553 647 582 iam
670 557 747 582 sunt
756 553 880 591 pietate
901 552 1022 582 deleta:
1043 553 1099 584 sed
1113 555 1142 584 si
1161 563 1223 594 qua
1247 555 1334 585 scitis
1357 564 1399 585 ex
1424 551 1426 595 Ι
1453 555 1534 585 data.
1568 555 1706 592 Quando
1737 564 1844 587 autem
1875 567 1968 587 causa
1991 557 2077 597 prior
2106 568 2164 588 nec
2194 558 2226 588 in
2250 568 2283 588 se
2306 568 2363 589 nec
2394 559 2426 588 in
2451 569 2510 589 suo

93 605 100 612 ·
112 603 161 624 Vita
170 604 196 624 Β,
207 603 304 624 Antonin

90 629 146 651 Abb.
158 647 162 652 .
191 633 251 651 auct.
284 636 303 650 s.

93 656 203 677 Athenas.
213 673 217 678 .

91 689 178 704 xxxvii.

331 640 442 680 incipit
458 640 538 671 liber
559 649 666 671 novus
681 640 720 671 de
735 640 857 671 actibus
872 641 1095 680 religiosorum
1112 652 1149 672 ex
1164 649 1308 682 tempore
1325 652 1399 682 pro—

332 684 493 721 fessionis,
508 684 640 724 quando
664 684 781 715 scilicet
796 683 832 715 fit
847 691 879 715 et
894 685 995 716 factus
1018 693 1064 716 est
1079 686 1261 725 religiosus:
1286 693 1318 716 et
1333 697 1400 717 non

332 734 513 768 expectetur
524 735 652 768 tempus
668 728 792 760 futurae
806 730 1016 769 postmodum
1030 730 1238 768 contritionis,
1252 731 1291 760 ad
1307 731 1400 770 plene

252 662 295 683 cap

331 606 395 637 quo
406 596 525 638 sactus
547 601 594 626 est
613 596 803 633 monachus,
821 596 877 626 illa
888 596 1036 637 proferte
1050 597 1076 628 *.
1103 598 1194 628 Unde
1210 605 1295 638 patet
1309 599 1399 638 quod
1424 598 1427 649 ᾗ
1453 599 1568 629 mansit
1590 599 1718 636 effectu,
1743 608 1867 631 remoto
1890 601 2130 641 impedimento,
2155 602 2234 632 nihil
2255 602 2300 633 fit.
2331 602 2381 632 Sic
2405 611 2511 633 autem

1425 651 1427 693 ‘3
1453 650 1499 673 est
1522 643 1555 673 in
1570 644 1755 683 proposito:
1780 644 1934 685 quoniam
1957 646 2036 675 nihil
2058 645 2091 676 in
2115 646 2220 676 anima
2243 646 2370 687 reliquit
2393 647 2511 686 profes-

1453 697 1501 717 sio
1525 694 1661 718 mortua.

1508 731 1560 761 Ad
1576 733 1747 762 secundam
1759 742 1834 762 vero
1847 733 1960 763 dicitur
1971 734 2060 773 quod
2075 733 2192 764 falsum
2209 741 2255 764 est
2270 735 2368 774 quod,
2382 735 2511 775 quando

332 773 523 803 cassandum
545 773 788 812 praeteritorum
807 774 924 804 librum
949 781 980 804 et
1002 774 1220 805 inchoandum
1236 775 1326 815 quasi
1351 775 1399 806 fu-
1426 771 1427 821 l
1454 775 1625 806 conteritur
1640 776 1744 815 primo
1759 783 1834 816 post
1849 777 2089 816 professionem,
2106 785 2181 808 tunc
2205 777 2390 818 profiteatur
2405 789 2512 809 coram

90 836 101 847 ⁸
114 835 154 857 Iob
177 841 228 863 cup.
249 841 303 862 xix,

88 868 148 884 ven.
164 869 200 888 2⁴·

331 823 420 847 turae
442 817 644 848 innocentiae
666 818 795 849 librum.
825 818 1012 849 Scribuntur
1035 819 1121 848 enim
1144 819 1176 849 in
1200 820 1341 850 secundo
1365 819 1401 849 11-
1426 836 1428 860 l
1454 819 1539 849 Deo:
1560 820 1715 860 quoniam
1734 830 1840 850 coram
1856 821 1924 851 Deo
1940 828 1986 851 est
2001 821 2171 861 professus.
2189 822 2250 853 Sed
2265 830 2351 859 tunc,
2368 823 2400 853 in
2416 823 2512 862 gratia

331 861 389 891 bro
413 861 524 892 omnia
539 871 576 892 ex
592 872 658 903 quo
674 862 748 893 facti
767 873 880 893 sumus
898 863 1048 902 religiosi,
1066 864 1154 903 sgrlo
1162 863 1279 904 ferreo
1294 863 1321 898 *,
1342 870 1400 894 etc.
1426 861 1428 879 “
1454 863 1523 899 Dei,
1549 873 1580 893 se
1605 874 1671 894 esse
1694 864 1877 904 religiosum
1901 867 2064 905 approbat.
2089 866 2186 903 Quod
2209 877 2275 896 non
2294 874 2340 897 est
2362 866 2510 907 profiteri.

1115 999 1435 1041 ARTICULUS
1464 999 1738 1050 QUARTUS

330 1085 486 1116 UTRUM
515 1085 612 1116 ILLE
637 1086 712 1123 QUI
736 1085 886 1117 VOVET
910 1085 1179 1117 RELIGIONEM
1203 1086 1391 1122 1NGRED1,
1414 1085 1653 1124 TENEATUR
1675 1086 1904 1117 PERPETuo
1928 1087 1971 1117 IN
1994 1087 2226 1118 RELIGIONE
2254 1089 2513 1119 PERMANERE

359 1187 422 1215 >1³2
444 1190 514 1233 υς(

366 1204 413 1228 a»,
448 1212 450 1217 ,
542 1183 567 1208 D
587 1183 761 1214 Qum-rum
780 1184 835 1209 sic
854 1183 1096 1210 PROCEDITUR.
1116 1172 1277 1209 Videtur
1294 1172 1399 1219 quod

356 1214 510 1285 ᾮΔῗνῖι
544 1224 603 1262 ille
624 1225 687 1274 qui
707 1234 827 1263 vovet
847 1226 1069 1275 religionem
1090 1226 1247 1273 ingredi,
1272 1232 1400 1262 tenea-

346 1282 465 1331 ’,ἦρα
483 1284 509 1307 ⁶
533 1286 604 1315 -tur
639 1287 828 1328 perpetuo
866 1279 904 1317 in
942 1278 1123 1327 religione
1161 1291 1400 1327 permanere.

285 1342 306 1345 ‘⁷
349 1323 530 1366 ³³⁴3&
545 1331 682 1379 Melius
704 1340 760 1370 est
788 1331 891 1371 enim
913 1332 1137 1380 religionem
1157 1344 1236 1369 non
1257 1331 1402 1379 ingredi

329 1395 448 1431 quam
477 1393 564 1433 post
592 1385 805 1433 ingressum
839 1386 960 1423 exire:
999 1386 1214 1423 secundum
1248 1385 1339 1422 illud
1368 1386 1400 1421 ll

330 1437 412 1474 Pet.
442 1448 465 1474 11
485 1437 526 1475 *z
553 1439 698 1476 Melius
724 1445 808 1476 erat
834 1439 906 1476 illis
932 1439 1128 1476 veritatem
1156 1450 1230 1475 non
1260 1449 1402 1487 cogno-

327 1501 435 1527 scere
464 1502 580 1540 quam
602 1497 692 1540 post
716 1493 890 1542 agnitam
920 1493 1091 1529 retroire.
1122 1492 1171 1528 Et
1199 1492 1294 1528 Luc.
1322 1503 1357 1528 ix
1381 1490 1402 1512 ⁸

330 1542 486 1581 dicitur:
523 1544 652 1583 Nemo
691 1546 838 1583 mittens
874 1553 1032 1583 manum
1070 1545 1122 1582 ad
1157 1550 1330 1582 aratrum
1368 1549 1406 1580 et

329 1597 514 1646 aspiciens
541 1603 656 1644 retro,
685 1604 795 1647 aptus
821 1604 875 1636 est
902 1611 1023 1649 regno
1043 1599 1128 1635 Dei.
1159 1598 1237 1635 Sed
1257 1598 1315 1635 ille
1337 1597 1402 1646 qui

328 1659 423 1688 voto
452 1662 494 1688 se
523 1651 706 1699 obligavit
727 1652 777 1689 ad
797 1652 988 1700 religionis
1006 1652 1232 1700 ingressum,
1253 1660 1403 1689 tenetur

329 1704 489 1752 ingredi,
519 1712 560 1741 ut
582 1705 726 1742 dictum
747 1714 803 1743 est
820 1705 851 1742 ²⁸¹.
882 1707 986 1754 Ergo
1006 1705 1122 1742 etiam
1142 1713 1292 1742 tenetur
1317 1717 1403 1754 per-

329 1764 449 1812 petuo
478 1769 694 1796 remanere.

383 1822 420 1848 2.
450 1811 690 1860 plumam,
719 1812 875 1861 quilibet
904 1812 1019 1850 debet
1042 1811 1164 1849 vitare
1188 1811 1226 1849 id
1256 1823 1301 1848 ex
1321 1824 1400 1860 quo

329 1862 555 1903 scandalum
584 1865 756 1914 sequitur
784 1873 820 1902 et
848 1865 930 1902 aliis
958 1866 1070 1903 datur
1098 1865 1244 1902 malum
1273 1877 1401 1902 exem-

327 1919 450 1968 plum.
487 1918 564 1956 Sed
594 1931 640 1956 ex
668 1920 744 1956 hoc
771 1919 879 1967 quod
907 1918 1059 1967 aliquis,
1095 1926 1183 1967 post
1211 1919 1401 1966 religionis

303 1971 306 1974 ”
328 1972 556 2020 ingressum,
574 1972 764 2020 egreditur
783 1980 820 2009 et
839 1973 888 2010 ad
907 1973 1105 2009 saeculum
1126 1972 1234 2019 redit,
1254 1973 1401 2009 malum

285 2046 287 2049 ·
330 2026 550 2074 exemplum
581 2033 616 2074 et
644 2026 868 2063 scandalum
897 2025 978 2063 aliis
1006 2033 1220 2074 generatur,
1250 2025 1316 2073 qui
1345 2038 1401 2063 re-

328 2079 529 2118 trahuntur
556 2080 605 2118 ab
630 2079 803 2128 ingressu
833 2086 869 2117 et
896 2086 1157 2128 provocantur
1176 2079 1225 2116 ad
1246 2079 1401 2118 exitum.

329 2133 433 2181 Ergo
461 2132 614 2171 videtur
639 2133 746 2181 quod
774 2133 835 2170 ille
864 2133 928 2181 qui
952 2132 1401 2180 ingrediturreligionem

329 2194 372 2224 ut
398 2194 538 2224 votum
566 2187 724 2235 impleat
751 2186 858 2236 quod
886 2186 992 2235 prius
1019 2186 1117 2233 fecit,
1145 2193 1319 2223 teneatur
1351 2186 1403 2223 ibi

329 2247 518 2289 perpetuo
549 2251 762 2277 remanere.

386 2295 420 2331 3.
438 2294 674 2340 Passieni-:n
689 2301 827 2331 votum
848 2292 1037 2341 religionis
1058 2298 1252 2341 reputatur
1265 2301 1402 2329 votum

330 2354 574 2396 perpetuum,
601 2355 638 2384 et
656 2346 746 2385 ideo
764 2346 1041 2395 temporalibus
1059 2345 1160 2383 votis
1178 2346 1402 2394 praefertur,

297 2412 304 2432 ;
330 2408 373 2439 ut
401 2400 545 2438 dictum
576 2409 631 2438 est
649 2400 681 2438 *.
711 2400 799 2439 Hoc
827 2407 956 2437 autem
976 2411 1055 2436 non
1075 2407 1185 2445 esset,
1206 2399 1237 2436 si
1257 2399 1402 2448 aliquis,

298 2449 303 2454 ’
330 2462 424 2492 voto
454 2454 643 2503 religionis
671 2453 813 2491 emisso
839 2458 877 2500 ⁸,
907 2453 1168 2501 ingrederetur
1200 2465 1288 2489 cum
1316 2466 1405 2502 pro-

330 2508 458 2558 posito
487 2507 662 2545 exeundi.
690 2507 852 2545 Videtur
870 2518 960 2554 ergo
989 2506 1095 2555 quod
1120 2506 1181 2542 ille
1201 2506 1267 2555 qui
1285 2515 1405 2544 vovet

331 2561 520 2610 religionis
548 2561 782 2609 ingressum,
811 2568 985 2597 teneatur
1010 2559 1049 2596 in
1078 2559 1259 2607 religione
1289 2560 1402 2597 etiam

332 2622 522 2663 perpetuo
551 2626 762 2651 remanere.

387 2669 463 2705 Ser>
489 2679 638 2706 CONTRA
657 2679 735 2714 EST,
763 2666 853 2714 quia
871 2672 1008 2702 votum
1027 2665 1286 2714 professionis,
1315 2678 1404 2714 pro-

332 2729 417 2771 pter
449 2722 523 2758 hoc
555 2721 662 2769 quod
690 2720 834 2768 obligat
866 2719 1066 2756 hominem
1105 2719 1154 2755 ad
1187 2719 1263 2755 hoc
1297 2721 1403 2768 quod

332 2782 518 2824 perpetuo
542 2774 580 2811 in
601 2774 782 2821 religione
803 2780 1012 2817 remaneat,
1033 2772 1239 2821 praeexigit
1257 2784 1401 2809 annum

94 2840 104 2850 ·
123 2838 217 2861 B-uar.
245 2836 305 2860 ord·
333 2827 569 2878 probationis
587 2827 628 2863 *τ
645 2827 804 2875 quinon
818 2825 1071 2875 praeexigitur
1090 2826 1136 2862 ad
1157 2833 1293 2862 votum
1314 2826 1403 2862 sim-

92 2864 306 2920 Zffi'aississss'.
334 2883 419 2931 plex
456 2894 534 2930 quo
564 2881 698 2929 aliquis
727 2893 767 2917 se
797 2880 938 2928 obligat
966 2879 1015 2916 ad
1044 2879 1236 2926 religionis
1264 2879 1405 2926 ingres-

93 2924 172 2943 uxiv.
188 2924 225 2940 ιιι.
245 2923 307 2945 1244,

94 2944 310 2994 ff⁸¹⁷¹ffiu⁰iss
335 2948 435 2973 sum.
475 2936 577 2983 Ergo
605 2934 758 2971 videtur
792 2934 896 2983 quod
926 2933 987 2969 ille
1016 2932 1081 2981 qui
1108 2940 1229 2969 vovet
1257 2933 1405 2980 religio-

92 2977 211 3048 gffisszg
223 3000 308 3053 geae-
334 3001 425 3026 nem
454 2989 612 3035 intrare,
642 2995 800 3037 propter
825 2988 901 3024 hoc
929 2998 1008 3023 non
1035 2993 1211 3022 teneatur
1238 2985 1289 3022 ibi
1319 2998 1404 3034 per-

93 3051 119 3074 in
133 3052 213 3074 smo-
299 3040 308 3051 '
334 3050 454 3091 petuo
481 3054 694 3079 remanere.

389 3096 618 3132 Respoumzo
654 3105 840 3132 mesanum
876 3093 982 3142 quod
1021 3092 1202 3140 obligatio
1239 3091 1320 3128 voti
1359 3103 1404 3128 ex

87 1708 287 1738 ’Amin-need.

96 3162 106 3172 ·
126 3161 205 3183 moes-
223 3160 308 3182 Lumb-
334 3149 533 3187 voluntate
569 3148 763 3198 procedit:
802 3159 892 3184 nam
924 3158 1064 3184 vovere
1097 3146 1299 3182 voluntatis
1333 3151 1403 3192 est,

95 3188 120 3210 in
126 3187 164 3210 P..
175 3192 309 3214 mvnera.

95 3220 125 3237 η.
336 3212 377 3238 ut
404 3202 639 3250 Augustinus
667 3202 757 3239 dicit
774 3201 805 3238 *.
836 3202 879 3238 In
907 3208 1054 3238 tantum
1080 3211 1170 3247 ergo
1198 3199 1317 3235 fertur
1336 3198 1404 3235 ob-

1451 1172 1577 1219 ligatio
1605 1172 1686 1208 voti
1723 1172 1763 1208 in
1791 1180 1977 1221 quantum
2011 1185 2051 1209 se
2080 1175 2244 1212 extendit
2270 1177 2449 1213 voluntas
2479 1186 2515 1215 et

1451 1225 1609 1261 intentio
1643 1225 1832 1273 voventis
1877 1225 1916 1261 Si
1953 1226 2062 1273 igitur
2093 1239 2243 1265 vovens
2279 1229 2438 1266 intendit
2473 1244 2514 1268 se

1452 1277 1620 1325 obligare
1650 1290 1728 1314 non
1757 1279 1883 1315 solum
1912 1278 1961 1315 ad
1989 1279 2201 1328 ingressum
2225 1282 2427 1330 religionis,
2448 1285 2515 1322 sed

1452 1332 1500 1368 ad
1528 1339 1716 1379 perpetuo
1745 1332 2036 1378 remanendum,
2065 1341 2214 1371 tenetur
2241 1344 2428 1384 perpetuo
2458 1349 2514 1374 re-

1453 1396 1622 1421 manere.
1653 1405 1677 1412 -
1706 1384 1746 1420 Si
1775 1392 1905 1421 autem
1934 1384 2093 1423 intendit
2120 1399 2160 1423 se
2189 1388 2357 1436 obligare
2384 1390 2431 1426 ad
2460 1391 2516 1427 in-

1453 1447 1626 1484 gressum
1656 1436 1846 1484 religionis
1875 1449 1988 1474 causa
2017 1439 2253 1487 experiendi,
2287 1454 2376 1479 cum
2405 1443 2516 1480 liber—

1454 1497 1528 1526 tate
1558 1489 1781 1526 remanendi
1807 1491 1870 1526 vel
1898 1502 1976 1527 non
2003 1494 2243 1530 remanendi:
2271 1496 2515 1533 manifestum

1456 1550 1511 1579 est
1547 1543 1652 1592 quod
1690 1555 1886 1580 remanere
1922 1555 1997 1579 non
2037 1552 2196 1583 tenetur.
2224 1566 2248 1574 -
2278 1547 2318 1583 Si
2351 1561 2445 1586 vero
2478 1549 2517 1586 in

1454 1596 1637 1634 vovendo
1666 1595 1886 1644 simpliciter
1923 1596 1970 1634 de
1998 1596 2168 1645 ingressu
2198 1599 2384 1647 religionis
2417 1603 2517 1650 cogi-

1454 1650 1557 1696 tavit,
1574 1650 1720 1697 absque
1740 1651 1816 1686 hoc
1835 1650 1938 1698 quod
1954 1651 2134 1698 cogitaret
2152 1652 2200 1689 de
2215 1652 2385 1691 libertate
2401 1656 2518 1692 exitus

1454 1704 1514 1740 vel
1549 1704 1596 1740 de
1625 1703 1875 1752 perpetuitate
1905 1705 2149 1742 remanendi:
2177 1706 2329 1744 videtur
2361 1708 2518 1756 obligari

1454 1757 1502 1793 ad
1522 1756 1735 1804 ingressum
1755 1758 1967 1794 secundum
1989 1758 2153 1796 formam
2174 1758 2262 1796 iuris
2289 1762 2516 1810 communis,

1454 1822 1554 1859 quae
1584 1817 1639 1847 est
1666 1817 1708 1846 ut
1735 1809 2032 1858 ingredientibus
2061 1812 2171 1848 detur
2197 1813 2432 1862 probationis
2452 1828 2517 1852 an-

1454 1876 1526 1900 nus
1549 1863 1580 1900 *.
1625 1863 1735 1900 Unde
1773 1876 1852 1900 non
1880 1872 2028 1901 tenetur
2055 1873 2242 1913 perpetuo
2271 1867 2309 1904 in
2337 1868 2517 1916 religione

1455 1928 1668 1954 remanere.

1507 1974 1567 2007 An
1595 1981 1734 2007 PRiMUM
1762 1981 1861 2007 ERGO
1880 1981 2065 2008 montinum
2088 1972 2193 2020 quod
2222 1973 2357 2010 melius
2383 1982 2438 2011 est
2466 1974 2518 2012 in-

1453 2032 1552 2061 trare
1581 2023 1801 2071 religionem
1830 2024 1958 2060 animo
1986 2024 2193 2073 probandi,
2223 2037 2339 2073 quam
2368 2028 2517 2076 penitus

1456 2090 1534 2115 non
1561 2077 1722 2115 intrare:
1752 2076 1840 2125 quia
1868 2090 1938 2126 per
1964 2078 2039 2115 hoc
2068 2078 2278 2127 disponitur
2306 2080 2355 2117 ad
2381 2093 2516 2130 perpe-

1454 2140 1520 2168 tuo
1550 2130 1842 2168 remanendum.
1878 2131 1961 2167 Nec
1989 2139 2117 2168 tamen
2146 2132 2359 2181 intelligitur
2385 2134 2518 2183 aliquis

1454 2193 1554 2222 retro
1582 2185 1635 2221 ire
1663 2185 1725 2220 vel
1755 2183 1946 2232 aspicere,
1975 2185 2046 2221 nisi
2075 2186 2229 2234 quando
2258 2188 2519 2235 praetermittit

1455 2239 1493 2275 id
1530 2239 1579 2275 ad
1613 2237 1718 2286 quod
1755 2249 1796 2273 se
1834 2237 2027 2285 obligavit.
2069 2239 2250 2288 Alioquin
2287 2240 2518 2290 quicumque

1455 2304 1524 2340 per
1552 2290 1709 2338 aliquod
1729 2298 1881 2339 tempus
1899 2290 1986 2327 facit
2014 2291 2168 2341 aliquod
2192 2293 2337 2329 bonum
2359 2306 2468 2342 opuS,
2489 2294 2520 2332 si

1456 2357 1536 2382 non
1564 2356 1717 2392 semper
1744 2343 1782 2380 id
1811 2343 1939 2390 faciat,
1975 2352 2074 2382 esset
2100 2345 2250 2394 ineptus
2279 2358 2396 2394 regno
2425 2347 2518 2384 Dei:

1456 2398 1563 2446 quod
1591 2405 1695 2446 patet
1723 2409 1808 2433 esse
1835 2397 1985 2433 falsum.

1510 2453 1569 2488 An
1598 2462 1790 2488 SECUNDUM
1823 2462 2008 2487 mcuunum
2041 2451 2148 2498 quod
2183 2451 2242 2487 ille
2280 2452 2345 2500 qui
2373 2452 2520 2500 religio-

1457 2518 1548 2542 nem
1585 2503 1811 2552 ingreditur,
1842 2504 1871 2540 si
1905 2511 2031 2550 exeat,
2065 2506 2287 2552 praesertim
2322 2517 2366 2541 ex
2395 2505 2520 2554 aliqua

1457 2557 1671 2596 rationabili
1691 2569 1816 2602 causa,
1846 2569 1924 2593 non
1943 2564 2097 2604 generat
2116 2557 2338 2594 scandalum
2367 2570 2437 2594 nec
2457 2560 2521 2596 dat

1457 2612 1604 2649 malum
1634 2611 1864 2659 exemplum.
1894 2610 1944 2646 Et
1971 2609 2000 2646 si
2028 2609 2121 2647 alius
2146 2611 2430 2657 scandalizatur,
2452 2612 2520 2649 erit

1458 2665 1682 2702 scandalum
1716 2663 1911 2712 passivum
1945 2675 1991 2699 ex
2017 2671 2123 2711 parte
2152 2663 2253 2710 eius,
2282 2676 2359 2700 non
2388 2672 2516 2702 autem

1457 2719 1680 2756 scandalum
1710 2717 1877 2753 activum
1908 2728 1952 2752 ex
1971 2724 2077 2764 parte
2099 2716 2287 2753 exeuntis:
2318 2717 2405 2765 quia
2433 2718 2520 2754 fecit

1457 2772 1562 2821 quod
1591 2771 1733 2808 licitum
1764 2776 1843 2806 erat
1871 2769 1904 2806 ei
1933 2769 2068 2815 facere,
2098 2777 2135 2806 et
2162 2771 2264 2817 quod
2295 2770 2519 2818 expediebat

1457 2833 1614 2875 propter
1641 2823 1903 2860 rationabilem
1934 2834 2106 2868 causam,
2141 2830 2231 2871 puta
2259 2822 2516 2861 infirmitatem

1457 2888 1523 2916 aut
1550 2877 1782 2916 debilitatem
1810 2883 1875 2912 aut
1903 2875 2043 2925 aliquid
2071 2875 2304 2913 huiusmodi.

1510 2934 1570 2968 AD
1597 2942 1758 2968 TERTmM
1787 2941 1971 2966 memnon
2004 2930 2108 2976 quod
2141 2929 2200 2965 ille
2237 2929 2302 2976 qui
2335 2929 2446 2966 intrat
2476 2938 2518 2966 ut

1457 2985 1583 3022 statim
1619 2991 1744 3029 exeat,
1775 2995 1853 3019 non
1881 2982 2032 3018 videtur
2063 2982 2276 3018 satisfacere
2303 2989 2397 3018 voto
2426 2994 2516 3019 suo:

1457 3038 1547 3087 quia
1574 3038 1656 3086 ipse
1685 3036 1723 3073 in
1749 3036 1934 3073 vovendo
1963 3036 2038 3071 hoc
2061 3047 2138 3071 non
2157 3034 2324 3072 intendit.
2354 3035 2404 3071 Et
2429 3035 2515 3072 ideo

1457 3098 1606 3128 tenetur
1633 3097 1780 3127 mutare
1809 3088 2069 3138 propositum,
2104 3096 2145 3124 ut
2177 3089 2309 3125 saltem
2337 3087 2426 3124 velit
2453 3101 2517 3125 ex-

1457 3144 1569 3193 periri
1597 3156 1645 3180 an
1675 3143 1708 3179 ei
1729 3142 1904 3191 expediat
1930 3142 1967 3178 in
1987 3141 2165 3189 religione
2186 3153 2394 3178 remanere.
2425 3142 2516 3178 Non

1458 3205 1584 3234 autem
1613 3204 1762 3233 tenetur
1790 3196 1838 3233 ad
1864 3203 2051 3244 perpetuo
2081 3194 2368 3231 remanendum.

391 3317 419 3348 α)
439 3295 546 3342 emisso.
563 3329 583 3335 —
599 3316 712 3341 emissae
735 3315 906 3349 ABEFLpK3
931 3323 980 3348 pro
1005 3314 1137 3343 exeundi,
1163 3312 1301 3338 existendi
1324 3311 1511 3345 BDEFpACK.

1021 3393 1354 3426 Commentario.
1378 3391 1629 3425 Cardinalis
1651 3389 1851 3423 Caietam

370 3488 390 3508 n
413 3476 546 3508 articulo
569 3482 684 3516 quarto
711 3474 855 3505 eiusdem
879 3475 1009 3506 ultimae
1037 3473 1245 3515 quaestionis,
1269 3472 1404 3502 dubium

1459 3470 1607 3510 cogitatio
1639 3470 1677 3500 de
1700 3468 1927 3509 perseverando
1957 3474 2012 3498 aut
2039 3477 2104 3497 non
2132 3466 2370 3506 perseverando.
2401 3466 2442 3496 Et
2472 3472 2518 3495 est

99 3521 110 3530 ⁴
123 3519 160 3541 Cs-
176 3524 240 3541 ⁰⁰³¹·
256 3524 287 3540 w.
343 3489 552 3552 loccurrit*:
578 3522 628 3550 An
653 3519 692 3549 sit
708 3518 880 3549 differentia
903 3519 1010 3559 aliqua
1032 3519 1113 3549 inter
1135 3525 1248 3548 votum
1272 3516 1406 3557 simplex
1459 3515 1538 3546 ratio
1562 3514 1650 3545 dubii
1672 3514 1747 3554 quia
1770 3520 1883 3543 votum
1907 3513 1946 3542 de
1968 3511 2108 3551 ingressu
2131 3521 2207 3561 1¹9⁰·
2226 3511 2377 3550 importat
2399 3509 2516 3559 obliga-

339 3565 501 3605 religionis
525 3564 656 3605 quando
673 3562 744 3604 quis
759 3570 855 3593 vovet
869 3563 999 3603 ingredi
1011 3564 1212 3604 religionem,
1231 3568 1261 3592 et
1276 3561 1405 3602 quando
1432 3589 1435 3611 Ι
1459 3560 1581 3590 tionem
1604 3558 1662 3588 nisi
1687 3559 1727 3588 ad
1750 3558 1927 3597 ingressum
1950 3556 2127 3586 secundum
2149 3565 2226 3585 lurls
2248 3554 2401 3590 formam,
2426 3560 2461 3584 ut
2482 3562 2515 3582 ιιι

340 3610 412 3651 quis
436 3616 531 3640 vovet
542 3608 625 3650 fieri
640 3608 690 3638 vel
713 3617 782 3638 esse
804 3607 987 3648 religiosus,
1004 3607 1047 3638 ita
1070 3608 1158 3647 quod
1182 3606 1214 3637 in
1239 3612 1351 3636 neutro
1368 3605 1408 3636 sit
1433 3613 1435 3630 t

1460 3604 1560 3635 littera
1584 3603 1706 3633 dicitur.
1740 3602 1800 3633 Sed
1823 3609 1936 3632 votum
1959 3601 1998 3630 de
2022 3600 2084 3630 hoc
2106 3600 2195 3640 quod
2217 3606 2263 3630 est
2285 3598 2351 3629 fieri
2374 3604 2428 3628 aut
2449 3605 2514 3626 esse

2545 1872 2555 1882 ⁸
2577 1871 2614 1893 Cf.
2638 1877 2687 1899 arg.
2707 1871 2756 1893 Sea

2544 1900 2635 1920 contra.
