2768 4198
40 905 48 912 ⁸
70 902 108 924 Ad
136 902 219 923 obiect.
243 908 249 922 ι

37 934 100 951 com.
115 929 218 951 conclus.
233 934 247 949 1.

33 1482 42 1490 ⁸
63 1480 138 1502 Ethic.
163 1480 202 1502 lib.
228 1480 245 1505 l,

33 1513 184 1556 {²TP†1Y.¹¹1·02¹1·.
198 1513 244 1555 {ab

33 1574 41 1581 ·
56 1573 116 1599 Aug.
136 1572 245 1600 Conse-ss.

32 1599 72 1620 lib.
88 1599 104 1621 l.
121 1605 172 1626 cap.
187 1605 228 1620 xu.

30 2196 38 2204 ⁶
45 2193 93 2221 Qu.
100 2198 168 2218 cxxx,
175 2196 242 2214 art-2.

29 2404 37 2412 ⁸
54 2402 120 2424 Vera.
135 2408 155 2428 7.

28 2618 37 2625 ·
54 2615 118 2638 Vera.
134 2622 167 2644 ²3·

29 2728 37 2735 ·
53 2726 119 2748 Vei-S.
135 2732 166 2753 ¹4·

32 3049 40 3056 ·
55 3047 112 3074 Cap.
128 3053 173 3067 xix.

32 3258 41 3267 ·
56 3258 107 3278 Art.
128 3258 234 3285 praeced.

294 283 340 331 76

958 276 1227 324 QUAESTIO
1259 275 1437 322 CXXXI,
1467 276 1767 313 ARTICULUS
1799 277 1829 313 11

282 368 369 402 parte
394 361 442 391 sui
466 360 613 396 affectus,
639 360 745 390 Deum
770 366 799 388 et
824 357 987 397 proximos
1016 354 1222 385 relationibus
1247 353 1359 384 debitis
1384 354 1386 398 'l
1413 354 1520 385 ritoria
1544 365 1610 385 non
1634 362 1680 385 est
1703 355 1801 385 virtus
1826 354 1885 385 nisi
1909 355 2087 386 secundum
2107 354 2195 395 quid,
2212 354 2245 385 in
2262 361 2344 385 statu
2360 361 2490 385 naturae

282 406 322 436 ad
346 406 435 441 illos,
461 406 539 435 dum
567 405 598 434 in
627 403 738 434 affectu
765 407 1024 433 contemnuntur.
1059 399 1131 429 Hoc
1162 398 1247 428 enirn
1278 405 1359 428 esset
1412 398 1539 438 lapsae:
1564 399 1639 440 quia
1657 409 1723 430 non
1742 407 1788 431 est
1810 399 1976 440 dispositio
1986 399 2128 440 perfecti
2150 399 2193 430 ad
2207 400 2359 439 optimum
2377 399 2394 417 *
2416 399 2490 429 sim·
2519 408 2734 438 mamistras—

282 450 442 491 quiescere
467 450 499 479 in
523 450 594 489 ipso
619 449 752 482 honore,
778 454 808 476 et
832 444 979 485 proprios
1003 443 1109 483 egredi
1133 442 1259 478 limites,
1283 451 1358 472 cum
1383 444 1385 499 4

282 494 394 525 affectu
419 494 458 524 ad
484 492 727 523 demolitionem
751 491 899 520 aliorum.

1435 443 1544 474 liciter.

1413 453 1433 483 p
1467 488 1519 517 Ad
1539 488 1712 518 secundam
1729 498 1804 519 vero
1822 488 2035 519 obiectionem
2051 484 2166 519 dicitur
2181 489 2270 529 quod
2287 498 2324 518 ex
2339 488 2402 518 hoc
2418 487 2489 528 ipso

2518 435 2560 457 sic.
2569 434 2608 457 lib.
2617 435 2668 459 vll.
2675 439 2733 458 text.

2519 468 2526 484 ι
2563 461 2637 487 (Edit.
2656 461 2733 484 Prantl

2518 494 2732 542 ἑεζὲἴῗὲἓὲὲἱίὶῗῑ

339 539 430 569 Unde
454 545 540 578 patet
563 537 681 567 solutio
706 535 787 566 tertii
808 533 895 563 dubii
920 539 950 562 et
973 531 1093 572 quarti:
1126 530 1244 562 scilicet
1268 531 1356 571 quod
1383 525 1385 563 i
1411 531 1501 571 quod
1523 531 1629 562 honor
1653 539 1785 573 negatur
1809 533 1933 564 virtutis
1960 532 2140 573 praemium
2164 532 2365 573 simpliciter,
2392 539 2422 562 et
2446 531 2487 562 af·
2518 541 2661 564 s.·rh.1ect.
2675 549 2697 564 v.

281 584 357 614 istae
387 582 553 613 relationes
582 591 647 611 non
676 580 844 619 exiguntur
867 576 1046 611 actualiter,
1071 585 1129 606 nec
1156 575 1358 606 habitualiter

280 628 312 658 in
338 627 474 667 speciali,
493 627 532 656 ad
549 625 733 655 evitandum
757 629 924 662 peccatum
949 619 1111 663 (quamvis
1133 620 1213 660 exigi
1230 619 1357 650 videan—

280 680 331 703 tur
348 671 520 701 virtualiter
539 670 578 699 ad
602 669 663 698 hoc
688 667 776 708 quod
794 666 954 706 appetitus
972 665 1103 695 honoris
1120 665 1160 695 sit
1174 664 1356 695 meritorius

280 723 423 746 aeternae
447 715 546 745 vitae:
572 713 646 753 quia
663 712 773 742 caritas
789 710 963 741 virtualiter
978 711 1087 740 omnia
1104 709 1266 740 meritoria
1281 719 1357 739 sua-

279 762 361 791 viter
378 757 539 799 disponit).
567 757 628 787 Sed
648 755 805 786 declinare
825 755 863 785 ab
891 754 998 795 aliqua
1028 753 1143 784 harum
1163 754 1355 784 relationum

279 805 342 835 sive
359 803 512 834 contrarie
529 802 593 831 sive
611 801 772 841 privative.
791 806 958 840 peccatum
975 798 1139 829 constituit
1160 798 1355 829 ambitionis.

334 849 371 878 V.
399 849 431 877 In
457 847 570 877 eodem
596 845 700 885 primo
725 844 870 878 articulo.
896 843 929 873 in
946 843 1156 883 responsione
1180 844 1220 874 ad
1245 853 1355 874 secun-

278 894 367 929 dum,
394 892 527 922 dubium
553 889 690 920 occurrit
714 899 750 919 ex
774 888 924 924 Martino,
949 888 1088 924 ibidem,
1113 888 1145 918 in
1170 898 1224 928 qu.
1246 888 1289 918 1*
1316 888 1355 918 de

276 936 471 973 Ambitione,
489 935 611 966 dicente
635 934 725 975 quod
749 934 827 964 haec
844 933 1012 973 responsio
1037 943 1104 963 non
1127 933 1240 973 placet.
1266 933 1354 963 Tum

276 981 349 1022 quia
374 990 439 1010 non
465 988 511 1010 est
534 989 645 1010 verum
670 979 760 1019 quod
779 978 904 1009 virtutis
928 978 1108 1018 praemium
1126 978 1166 1008 sit
1189 977 1354 1008 beatitudo

275 1033 415 1056 aeterna:
441 1025 495 1055 sed
520 1024 627 1054 solum
651 1023 774 1055 virtutis
799 1022 988 1053 meritoriae.

332 1071 419 1100 Tum
444 1069 518 1110 quia
543 1068 663 1100 solutio
687 1069 765 1099 haec
782 1078 848 1098 non
871 1074 1007 1103 enervat,
1026 1067 1081 1097 sed
1098 1067 1283 1097 corroborat
1307 1076 1340 1096 ar

273 1121 474 1155 gumentum.
507 1114 591 1144 Nam
615 1113 640 1144 si
664 1114 769 1144 honor
793 1120 840 1143 est
866 1112 1047 1153 praemium
1075 1111 1270 1142 insufficiens
1293 1111 1354 1140 vir-

273 1160 367 1195 tutis,
394 1170 460 1190 non
491 1159 636 1200 sequitur
668 1158 757 1200 quod
789 1158 949 1198 appetitus
974 1157 1043 1187 eius
1070 1156 1110 1187 sit
1133 1156 1351 1187 inordinatus:

273 1205 374 1235 immo
399 1204 599 1245 oppositum.
624 1204 719 1241 Quia,
745 1202 770 1233 si
794 1203 880 1233 aliud
905 1212 971 1232 non
989 1202 1103 1236 obstet,
1121 1201 1246 1231 videtur
1262 1200 1369 1241 sequi·

272 1250 361 1290 quod
386 1257 667 1290 quantuscumque
692 1248 798 1278 honor
821 1247 927 1288 appeti
945 1252 1050 1287 potest
1074 1246 1112 1276 ab
1128 1246 1264 1276 habente
1288 1244 1352 1275 exi-

272 1305 369 1335 guam
393 1295 485 1325 valde
509 1293 669 1324 virtutem.

328 1339 381 1370 VI.
406 1340 456 1370 Ad
481 1339 543 1369 hoc
567 1338 682 1369 dicitur
712 1338 802 1378 quod
831 1337 934 1377 prima
962 1335 1101 1366 obiectio
1129 1342 1257 1375 peccat,
1282 1341 1352 1365 turn

273 1385 349 1425 quia
379 1387 501 1415 Auctor
525 1393 590 1414 non
615 1383 708 1418 dicit,
740 1383 873 1413 Virtutis
898 1381 1082 1422 praemium
1115 1385 1162 1410 est
1190 1379 1352 1410 beatitudo

273 1434 428 1466 aeterna,
458 1429 527 1465 sed,
553 1428 733 1459 beatitudo:
766 1426 847 1457 sicut
875 1424 1093 1466 Philosophus
1117 1424 1226 1465 posuit
1254 1423 1353 1454 finem

273 1474 379 1504 omnis
402 1473 526 1504 virtutis
550 1473 732 1504 felicitatem
749 1471 775 1502 *.
801 1472 867 1502 Nec
887 1472 993 1501 obstat
1016 1469 1105 1511 quod
1129 1469 1197 1510 ipsa
1221 1468 1353 1499 felicitas

273 1519 313 1550 sit
332 1525 420 1549 actus
437 1518 562 1550 virtutis
586 1516 849 1558 perfectissimae:
873 1515 1029 1557 quoniam
1047 1515 1128 1545 sicut
1148 1513 1354 1544 inordinatus

272 1565 403 1594 animus
418 1563 478 1594 sibi
493 1564 555 1604 ipsi
570 1568 617 1594 est
636 1572 742 1603 poena
759 1561 785 1598 *,
811 1561 853 1592 ita
878 1560 1010 1591 felicitas
1035 1567 1081 1590 est
1105 1559 1285 1600 praemium
1310 1557 1353 1588 fe-

272 1609 340 1639 licis
356 1608 464 1639 animi.
491 1625 510 1631 -
534 1608 622 1638 Tum
647 1607 733 1648 quia,
758 1606 844 1646 apud
869 1605 1070 1645 theologum,
1087 1604 1188 1634 virtus
1203 1613 1269 1633 non
1287 1613 1354 1634 me-

1410 574 1556 606 firmatur
1578 576 1702 607 virtutis
1726 577 1907 617 praemium
1930 578 2109 608 secundum
2134 577 2212 618 quid
2240 587 2276 607 ex
2300 584 2388 617 parte
2412 576 2489 607 alio-

1411 629 1493 656 rum,
1519 620 1594 651 satis
1617 620 1752 652 habetur
1775 622 1864 662 quod
1888 622 1994 652 honor
2017 632 2083 652 non
2101 629 2148 653 est
2171 623 2210 652 de
2226 632 2362 652 numero
2387 621 2488 652 bono-

1410 674 1483 694 rum
1507 664 1702 704 simpliciter,
1728 666 1783 696 sed
1808 665 1952 696 utilium:
1980 676 2015 697 ac
2039 677 2095 707 per
2118 667 2190 703 hoc,
2215 667 2305 707 quod
2329 666 2489 706 appetitus

1411 708 1479 739 eius
1509 719 1576 739 non
1606 716 1652 740 est
1683 710 1847 740 ordinatus
1871 710 1896 740 si
1925 717 1972 741 est
1999 711 2158 751 appetitus
2183 711 2250 741 eius
2275 719 2311 741 ut
2335 710 2416 741 finis.
2449 710 2490 740 Et

1410 753 1471 784 hoc
1496 752 1612 784 sufficit
1635 754 1674 784 ad
1699 754 1895 784 solutionem
1918 756 2097 794 argumenti
2117 756 2253 786 volentis
2277 756 2367 796 quod
2392 765 2488 795 appe-

1409 798 1485 829 titus
1509 798 1643 829 honoris
1667 798 1707 829 sit
1730 798 1891 839 appetitus
1912 798 2018 829 licitus
2045 800 2122 840 quia
2146 808 2192 831 est
2215 800 2376 840 appetitus
2401 809 2489 840 prae-

1410 842 1467 873 mii
1490 842 1624 879 virtutis,
1650 843 1740 883 quod
1763 843 1859 873 habet
1882 843 2039 874 rationem
2062 843 2144 875 finis.

1466 887 1611 918 Habetur
1641 887 1852 918 nihilominus
1877 886 1931 930 (ad
1959 887 2189 927 perfectionem
2212 887 2389 930 doctrinae)
2414 889 2488 919 hinc

1409 932 1498 972 quod
1522 932 1683 973 appetitus
1706 932 1849 968 honoris,
1875 932 1900 962 si
1916 932 2010 963 debet
2024 942 2092 963 esse
2109 932 2284 970 ordinatus,
2309 934 2402 964 debet
2421 943 2488 964 esse

1409 983 1444 1007 ut
1468 977 1629 1017 appetitus
1653 977 1730 1007 boni
1750 976 1845 1013 utilis,
1863 977 1920 1018 qui
1936 977 2030 1008 debet
2046 987 2114 1007 esse
2130 979 2308 1008 secundum
2324 988 2488 1009 commen-

1408 1021 1605 1052 surationem
1630 1022 1669 1052 ad
1693 1021 1809 1058 finem,
1834 1028 1865 1052 et
1888 1031 1954 1052 non
1979 1021 2012 1051 in
2036 1020 2214 1052 infinitum:
2248 1029 2283 1053 ut
2306 1029 2394 1063 patet
2417 1022 2487 1054 uni-

1407 1066 1568 1097 versaliter
1592 1066 1630 1096 de
1650 1073 1736 1097 recto
1756 1066 1900 1106 appetitu
1921 1066 2060 1097 utilium.
2084 1066 2126 1097 Et
2149 1073 2316 1106 propterea
2340 1077 2406 1098 non
2431 1077 2489 1108 po—

1407 1118 1467 1142 test
1490 1111 1689 1152 quicumque
1709 1111 1829 1141 habens
1852 1110 2003 1141 virtutem
2019 1118 2169 1151 appetere
2188 1118 2488 1153 quantumcumque

1407 1156 1584 1192 honorem,
1609 1156 1664 1186 sed
1693 1162 1989 1186 commensuratum
2018 1156 2197 1186 secundum
2221 1156 2340 1196 patriae
2363 1166 2488 1188 morem

1407 1200 1516 1231 virtuti
1539 1200 1594 1231 illi.
1624 1201 1740 1231 Honor
1764 1200 1850 1231 enim
1874 1210 1948 1231 cum
1973 1201 2012 1230 ab
2036 1200 2106 1231 aliis
2129 1200 2314 1232 exhibeatur
2336 1201 2490 1232 excellen-

1406 1245 1467 1276 tiae
1492 1245 1604 1282 alicui,
1630 1244 1762 1275 diversis
1786 1245 1977 1276 excellentiis
2000 1245 2114 1275 diversi
2138 1245 2278 1276 honores
2305 1255 2488 1277 accommo-

1407 1289 1471 1320 dati
1495 1296 1580 1320 sunt.
1615 1290 1656 1320 Et
1680 1296 1848 1330 propterea
1879 1289 2039 1330 appetitus
2062 1297 2167 1320 rectus
2197 1300 2264 1320 non
2288 1296 2335 1321 est
2358 1290 2415 1331 qui
2442 1290 2488 1322 in-

1406 1341 1704 1366 commensuratum
1729 1344 1805 1364 suae
1821 1334 1929 1365 virtuti
1946 1334 2106 1365 honorem
2122 1334 2252 1375 appetit.
2278 1335 2319 1366 Et
2342 1335 2489 1376 quamvis

1406 1379 1515 1410 nullus
1539 1379 1645 1411 honor
1668 1379 1707 1410 sit
1731 1379 1926 1420 cuicumque
1949 1379 2056 1410 virtuti
2074 1379 2235 1411 sufficiens
2251 1379 2438 1421 simpliciter
2453 1386 2490 1412 ut

1407 1423 1599 1464 praemium,
1616 1431 1662 1455 est
1686 1431 1791 1455 tamen
1813 1424 1867 1455 tali
1883 1424 2001 1461 virtuti,
2018 1425 2056 1455 ab
2073 1424 2261 1455 hominibus
2277 1424 2403 1462 talibus,
2419 1424 2490 1456 talis

1406 1468 1513 1500 honor
1532 1468 1692 1500 sufficiens
1717 1476 1752 1500 ut
1776 1469 1998 1500 testimonium
2023 1469 2220 1506 humanum;
2249 1476 2280 1500 et
2303 1469 2357 1500 tali
2380 1469 2488 1501 virtuti

1408 1513 1478 1544 talis
1502 1513 1582 1544 alius
1607 1514 1731 1550 honor,
1757 1521 1787 1544 et
1816 1513 1860 1544 sic
1892 1514 1931 1544 de
1959 1514 2038 1545 aliis.
2072 1514 2113 1545 Et
2143 1521 2312 1555 propterea
2335 1514 2489 1546 vitiosum

1407 1564 1487 1589 esset
1511 1558 1537 1588 si
1561 1559 1675 1589 doctor
1698 1558 1730 1588 in
1754 1558 1935 1598 Theologia
1958 1559 2052 1590 vellet
2075 1559 2226 1590 honorari
2257 1566 2293 1590 ut
2316 1559 2490 1600 imperator

1407 1603 1626 1643 triumphans:
1651 1610 1682 1633 et
1706 1603 1750 1633 sic
1774 1603 1812 1634 de
1838 1603 1916 1634 aliis.

1046 1740 1370 1783 ARTICULUS
1401 1739 1705 1782 SECUNDUS

675 1826 831 1857 UTRUM
856 1824 1042 1856 AMBtho
1071 1824 1341 1856 OPPONATUR
1366 1824 1726 1855 MAGNANIMITATI
1751 1825 1833 1856 PER
1857 1825 2084 1858 EXCESSUM

310 1939 316 1946 .
336 1924 365 1949 χι
390 1929 458 1967 sax<
484 1920 507 1945 D
522 1918 715 1944 SECUNDUM
730 1918 784 1942 εις
799 1916 1044 1942 Paocamrua.
1061 1904 1223 1941 Videtur
1237 1903 1345 1953 quod
1377 1937 1378 1942 ,

298 1951 325 2013 '2
400 1949 453 2020 ’ἕρ
484 1960 642 1998 ambitio
673 1971 752 1997 non
786 1966 1007 2008 opponatur
1044 1957 1350 2006 magnanimitati
1377 1975 1379 2011 ᾗ

286 2017 309 2062 ἸΙ
349 2030 408 2057 v,
428 2006 452 2055 ’ᾖ
483 2027 552 2064 per
572 2025 784 2051 excessum.
810 2013 886 2051 Uni
907 2012 1009 2050 enim
1031 2012 1161 2050 medio
1182 2024 1262 2049 non
1281 2024 1349 2060 op-

290 2061 301 2070 *
327 2042 425 2097 4⁴⁶*st
461 2068 638 2118 ponitur
667 2079 713 2104 ex
741 2079 818 2104 una
845 2074 951 2116 parte
982 2066 1051 2103 nisi
1079 2078 1201 2103 unum
1230 2073 1350 2103 extre-

269 2135 390 2160 mum.
413 2122 491 2159 Sed
512 2121 814 2170 magnanimitati
835 2133 903 2170 per
922 2132 1122 2157 excessum
1143 2119 1351 2169 opponitur

269 2175 534 2226 praesumptio
554 2183 596 2212 ut
617 2175 761 2212 dictum
783 2182 838 2211 est
857 2175 888 2211 *.
919 2175 1022 2223 Ergo
1043 2186 1122 2211 non
1142 2173 1351 2223 opponitur

271 2231 304 2268 ei
334 2229 493 2267 ambitio
523 2242 592 2278 per
621 2241 834 2266 excessum.

326 2296 361 2321 2.
393 2284 630 2329 PRAETEREA,
657 2281 951 2331 magnanimitas
971 2289 1028 2318 est
1048 2281 1147 2318 circa
1167 2282 1347 2319 honores.

271 2339 348 2375 Sed
377 2337 538 2374 ambitio
568 2336 721 2374 videtur
748 2336 938 2386 pertinere
968 2336 1018 2373 ad
1048 2335 1266 2384 dignitates:
1297 2335 1351 2373 di·
1377 2374 1379 2380 ,

270 2392 366 2429 citur
395 2391 498 2428 enirn
521 2392 551 2427 11
572 2391 755 2428 Machab.
778 2402 814 2428 iv
832 2389 863 2437 ²¹²,
894 2390 999 2438 quod
1019 2388 1135 2426 Iason
1161 2389 1352 2427 ambiebat
1377 2381 1379 2392 ’

267 2457 460 2483 summum
488 2445 752 2482 sacerdotium.
794 2444 897 2492 Ergo
927 2443 1085 2480 ambitio
1120 2455 1198 2480 non
1228 2455 1350 2493 oppo-

269 2499 370 2537 nitur
397 2497 713 2546 magnanimitati.

325 2555 360 2590 3.
388 2553 633 2599 PRAETEREA,
664 2550 823 2589 ambitio
852 2550 1005 2588 videtur
1043 2551 1091 2588 ad
1121 2550 1348 2589 exteriorem
1377 2569 1379 2585 2

270 2614 496 2656 apparatum
533 2605 747 2655 pertinere:
784 2605 919 2642 dicitur
955 2604 1058 2642 enim
1097 2606 1180 2642 Act.
1217 2617 1288 2642 xxv
1312 2605 1348 2651 *‚

269 2660 375 2710 quod
404 2659 574 2710 Agrippa
603 2667 640 2696 et
668 2659 852 2697 Berenice
881 2670 968 2696 cum
997 2658 1116 2696 multa
1145 2659 1351 2696 ambitione

269 2713 494 2752 introierunt
521 2713 773 2764 praetorium,
804 2720 840 2750 et
857 2714 887 2749 II
908 2712 1077 2761 Paralip.
1097 2725 1157 2750 xv¹
1179 2713 1212 2759 *,
1243 2714 1349 2762 quod

269 2780 385 2817 super
413 2780 553 2817 corpus
581 2769 659 2804 Asa
689 2766 831 2804 mortui
859 2766 1156 2804 combusserunt
1175 2775 1349 2805 aromata

269 2829 307 2858 et
333 2830 527 2870 unguenta
555 2822 760 2858 ambitione
788 2821 917 2858 nimia.
950 2820 1027 2858 Sed
1056 2821 1349 2869 magnanimitas
1376 2815 1378 2850 ἶ

269 2887 348 2912 non
378 2884 433 2913 est
462 2875 561 2913 circa
591 2875 817 2912 exteriorem
846 2883 1086 2924 apparatum.
1124 2875 1227 2923 Ergo
1267 2887 1348 2913 am·
1376 2911 1377 2915 ,

270 2928 362 2966 bitio
393 2941 472 2966 non
501 2929 709 2978 opponitur
738 2928 1050 2977 magnanimitati.

325 2983 400 3020 SED
434 2994 582 3021 CONTRA
618 2994 684 3020 EST
721 2983 827 3032 quod
863 2981 1012 3019 Tullius
1051 2981 1159 3028 dicit,
1190 2981 1229 3019 in
1259 2983 1271 3019 I
1302 2982 1349 3020 de

275 3037 384 3086 Offic.
409 3036 450 3083 ³⁸,
481 3036 586 3085 quod
623 3036 719 3073 sicut
745 3036 902 3085 quisque
929 3036 1193 3086 magnitudine
1228 3037 1350 3073 animi

269 3091 428 3136 excellit,
459 3092 510 3127 ita
538 3090 709 3127 maxime
735 3090 815 3127 vult
837 3090 1015 3139 princeps
1043 3090 1214 3126 omnium
1246 3090 1348 3127 solus

269 3156 359 3181 esse.
395 3143 471 3181 Sed
492 3145 567 3181 hoc
587 3143 750 3193 pertinet
777 3143 826 3181 ad
846 3143 1110 3181 ambitionem.
1142 3143 1245 3192 Ergo
1267 3155 1348 3181 am-

271 3197 362 3234 bitio
391 3197 554 3247 pertinet
582 3198 630 3235 ad
660 3209 861 3235 excessum
891 3196 1227 3246 magnanimitatis.

325 3251 553 3289 Respouosso
582 3263 770 3289 met-:Noun
799 3251 918 3300 quod,
948 3251 1045 3288 sicut
1074 3250 1219 3288 dictum
1241 3258 1296 3288 est
1314 3250 1346 3299 ¹⁸¹,

271 3303 429 3341 ambitio
459 3305 640 3354 importat
659 3304 921 3343 inordinatum
941 3304 1154 3355 appetitum
1174 3304 1346 3343 honoris.

272 3357 569 3404 Magnanimitas
597 3366 725 3396 autem
755 3366 812 3396 est
841 3358 940 3396 circa
968 3359 1149 3405 honores,
1171 3366 1208 3396 et
1230 3358 1348 3396 utitur

271 3409 324 3446 eis
354 3412 567 3448 secundum
606 3412 711 3460 quod
747 3419 910 3461 oportet.
950 3412 1062 3450 Unde
1099 3412 1344 3450 manifestum

272 3471 328 3500 est
357 3464 461 3512 quod
491 3463 647 3500 ambitio
678 3466 886 3514 opponitur
914 3465 1218 3514 magnanimitati
1251 3465 1347 3502 sicut

272 3516 530 3554 inordinatum
561 3517 748 3555 ordinato.

324 3631 352 3662 σι)
371 3637 451 3663 quae.
463 3643 480 3650 -
495 3630 683 3663 praesumptio
701 3631 772 3656 enim
793 3631 841 3656 Pa.

1459 1907 1519 1941 An
1548 1916 1689 1942 ramum
1718 1917 1818 1943 ERGO
1845 1918 2031 1944 mei-:rmum
2056 1907 2162 1955 quod
2191 1909 2486 1956 magnanimitas

1405 1958 1454 1995 ad
1485 1958 1562 1995 duo
1593 1958 1756 2007 respicit.
1799 1959 1862 1996 Ad
1891 1971 2014 1997 unum
2044 1960 2202 2009 quidem
2239 1962 2336 1999 sicut
2365 1964 2414 2001 ad
2441 1963 2486 2001 fi-

1406 2023 1496 2049 nem
1518 2011 1726 2050 intentum:
1757 2013 1863 2061 quod
1894 2021 1950 2050 est
1977 2013 2135 2062 aliquod
2164 2026 2350 2064 magnum
2375 2028 2486 2066 opus,

1407 2065 1512 2115 quod
1551 2066 1822 2115 magnanimus
1850 2074 2007 2104 attentat
2035 2068 2250 2106 secundum
2284 2081 2395 2107 suam
2434 2071 2487 2109 fa·

1407 2119 1599 2157 cultatem.
1630 2120 1680 2157 Et
1703 2128 1890 2170 quantum
1911 2121 1961 2158 ad
1990 2121 2066 2159 hoc
2094 2122 2304 2172 opponitur
2329 2135 2487 2173 magna-

1406 2173 1567 2211 nimitati
1596 2186 1665 2223 per
1703 2186 1903 2211 excessum
1940 2176 2225 2225 praesumptiO,
2255 2189 2356 2226 quae
2387 2183 2406 2200 ‘²
2433 2186 2487 2216 at·

1406 2235 1524 2264 tentat
1562 2227 1719 2278 aliquod
1748 2240 1934 2276 magnum
1964 2241 2063 2278 opus
2091 2242 2207 2280 supra
2229 2242 2342 2269 suam
2372 2231 2486 2270 facul-

1406 2289 1536 2318 tatem.
1581 2282 1642 2319 Ad
1681 2281 1784 2319 aliud
1822 2290 1951 2319 autem
1998 2283 2150 2333 respicit
2188 2284 2486 2333 magnanimitas

1406 2335 1502 2372 sicut
1530 2335 1579 2372 ad
1613 2335 1815 2372 materiam
1845 2348 1920 2386 qua
1949 2335 2076 2374 debite
2106 2337 2238 2386 utitur,
2268 2339 2410 2376 scilicet
2437 2340 2485 2379 ad

1406 2389 1610 2426 honorem.
1642 2389 1692 2427 Et
1711 2397 1899 2439 quantum
1923 2390 1972 2427 ad
1992 2391 2068 2428 hoc
2097 2391 2306 2441 opponitur
2329 2405 2487 2442 magna-

1406 2442 1565 2480 nimitati
1594 2454 1663 2492 per
1696 2455 1897 2482 excessum
1927 2444 2099 2482 ambitio.
2139 2445 2231 2483 Non
2264 2453 2322 2483 est
2355 2454 2483 2485 autem

1405 2496 1683 2534 inconveniens
1711 2497 1927 2535 secundum
1962 2498 2114 2536 diversa
2151 2511 2235 2537 esse
2260 2500 2393 2549 plures
2421 2513 2485 2538 ex-

1406 2563 1536 2588 cessus
1565 2551 1679 2588 unius
1708 2551 1837 2589 medii.

1459 2607 1519 2642 An
1552 2616 1745 2643 sacunnuu
1781 2616 1968 2643 mesanum
2003 2606 2111 2654 quod
2140 2605 2209 2644 illis
2237 2606 2303 2656 qui
2331 2615 2418 2646 sunt
2445 2607 2484 2646 in

1406 2658 1586 2707 dignitate
1623 2658 1836 2707 constituti,
1874 2666 2033 2708 propter
2065 2659 2260 2710 quandam
2300 2661 2485 2700 excellen-

1405 2712 1497 2750 tiam
1537 2721 1676 2760 status,
1712 2712 1875 2750 debetur
1911 2712 2049 2751 honor.
2087 2714 2137 2752 Et
2164 2714 2381 2753 secundum
2408 2715 2484 2753 hoc

1406 2766 1643 2804 inordinatus
1663 2766 1854 2816 appetitus
1881 2765 2106 2815 dignitatum
2137 2767 2300 2817 pertinet
2322 2769 2373 2806 ad
2401 2781 2486 2807 atn-

1406 2820 1605 2858 bitionem.
1641 2820 1680 2858 Si
1710 2820 1796 2870 quis
1826 2820 1929 2858 enirn
1957 2821 2173 2859 inordinate
2203 2830 2401 2871 appeteret
2429 2822 2484 2860 di-

1404 2875 1585 2924 gnitatem
1615 2887 1694 2912 non
1730 2874 1876 2912 ratione
1909 2874 2086 2922 honoris,
2123 2876 2192 2913 sed
2225 2883 2382 2926 propter
2418 2875 2482 2914 de-

1376 2949 1377 2954 =
1404 2929 1527 2966 bitum
1558 2927 1748 2977 dignitatis
1768 2940 1880 2966 usum
1909 2941 2020 2966 suam
2050 2929 2267 2967 facultatem
2297 2929 2482 2967 exceden-

1402 2991 1499 3029 tem,
1531 2994 1609 3020 non
1640 2990 1739 3020 esset
1767 2982 2005 3029 ambitiosus,
2035 2983 2103 3021 sed
2134 2982 2254 3032 magis
2283 2995 2481 3032 praesum-

1403 3045 1576 3086 ptuosus.

1458 3092 1517 3127 An
1546 3101 1707 3128 τεκτιυΜ
1728 3101 1915 3128 mesanum
1944 3090 2050 3139 quod
2069 3089 2153 3139 ipsa
2176 3089 2398 3127 solemnitas
2419 3101 2480 3127 ex-

1403 3144 1552 3181 terioris
1591 3145 1713 3181 cultus
1751 3143 1800 3181 ad
1837 3143 2035 3192 quendam
2073 3143 2263 3180 honorem
2302 3142 2479 3192 pertinet:

1403 3198 1507 3235 unde
1537 3204 1574 3234 et
1602 3197 1741 3235 talibus
1770 3196 1971 3235 consuevit
1998 3197 2124 3234 honor
2149 3195 2329 3234 exhiberi.
2361 3197 2477 3244 Quod

1403 3251 1638 3301 significatur
1676 3252 1750 3288 Iac.
1782 3263 1804 3288 11
1824 3250 1863 3288 *z
1901 3250 1944 3288 Si
1970 3249 2156 3287 introierit
2181 3249 2219 3287 in
2253 3256 2478 3289 conventum

1374 3312 1376 3327 ῑ
1402 3311 1568 3343 vestrum
1589 3305 1650 3342 vir
1673 3304 1832 3342 anulum
1851 3304 1993 3341 habens
2018 3314 2192 3349 aureum,
2208 3304 2246 3340 in
2275 3310 2375 3342 veste
2393 3316 2479 3342 can-

1402 3359 1502 3406 dida,
1523 3364 1560 3395 et
1576 3357 1747 3395 dixeritis
1765 3358 1821 3395 ei:
1850 3357 1906 3394 Tu
1925 3357 2012 3394 sede
2029 3357 2090 3394 hic
2108 3357 2202 3394 bene
2217 3355 2243 3405 Ρ,
2266 3365 2335 3396 etc.
2365 3358 2478 3396 Unde

1403 3411 1560 3450 ambitio
1590 3423 1668 3448 non
1698 3418 1754 3447 est
1777 3409 1877 3447 circa
1906 3410 2134 3447 exteriorem
2156 3411 2300 3449 cultum
2322 3410 2391 3449 nisi
2421 3424 2478 3449 se-

1402 3465 1574 3503 cundum
1602 3463 1708 3513 quod
1737 3463 1901 3513 pertinet
1928 3464 1978 3502 ad
2006 3464 2210 3502 honorem.

1456 3630 1482 3664 β)
1501 3631 1574 3657 bene.
1586 3645 1606 3651 -
1625 3631 1689 3657 Om.
1708 3631 1766 3657 Pla.

2508 3263 2517 3272 ⁴
2533 3261 2600 3285 Vere.
2614 3267 2635 3290 2,
2649 3270 2670 3292 3.
