2768 4198
58 415 69 425 ⁹
81 413 148 435 Vers-
163 419 186 441 9,
202 418 236 434 ιο.

57 566 69 577 ”
80 566 147 588 Vers.
161 572 181 595 3.

152 1437 167 1462 Υ

142 1496 159 1513 ,ε
183 1495 217 1510 cn:

150 1642 165 1666 6

142 1755 169 1776 iia
185 1772 188 1775 .

15 1975 17 1977 ’
57 1974 106 1994 ,[,μι
122 1975 218 1992 ‹1„2.›*i½

943 277 1212 323 QUAESTIO
1242 278 1455 324 CLXXIII,
1484 278 1782 316 ARTlCULUS
1813 279 1862 314 111

297 357 518 403 animalem,
543 348 655 394 sicut*
674 368 743 405 per
764 356 1051 392 vehementiam
1085 356 1372 405 contemplatio-

298 410 367 455 nis,
397 409 494 446 sicut
521 411 569 446 de
597 410 711 446 Petro
740 409 885 456 legitur,
913 410 995 445 Act.
1021 421 1044 445 x
1067 409 1103 455 ³¹⁶,
1134 410 1250 458 quod,
1282 421 1370 446 cum

296 469 422 498 oraret
450 462 488 499 in
517 463 736 509 caenaculo,
746 463 879 510 factus
898 467 952 498 est
969 462 1006 498 in
1034 474 1188 499 excessu
1218 463 1371 508 mentis,·
1396 498 1398 508 ,

1396 511 1398 516 ”
1423 515 1523 563 ideo,
1549 516 1705 564 quando
1735 528 1779 552 ex
1807 516 1992 565 superiori
2017 515 2161 552 influxu
2190 527 2299 552 mens
2326 516 2491 563 prophe-

296 515 358 552 vel
380 514 518 551 virtute
539 515 668 552 divina
688 515 871 564 rapiente,
888 515 1101 552 secundum
1122 515 1211 553 illud
1228 516 1369 553 Ezech.

297 567 362 604 1²¹⁸:
390 569 511 605 Facta
539 574 595 605 est
618 580 733 616 super
760 581 846 605 eum
875 581 1011 605 manus
1039 569 1208 606 Domini.

350 623 409 657 AD
438 633 577 658 PR1M1JM
597 633 696 658 ERGO
726 634 912 659 DICENDUM
942 622 1047 671 quod
1076 622 1280 659 auctoritas
1309 622 1370 658 illa

295 674 463 723 loquitur
492 675 538 711 de
567 675 764 723 prophetis
794 675 932 724 quibus
961 675 1280 724 imprimebantur
1307 676 1369 712 vel

296 727 571 764 ordinabantur
591 728 836 776 imaginariae
858 729 1017 775 formae,
1037 730 1098 765 vel
1120 729 1157 765 in
1177 728 1370 766 dormien-
1396 747 1397 751 =

295 781 358 827 do,
389 782 495 828 quod
524 781 758 829 significatur
785 794 855 831 per
880 783 1093 826 somnium
1121 784 1183 819 vel
1212 782 1250 818 in
1275 782 1368 830 vigi·
1395 779 1397 821 ἶ

1395 834 1396 849 ³
1424 847 1508 870 rum
1540 835 1716 871 dicuntur
1749 847 1831 871 esse
1866 835 2024 871 subiecti
2059 834 2273 884 prophetis,
2304 842 2490 882 quantum

295 833 422 880 lando,
453 835 559 883 quod
589 835 823 883 significatur
850 848 918 884 per
945 836 1139 872 visionem.

349 889 408 924 Ab
437 899 628 926 SECUNDUM
649 901 834 926 morannum
863 889 969 938 quod
997 889 1152 937 quando
1183 900 1292 924 mens
1315 887 1370 924 in-

295 940 461 978 tenditur
488 941 526 978 in
554 954 625 979 suo
655 950 741 979 actu
771 942 871 979 circa
898 942 1082 989 absentia,
1112 953 1211 990 quae
1241 948 1369 978 sunta

294 994 470 1031 sensibus
499 1003 664 1042 remota,
695 1004 785 1032 tunc
817 1004 974 1045 propter
999 994 1286 1032 vehementiam
1315 994 1369 1030 in-

294 1047 473 1085 tentionis
499 1049 671 1097 sequitur
694 1049 871 1086 alienatio
891 1062 913 1086 a
934 1049 1120 1086 sensibus.
1151 1047 1228 1084 Sed
1249 1059 1369 1095 quan-

295 1100 346 1138 do
377 1113 486 1139 mens
514 1101 721 1139 intenditur
748 1102 786 1138 in
815 1114 886 1139 suo
910 1110 996 1138 actu
1026 1101 1126 1138 circa
1154 1099 1368 1148 dispositio-

295 1166 384 1193 nem
413 1156 476 1191 vel
503 1154 688 1192 iudicium
709 1155 960 1202 sensibilium,
981 1166 1059 1191 non
1089 1161 1239 1202 oportet
1263 1153 1367 1202 quod

294 1219 316 1244 a
345 1207 518 1244 sensibus
547 1209 798 1245 abstrahatur.

1395 693 1398 720 1

2416 278 2491 325 389

1477 358 1536 393 AD
1556 369 1718 394 TER’rmM
1736 368 1923 394 monimum
1951 356 2057 404 quod
2087 363 2215 393 motus
2243 356 2380 393 mentis
2404 369 2491 404 pro-

1424 410 1573 458 phetice
1616 422 1695 447 non
1723 418 1780 446 est
1816 410 2027 446 secundum
2065 409 2245 446 virtutem
2283 409 2490 457 propriam,

1425 463 1492 499 sed
1530 463 1741 500 secundum
1771 463 1949 499 virtutem
1987 462 2190 511 superioris
2228 462 2404 498 influxus.
2445 463 2492 498 Et

1423 576 1483 605 tae
1518 569 1716 606 inclinatur
1753 571 1801 606 ad
1833 569 2078 607 iudicandum
2107 569 2168 605 vel
2206 568 2490 616 disponendum

1424 622 1565 670 aliquid
1601 622 1698 658 circa
1727 622 1933 668 sensibilia,
1964 635 2043 659 non
2076 622 2119 658 fit
2150 621 2326 659 alienatio
2356 634 2378 658 a
2406 633 2490 658 sen-

1396 681 1397 691 *
1422 675 1543 711 sibus:
1582 676 1650 712 sed
1670 677 1794 711 solum
1813 675 1969 723 quando
2000 676 2171 712 elevatur
2190 687 2300 712 mens
2321 675 2369 711 ad
2400 686 2489 710 con-

1422 729 1688 776 templandum
1718 728 1843 777 aliqua
1873 728 2106 765 sublimiora.

1475 784 1534 818 AD
1555 793 1730 824 QUARTUM
1744 781 1764 803 ’¹‘
1785 793 1969 818 mer-:unum
1990 782 2095 830 quod
2115 781 2266 829 spiritus
2286 781 2491 829 propheta-

1422 887 1471 924 ad
1500 888 1764 936 propheticam
1795 888 2107 935 enuntiationem,
2138 888 2185 924 de
2214 900 2291 936 qua
2315 887 2366 924 ibi
2386 889 2490 935 Apo-

1422 942 1541 977 stolus
1569 941 1755 988 loquitur:
1786 940 1875 988 quia
1895 941 2036 978 scilicet
2056 953 2100 977 ex
2130 941 2287 989 proprio
2307 953 2422 977 sensu
2437 941 2491 976 lo-

1422 1001 1590 1042 quuntur
1609 1006 1654 1030 ea
1673 1005 1772 1041 quae
1791 993 1981 1040 viderunt,
2003 1006 2083 1031 non
2102 1002 2230 1030 mente
2258 994 2490 1042 perturbata,

1422 1046 1517 1083 sicut
1534 1046 1724 1094 arreptitii,
1741 1053 1782 1082 ut
1802 1046 1975 1083 dixerunt
1992 1047 2162 1083 Priscilla
2182 1055 2216 1083 et
2237 1048 2444 1083 Montanus
2458 1046 2490 1083 ²⁸².

1423 1099 1500 1136 Sed
1520 1099 1558 1136 in
1574 1099 1657 1148 ipsa
1672 1099 1896 1148 prophetica
1915 1100 2148 1137 revelatione
2168 1100 2293 1148 potius
2313 1099 2383 1148 ipsi
2402 1100 2491 1136 sub-

1422 1152 1598 1188 iiciuntur
1623 1152 1768 1201 spiritui
1795 1153 2039 1201 prophetiae,
2069 1153 2165 1190 idest
2194 1154 2298 1190 dono
2327 1153 2491 1201 prophe-

1394 1218 1396 1253 ᾗ
1422 1205 1510 1241 tico.

969 1302 1309 1337 commentaria
1331 1300 1588 1334 cardinalis
1610 1301 1815 1335 Caietam

296 1394 341 1458 In
364 1384 498 1415 articulo
522 1383 616 1414 tertio
645 1384 790 1414 eiusdem
820 1384 1016 1424 quaestionis
1048 1382 1367 1421 centesimaeseptua-
1390 1379 1393 1415 l
1419 1382 1617 1422 quandoque
1641 1382 1770 1421 exigunt
1793 1382 2037 1412 abstractionem
2061 1393 2078 1412 a
2101 1382 2256 1418 sensibus,
2279 1382 2396 1413 scilicet
2419 1392 2494 1413 cum

319 1428 589 1469 gesimaetertiae,
614 1428 750 1459 dubium
778 1428 884 1469 primo
909 1428 1062 1463 occurn't,
1087 1437 1126 1458 an
1156 1428 1247 1457 detur
1271 1425 1364 1466 quin-

291 1481 363 1509 tum
386 1473 565 1505 secundum
588 1473 678 1515 quod
701 1472 736 1503 fit
760 1472 946 1513 prophetica
965 1472 1124 1502 revelatio.
1150 1471 1184 1501 In
1209 1470 1311 1501 littera
1327 1469 1366 1500 si-

292 1515 425 1566 quidem
449 1525 588 1558 quatuor
611 1525 848 1548 enumerantur.
873 1517 914 1548 Et
937 1524 984 1549 est
1006 1516 1085 1547 ratio
1108 1515 1196 1546 dubii
1220 1515 1295 1556 quia
1312 1525 1366 1544 na—

291 1559 401 1594 turalis
425 1561 567 1603 cognitio
591 1561 685 1592 habet
709 1562 870 1602 quintum,
895 1561 1014 1591 scilicet
1037 1560 1273 1591 ordinationem
1298 1568 1367 1599 spe-

292 1606 414 1638 cierum
436 1605 702 1647 intelligibilium:
726 1615 808 1647 quae
832 1605 911 1636 nihil
934 1605 1071 1637 istorum
1095 1611 1235 1645 quatuor
1251 1610 1307 1640 est,
1333 1610 1369 1634 ut

291 1658 389 1692 patet.
423 1651 466 1682 Et
493 1657 617 1682 constat
645 1651 735 1691 quod
762 1651 941 1681 secundum
973 1650 1063 1690 quod
1094 1648 1307 1679 diversimode
1337 1654 1368 1678 et

291 1702 535 1737 componuntur
557 1702 588 1726 et
615 1695 805 1726 ordinantur
833 1694 953 1735 species
976 1693 1205 1734 intelligibiles,
1230 1693 1368 1723 diversas

290 1740 436 1772 veritates
467 1740 605 1781 pariunt.
640 1740 748 1777 Quare
777 1739 874 1780 igitur
901 1739 934 1770 in
967 1738 1153 1779 prophetica
1185 1737 1367 1777 cognitione

291 1785 413 1827 reliqua
435 1784 718 1826 proportionaliter
744 1791 912 1824 ponuntur
939 1783 1020 1814 sicut
1043 1783 1075 1813 in
1100 1782 1235 1813 naturali
1259 1781 1367 1821 cogni-

290 1827 395 1866 tione,
419 1835 451 1860 et
472 1829 536 1860 hoc
560 1839 673 1865 unum,
698 1828 815 1859 scilicet
838 1827 998 1858 ordinatio
1022 1827 1200 1868 specierum
1221 1825 1367 1865 intelligi—

290 1873 415 1910 bilium,
440 1873 699 1914 praetermissum
724 1870 793 1903 est?

346 1919 398 1949 Ad
429 1918 493 1948 hoc
521 1917 635 1948 dicitur
664 1917 754 1958 quod
791 1916 950 1947 ordinatio
981 1915 1159 1956 specierum
1187 1913 1367 1954 intelligibi-

290 1962 372 1995 lium
394 1962 506 1994 locum
528 1962 624 1992 habet
645 1962 679 1992 in
702 1961 889 2002 prophetica
912 1960 1118 1997 revelatione,
1149 1959 1231 1990 sicut
1258 1965 1289 1989 et
1316 1968 1366 1988 or-

292 2006 413 2038 dinatio
429 2006 701 2047 imaginabilium:
726 2005 881 2047 quoniam
904 2005 1100 2046 quandoque
1120 2013 1210 2034 mens
1230 2003 1368 2043 prophe-

291 2059 352 2089 tae,
376 2051 484 2082 adiuta
505 2050 629 2082 lumine
652 2050 853 2091 prophetico,
878 2050 1024 2090 antiquas
1048 2048 1167 2089 species
1190 2047 1369 2087 intelligibi-

291 2095 337 2127 les
369 2095 495 2126 ordinat
525 2095 565 2126 ad
595 2095 735 2135 aliquam
760 2094 925 2125 veritatem
956 2094 1159 2124 excedentem
1183 2091 1367 2123 facultatem

293 2147 422 2171 naturae
445 2140 693 2180 inspiciendam,
719 2139 800 2170 sicut
823 2139 886 2169 hoc
910 2138 984 2169 facit
1008 2138 1088 2169 circa
1112 2137 1232 2167 formas
1256 2136 1368 2176 imagi-

293 2193 398 2221 natas,
425 2184 512 2215 iuxta
535 2184 751 2224 praecedentis
775 2183 899 2214 articuli
923 2182 1113 2213 doctrinam.
1144 2182 1257 2222 Neque
1280 2181 1366 2211 enim

293 2230 400 2260 minus
419 2236 534 2270 potens
551 2235 598 2259 est
619 2229 730 2259 lumen
750 2227 975 2268 propheticum
992 2227 1033 2257 ad
1049 2226 1264 2257 ordinandum
1279 2225 1368 2256 aliter

292 2274 412 2316 species
434 2273 663 2314 intelligibiles,
687 2283 786 2314 quam
809 2271 1014 2312 imaginatas:
1039 2281 1114 2302 cum
1137 2270 1209 2300 illae
1233 2269 1366 2310 propin-

292 2328 384 2360 quae,
409 2317 486 2349 istae
510 2316 697 2348 remotiores
721 2317 759 2347 ab
783 2317 855 2357 ipso
879 2316 952 2346 sint.
977 2316 1089 2356 Neque
1113 2314 1233 2355 species
1253 2313 1368 2344 intelli-

291 2362 404 2404 gibiles
432 2368 508 2392 suut
537 2361 645 2392 minus
678 2361 798 2392 habiles
826 2361 866 2391 ad
890 2360 986 2391 aliam
1010 2358 1244 2390 ordinationem
1268 2368 1367 2399 quam

292 2407 412 2448 species
442 2406 648 2447 imaginatae:
681 2416 755 2437 cum
785 2405 848 2436 sint
876 2405 972 2445 longe
1002 2403 1244 2444 spiritualiores,
1270 2409 1300 2433 et
1327 2403 1367 2433 ad

292 2452 397 2483 multo
420 2451 513 2492 plura
537 2460 570 2481 se
594 2450 807 2486 extendentes,
832 2456 944 2490 utpote
972 2448 1175 2480 universales.
1206 2447 1272 2478 Nec
1296 2457 1368 2487 pro-

292 2503 399 2537 pterea
422 2495 574 2536 quintum
598 2501 726 2535 oportet
742 2494 864 2525 efficere
880 2494 1078 2524 membrum:
1104 2492 1159 2523 sed
1174 2492 1207 2523 in
1224 2492 1366 2522 secundo

293 2540 440 2573 membro
464 2539 721 2580 subintelligitur.
745 2540 830 2570 Nam
853 2538 1098 2578 intelligendum
1115 2543 1172 2573 est,
1188 2536 1367 2567 secundum

293 2585 520 2616 immissionem
553 2585 604 2615 vel
630 2584 866 2615 ordinationem
893 2583 1071 2623 specierum
1096 2581 1368 2621 intelligibilium:

293 2629 375 2660 sicut
390 2628 424 2659 in
440 2628 534 2659 tertio
550 2629 697 2659 membro
712 2627 869 2658 immissio
885 2627 936 2657 vel
951 2625 1110 2657 ordinatio
1128 2625 1369 2664 coniunguntur

293 2673 449 2714 explicite.
479 2673 521 2703 Et
549 2672 697 2714 quamvis
727 2671 938 2712 singularium
969 2677 1051 2701 certa
1078 2670 1158 2700 ratio
1187 2669 1275 2699 reddi
1299 2679 1366 2700 non

295 2718 405 2759 possit,
430 2727 528 2758 quare
551 2717 669 2748 scilicet
692 2719 815 2747 Auctor
836 2715 899 2746 hoc
922 2725 988 2745 non
1004 2714 1149 2754 explicite
1173 2713 1250 2744 dixit
1272 2714 1305 2743 in
1322 2714 1368 2743 in-

293 2763 421 2795 tellectu
437 2762 519 2793 sicut
534 2762 567 2792 in
583 2761 804 2801 imaginativa:
829 2760 892 2790 dici
906 2767 1014 2790 tamen
1037 2765 1143 2798 potest
1166 2759 1266 2798 quod,
1291 2758 1366 2798 quia

293 2807 362 2838 sola
386 2806 544 2837 ordinatio
567 2806 601 2836 in
625 2805 899 2846 phantasmatibus
922 2805 962 2834 ad
985 2803 1188 2844 prophetiam
1207 2802 1282 2833 satis
1298 2813 1365 2833 ma-

294 2851 406 2882 nifesta
429 2858 475 2882 est
498 2851 531 2881 in
555 2850 732 2891 prophetis,
758 2849 914 2890 quoniam
938 2847 1153 2878 communiter
1176 2847 1208 2877 in
1232 2846 1365 2887 phanta-

294 2895 448 2926 smatibus
475 2895 658 2926 naturaliter
681 2894 833 2935 acceptis,
859 2893 1009 2923 divinitus
1033 2890 1201 2926 ordinatis,
1226 2891 1366 2931 prophe-

294 2940 372 2972 ticae
389 2946 543 2980 apparent
556 2939 778 2975 revelationes;
794 2938 878 2974 ideo,
895 2947 932 2967 ex
948 2936 1122 2967 manifestis
1138 2935 1292 2966 tradendo
1309 2936 1367 2966 do-

295 2984 438 3021 ctrinam,
457 2983 761 3023 subintelligendum
777 2982 866 3013 duxit
882 2981 985 3012 simile
1001 2990 1067 3011 non
1083 2980 1126 3011 ita
1142 2979 1348 3010 manifestum
1358 3003 1365 3016 ,

295 3029 350 3059 sed
373 3029 494 3059 maiore
517 3028 639 3058 ratione
654 3027 923 3068 amplectendum,
948 3035 986 3056 ex
1008 3024 1103 3055 simili
1127 3023 1308 3055 manifesto.

350 3073 390 3104 ΙΙ.
414 3073 450 3103 In
485 3073 600 3103 eodem
635 3072 785 3108 articulo,
811 3078 887 3101 nota
917 3070 1006 3110 quod
1038 3075 1178 3110 quatuor
1205 3069 1366 3098 membro-

295 3126 368 3147 rum
391 3117 424 3147 in
445 3117 548 3148 littera
571 3124 832 3147 enumeratorum
854 3114 913 3145 tria
937 3113 1186 3144 determinantur
1208 3112 1241 3142 in
1263 3112 1367 3143 littera

297 3160 450 3200 negative,
474 3161 592 3192 scilicet
613 3161 702 3202 quod
726 3171 792 3191 non
816 3166 863 3190 est
885 3159 917 3189 in
938 3158 981 3188 eis
1005 3157 1178 3188 necessaria
1198 3157 1365 3187 abstractio

297 3214 317 3234 a
338 3203 492 3241 sensibus,
515 3205 634 3236 scilicet
656 3213 818 3246 quartum,
841 3203 983 3248 primum
1006 3210 1037 3233 et
1060 3201 1255 3232 secundum:
1280 3208 1311 3231 et
1333 3201 1366 3230 in

298 3247 368 3278 solo
396 3247 488 3278 tertio
517 3249 734 3280 necessitatem
756 3247 976 3279 abstractionis
999 3257 1017 3277 a
1041 3246 1185 3277 sensibus
1215 3245 1308 3285 ponit
1330 3255 1366 3276 ac

299 3292 422 3332 probat.
449 3291 513 3323 Ubi
535 3300 663 3332 oportet
685 3300 716 3324 te
739 3293 908 3324 formalem
931 3292 1046 3322 habere
1069 3290 1283 3325 intellectum,
1309 3299 1366 3320 nec

298 3335 385 3366 aliud
408 3344 507 3376 qua-m
530 3337 620 3376 quod
641 3337 756 3369 dicitur
778 3337 961 3377 intelligere.
986 3335 1151 3373 Quoniam
1175 3334 1317 3374 primum
1336 3340 1368 3364 et

298 3380 476 3410 secundum
492 3381 683 3417 membrum,
699 3381 816 3412 scilicet
837 3381 976 3412 influxus
999 3379 1129 3410 luminis
1149 3387 1179 3410 et
1198 3378 1366 3418 impressio

298 3423 545 3463 intelligibilium
567 3423 754 3462 formarum,
776 3426 978 3456 verissimum
1002 3431 1048 3455 est
1071 3434 1137 3454 non
1160 3423 1280 3463 exigere
1297 3423 1366 3453 abs-

298 3468 485 3499 tractionem
508 3478 526 3498 a
549 3467 706 3498 sensibus:
730 3469 806 3510 quia
826 3476 963 3509 possunt
980 3468 1048 3499 fieri
1071 3468 1139 3499 sine
1158 3467 1366 3498 abstractione

299 3523 318 3543 a
348 3512 509 3551 sensibus,
533 3519 571 3542 ut
597 3512 631 3542 in
658 3511 759 3543 littera
789 3513 942 3552 probatur
969 3523 1007 3544 ex
1033 3520 1122 3554 parte
1146 3512 1242 3543 officii
1267 3511 1367 3542 nostri

299 3565 426 3593 sensus;
451 3563 482 3587 et
499 3556 532 3586 in
548 3556 755 3596 responsione
774 3557 814 3586 ad
832 3557 961 3588 tertium
980 3567 1017 3588 ex
1035 3565 1123 3597 parte
1142 3556 1273 3587 luminis
1292 3565 1366 3597 pro-

299 3601 416 3641 phetici
439 3601 581 3632 redditur
598 3605 735 3641 propter
756 3600 845 3641 quid.
868 3599 955 3631 Cum
977 3601 1040 3631 hoc
1062 3608 1169 3631 tamen
1193 3608 1254 3632 stat
1278 3600 1368 3641 quod

1421 1435 1511 1456 mens
1534 1426 1709 1466 prophetae
1735 1427 1875 1456 elevatur
1898 1427 1937 1456 ad
1961 1426 2147 1456 sublimiora
2171 1427 2434 1466 contemplanda:
2458 1434 2494 1457 ut

1420 1469 1452 1500 in
1477 1470 1560 1500 calce
1586 1470 1729 1501 eiusdem
1754 1470 1970 1510 responsionis
1995 1471 2034 1500 ad
2057 1471 2186 1501 tertium
2210 1477 2305 1510 patet.
2337 1471 2381 1501 Ita
2405 1472 2494 1510 quod

1420 1514 1568 1544 alienatio
1593 1525 1610 1544 a
1627 1514 1771 1545 sensibus
1795 1525 1920 1555 semper
1937 1514 2069 1555 exigitur
2093 1525 2110 1544 a
2133 1515 2302 1555 prophetia
2317 1515 2494 1545 secundum

1421 1558 1641 1599 imaginariam
1665 1559 1909 1599 impressionem
1933 1559 1983 1589 vel
2007 1559 2260 1590 ordinationem:
2286 1569 2352 1589 non
2369 1569 2495 1599 semper

1421 1611 1529 1634 autem
1553 1603 1731 1634 secundum
1753 1603 1910 1634 influxum
1934 1603 2111 1643 specierum
2128 1602 2384 1643 intelligibilium.
2410 1603 2494 1640 Quia

1421 1648 1644 1679 intellectualis
1673 1648 1822 1678 revelatio
1854 1648 1984 1688 quando
2015 1658 2033 1677 a
2060 1647 2214 1687 superiori
2245 1647 2366 1678 influxu
2393 1647 2428 1678 fit
2455 1648 2494 1678 ad

1422 1692 1621 1723 movendum
1645 1693 1819 1733 prophetae
1843 1699 1984 1722 mentem
2007 1702 2116 1722 versus
2133 1691 2287 1722 iudicium
2311 1691 2361 1722 vel
2385 1691 2492 1731 dispo-

1421 1737 1570 1768 sitionem
1594 1736 1804 1772 sensibilium,
1829 1736 1989 1766 concretio
2013 1736 2052 1766 ad
2076 1746 2206 1766 sensum
2230 1735 2315 1766 utilis
2340 1743 2402 1772 est,
2427 1747 2493 1766 non

1421 1780 1599 1812 abstractio.
1625 1781 1766 1818 Quando
1781 1790 1857 1811 vero
1873 1780 2093 1811 intellectualis
2109 1780 2259 1811 revelatio
2283 1781 2322 1810 ad
2346 1780 2494 1810 sublimia

1421 1825 1669 1865 contemplanda
1693 1832 1834 1855 mentem
1855 1824 1942 1855 ducit
1965 1824 2194 1864 propheticam,
2220 1825 2430 1855 abstractione
2454 1825 2492 1855 ab

1420 1869 1624 1900 inferioribus
1648 1879 1732 1909 opus
1755 1876 1811 1900 est.
1837 1869 2019 1909 Utrumque
2042 1875 2150 1899 autern
2173 1868 2291 1899 horum
2314 1868 2347 1898 in
2366 1875 2492 1899 natura-

1419 1915 1503 1945 libus
1527 1913 1763 1954 cognitionibus
1786 1913 1974 1953 experimur.
2009 1913 2174 1950 Quoniam
2205 1913 2409 1953 disponentes
2438 1921 2493 1944 aut

1420 1959 1596 1990 iudicantes
1620 1959 1659 1988 de
1683 1957 1900 1993 sensibilibus,
1925 1967 1991 1988 non
2015 1957 2243 1993 abstrahimur,
2268 1957 2324 1987 sed
2347 1957 2491 1988 sensibus

1419 2003 1658 2044 immergimur:
1683 2003 1724 2032 ad
1748 2002 1859 2033 altiora
1882 2009 1989 2032 autem
2018 2002 2220 2042 speculanda,
2245 2007 2366 2041 quanto
2390 2002 2492 2042 magis

1421 2047 1642 2083 abstrahimur,
1667 2046 1782 2077 melius
1806 2046 2026 2087 perspicimus.

1477 2092 1529 2123 III.
1555 2092 1590 2122 ln
1614 2091 1729 2122 eodem
1753 2090 1886 2121 articulo
1910 2090 2012 2126 tertio,
2038 2097 2114 2120 nota
2134 2099 2267 2120 aureum
2283 2090 2427 2126 verbum,
2446 2090 2491 2120 di-

1420 2136 1529 2167 vinam
1549 2135 1778 2171 conditionem,
1795 2135 1927 2165 scilicet:
1957 2135 2046 2165 Talis
2061 2135 2214 2164 alienatio
2230 2144 2250 2164 a
2266 2134 2411 2165 sensibus
2427 2145 2490 2165 non

1410 2181 1457 2222 fit
1473 2182 1506 2211 in
1517 2181 1685 2221 prophetis
1700 2190 1771 2211 cum
1788 2180 1899 2220 aliqua
1912 2179 2151 2209 inordinatione
2167 2183 2315 2209 naturae.
2332 2178 2374 2209 Et
2388 2179 2492 2209 multo

1421 2225 1529 2255 minus
1557 2224 1592 2255 fit
1621 2235 1695 2255 cum
1719 2224 1825 2264 aliqua
1848 2223 2084 2254 inordinatione
2106 2222 2280 2253 honestatis
2304 2229 2360 2253 aut
2382 2223 2490 2254 moris.

1421 2269 1556 2310 Spiritus
1580 2269 1667 2299 enim
1690 2269 1833 2304 Sanctus,
1851 2268 1907 2309 qui
1923 2275 2034 2298 auctor
2049 2274 2095 2297 est
2110 2266 2308 2297 alienationis
2324 2267 2493 2307 requisitae

1422 2314 1461 2344 ad
1486 2313 1698 2354 prophetiam,
1723 2313 1804 2343 sicut
1828 2319 1858 2343 et
1882 2311 2068 2352 prophetiae
2091 2311 2202 2351 ipsius,
2227 2321 2294 2341 non
2314 2318 2360 2341 est
2382 2318 2493 2341 auctor

1422 2357 1672 2388 deordinationis
1695 2364 1826 2387 naturae
1850 2363 1904 2386 aut
1927 2356 2043 2386 moris:
2069 2355 2223 2396 quoniam
2247 2355 2355 2395 gratia,
2380 2365 2492 2385 secun-

1421 2404 1501 2433 dum
1530 2412 1631 2442 genus
1660 2411 1775 2438 suum,
1801 2408 1831 2431 et
1854 2409 2001 2431 naturam
2025 2407 2056 2430 et
2083 2409 2208 2430 morem
2236 2398 2401 2439 perficere,
2426 2409 2492 2429 non

1421 2448 1591 2482 destruere,
1616 2446 1758 2476 minuere
1783 2452 1838 2476 aut
1853 2444 1971 2475 violare
1995 2452 2068 2475 nata
2088 2451 2143 2474 est.
2168 2444 2209 2474 Et
2231 2451 2400 2483 propterea
2416 2444 2491 2474 alie-

1421 2491 1509 2522 natio
1538 2501 1555 2521 a
1579 2490 1724 2521 sensibus
1748 2500 1822 2521 cum
1846 2490 1950 2520 cordis
1974 2489 2055 2519 saltu
2084 2488 2272 2518 sensibiliter
2294 2488 2490 2525 vehementi,

1421 2546 1496 2567 cum
1521 2535 1798 2566 deordinationem
1821 2541 1951 2565 naturae
1976 2533 2146 2568 contineat,
2172 2542 2238 2562 non
2262 2539 2309 2562 est
2332 2542 2350 2562 a
2373 2532 2491 2572 Spiritu

1420 2580 1548 2611 Sancto.
1573 2580 1614 2610 Et
1637 2579 1781 2610 similiter
1805 2578 1921 2609 sicum
1939 2577 2153 2607 denudatione
2176 2576 2400 2616 pudendarum
2424 2587 2492 2616 par-

1420 2625 1502 2656 tium
1530 2623 1584 2654 fiat
1612 2634 1648 2654 ex
1672 2630 1759 2664 parte
1790 2632 1943 2663 personae
1971 2621 2139 2656 alienatae,
2165 2620 2224 2650 nisi
2248 2620 2393 2650 adessent
2416 2630 2491 2660 ope-

1419 2669 1548 2700 rientes:
1573 2668 1635 2698 hoc
1651 2668 1738 2698 enim
1762 2674 1793 2697 et
1816 2673 1926 2697 contra
1944 2665 2144 2696 honestatem
2163 2674 2302 2699 morum,
2328 2671 2358 2694 et
2381 2671 2491 2694 contra

1419 2720 1550 2744 naturae
1573 2713 1720 2743 ordinem
1744 2717 1806 2746 est;
1831 2710 1985 2751 quoniam
2001 2717 2110 2740 motus
2126 2708 2197 2739 talis
2213 2709 2434 2738 membrorum
2450 2709 2490 2738 ad

1419 2757 1695 2788 deordinationem
1718 2762 1848 2786 naturae
1871 2761 2034 2794 spectaret,
2058 2753 2154 2784 etiam
2177 2752 2202 2782 si
2219 2752 2350 2782 nudatio
2367 2752 2489 2792 puden-

1420 2802 1537 2832 dorum
1565 2811 1632 2831 non
1659 2807 1741 2831 esset
1765 2806 1837 2829 nata
1864 2799 1964 2839 sequi.
1996 2798 2089 2829 Unde
2117 2803 2244 2837 oportet
2270 2796 2430 2826 advertere
2457 2797 2489 2826 in

1419 2845 1606 2876 huiusmodi
1636 2843 1881 2875 alienationibus
1914 2843 1938 2872 si
1974 2841 2160 2873 interveniat
2189 2840 2310 2881 aliquid
2341 2840 2489 2870 indecens

1419 2891 1598 2921 secundum
1620 2885 1730 2919 inotus
1754 2887 1939 2918 intrinsecos
1963 2887 2013 2917 vel
2037 2885 2236 2920 extrinsecos,
2259 2884 2323 2914 sive
2340 2884 2379 2915 sit
2402 2884 2488 2914 inde-

1420 2935 1521 2965 centia
1545 2942 1675 2965 naturae
1698 2933 1762 2963 sive
1787 2932 1963 2962 indecentia
1986 2930 2093 2961 moris.
2127 2929 2291 2967 Quoniam
2321 2935 2396 2959 tunc
2423 2939 2488 2958 non

1420 2986 1466 3010 est
1489 2978 1637 3009 alienatio
1662 2976 1862 3017 prophetica:
1888 2976 1943 3006 sed
1966 2974 2166 3009 infirmitatis,
2190 2973 2240 3003 vel
2263 2972 2414 3009 fictionis,
2439 2973 2490 3003 vel

1419 3023 1577 3053 illusionis
1601 3022 1791 3057 diabolicae;
1815 3027 1870 3050 aut
1890 3019 2071 3050 naturaliter
2087 3017 2241 3053 animalis,
2258 3027 2295 3047 ex
2310 3017 2408 3047 nimia
2422 3027 2489 3047 me-

1420 3067 1573 3098 ditatione
1597 3066 1740 3096 alicuius.

1476 3112 1528 3142 IV.
1554 3111 1588 3141 In
1612 3110 1820 3150 responsione
1835 3110 1875 3138 ad
1899 3115 2049 3148 quartum
2066 3107 2208 3137 eiusdem
2227 3105 2358 3141 articuli,
2376 3105 2488 3144 collige

1420 3163 1450 3186 et
1470 3156 1565 3185 aliam
1581 3154 1799 3185 conditionem
1815 3153 1879 3183 veri
1896 3152 2070 3192 prophetae
2079 3151 2105 3187 *,
2120 3156 2278 3191 quantum
2293 3149 2331 3179 ad
2345 3149 2488 3189 promul-

1419 3199 1582 3239 gationem
1610 3198 1814 3238 prophetiae:
1843 3197 1962 3227 scilicet
1990 3196 2079 3236 quod
2102 3195 2236 3235 spiritus
2252 3194 2487 3233 prophetarum

1419 3244 1552 3275 subiecti
1572 3248 1648 3273 sunt
1671 3243 1728 3280 eis,
1752 3242 1861 3282 quoad
1883 3241 1946 3271 hoc
1968 3240 2095 3270 scilicet.
2118 3239 2194 3269 Non
2217 3245 2324 3268 mente
2346 3238 2486 3274 turbata,

1420 3298 1487 3318 non
1511 3287 1602 3328 quasi
1625 3287 1685 3317 acti
1709 3287 1747 3316 ab
1772 3285 1851 3321 alio,
1876 3284 1967 3325 quasi
1990 3284 2071 3314 alius
2099 3284 2251 3323 loquatur
2273 3291 2330 3322 per
2353 3291 2428 3318 eos,
2452 3289 2488 3313 ut

1420 3331 1575 3372 contingit
1603 3331 1636 3360 in
1666 3329 1897 3360 daemoniacis:
1926 3329 1981 3358 sed
2012 3338 2049 3358 ex
2079 3327 2210 3368 proprio
2240 3336 2352 3362 sensu,
2381 3333 2487 3356 mente

1420 3377 1535 3417 quieta,
1561 3375 1692 3405 scientes
1716 3374 1793 3415 quid
1816 3374 2008 3413 loquuntur,
2033 3371 2143 3402 dicunt
2166 3380 2202 3401 ea
2224 3380 2307 3410 quae
2329 3370 2486 3401 viderunt.

1421 3421 1513 3452 Unde
1537 3420 1633 3450 habes
1656 3419 1745 3459 quod
1768 3425 1832 3449 tam
1857 3416 1982 3447 alienati
2004 3416 2037 3446 in
2056 3416 2124 3456 ipsa
2140 3414 2330 3445 alienatione
2352 3415 2487 3455 loquen-

1419 3473 1475 3501 tes,
1493 3471 1524 3495 et
1542 3463 1762 3504 postmodum,
1783 3462 1956 3492 nescientes
1979 3460 2058 3500 quid
2073 3459 2218 3495 viderint,
2235 3458 2376 3489 referunt
2394 3468 2427 3488 se
2447 3459 2486 3488 ad

1421 3520 1456 3540 ea
1479 3518 1561 3550 quae
1586 3508 1731 3538 dixerunt
1753 3507 1786 3537 in
1809 3505 1999 3536 alienatione
2022 3504 2134 3544 positi;
2159 3513 2257 3544 quarn
2281 3502 2406 3533 alienati
2431 3503 2484 3532 de-

1420 3553 1613 3588 nuntiantes,
1629 3552 1728 3582 velint
1743 3550 1855 3587 nolint,
1873 3559 1956 3591 quae
1977 3548 2101 3580 vident:
2122 3558 2189 3578 non
2212 3554 2287 3578 sunt
2301 3546 2484 3587 prophetae,

1420 3598 1575 3639 quoniam
1605 3597 1747 3637 utrisque
1771 3595 1858 3626 deest
1886 3593 2040 3625 subiectio
2079 3591 2337 3623 denuntiationis.
2361 3591 2402 3620 Et
2424 3590 2484 3619 hoc

2519 786 2529 795 ⁴
2544 785 2599 812 Arg.
2614 784 2664 806 Sed
2677 791 2732 807 con-

2519 813 2566 832 tra.

2520 1043 2732 1093 ὲὲἑςὲεῃῗῑῖΐῖ

2519 1097 2605 1124 caiam,
2619 1097 2711 1125 Prolog.

2517 3152 2527 3161 ·
2541 3151 2577 3173 ef.
2609 3157 2633 3172 u.
2648 3157 2727 3175 cam,

2515 3181 2727 3232 552;2.‘;¹‚‚”4¹5.5‚¹¹.‘·=
