2768 4198
41 719 52 730 ⁴
67 718 102 741 Cf.
117 722 166 741 not.
180 719 199 747 ζ.

931 280 1198 326 QUAESTIO
1228 281 1381 327 chu,
1411 282 1708 319 ARTICULUS
1736 282 1822 319 v111

284 359 368 389 enim
385 358 569 388 huiusmodi
582 358 772 398 principium
790 368 856 388 esse
873 358 1070 388 aversionem
1082 369 1100 388 a
1112 359 1195 388 Deo:
1218 366 1252 389 ut
1267 359 1346 397 clare

283 402 392 433 docuit
407 405 529 433 Auctor
553 402 707 442 superius,
728 401 760 431 in
785 409 840 432 art.
862 403 877 432 3
903 402 1097 442 quaestionis
1120 413 1167 433 xx.

339 446 392 477 IV.
416 447 451 476 In
475 445 590 476 eodem
614 446 756 482 articulo,
782 454 858 476 nota
882 446 985 476 adhuc
1010 447 1085 481 duo,
1111 457 1149 476 ne
1175 446 1290 476 fallaris
1314 447 1346 477 in

283 490 423 520 doctrina
443 490 600 520 Auctoris.
625 490 770 520 Primum
787 497 842 525 est,
868 490 956 530 quod
972 489 1138 521 infidelitas
1155 498 1185 521 et
1201 491 1347 531 superbia

281 534 314 564 in
337 534 399 564 hoc
422 533 565 571 articulo,
589 543 626 564 ex
649 533 777 565 diversis
793 533 904 574 glossis
928 534 968 564 ad
990 534 1119 567 tertium
1143 542 1173 565 et
1196 542 1346 575 quartum

281 578 392 614 allatis,
417 586 582 618 ponuntur
605 578 717 608 ultima
740 577 814 608 vitia
838 578 1062 615 diversimode,
1088 586 1118 609 et
1142 589 1207 608 non
1232 580 1346 610 eodem

281 621 402 652 ordine.
428 622 512 652 Nam
535 621 701 652 infidelitas
726 622 855 659 ponitur
879 623 1031 653 ultimum
1053 623 1086 653 in
1111 624 1346 654 constructione

280 665 450 696 vitiorum:
472 664 633 708 [superbia
655 676 729 697 vero
742 668 880 707 ponitur
889 668 1031 707 primum
1050 668 1082 698 in
1099 668 1262 698 causando
1271 678 1345 708 pec-

281 715 354 741 cata
370 708 408 752 ¹⁸²]
422 734 429 746 ‚
455 717 485 740 et
500 710 573 740 ideo
601 710 714 741 dicitur
729 712 817 752 quod
838 719 884 741 est
907 712 1053 742 ultimum
1078 712 1285 743 redeuntibus
1303 713 1346 743 ad

279 755 396 785 Deum.

336 799 520 830 Secundum
544 806 605 835 est,
629 800 718 839 quod
742 800 863 830 aversio
887 810 904 830 a
927 800 997 830 Deo
1029 807 1134 840 potest
1157 800 1289 831 inveniri
1313 800 1346 830 in

279 850 409 884 peccato
441 843 622 883 dupliciter:
655 843 773 875 scilicet
801 854 838 875 ex
865 851 954 884 parte
983 845 1114 881 obiecti,
1140 853 1170 876 et
1197 855 1234 876 ex
1258 852 1345 886 parte

279 887 465 924 aversionis;
497 894 528 918 et
550 887 612 918 hoc
635 888 818 928 dupliciter,
843 888 960 919 scilicet
988 899 1024 919 ex
1048 890 1271 930 consequenti,
1296 890 1346 920 vel

279 942 335 972 per
363 942 404 962 se.
437 931 661 963 Communiter
691 943 829 973 namque
853 940 980 972 peccata
1008 933 1124 964 habent
1147 934 1345 964 aversionem

279 986 316 1007 ex
335 983 422 1017 parte
439 976 610 1006 aversionis
627 986 662 1007 ex
678 977 886 1018 consequenti
903 978 942 1007 ad
958 977 1136 1008 obiectum:
1162 985 1197 1009 ut
1212 978 1344 1015 furtum,

278 1020 471 1051 adulterium
494 1027 525 1051 et
547 1020 743 1057 huiusmodi,
767 1020 799 1051 in
816 1021 932 1062 quibus
950 1031 987 1051 ex
1003 1022 1208 1052 conversione
1233 1023 1272 1052 ad
1291 1023 1346 1052 ali-

279 1065 369 1106 quod
401 1065 574 1105 temporale
606 1065 818 1096 commodum
844 1066 894 1096 vel
924 1066 1082 1096 delectans
1113 1067 1347 1097 concomitatur

279 1108 401 1139 aversio
425 1119 443 1139 a
465 1109 546 1139 Deo.
579 1109 708 1139 Peccata
731 1117 838 1139 autem
862 1109 1010 1149 opposita
1039 1110 1225 1149 theologicis
1249 1111 1346 1141 virtu-

277 1151 372 1189 tibus,
397 1152 515 1183 scilicet
535 1151 713 1189 infidelitas,
740 1153 918 1193 desperatio
941 1160 972 1183 et
995 1153 1109 1183 odium
1131 1154 1205 1192 Dei,
1230 1154 1347 1185 habent

278 1196 476 1227 aversionem
500 1207 518 1227 a
541 1196 610 1226 Deo
635 1206 672 1226 ex
695 1203 782 1236 parte
807 1196 937 1227 obiecti:
963 1197 1112 1227 avertitur
1128 1197 1213 1227 enim
1231 1198 1345 1228 directe

277 1251 296 1271 a
318 1240 398 1277 Deo,
423 1241 512 1282 quod
535 1248 582 1271 est
605 1240 767 1271 obiectum
791 1241 946 1272 virtutum
970 1248 1000 1271 et
1024 1241 1174 1271 vitiorum
1198 1241 1345 1279 illorum,

277 1285 506 1323 non-credens,
531 1285 700 1325 desperans
723 1292 754 1315 et
781 1285 892 1315 odiens
916 1285 1031 1315 Deum.
1062 1285 1215 1325 Superbia
1239 1293 1345 1316 autem

243 1337 251 1339 ⁴
277 1327 373 1360 habet
394 1329 592 1360 aversionem
609 1340 626 1359 a
642 1329 711 1360 Deo
736 1339 772 1359 ex
795 1336 884 1369 parte
900 1329 1087 1359 aversionis:
1113 1337 1147 1360 ut
1169 1330 1347 1369 praedecla-

240 1389 252 1395 -
278 1381 383 1405 ratum
406 1381 452 1404 est
467 1374 493 1404 *.
519 1374 559 1404 Et
583 1381 749 1413 propterea
773 1373 920 1414 superbia
935 1383 972 1404 ex
988 1381 1075 1414 parte
1092 1374 1263 1404 aversionis
1287 1375 1347 1414 pri-

277 1428 370 1449 mum
393 1425 477 1449 tenet
495 1418 605 1449 locum
623 1418 656 1448 in
673 1417 832 1458 gravitate,
849 1425 880 1449 et
895 1425 1043 1458 aggravat
1061 1425 1189 1458 peccata
1204 1419 1347 1458 graviora

277 1473 310 1493 se
334 1462 517 1503 simpliciter
541 1469 571 1493 et
595 1462 750 1499 absolute,
774 1462 891 1493 scilicet
913 1461 1147 1499 infidelitatem,
1166 1470 1239 1501 etc.‚
1265 1473 1347 1504 quae

1236 1545 1291 1555 vva

2392 286 2466 338 337

1401 360 1597 390 aversionem
1621 361 1723 401 ipsam
1748 361 1864 391 habent
1887 371 1924 391 ex
1948 369 2035 401 parte
2059 361 2190 398 obiecti,
2216 363 2300 393 unde
2325 363 2468 393 substan-

1401 403 1481 434 tialis
1505 405 1638 444 gravitas
1662 405 1694 435 in
1719 405 1854 445 peccatis
1878 413 2038 446 pensatur.
2069 406 2115 436 Ex
2140 416 2178 437 eo
2210 417 2347 447 namque
2379 408 2468 447 quod

1399 448 1519 478 aversio
1544 459 1561 479 a
1585 449 1664 485 Deo,
1689 460 1770 490 quae
1795 449 1935 490 primum
1955 457 2001 480 est
2023 450 2182 490 gravitatis
2207 451 2409 491 principium,
2434 451 2467 481 in

1400 492 1466 522 istis
1489 493 1623 533 peccatis
1647 494 1886 524 substantialem
1908 495 2029 531 locum,
2051 495 2135 525 unde
2153 494 2371 536 specificantur
2395 505 2467 535 pec-

1401 542 1485 572 cata,
1510 537 1647 574 obtinet;
1681 547 1879 579 consequens
1907 546 1954 569 est
1981 539 2069 579 quod
2092 546 2182 571 tanto
2213 540 2286 580 plus
2309 540 2468 579 gravitatis

1401 580 1466 616 det,
1492 588 1612 621 quanto
1636 581 1726 612 locus
1750 583 1882 613 alicuius
1908 590 1942 613 ut
1965 583 2079 614 obiecti
2103 584 2297 624 praeeminet
2320 584 2393 614 loco
2418 585 2467 614 sui

1400 624 1499 664 ipsius
1524 632 1559 655 ut
1582 634 1812 666 consequenter
1834 637 1867 657 se
1891 627 2050 664 habentis,
2075 638 2131 658 seu
2157 635 2192 659 ut
2222 628 2328 658 minus
2351 628 2467 668 princi-

1400 668 1511 708 paliter
1534 679 1566 699 se
1590 670 1743 706 habentis,
1769 678 1804 701 ut
1826 671 1858 701 in
1876 671 2022 712 superbia
2036 672 2204 703 invenitur.
2230 673 2270 703 Et
2289 672 2365 703 haec
2386 673 2467 703 dicta

1400 720 1483 748 sunt,
1510 723 1558 750 ne,
1584 714 1778 744 conferendo
1802 715 1879 745 haec
1902 716 2034 747 articulo
2058 717 2073 747 3
2099 717 2295 757 quaestionis
2310 727 2350 747 xx
2374 727 2466 758 supe-

1402 757 1476 793 rius,
1501 758 1670 788 involvaris
1694 759 1894 790 obscuritate.

1456 803 1496 832 Et
1519 802 1543 832 si
1567 803 1644 833 haec
1668 813 1733 833 non
1758 804 1922 844 perspicis,
1948 805 2091 835 abstrahe
2115 805 2312 836 aversionem
2336 816 2354 835 a
2377 806 2465 842 Deo,

1400 853 1431 876 et
1453 856 1598 877 seorsum
1622 848 1798 878 secundum
1823 858 1856 878 se
1878 848 1966 878 illam
1990 849 2170 886 considera,
2196 850 2277 881 sicut
2300 850 2326 880 si
2349 850 2466 881 albedi-

1400 900 1474 921 nem
1497 892 1675 922 secundum
1698 902 1731 922 se
1761 893 1991 923 considerares:
2023 901 2053 924 et
2076 893 2147 924 vide
2169 894 2257 924 illam
2289 894 2466 925 secundum

1400 945 1432 965 se
1457 945 1523 965 esse
1548 936 1685 966 radicem
1709 943 1739 967 et
1768 937 1908 977 primum
1933 937 2126 978 principium
2150 938 2288 969 malitiae
2313 946 2343 970 et
2365 939 2465 979 gravi-

1399 979 1470 1009 tatis
1490 979 1522 1009 in
1541 980 1687 1020 peccatis.
1713 981 1753 1010 Et
1773 981 1884 1011 deinde
1901 981 2024 1021 applica
2040 982 2127 1012 illam
2149 982 2278 1013 diversis
2295 983 2373 1013 locis
2393 993 2466 1023 pec-

1400 1023 1470 1054 cati.
1503 1023 1627 1054 Scilicet
1655 1025 1838 1065 principali,
1863 1025 1918 1066 qui
1941 1032 2074 1056 vocatur
2100 1036 2136 1056 ex
2160 1034 2247 1066 parte
2271 1027 2404 1058 obiecti:
2436 1034 2467 1058 et

1400 1068 1570 1098 constituet
1594 1075 1720 1108 peccata
1744 1069 1892 1110 opposita
1915 1070 2084 1100 virtutibus
2107 1070 2303 1111 theologicis.
2335 1072 2394 1102 Vel
2417 1082 2465 1102 se-

1401 1112 1563 1147 cundario,
1588 1112 1643 1152 qui
1667 1120 1799 1144 vocatur
1821 1123 1858 1144 ex
1877 1120 1964 1153 parte
1981 1114 2162 1145 aversionis.
2186 1115 2227 1146 Et
2250 1115 2312 1146 hoc
2334 1116 2367 1146 in
2390 1116 2465 1147 loco

1401 1156 1568 1195 dupliciter
1590 1156 1662 1186 loca
1684 1156 1782 1187 illam.
1806 1159 1872 1188 Aut
1896 1165 1931 1188 ut
1955 1166 2184 1199 consequenter
2199 1170 2232 1190 se
2247 1160 2418 1190 habentem
2433 1161 2466 1190 in

1400 1199 1462 1229 hoc
1486 1200 1575 1239 quod
1600 1207 1646 1230 est
1669 1210 1735 1230 esse
1758 1201 1908 1231 volitum:
1935 1209 1965 1232 et
1989 1202 2032 1232 sic
2057 1204 2237 1233 communis
2261 1211 2307 1234 est
2330 1205 2466 1245 peccatis

1400 1243 1606 1279 mortalibus,
1639 1244 1829 1285 inquantum
1860 1246 2006 1276 voluntas
2037 1247 2208 1277 aversionis
2239 1257 2276 1277 ex
2302 1248 2467 1279 voluntate

1401 1287 1616 1317 conversionis
1633 1295 1679 1318 est
1703 1290 1925 1320 communiter.
1950 1293 2015 1320 Aut
2039 1298 2074 1321 ut
2097 1301 2152 1331 per
2169 1292 2304 1332 seipsam
2322 1292 2466 1331 volitam,

1399 1331 1433 1362 in
1457 1331 1512 1362 illo
1536 1339 1644 1362 tamen
1667 1332 1757 1362 loco:
1789 1340 1819 1363 et
1849 1333 1892 1364 sic
1916 1335 2081 1374 superbiae
2105 1336 2233 1375 propria
2258 1343 2319 1372 est,
2345 1344 2375 1367 et
2399 1337 2466 1367 aliis

1400 1376 1438 1405 ab
1454 1375 1522 1415 ipsa
1546 1376 1811 1407 communicatur.
1835 1378 1876 1408 Et
1894 1385 2060 1417 propterea
2076 1386 2122 1409 est
2139 1390 2174 1410 ex
2191 1387 2278 1419 parte
2294 1381 2466 1411 aversionis

1400 1419 1640 1459 gravissimum
1665 1427 1695 1451 et
1718 1420 1860 1460 primum
1883 1429 2066 1461 peccatum;
2091 1430 2121 1454 et
2140 1424 2332 1464 principium
2350 1432 2467 1455 cetero-

1401 1474 1474 1494 rum
1498 1464 1643 1504 gravium
1668 1474 1704 1495 ex
1727 1472 1815 1505 parte
1839 1466 2021 1497 aversionis.

1062 1599 1383 1643 ARTICULUS
1413 1600 1689 1644 OCTAVUS

804 1693 961 1724 UTRUM
985 1693 1192 1724 SUPERBIA
1216 1693 1390 1725 DEBEAT
1413 1693 1514 1725 Pom
1539 1695 1694 1726 vlTlUM
1719 1695 1934 1726 CAPITALE

698 1772 722 1797 1·
742 1772 797 1804 11⁸⁸,
817 1780 861 1806 qu.
879 1780 979 1803 LxxxW,
998 1778 1045 1798 art.
1066 1780 1098 1804 4;
1117 1772 1138 1797 11
1157 1772 1241 1802 Sem„
1261 1773 1320 1798 dist.
1339 1781 1400 1803 un,
1419 1781 1464 1806 qu.
1482 1781 1511 1804 u,
1529 1779 1576 1799 art.
1598 1773 1626 1803 3;
1646 1774 1688 1799 De
1706 1774 1789 1804 Malo,
1809 1782 1854 1807 qu.
1872 1782 1928 1806 vm,
1947 1780 1993 1801 art.
2016 1783 2038 1800 1.

318 1871 372 1909 ”3⁵
396 1878 464 1918 ,ἦῆ
489 1866 512 1891 n
528 1865 702 1890 ocrAvuu
722 1864 776 1890 sm
795 1865 1038 1891 PROCEnlruR.
1058 1853 1219 1890 Videtur
1239 1853 1345 1900 quod

314 1960 458 2005 vsa
490 1960 657 1997 Isidorus
686 1959 789 1996 enim
803 1959 834 2007 *‚
857 1967 893 1996 et
921 1960 1035 1997 etiam
1065 1960 1271 1997 Cassianus
1291 1959 1344 2008 *³¹⁸⁷

299 2005 316 2019 '¹
332 1987 431 2045 ζ’·ἐὸῑ)
448 2003 715 2050 &enumerant
743 2013 962 2062 superbiam
997 2013 1093 2050 inter
1119 2012 1209 2050 vitia
1245 2013 1346 2063 capi-

186 2091 193 2103 .
218 2064 250 2125 ,¹3
277 2066 377 2104 talia.

333 2131 369 2156 2.
390 2119 624 2166 PRAETEREA,
646 2119 824 2169 superbia
842 2119 994 2157 videtur
1013 2131 1095 2156 esse
1119 2119 1222 2156 idem
1243 2120 1344 2157 inani

277 2171 436 2222 gloriae:
476 2172 564 2220 quia
591 2181 750 2222 utraque
779 2171 1037 2210 excellentiam
1071 2173 1227 2222 quaerit.
1268 2174 1344 2213 Sed

244 2250 251 2262 ‚
277 2226 400 2264 inanis
418 2226 537 2274 gloria
555 2225 710 2275 ponitur
723 2226 858 2263 vitium
874 2227 1032 2275 capitale
1047 2226 1078 2263 *.
1104 2227 1208 2274 Ergo
1231 2227 1344 2264 etiam

278 2279 457 2329 superbia
486 2279 600 2316 debet
625 2279 718 2328 poni
745 2279 879 2316 vitium
909 2279 1079 2328 capitale.

334 2334 368 2371 3.
399 2333 643 2380 PRAE‘OEREA,
673 2332 907 2381 Augustinus
944 2333 1051 2381 dicit,
1090 2333 1127 2370 in
1165 2332 1261 2370 libro
1300 2333 1372 2371 de}

285 2385 458 2437 Virginit.
473 2385 505 2433 *,
526 2386 631 2435 quod
649 2387 825 2435 superbia
844 2386 1026 2424 invidiam
1041 2387 1165 2437 parit:
1189 2398 1258 2423 nec
1277 2399 1344 2424 un-

277 2451 392 2489 quam
412 2445 467 2476 est
481 2439 562 2476 sine
579 2439 648 2476 tali
681 2440 827 2477 comite.
858 2440 934 2477 Sed
953 2440 1097 2478 invidia
1116 2439 1271 2489 ponitur
1288 2440 1344 2478 vi-

277 2493 371 2531 tium
390 2492 560 2542 capitale,
581 2499 621 2530 ut
641 2505 756 2542 supra
774 2492 794 2515 '¹‘
812 2493 984 2530 habitum
1006 2501 1072 2531 est.
1099 2495 1202 2542 Ergo
1222 2495 1343 2531 multo

276 2547 398 2595 magis
426 2546 616 2595 superbia.

331 2601 405 2637 SED
421 2611 568 2637 CONTRA
583 2610 650 2636 EST
664 2599 770 2647 quod
783 2599 1003 2647 Gregorius,
1014 2601 1141 2637 XXXI
1156 2600 1301 2637 Moral.
1311 2600 1342 2647 ²¹⁵,

276 2666 356 2691 non
384 2661 584 2691 enumerat
611 2652 830 2702 superbiam
859 2653 955 2690 inter
981 2653 1072 2690 vitia
1101 2653 1284 2702 capitalia.

330 2707 557 2745 Responmzo
585 2717 771 2743 niet-:unum
791 2707 907 2755 quod,
929 2707 1024 2743 sicut
1043 2719 1088 2743 ex
1107 2719 1223 2755 supra
1241 2706 1262 2728 ²¹²
1290 2707 1344 2744 di-

276 2759 344 2798 ctis
370 2768 485 2810 patet,
507 2759 685 2809 superbia
713 2759 911 2808 dupliciter
939 2760 1170 2797 considerari
1197 2767 1341 2808 potest:

275 2825 355 2851 uno
375 2814 508 2861 modo,
530 2814 742 2850 secundum
764 2825 815 2860 se,
836 2821 952 2862 prout
979 2813 1119 2850 scilicet
1139 2821 1194 2850 est
1222 2814 1344 2861 quod-

277 2867 368 2904 dam
397 2867 559 2917 speciale
597 2874 816 2916 peccatum3
855 2866 928 2903 alio
963 2866 1099 2914 modo,
1130 2867 1342 2904 secundum

277 2920 381 2970 quod
410 2921 525 2958 habet
552 2921 748 2969 quandam
777 2920 1033 2957 universalem
1059 2925 1076 2941 ²
1105 2919 1342 2957 influentiam

275 2973 315 3012 in
343 2974 472 3012 omnia
499 2982 667 3024 peccata.
701 2973 801 3010 Vitia
834 2981 962 3010 autem
993 2973 1165 3021 capitalia
1192 2986 1343 3022 ponun-

277 3035 336 3064 tur
365 3026 478 3064 essel³
506 3027 696 3076 quaedam
727 3027 903 3075 specialia
936 3034 1103 3076 peccata,
1134 3038 1179 3063 ex
1208 3027 1344 3075 quibus

292 3132 295 3137 ’
330 3141 357 3172 α)
377 3142 593 3167 υηίνινςαιενη.-
612 3142 673 3167 Om.
692 3142 756 3175 PpG
775 3146 801 3166 et
819 3149 845 3168 a.

331 3175 356 3208 β)
375 3184 438 3202 esse.
451 3191 470 3197 —
488 3178 550 3203 Om.
569 3178 614 3204 Pa.

410 1907 668 1966 Ἰειιρεώίει
706 1905 843 1943 debeat
877 1907 970 1955 poni
1002 1906 1138 1943 vitium
1173 1905 1371 1955 capitale*

1399 1853 1516 1890 multa
1543 1866 1683 1902 genera
1702 1862 1950 1903 peccatorum
1979 1856 2163 1893 oriuntur.
2194 1857 2243 1894 Et
2270 1857 2357 1895 ideo
2387 1858 2467 1907 qui-

1400 1906 1489 1944 dam
1508 1906 1540 1953 ²⁸,
1571 1907 1852 1945 considerantes
1879 1909 2096 1957 superbiam
2127 1911 2339 1947 secundum
2361 1912 2466 1960 quod

1370 1987 1372 2009 Ε
1400 1968 1455 1997 est
1487 1960 1686 2009 quoddam
1716 1961 1879 2010 speciale
1907 1971 2131 2011 peccatum,
2162 1975 2464 2002 connumerave-

1401 2021 1485 2050 runt
1514 2026 1599 2050 eam
1630 2013 1710 2051 aliis
1737 2014 1837 2051 vitiis
1866 2015 2098 2064 capitalibus.
2129 2016 2336 2065 Gregorius
2356 2030 2464 2066 vero,

1400 2067 1645 2105 considerans
1673 2067 1927 2105 universalem
1966 2069 2045 2106 eius
2073 2070 2310 2108 influentiam
2345 2084 2460 2120 quam

1399 2121 1516 2157 habet
1544 2121 1582 2157 in
1611 2121 1740 2158 omnia
1766 2121 1868 2169 vitia,
1890 2131 1931 2158 ut
1960 2122 2103 2159 dictum
2134 2132 2189 2160 est
2206 2123 2237 2171 ²⁸,
2268 2136 2345 2161 non
2376 2137 2465 2162 con-

1400 2173 1616 2211 numeravit
1639 2186 1725 2211 eam
1753 2174 1835 2211 aliis
1865 2175 2086 2224 capitalibus
2114 2176 2225 2224 vitiis,
2247 2177 2314 2215 sed
2338 2178 2467 2226 posuit

1401 2240 1487 2264 eam
1502 2228 1678 2277 reginam
1693 2228 1862 2264 omnium
1882 2229 2059 2266 vitiorum
2075 2235 2110 2266 et
2123 2236 2282 2267 matrem
2293 2230 2323 2267 ²⁸.
2353 2231 2465 2269 Unde

1400 2281 1607 2329 Gregorius
1626 2286 1641 2309 Υ
1671 2280 1770 2327 dicit,
1792 2281 1830 2317 in
1858 2282 1983 2318 XXXI
2012 2283 2160 2320 Moral.
2182 2283 2222 2320 *ε
2251 2285 2340 2332 Ipsa
2359 2285 2465 2321 vitio-

1399 2346 1484 2371 rum
1510 2335 1646 2384 regina
1664 2334 1851 2383 superbia,
1872 2347 1958 2371 cum
1986 2336 2170 2373 devictum
2194 2337 2305 2385 plene
2324 2349 2391 2374 cor
2409 2350 2466 2375 ce-

1370 2374 1372 2401 3
1393 2388 1504 2436 perit,
1525 2399 1619 2424 mox
1646 2387 1739 2424 illud
1763 2394 1901 2436 septem
1924 2389 2198 2438 principalibus
2225 2391 2335 2436 vitiis,
2359 2392 2469 2440 quasi

1370 2441 1372 2448 ’
1399 2441 1621 2489 quibusdam
1654 2442 1730 2478 suis
1758 2438 1925 2488 ducibus,
1955 2443 2224 2480 devastandum
2258 2444 2387 2491 tradit,
2417 2457 2467 2482 ex

1399 2495 1531 2543 quihus
1559 2494 1736 2531 vitiorum
1765 2495 2015 2532 multitudines
2043 2496 2228 2533 oriuntur.

1452 2549 1501 2584 Et
1529 2560 1598 2596 per
1625 2548 1700 2584 hoc
1728 2555 1831 2597 patet
1859 2549 2055 2597 responsio
2085 2549 2133 2586 ad
2161 2549 2337 2598 primum.

1451 2603 1510 2638 An
1539 2613 1730 2638 SECUNDUM
1759 2613 1944 2639 mcssNDUM
1978 2602 2084 2650 quod
2112 2603 2290 2651 superbia
2309 2615 2387 2640 non
2409 2611 2465 2640 est

1399 2654 1502 2691 idem
1530 2654 1634 2691 inani
1661 2653 1815 2702 gloriae,
1840 2655 1907 2691 sed
1937 2667 2051 2692 causa
2081 2655 2171 2692 eius.
2203 2656 2304 2692 Nam
2335 2668 2463 2705 super-

1398 2708 1460 2744 bia
1496 2707 1708 2744 inordinate
1748 2708 2006 2744 excellentiam
2042 2708 2201 2757 appetit:
2240 2709 2307 2745 sed
2344 2709 2462 2746 inanis

1398 2761 1515 2808 gloria
1543 2761 1686 2809 appetit
1714 2761 1954 2797 excellentiae
1984 2761 2340 2798 manifestationem.

1450 2816 1508 2851 An
1537 2825 1697 2851 TERTIUM
1726 2826 1911 2851 DICENDUM
1944 2814 2050 2862 quod
2085 2826 2130 2850 ex
2162 2815 2237 2851 hoc
2269 2815 2374 2864 quod
2407 2815 2462 2852 in-

1397 2867 1511 2914 vidia,
1543 2879 1639 2915 quae
1671 2874 1725 2903 est
1753 2867 1886 2903 vitium
1917 2867 2085 2916 capitale,
2112 2868 2231 2905 oritur
2259 2880 2303 2904 ex
2332 2880 2462 2916 super-

1399 2920 1480 2967 bia,
1511 2933 1588 2957 non
1618 2919 1787 2968 sequitur
1814 2921 1920 2969 quod
1948 2921 2123 2969 superbia
2157 2921 2203 2958 sit
2229 2921 2363 2958 vitium
2403 2933 2462 2958 ca-

1399 2973 1526 3022 pitale:
1549 2973 1616 3010 sed
1633 2973 1737 3022 quod
1758 2973 1803 3010 sit
1821 2973 1962 3023 aliquid
1977 2974 2221 3023 principalius
2242 2975 2461 3023 capitalibus

1399 3034 1507 3063 vitus.

1448 3142 1475 3175 γ)
1497 3141 1655 3174 Gregorius.
1669 3154 1687 3161 -
1705 3141 1881 3173 Philosophus
1898 3141 1992 3173 FLpA.

953 3258 1288 3292 Commentariis
1310 3256 1561 3290 Cardjnalis
1585 3256 1786 3289 Caietani

283 3345 330 3408 In
347 3335 478 3365 articulo
494 3343 606 3366 octavo
623 3337 764 3368 eiusdem
780 3337 1340 3378 centesimaesexagesimaesecundae
1365 3346 1367 3368 '1
1395 3336 1556 3373 vitiorum,
1579 3336 1654 3377 quia
1678 3336 1870 3377 principium
1887 3336 2034 3366 omnium
2059 3337 2235 3367 secundum
2252 3336 2397 3367 ordinem
2413 3337 2459 3367 in-

311 3379 524 3420 quaestionis,
548 3381 651 3411 recole
673 3391 755 3422 quae
779 3382 811 3412 in
835 3383 976 3413 secundo
999 3382 1131 3413 articulo
1163 3381 1244 3412 dicta
1268 3388 1343 3412 sunt

279 3474 364 3498 tum:
381 3474 412 3498 et
423 3467 495 3498 vide
509 3468 598 3508 quod
614 3469 760 3508 superbia
771 3480 808 3500 ex
822 3477 910 3510 parte
924 3470 1005 3507 finis,
1019 3476 1124 3502 mater
1137 3477 1182 3501 est
1195 3470 1344 3501 omnium

950 3597 1105 3605 ——aenoo

1117 3587 1488 3614 ..q-(1..3.Wj{.
1500 3587 1503 3612 J
1515 3588 1618 3611 <szssaeo
1632 3595 1639 3603 .
1651 3597 1657 3602 .
1669 3596 1675 3602 .
1688 3597 1703 3602 ..

1366 3370 1369 3424 l
1396 3381 1563 3417 tentionis;
1588 3391 1624 3411 ex
1647 3387 1735 3420 parte
1758 3388 1864 3411 autern
1880 3380 2004 3420 imperii
2024 3380 2083 3417 sui,
2109 3387 2156 3411 est
2178 3382 2294 3422 regina
2312 3381 2460 3412 omnium

280 3423 318 3454 de
342 3423 479 3463 generali
507 3423 671 3455 influentia
700 3426 880 3466 superbiae,
905 3434 936 3457 et
971 3427 1094 3467 applica
1125 3426 1164 3456 ad
1197 3425 1342 3466 proposi·
1368 3426 1370 3471 ξ

1397 3425 1559 3461 vitiorum,
1582 3425 1615 3455 in
1639 3425 1789 3455 omnibus
1813 3434 1954 3465 regnanS,
1979 3431 2009 3455 et
2032 3424 2168 3464 dirigens
2185 3425 2293 3455 omnia
2308 3426 2347 3456 ad
2362 3425 2459 3456 finem

1369 3478 1372 3503 1
1397 3480 1501 3500 suum.
1527 3469 1568 3499 Et
1590 3469 1662 3499 ideo
1686 3469 1719 3499 in
1742 3469 1844 3499 littera
1868 3468 1982 3499 dicitur
2005 3470 2121 3510 regina
2145 3474 2175 3500 et
2197 3475 2310 3500 mater.

2494 1918 2502 1926 ”
2517 1916 2554 1938 Cf.
2571 1923 2618 1945 arg.
2635 1923 2650 1938 t.

2491 2129 2571 2177 ’ἱγιὲι-ς.
2583 2129 2633 2152 Sed
2646 2135 2705 2151 con-

2492 2235 2503 2246 *
2530 2235 2565 2257 Cf.
2599 2235 2704 2257 Guerrici

2492 2262 2555 2283 Abb.
2563 2261 2638 2284 Serm.
2644 2262 2666 2283 V
2675 2262 2706 2284 de

2492 2288 2614 2315 Pumficat.
2619 2289 2647 2310 Β.
2653 2287 2706 2310 Ma-

2492 2315 2546 2336 riae
2558 2314 2623 2343 Virg.

2493 2377 2503 2386 ⁸
2513 2376 2568 2398 Loc.
2580 2380 2619 2399 eit.
