2768 4198
82 2203 295 2226 ‘Al-Domum

80 3095 90 3104 ⁹
103 3093 139 3116 Cf.
156 3099 219 3116 num.
234 3100 256 3115 x.

79 3491 90 3502 ⁸
102 3491 127 3512 In
142 3497 247 3520 corpore.

1008 255 1277 302 QUAESTlO
1308 254 1444 301 CLIV,
1474 255 1771 293 ARTICULUS
1802 256 1852 292 lX

333 332 406 369 fine,
432 339 467 364 ut
489 334 521 363 in
544 333 646 364 littera
661 333 719 364 hac
743 333 937 363 declaratum
961 340 1025 369 est;
1051 333 1112 364 hoc
1129 333 1213 364 enim
1230 332 1406 373 significant

333 377 428 407 verba
449 377 569 408 litterae
600 377 754 408 subtiliter
778 384 951 417 perspecta.
982 378 1022 408 Et
1044 377 1117 408 ideo
1142 388 1208 408 non
1233 384 1278 408 est
1306 376 1404 407 affini-

333 420 404 452 tatis
428 428 459 452 et
481 421 763 462 consanguinitatis
787 421 909 452 diversa
937 422 1016 452 ratio
1041 423 1148 463 quoad
1177 422 1326 459 formale,
1350 422 1404 452 sed

333 465 441 506 quoad
464 466 640 497 materiale:
665 466 746 496 sicut
761 466 833 496 finis
850 473 880 496 et
895 466 980 496 illius
997 467 1086 506 quod
1106 474 1151 497 est
1175 467 1213 496 ad
1237 466 1333 496 finem
1359 473 1405 496 est

333 519 397 540 una
421 517 452 540 et
474 510 585 541 eadem
609 510 689 540 ratio
706 511 814 551 quoad
838 510 981 547 formale,
997 511 1070 541 licet
1089 511 1128 542 sit
1151 511 1272 541 diversa
1296 511 1403 551 quoad

333 554 502 586 materiale.

389 598 430 629 Et
453 599 492 629 ad
516 598 652 639 primam
676 598 899 639 probationem
915 598 948 629 in
966 599 1164 640 oppositum,
1185 599 1299 630 dicitur
1314 599 1403 639 quod

331 643 470 673 incestus
494 642 640 674 mentalis
657 643 969 683 consanguineorum
986 651 1016 674 et
1032 643 1176 675 affinium
1201 645 1294 675 habet
1317 644 1402 674 idem

332 687 493 717 obiectum
517 687 699 723 formaliter,
725 687 885 718 diversum
909 688 1117 719 materialiter.
1143 689 1183 719 Et
1199 689 1238 718 ad
1258 687 1402 719 materia-

330 731 395 762 lem
420 729 632 762 diversitatem
651 739 771 771 spectat
796 732 956 763 diversitas
980 743 1188 773 personarum
1212 732 1356 763 affinium
1372 739 1402 762 et

331 775 654 816 consanguineorum,
675 776 901 817 diversitasque
925 778 1092 817 graduum,
1118 784 1148 808 et
1171 777 1197 808 si
1221 777 1298 818 quid
1315 777 1400 807 aliud

330 819 490 851 eiusmodi
514 827 570 851 est.

387 865 436 895 Ad
461 865 633 895 secundam
658 875 733 895 vero
758 865 872 896 dicitur
895 867 984 906 quod
1008 876 1119 896 verum
1145 873 1190 897 est
1215 865 1399 896 huiusmodi

329 908 467 940 incestus
491 909 611 940 differre
636 919 700 939 non
725 909 833 940 solum
857 911 1034 940 secundum
1063 910 1274 941 intensionem
1300 917 1330 941 et
1353 920 1399 940 re-

330 953 517 984 missionem
540 953 616 984 mali
640 953 768 985 affectus
791 964 827 985 ex
851 961 938 994 parte
962 955 1129 995 peccantis,
1154 956 1208 985 sed
1232 955 1327 985 etiarn
1351 964 1399 984 se-

329 999 472 1029 cundum
499 998 685 1039 gravitatem
708 999 866 1029 absolute:
892 999 968 1039 quia
990 999 1116 1038 gravius
1147 1006 1194 1030 est
1223 999 1400 1029 secundum

328 1052 362 1073 se
386 1050 552 1083 peccatum
568 1042 706 1073 incestus
725 1053 799 1074 cum
824 1053 933 1074 sorore
949 1053 1048 1084 quam
1065 1054 1138 1074 cum
1159 1053 1266 1073 sorore
1282 1043 1398 1073 uxoris.

328 1087 390 1118 Sed
415 1097 452 1118 ex
475 1087 537 1118 hoc
553 1098 619 1118 non
634 1087 776 1128 sequitur
801 1087 962 1118 diversitas
979 1086 1134 1127 specifica.
1158 1087 1292 1118 Gravius
1309 1097 1399 1117 nam-

329 1142 391 1172 que
415 1138 462 1162 est
485 1132 581 1163 furari
605 1127 693 1162 mille
716 1141 814 1172 quarn
839 1131 964 1162 decem:
989 1139 1020 1162 et
1044 1138 1150 1162 tamen
1167 1141 1232 1162 non
1253 1130 1400 1161 differunt

328 1176 442 1218 specie.

383 1221 434 1251 Ad
458 1221 630 1251 secundam
655 1219 884 1255 obiecdonem,
910 1219 949 1250 de
973 1219 1163 1259 cognatione
1191 1219 1345 1259 spirituali
1369 1226 1400 1249 et

326 1265 429 1305 legali,
454 1264 582 1305 dicituL
597 1264 696 1304 quod,
721 1263 796 1304 quia
825 1263 1008 1294 coniunctio
1037 1263 1107 1294 talis
1138 1273 1204 1293 non
1235 1263 1399 1294 ordinatur

272 1330 276 1331 ν
315 1308 692 1349 &consanguinitatem
716 1315 751 1338 ut
774 1308 943 1348 proprium
958 1317 994 1338 ac
1009 1308 1194 1347 proximum
1217 1306 1326 1343 finem,
1343 1308 1397 1338 sed

326 1354 504 1384 secundum
527 1353 690 1393 quandam
706 1351 978 1388 assimilationem,
994 1352 1066 1382 ideo
1082 1352 1168 1382 illius
1185 1351 1315 1382 violatio
1333 1362 1397 1382 me-

325 1397 488 1438 taphorice
513 1396 627 1428 dicitur
649 1396 796 1426 incestus.

381 1442 435 1473 111.
459 1442 500 1472 Et
523 1441 596 1472 hinc
619 1440 716 1471 habes
740 1440 827 1481 quod
852 1447 1020 1480 peccatum
1040 1441 1163 1471 carnale
1187 1440 1398 1471 commissum

325 1496 399 1518 cum
425 1485 660 1526 consanguinea
677 1484 820 1515 eiusdem
841 1491 887 1515 est
902 1484 1017 1525 speciei
1034 1494 1108 1515 cum
1128 1485 1302 1515 commisso
1323 1495 1398 1515 cum

324 1530 432 1562 affine:
457 1530 500 1562 ita
524 1530 613 1572 quod
637 1539 703 1559 non
728 1536 856 1570 oportet
875 1535 906 1560 te
931 1529 962 1559 in
987 1529 1175 1560 huiusmodi
1193 1530 1397 1560 circumstan-

322 1575 386 1607 tiae
402 1574 579 1606 diversitate
598 1573 758 1604 sollicitari
774 1574 814 1604 de
830 1573 1023 1605 necessitate.
1049 1574 1134 1612 Quia
1150 1581 1256 1605 tamen
1271 1574 1397 1614 gravius

324 1627 371 1651 est
395 1627 505 1651 contra
520 1617 828 1659 consanguinitatem
844 1628 943 1658 quam
959 1625 1070 1649 contra
1085 1618 1270 1650 affinitatem
1294 1628 1396 1659 agere,

323 1665 396 1696 ideo
421 1665 502 1695 sicut
526 1662 760 1694 circumstantia
782 1672 953 1703 aggravans
977 1670 1103 1694 tantum
1127 1663 1271 1694 habenda
1295 1670 1350 1694 est.

379 1709 421 1740 Et
443 1709 520 1739 haec
537 1707 645 1749 quoad
661 1714 828 1748 peccatum
845 1707 990 1739 dicimus.
1015 1707 1180 1746 Quoniam
1202 1708 1310 1748 quoad
1335 1707 1396 1738 im-

323 1753 518 1795 pediendum
542 1751 795 1788 matrimonium,
819 1761 875 1782 seu
900 1752 967 1783 eius
991 1760 1114 1788 actum,
1139 1752 1271 1783 violatio
1295 1751 1396 1782 affini—

322 1798 394 1830 tatis
413 1797 660 1838 praeponderat,
685 1796 874 1836 disponente
895 1796 938 1827 sic
961 1796 1029 1827 iure
1053 1796 1226 1827 canonico:
1252 1804 1288 1827 ut
1312 1803 1397 1836 patet

322 1844 362 1874 de
383 1841 621 1883 impedimentis
645 1840 841 1871 matrimonii
865 1850 930 1871 non
955 1840 1193 1877 dirimentibus,
1217 1841 1271 1871 sed
1295 1841 1395 1881 impe-

322 1887 483 1919 dientibus
507 1893 643 1917 tantum.
666 1886 750 1916 Nam
773 1885 829 1925 qui
854 1885 1006 1926 cognovit
1021 1885 1291 1926 consanguineam
1316 1895 1394 1916 uxo-

322 1932 364 1964 ris
387 1941 483 1967 suae,
508 1940 566 1961 nec
589 1930 627 1960 ab
651 1930 720 1970 ipsa
743 1936 849 1969 potest
873 1929 1016 1960 debitum
1041 1930 1180 1970 exigere;
1209 1940 1267 1961 nec
1290 1937 1396 1970 potest

322 1983 397 2018 post
419 1975 504 2006 illius
533 1981 672 2005 mortem
695 1983 935 2015 quamcumque
959 1984 1092 2005 uxorem
1115 1975 1248 2013 ducere,
1274 1982 1344 2011 aut,
1369 1974 1395 2004 si

323 2020 421 2057 duxit,
447 2019 589 2050 debitum
609 2025 714 2059 petere
737 2018 775 2048 ab
800 2028 846 2055 ea,
863 2018 930 2049 sine
948 2018 1202 2059 dispensatione;
1228 2027 1263 2050 ut
1282 2019 1396 2050 dicitur

321 2066 434 2100 Extra,
458 2064 509 2095 De
533 2073 569 2094 eo
591 2064 647 2104 qui
674 2064 824 2104 cognovit
851 2065 1125 2104 consanguineam
1158 2065 1272 2094 uxoris
1302 2073 1393 2101 suae,

323 2121 390 2151 cap.
420 2109 654 2144 Transmissae‚
673 2113 703 2138 et
727 2107 854 2144 XXXII,
872 2117 927 2148 qu.
944 2118 997 2143 vn,
1014 2107 1047 2138 in
1071 2107 1216 2148 pluribus
1236 2108 1392 2149 capitulis.

378 2154 419 2185 Et
433 2153 506 2184 licet
520 2152 652 2194 quidam
676 2151 781 2182 dicant
796 2152 885 2192 quod
902 2152 1008 2182 omnis
1022 2151 1160 2183 incestus
1179 2152 1312 2192 impedit
1327 2162 1394 2183 ma-

321 2198 520 2234 trimonium,
536 2196 706 2237 allegantes
725 2206 792 2237 cap.
809 2196 860 2226 De
875 2197 1063 2227 incestuosis
1077 2197 1105 2234 *‚
1126 2197 1254 2233 XXXV,
1271 2206 1326 2237 qu.
1343 2205 1392 2233 111;

322 2243 499 2274 secundum
522 2248 629 2272 tamen
645 2240 819 2276 veritatem,
840 2240 928 2271 solus
947 2240 1086 2272 incestus
1103 2250 1177 2271 cum
1201 2240 1391 2280 consangui-

322 2287 389 2319 neis
412 2286 556 2326 coniugis
582 2284 725 2325 impedit.
758 2285 799 2316 Et
826 2285 954 2315 merito:
984 2285 1060 2325 quia
1088 2284 1158 2315 talis
1189 2285 1327 2316 incestus
1356 2295 1392 2316 ex

321 2331 450 2373 propria
472 2330 594 2361 ratione
622 2329 716 2360 habet
738 2329 827 2370 quod
850 2329 1003 2369 impediat
1033 2329 1231 2360 exactionem
1255 2329 1350 2360 debiti
1374 2339 1392 2359 a

320 2376 467 2416 coniuge,
491 2374 647 2416 quoniam
671 2383 707 2404 ex
730 2373 793 2404 hoc
817 2380 863 2404 est
887 2373 1003 2410 affinis;
1028 2380 1059 2404 et
1081 2383 1119 2404 ex
1134 2374 1196 2405 hoc
1216 2375 1305 2415 quod
1326 2384 1392 2404 non

319 2420 437 2451 veritus
460 2419 630 2460 coniugem
655 2418 756 2449 facere
772 2417 831 2448 sibi
850 2417 988 2454 affinem,
1009 2425 1148 2449 meretur
1167 2425 1202 2449 ut
1225 2429 1392 2459 nunquam

319 2465 458 2506 amplius
485 2463 673 2503 coniugium
697 2472 847 2493 renovare
871 2463 972 2504 possit
995 2473 1069 2493 cum
1092 2473 1297 2504 quacumque
1321 2463 1391 2494 alia.

318 2510 385 2540 Nec
413 2515 516 2540 textus
538 2508 602 2544 ille,
626 2506 683 2548 qui
707 2507 807 2538 clarus
838 2507 961 2544 dicitur,
986 2507 1088 2538 iuvat:
1118 2508 1173 2538 sed
1203 2507 1391 2548 oppositum

320 2554 410 2589 dicit,
442 2552 637 2592 subiungens
667 2551 699 2581 in
732 2551 829 2582 calce:
861 2551 964 2589 Sane,
996 2552 1110 2592 quibus
1141 2552 1253 2583 illicita
1283 2554 1391 2583 coniu-

318 2600 376 2639 gia
399 2597 600 2632 inhibentur,
625 2595 758 2626 ineundi
784 2596 918 2628 meliora
946 2597 1099 2637 coniugia
1130 2597 1307 2627 libertatem
1336 2598 1391 2628 ha·
1418 2622 1419 2632 ,

319 2643 401 2673 bent.
426 2659 448 2664 -
471 2641 538 2671 Nec
565 2640 759 2680 capitulum,
783 2639 820 2670 Si
841 2640 906 2671 duo
930 2641 1006 2678 viri,
1031 2641 1160 2677 XXXV,
1185 2651 1240 2681 qu.
1263 2652 1305 2677 vx,
1329 2642 1391 2672 hoc

320 2686 479 2727 disponit:
504 2685 559 2715 sed
575 2685 705 2715 mandat
728 2684 818 2725 quod
833 2684 1015 2721 incestuosi,
1033 2685 1058 2715 si
1082 2685 1145 2716 sint
1167 2685 1307 2721 iuvenes,
1325 2696 1390 2716 non

319 2731 549 2772 prohibeantur
572 2729 611 2759 ab
636 2729 698 2759 alio
722 2728 945 2766 matrimonio;
976 2737 1006 2760 et
1034 2729 1178 2770 loquitur
1202 2730 1240 2760 de
1268 2730 1390 2761 incestu

319 2786 394 2807 curn
418 2774 553 2815 propriis
578 2772 831 2813 consanguineis.
857 2774 929 2804 Hoc
953 2773 1038 2804 enim
1063 2784 1127 2804 non
1153 2781 1199 2804 est
1222 2774 1391 2815 disponere

318 2820 417 2862 quod,
441 2819 467 2850 si
492 2829 556 2849 non
582 2818 643 2849 sint
666 2817 807 2856 iuvenes,
832 2817 1072 2858 prohibeantur:
1097 2819 1152 2848 sed
1176 2829 1304 2849 causam
1324 2829 1390 2850 non

318 2865 444 2895 futurae
467 2863 692 2904 prohibitionis
715 2863 754 2892 ab
778 2862 909 2892 homine
933 2862 1151 2893 determinare.

374 2909 426 2939 lV.
453 2909 488 2939 In
512 2906 719 2948 responsione
735 2907 774 2936 ad
791 2906 919 2937 tertium
940 2907 1081 2937 eiusdem
1101 2907 1233 2943 articuli,
1255 2908 1390 2938 dubium

318 2953 455 2984 occurrit
479 2953 559 2983 circa
583 2952 636 2982 illa
658 2952 762 2986 verba,
787 2952 881 2982 Aliae
904 2961 979 2982 vero
998 2961 1162 2991 personae
1184 2961 1247 2982 non
1274 2952 1391 2983 habent

318 3000 364 3028 ita
388 3007 430 3028 ex
452 2998 564 3038 seipsis
588 2996 798 3027 indecentiam
825 3003 901 3026 etc.:
926 3006 976 3032 an,
993 3002 1077 3026 extra
1101 3002 1246 3036 parentes
1270 3003 1300 3027 et
1316 3006 1389 3036 pro-

318 3042 373 3078 les,
392 3041 580 3072 concubitus
603 3041 643 3071 sit
667 3047 777 3071 contra
799 3040 848 3071 ius
872 3040 1023 3077 naturale,
1040 3040 1083 3071 ita
1106 3041 1195 3081 quod
1219 3041 1307 3071 nulla
1328 3041 1389 3072 dis-

319 3086 506 3126 pensatione
527 3086 669 3116 humana
692 3085 793 3126 possit
817 3095 883 3115 esse
907 3084 1020 3115 licitus.
1045 3085 1086 3116 Et
1102 3092 1148 3115 est
1164 3085 1243 3115 ratio
1268 3085 1356 3116 dubii

319 3130 413 3170 quia,
437 3130 463 3160 si
487 3137 567 3161 esset
591 3136 700 3161 'contra
727 3130 777 3160 ius
801 3129 956 3165 naturale,
982 3136 1165 3170 sequeretur
1188 3129 1276 3170 quod
1300 3130 1388 3160 nulla

318 3174 501 3206 necessitate
519 3174 676 3214 potuisset
693 3184 838 3215 unquam
853 3174 934 3204 inter
951 3174 1027 3204 tales
1044 3183 1112 3204 esse
1127 3174 1387 3204 matrimonium:
1414 3184 1416 3194 ³

319 3217 396 3259 quia
418 3218 507 3248 nulla
530 3219 698 3249 necessitas
722 3218 795 3249 facit
824 3218 943 3249 licitam
966 3218 1174 3249 violationem
1198 3218 1274 3248 iuris
1298 3225 1388 3249 natu-

318 3272 381 3298 rae,
405 3262 466 3292 nisi
489 3263 528 3293 ab
551 3265 690 3294 Auctore
710 3270 840 3294 naturae
864 3263 952 3294 aliter
976 3263 1148 3294 ordinetur.
1174 3262 1309 3294 Constat
1332 3273 1387 3293 au-

319 3313 385 3337 tem
407 3306 497 3347 quod
519 3306 600 3338 inter
623 3307 751 3338 fratrem
774 3314 805 3338 et
828 3317 971 3338 sororem
995 3307 1075 3338 olim
1098 3307 1158 3338 fuit
1176 3307 1299 3338 licitum
1323 3317 1387 3337 ma—

318 3350 518 3382 trimonium.
543 3351 628 3391 Ergo
651 3351 835 3383 coniunctio
853 3352 965 3383 talium
981 3362 1047 3382 non
1064 3358 1111 3382 est
1134 3359 1241 3382 contra
1260 3351 1310 3382 ius
1333 3362 1386 3381 na-

319 3395 429 3426 turale.
453 3411 475 3418 -·
499 3395 534 3425 ln
558 3395 746 3435 oppositum
768 3403 876 3427 autem
895 3403 942 3427 est
965 3397 1039 3437 quia
1063 3396 1249 3427 huiusmodi
1269 3406 1386 3426 concu-
1413 3413 1414 3440 3

318 3439 403 3470 bitus
427 3445 473 3469 est
495 3445 605 3469 contra
627 3440 803 3471 naturalem
830 3441 987 3472 rationem
1017 3441 1125 3482 quoad
1148 3441 1224 3477 tria,
1248 3451 1330 3481 quae
1353 3440 1385 3470 in

317 3483 429 3524 prima,
454 3483 592 3514 secunda
616 3490 647 3514 et
669 3490 780 3524 quarta
802 3485 924 3516 ratione
943 3485 1063 3516 litterae
1078 3485 1095 3505 *
1118 3485 1303 3516 afferuntur:
1329 3485 1386 3516 sci-

316 3528 389 3559 licet
409 3534 517 3558 contra
540 3527 683 3558 debitum
702 3527 860 3559 honorem
883 3529 1151 3571 propinquorum,
1169 3537 1277 3560 contra
1301 3529 1385 3560 debi-

317 3579 383 3603 tam
416 3572 637 3602 fortitudinem
669 3571 782 3608 animi,
817 3580 925 3604 contra
958 3574 1210 3605 moderationem
1246 3574 1385 3605 debitam

318 3617 435 3647 amoris
458 3616 594 3647 venerei.

2451 257 2526 303 239

1515 333 1555 363 Et
1571 342 1704 373 augetur
1719 333 1799 365 ratio
1817 333 1915 364 dubii.
1941 333 2025 370 Quia
2041 333 2073 364 in
2089 334 2190 364 littera
2209 343 2275 363 non
2296 333 2417 369 dicitur,
2435 335 2527 364 Aliae

1459 387 1534 407 vero
1552 387 1715 418 personae
1739 387 1802 408 non
1826 378 1941 408 habent
1965 378 2196 408 indecentiam:
2225 378 2279 408 sed
2304 377 2432 408 dicitur:
2464 388 2526 408 non

1458 422 1574 452 habent
1596 423 1641 453 ita
1665 432 1707 452 ex
1728 423 1840 462 seipsis
1863 422 2085 453 indecentiam.
2110 422 2145 452 In
2162 422 2279 463 quibus
2303 422 2404 452 verbis
2424 423 2527 452 exclu-

1459 466 1551 502 ditur,
1569 476 1635 496 non
1654 466 1840 502 indecentia,
1858 467 1912 497 sed
1937 467 2053 497 modus
2077 477 2113 498 ac
2129 466 2208 497 ratio
2233 466 2444 498 indecentiae:
2470 466 2527 496 sci-

1457 510 1530 541 licet
1552 511 1642 551 quod
1666 521 1730 541 non
1755 510 1798 542 ita
1821 521 1858 541 ex
1881 510 1991 552 seipsis
2015 511 2096 542 sicut
2115 517 2260 551 parentes
2284 518 2314 541 et
2337 511 2452 551 proles.
2481 513 2526 541 Ac

1457 564 1512 594 per
1528 555 1589 585 hoc
1609 555 1733 585 videtur
1756 556 1845 596 quod
1869 556 2046 586 secundum
2065 558 2250 592 Auctorem,
2267 554 2348 586 inter
2362 555 2431 585 illas
2455 565 2525 595 per-

1457 609 1552 629 sonas
1577 606 1623 630 est
1645 599 1821 630 indecentia
1845 600 2006 636 naturalis,
2029 600 2102 631 licet
2125 610 2191 631 non
2215 600 2271 630 illo
2295 599 2395 630 modo
2421 606 2451 629 et
2473 599 2526 629 illa

1457 643 1588 674 ratione.
1614 661 1635 666 -
1659 644 1694 674 ln
1714 643 1901 684 oppositum
1925 651 2033 675 autem
2056 644 2203 676 videntur
2230 644 2398 675 subiuncta
2420 644 2524 679 verba,

1456 688 1589 718 scilicet:
1623 688 1687 719 Sed
1710 690 1859 719 variatur
1881 690 1968 719 circa
2001 689 2060 720 hoc
2090 689 2236 720 decentia
2266 689 2316 719 vel
2346 688 2525 718 indecentia

1455 733 1630 763 secundum
1655 733 1914 763 consuetudinem
1933 738 1963 764 et
1977 734 2081 774 legem
2105 734 2281 764 humanam
2302 733 2352 764 vel
2370 733 2524 763 divinam.

1455 777 1538 807 Nam
1562 777 1651 817 quod
1675 787 1712 807 ex
1736 777 1966 808 consuetudine
1986 778 2035 808 vel
2058 778 2206 808 adiuncta
2227 778 2297 818 lege
2321 785 2385 808 tam
2412 777 2525 807 decens

1456 831 1554 861 quam
1577 821 1725 852 indecens
1750 821 1907 857 redditur,
1933 832 1999 852 non
2022 829 2177 862 repugnat
2206 822 2384 852 secundum
2414 831 2447 851 se
2471 831 2525 851 na-

1455 866 1548 896 turali
1571 865 1651 895 iuri:
1676 866 1761 895 unde
1784 873 1815 896 et
1837 866 1870 896 in
1894 866 1922 896 V
1945 866 2048 897 Ethic.
2069 866 2085 885 *
2109 867 2222 897 dicitur
2249 867 2339 907 quod
2366 866 2416 896 ius
2440 865 2524 905 posi·
2553 872 2563 882 ·

1456 910 1557 941 tivum
1582 917 1628 940 est
1650 910 1736 950 quod
1758 919 1778 940 a
1796 911 1958 950 principio
1982 911 2061 941 nihil
2083 911 2203 951 differt.

1510 957 1655 994 Augetur
1677 964 1786 984 rursus
1810 954 1954 984 dubium.
1984 954 2068 991 Quia
2092 962 2257 995 praecepta
2284 964 2367 995 quae
2400 954 2431 984 in
2455 954 2524 994 lege

1455 998 1559 1039 Moysi
1591 998 1706 1028 dantur
1736 998 1816 1028 circa
1848 998 1960 1028 talium
1993 1009 2201 1038 personarum
2228 999 2458 1029 inhabilitatem
2484 999 2524 1029 ad

1455 1042 1710 1078 matrimonium,
1743 1041 1823 1072 inter
1855 1050 2020 1082 praecepta
2051 1043 2184 1074 moralia
2214 1050 2459 1083 computantur:
2489 1050 2524 1073 ut

1454 1093 1540 1126 patet
1564 1096 1600 1117 ex
1615 1086 1736 1116 ratione
1760 1085 1803 1116 ibi
1827 1086 1957 1122 reddita,
1975 1087 2101 1123 scilicet,
2120 1097 2159 1118 ne
2175 1089 2336 1118 reveletur
2359 1087 2523 1128 turpitudo

1448 1132 1687 1171 proximorum,
1706 1130 1805 1160 Levit.
1822 1140 1897 1161 xvm
1913 1131 1938 1162 *.
1965 1130 2099 1162 Constat
2115 1140 2222 1162 autem
2246 1132 2334 1172 quod
2357 1140 2523 1172 praecepta

1454 1175 1552 1205 divini
1577 1174 1653 1204 iuris
1672 1174 1805 1204 moralia
1821 1175 1861 1204 ad
1877 1174 1926 1205 ius
1943 1182 2073 1206 naturae
2097 1183 2248 1215 spectant,
2265 1183 2296 1206 et
2315 1183 2522 1216 perseverant,

1454 1219 1533 1249 adeo
1553 1219 1643 1259 quod
1667 1218 1924 1258 indispensabilia
1957 1228 2030 1250 sunt
2055 1220 2239 1251 auctoritate
2267 1220 2417 1250 humana.
2441 1238 2462 1243 —
2487 1221 2522 1250 In

1453 1263 1643 1303 oppositum
1659 1270 1706 1293 est
1729 1262 1804 1302 quia
1820 1263 1905 1302 Papa
1930 1270 2034 1303 potest
2049 1264 2081 1294 in
2106 1264 2154 1294 his
2171 1264 2362 1304 dispensare.
2387 1264 2523 1295 Constat

1453 1314 1560 1338 autem
1584 1308 1674 1348 quod
1698 1317 1764 1337 non
1787 1314 1893 1346 potest
1916 1307 1948 1337 in
1974 1308 2106 1338 naturali
2129 1309 2197 1338 iure
2221 1309 2414 1348 dispensare:
2443 1318 2523 1348 quo-

1454 1352 1538 1382 niam
1564 1352 1649 1392 Papa
1679 1358 1726 1382 est
1752 1351 1898 1381 subditus
1929 1353 2063 1382 naturali
2087 1352 2163 1389 iuri;
2196 1361 2225 1384 et
2257 1363 2322 1383 non
2351 1359 2397 1383 est
2429 1363 2523 1392 supra

1452 1397 1570 1437 ipsum,
1589 1403 1624 1426 ut
1647 1395 1749 1435 possit
1771 1395 1850 1426 illud
1867 1396 1978 1426 tollere
2002 1404 2056 1427 aut
2080 1404 2212 1433 mutare,
2231 1397 2311 1428 sicut
2335 1404 2440 1437 potest
2463 1397 2523 1427 tol—

1452 1441 1514 1471 lere
1538 1441 1588 1470 vel
1613 1448 1735 1471 mutare
1759 1440 1808 1470 ius
1840 1440 2024 1480 positivum.
2057 1441 2097 1471 Et
2121 1441 2209 1482 quod
2242 1442 2328 1481 Papa
2352 1441 2461 1481 possit,
2487 1451 2523 1471 ex

1451 1485 1546 1525 gestis
1570 1485 1794 1515 Romanorum
1823 1483 2016 1515 Pontificum
2040 1493 2135 1525 patet.
2166 1486 2249 1516 Nam
2274 1486 2447 1516 modernus
2472 1496 2523 1516 rex

1451 1529 1663 1570 Portugalliae
1694 1529 1887 1559 Emmanuel
1918 1530 1996 1560 duas
2021 1540 2165 1566 sorores,
2190 1540 2327 1570 quarum
2350 1530 2446 1560 altera
2469 1541 2522 1560 su-

1451 1582 1564 1615 perest,
1581 1574 1756 1605 successive
1773 1583 1886 1604 uxores
1902 1573 2023 1610 habuit,
2040 1574 2083 1605 ita
2106 1575 2195 1615 quod
2212 1574 2306 1605 etiam
2323 1585 2397 1605 cum
2421 1575 2523 1615 prima

1451 1625 1729 1651 consummaverat
1746 1618 1998 1649 matrimonium.
2019 1619 2174 1649 Moderna
2190 1629 2321 1660 quoque
2338 1619 2443 1659 regina
2458 1622 2522 1649 An-

1450 1664 1531 1704 gliae
1556 1671 1833 1694 consummaverat
1856 1663 1943 1703 prius
1964 1663 2206 1694 matrimonium
2230 1673 2304 1694 cum
2328 1663 2407 1694 olim
2432 1663 2523 1694 fratre

1450 1709 1540 1739 istius
1564 1708 1645 1748 regis
1665 1707 1797 1748 Angliae
1814 1707 1863 1738 sui
1880 1708 1993 1738 mariti.
2019 1708 2044 1738 F
2047 1708 2237 1739 erdinandus
2254 1718 2386 1749 quoque
2403 1708 2520 1744 Iunior,

1451 1754 1517 1784 Rex
1545 1752 1668 1783 Siciliae
1696 1752 1770 1783 citra
1797 1752 1954 1788 Pharum,
1979 1762 2122 1783 sororem
2151 1753 2247 1793 patris
2277 1753 2326 1783 sui
2359 1753 2521 1786 Ioannam.

1450 1807 1531 1838 quae
1555 1796 1660 1827 adhuc
1688 1804 1846 1837 superest,
1871 1796 1903 1826 in
1928 1807 2061 1827 uxorem
2092 1797 2197 1833 duxit,
2223 1797 2424 1837 dispensante
2448 1797 2522 1827 Ale-

1449 1842 1570 1872 xandro
1595 1841 1648 1871 Vl.
1680 1841 1767 1872 Haec
1790 1849 1899 1872 autern
1929 1849 2052 1872 constat
2075 1851 2142 1872 esse
2166 1842 2198 1872 in
2223 1842 2328 1872 divina
2355 1842 2424 1882 lege
2448 1851 2521 1881 pro-

1450 1886 1558 1922 hibita,
1583 1886 1615 1916 in
1640 1886 1724 1916 dicto
1749 1885 1889 1926 capitulo
1905 1885 1931 1916 *.
1957 1886 2052 1926 Ergo.

1505 1931 1543 1962 V.
1568 1931 1619 1960 Ad
1644 1930 1834 1961 evidentiam
1858 1930 1986 1968 horum,
2011 1930 2176 1961 sciendum
2200 1937 2246 1961 est
2269 1930 2369 1961 varias
2398 1940 2464 1961 esse
2487 1930 2520 1960 in

1449 1975 1507 2006 hac
1536 1975 1722 2016 quaestione
1751 1974 1937 2015 opiniones:
1972 1974 2140 2015 praecipue
2171 1975 2247 2015 quia
2277 1975 2351 2006 hinc
2375 1975 2521 2005 divinum

1447 2019 1497 2050 ius
1521 2019 1554 2050 in
1577 2019 1763 2050 huiusmodi
1788 2019 1972 2060 praeceptis,
1989 2019 2063 2050 inde
2086 2019 2256 2050 auctoritas
2280 2019 2417 2050 Romani
2437 2019 2520 2049 Pon-

1421 2073 1422 2078 *
1448 2063 1539 2095 tificis
1563 2071 1745 2094 occurrunt.
1772 2064 1942 2101 Quidam*
1966 2064 2052 2094 enim
2075 2071 2190 2103 putant
2205 2064 2324 2104 Papam
2342 2074 2408 2094 non
2426 2074 2519 2103 posse

1448 2109 1629 2148 dispensare
1652 2108 1685 2138 in
1701 2108 1850 2148 gradibus
1874 2109 2041 2148 prohibitis
2061 2108 2169 2138 divino
2193 2109 2271 2145 iure,
2288 2108 2363 2149 quia
2387 2108 2519 2139 moralia

1448 2160 1613 2193 praecepta
1637 2160 1720 2183 sunt.
1745 2170 1766 2176 —
1791 2153 1932 2190 Quidam
1948 2160 2062 2193 putant
2077 2153 2197 2193 Papam
2213 2163 2279 2183 non
2300 2163 2394 2193 posse
2410 2153 2519 2183 tollere

1447 2197 1698 2238 prohibitionem
1721 2197 1830 2227 divino
1854 2197 1922 2227 iure
1938 2197 1971 2228 in
1987 2197 2036 2227 his
2052 2197 2225 2237 praeceptis
2250 2205 2442 2233 contentam,
2465 2198 2520 2228 sed

1446 2242 1478 2272 in
1503 2252 1576 2272 casu
1600 2241 1633 2271 in
1658 2251 1725 2284 quo
1749 2241 1829 2272 ratio
1853 2241 1930 2281 legis
1954 2248 2097 2278 cessaret,
2123 2241 2313 2282 dispensare,
2338 2241 2413 2282 quia
2430 2252 2518 2282 prae—

1446 2293 1536 2326 cepta
1551 2285 1682 2316 moralia
1698 2293 1772 2316 sunt
1787 2286 1884 2316 divini
1899 2285 1985 2316 iuris.
2002 2303 2024 2310 -
2042 2286 2104 2316 Alii
2115 2286 2132 2305 *
2148 2293 2255 2317 autem
2271 2293 2384 2326 putant
2399 2287 2519 2327 Papam

1446 2340 1541 2371 posse
1565 2330 1750 2370 simpliciter
1774 2330 1964 2370 dispensare.

1504 2375 1547 2406 Ut
1578 2381 1685 2405 autem
1716 2375 1828 2405 veritas
1859 2375 2032 2411 elucescat,
2059 2375 2327 2406 considerandum
2358 2382 2404 2405 est
2431 2375 2520 2415 quod

1447 2427 1614 2460 praecepta
1645 2420 1704 2450 ista
1734 2426 1808 2450 sunt
1839 2420 1954 2459 partim
1978 2420 2128 2456 moralia,
2154 2427 2183 2450 et
2207 2420 2322 2460 partim
2350 2419 2519 2450 iudicialia.

1445 2465 1529 2495 Nam
1553 2471 1710 2504 quantum
1735 2464 1774 2494 ad
1799 2464 1859 2494 hoc
1883 2465 1972 2504 quod
1993 2474 2067 2495 cum
2091 2465 2254 2504 proximis,
2272 2471 2302 2495 et
2326 2464 2519 2505 quibusdam

1446 2509 1667 2545 determinate,
1692 2518 1757 2539 non
1782 2508 1875 2539 debet
1904 2519 1971 2539 esse
1999 2508 2257 2545 matrimonium,
2283 2515 2357 2539 sunt
2388 2508 2520 2538 moralia

1446 2553 1646 2594 simpliciter:
1676 2553 1730 2584 sed
1759 2560 1916 2594 quantum
1945 2553 1983 2583 ad
2009 2553 2307 2584 determinationem
2330 2560 2378 2584 tot
2409 2563 2516 2593 perso—

1445 2608 1570 2634 narum,
1591 2598 1708 2628 habent
1729 2597 1850 2638 aliquid
1874 2598 1994 2628 morale
2014 2604 2045 2628 et
2060 2597 2180 2638 aliquid
2204 2597 2360 2628 iudiciale.
2385 2598 2426 2627 Et
2449 2607 2519 2627 mo-

1445 2642 1508 2673 rale
1531 2642 1662 2683 quidem
1679 2642 1712 2672 in
1729 2642 1772 2672 eis
1788 2649 1835 2672 est
1849 2642 2007 2683 quidquid
2031 2649 2061 2672 et
2084 2649 2241 2682 quantum
2265 2641 2380 2672 morali
2403 2641 2517 2672 rationi

1445 2687 1611 2718 conforme
1627 2694 1688 2717 est:
1714 2686 1859 2717 iudiciale
1883 2693 1990 2717 autem
2015 2693 2061 2716 est
2085 2686 2272 2716 omnimoda
2296 2686 2516 2716 determinatio

1445 2739 1492 2762 tot
1515 2741 1735 2771 personarum.

1500 2777 1566 2806 Nec
1590 2776 1666 2806 haec
1683 2785 1742 2815 ego
1762 2775 1907 2805 somnio:
1932 2775 1987 2805 sed
2004 2775 2134 2814 exjpso
2158 2774 2298 2814 capitulo
2321 2775 2422 2805 Levit.
2443 2784 2517 2804 xvm

1444 2820 1562 2860 accepi.
1587 2821 1674 2850 Tum
1693 2819 1848 2860 quoniam
1863 2819 1943 2850 inter
1959 2819 2035 2849 haec
2052 2826 2216 2859 praecepta
2233 2819 2271 2849 de
2288 2818 2516 2849 commixtione

1443 2874 1576 2895 venerea
1599 2864 1716 2895 ibidem
1733 2864 1749 2882 *
1773 2863 1903 2903 ponitur
1934 2871 2139 2904 praeceptum
2167 2863 2205 2893 de
2229 2863 2356 2893 vitanda
2384 2862 2516 2893 muliere

1443 2916 1647 2940 menstruata.
1681 2908 1816 2939 Constat
1846 2915 1954 2938 autem
1985 2918 2021 2938 ex
2052 2911 2208 2943 Auctore,
2241 2907 2271 2937 in
2304 2907 2346 2938 IV
2376 2907 2463 2937 Seni.
2487 2907 2513 2943 *,

1443 2960 1649 2994 praeceptum
1680 2953 1742 2983 hoc
1770 2962 1837 2982 esse
1868 2953 1983 2992 partim
2008 2953 2129 2982 morale
2160 2959 2191 2982 et
2216 2952 2330 2991 partim
2358 2951 2512 2982 iudiciale.

1442 2999 1518 3029 Non
1540 2998 1636 3037 igitur
1659 3003 1785 3037 oportet
1809 2996 1917 3027 omnia
1948 2997 2001 3027 illa
2025 3004 2190 3037 praecepta
2214 2996 2350 3027 totaliter
2382 2996 2514 3026 moralia

1442 3052 1519 3073 esse.
1546 3042 1619 3079 Qua
1643 3042 1729 3072 enim
1752 3041 1872 3072 ratione
1896 3048 2101 3082 praeceptum
2116 3041 2154 3070 de
2170 3040 2296 3071 vitanda
2320 3047 2513 3070 menstruata

1371 3085 1389 3105 *
1414 3099 1417 3128 3
1442 3086 1619 3122 discutitur,
1645 3094 1674 3117 et
1698 3093 1763 3116 tam
1788 3085 1942 3116 subtiliter
1966 3086 1997 3115 in
2023 3096 2061 3116 eo
2081 3084 2267 3115 discernitur
2290 3084 2368 3124 quid
2385 3084 2513 3114 rationis

1442 3131 1592 3162 naturalis
1616 3131 1647 3161 in
1673 3140 1711 3160 eo
1736 3130 1785 3166 sit,
1810 3137 1840 3160 et
1863 3137 2020 3170 quantum
2046 3137 2076 3160 et
2098 3130 2175 3170 quid
2200 3139 2265 3159 non
2289 3129 2329 3160 ad
2357 3128 2513 3159 rationem

1442 3175 1632 3210 naturalem,
1657 3174 1711 3204 sed
1736 3174 1894 3204 iudicialia
1918 3181 2036 3214 spectet
2059 3173 2144 3204 illius
2168 3173 2296 3213 populi;
2328 3173 2440 3203 eadem
2464 3183 2513 3203 ra-

1441 3219 1528 3250 tione
1553 3219 1630 3249 haec
1650 3225 1816 3258 praecepta
1840 3219 1936 3249 simul
1959 3218 2072 3248 tradita
2089 3217 2285 3248 discutienda
2306 3224 2390 3252 sunt,
2408 3224 2444 3247 ut
2458 3227 2512 3257 ap-

1441 3270 1548 3303 pareat
1565 3263 1645 3293 clare
1660 3263 1738 3303 quid
1754 3263 1786 3292 in
1804 3263 1848 3293 eis
1872 3263 2002 3298 morale,
2020 3269 2050 3293 et
2073 3262 2151 3302 quid
2172 3261 2327 3292 iudicialis
2343 3261 2461 3292 vinculi
2478 3261 2511 3292 in

1442 3308 1486 3338 eis
1510 3307 1622 3338 fuerat.

1496 3352 1583 3382 Turn
1608 3351 1683 3391 quia
1699 3351 1731 3380 in
1747 3350 1903 3390 principio
1920 3350 1994 3380 dicti
2011 3350 2168 3390 capituli*
2192 3350 2403 3390 praemittitur
2422 3360 2509 3390 prae—

1442 3396 1539 3436 ceptis
1556 3395 1622 3426 istis
1638 3395 1784 3425 inhibitio
1799 3395 1907 3434 legum
1922 3401 2150 3431 extranearum,
2167 3401 2198 3425 et
2214 3404 2357 3435 expresse
2373 3394 2420 3424 bis
2437 3396 2509 3425 sub-

1441 3440 1583 3480 iungitur
1605 3439 1769 3480 impositio
1793 3439 1996 3475 iudiciorum,
2021 3439 2155 3469 dicendo
2173 3439 2206 3475 *,
2229 3439 2368 3470 Facietis
2391 3439 2509 3470 iudicia

1412 3481 1414 3504 J
1441 3495 1512 3516 mea
1529 3490 1559 3516 et
1571 3489 1747 3524 praecepta
1763 3493 1846 3521 mea,
1864 3490 1904 3518 et.
1931 3483 2096 3515 Custodite
2117 3484 2205 3524 leges
2218 3493 2307 3514 meas
2321 3489 2417 3524 atque
2430 3481 2509 3514 iudi-

1440 3531 1500 3560 cia.
1522 3529 1569 3559 Ex
1585 3529 1646 3559 hoc
1663 3528 1748 3558 enim
1764 3529 1852 3569 quod
1868 3527 2028 3559 iudicialia
2044 3535 2188 3559 extranea
2203 3534 2317 3564 vetare,
2334 3535 2364 3558 et
2379 3527 2507 3557 iudicia—

1438 3574 1481 3604 lia
1497 3573 1665 3614 peculiaria
1680 3573 1741 3603 illis
1757 3573 1830 3603 dare
1849 3573 1956 3603 Deum
1981 3579 2214 3603 commemorat
2235 3573 2373 3613 Moyses,
2390 3570 2506 3610 signifi-

1411 3635 1413 3640 ·
1439 3618 1520 3650 cavit
1535 3618 1624 3659 quod
1647 3627 1714 3648 non
1729 3627 1808 3658 pure
1831 3616 1963 3648 moralia
1986 3624 2151 3657 praecepta
2174 3616 2393 3656 subiungenda
2409 3621 2504 3645 erant.

2629 889 2634 894 .
2650 879 2688 899 vu,
2704 879 2725 894 n*
2738 880 2767 894 1.—

2630 915 2635 921 .
2655 900 2706 921 lect.
2724 906 2764 921 ιιι.

2551 1138 2561 1147 ’
2575 1137 2641 1159 Vera.
2661 1137 2682 1158 6.

2552 1890 2560 1899 ⁸
2570 1888 2635 1910 Vers.
2647 1894 2676 1915 12,
2687 1888 2718 1914 16,
2730 1889 2760 1909 18.

2548 2070 2557 2079 ⁸
2582 2069 2699 2095 Paludan.,
2728 2068 2761 2090 1V

2546 2095 2621 2122 Sent„
2630 2095 2682 2117 dist
2691 2095 2760 2121 min

2547 2122 2602 2143 dub.
2613 2126 2667 2150 post
2676 2122 2761 2144 articu—

2547 2149 2760 2196 Ῑιῗᾶἓέᾚῖοέἓ

2547 2202 2621 2223 stitut
2636 2192 2736 2229 §poliat

2547 2290 2624 2311 ”Lean
2627 2289 2699 2311 Andr.
2702 2295 2760 2317 ,cap.

2545 2316 2590 2338 Per
2595 2316 2704 2338 Venerab.
2707 2316 2764 2347 ,Qui

2540 2343 2593 2370 filii
2599 2343 2647 2364 sint
2653 2333 2759 2371 legiiimi.

2544 2868 2552 2876 ·
2568 2865 2633 2887 Vers.
2649 2873 2679 2895 19.

2543 2909 2553 2918 ⁸
2562 2908 2620 2930 Dist.
2631 2915 2703 2935 xxxii,
2713 2914 2754 2930 art.

2541 2941 2562 2961 2,
2578 2935 2628 2962 qu².
2645 2941 2664 2956 2.

2538 3360 2547 3367 ⁸
2563 3358 2628 3379 Vers.
2644 3364 2662 3386 3.

2538 3445 2547 3451 ⁸
2562 3443 2626 3464 Vers,
2642 3450 2664 3469 4,
2679 3449 2697 3470 5⁴
