2768 4198
68 392 78 402 ⁸
96 391 171 414 Serm-
190 392 221 414 tx
250 393 278 414 al.

67 417 96 439 de
105 418 187 446 Temp.
196 408 279 445 vai,

67 450 117 472 cap.
133 451 168 466 ιιι.

63 1078 73 1088 ·
87 1077 154 1099 Vers.
169 1077 192 1099 16
207 1083 257 1105 sqq.

62 1131 72 1141 ⁸
85 1131 136 1152 Art.
151 1130 255 1158 praeced.

158 1181 173 1214 β

58 1661 69 1671 “
82 1660 138 1689 Cap.
154 1668 222 1683 xxxv.

56 2065 66 2075 ⁸
76 2064 111 2087 Cf.
122 2068 162 2087 art.
174 2071 190 2091 1,
198 2071 266 2092 arg.4

55 2095 77 2113 et
91 2098 151 2119 resp.
166 2092 195 2113 ad
209 2099 231 2119 4.

54 2478 65 2490 ⁸
79 2477 114 2499 Cf.
131 2482 195 2498 num.
210 2483 244 2498 ιιι.

57 2741 66 2751 ·
81 2740 116 2762 Cf.
132 2747 195 2762 num.
211 2747 240 2762 tv.

58 2766 268 2793 ”DeGenadlitm

57 2793 96 2815 lib.
108 2793 268 2822 X1,cap.xmr.

58 2912 68 2922 ⁸
79 2911 113 2933 ef.
125 2918 187 2934 num.
199 2919 222 2934 ιν
231 2913 269 2934 sm.

59 2938 137 2966 ‘’cap.
144 2944 167 2965 ιι,
174 2945 231 2961 vers.
238 2945 268 2966 ¹4·

60 3007 69 3016 ·
89 3005 146 3027 Gen.
166 3012 216 3034 cap.
235 3013 270 3034 111,

58 3039 116 3055 vers.
132 3039 150 3061 5.

61 3358 71 3368 ⁸
85 3357 140 3379 Loc.
156 3356 194 3378 cit-

311 306 385 342 332
964 302 1231 349 QUAESTIO
1262 302 1435 349 CLXIII,
1465 303 1763 341 ARTICULUS
1792 304 1843 340 IV

307 396 387 420 cem
421 384 578 420 Chordis
596 383 636 420 *z
667 384 708 420 Si
734 389 847 431 caput
863 388 916 418 est
933 383 1003 426 vir,
1028 381 1159 417 melius
1187 381 1293 416 debet
1317 381 1370 416 vi·
1396 384 1397 429 l
1425 393 1533 417 esum
1562 382 1650 429 ligni
1678 383 1783 419 vetiti
1811 383 1884 419 Dei
1913 383 2201 421 similitudinem
2222 385 2405 433 consequi
2423 397 2493 421 vo-

306 448 405 478 vere,
434 443 469 473 et
490 437 720 485 praecedere
746 437 783 471 in
813 435 984 471 omnibus
1013 434 1119 470 honis
1135 434 1255 481 factis
1276 445 1369 469 uxo-
1396 435 1397 445 ³
1424 434 1502 480 luit,
1532 435 1710 482 superbia
1739 436 1818 472 eius
1847 436 1895 472 ad
1924 438 1998 473 hoc
2023 449 2062 473 se
2084 437 2201 473 erexit
2229 437 2332 486 quod
2363 446 2493 474 contra

307 502 387 526 rem
408 495 425 511 α
451 502 571 535 suam,
603 495 643 525 ut
669 490 731 525 illa
760 488 923 524 imitetur
944 487 1080 523 virum.
1112 486 1188 522 Sed
1217 486 1276 522 ille
1306 486 1369 534 qui
1396 517 1397 540 ἶ
1424 487 1495 522 Dei
1524 489 1764 524 voluntatem
1793 489 1936 536 aliquid
1965 490 2086 526 voluit
2114 490 2298 527 obtinere.
2330 491 2407 527 Sed
2435 492 2494 527 vir

307 543 440 579 melius
474 544 586 579 debet
620 543 766 587 facere,
796 540 826 576 si
854 547 1005 588 peccet,
1035 539 1187 586 gravius
1224 547 1367 587 peccat.
1394 544 1398 599 1
1424 551 1503 575 non
1532 540 1689 577 credidit
1715 541 1791 577 hoc
1819 554 1902 578 esse
1930 555 2081 580 verum.
2121 543 2231 580 Unde
2265 556 2343 580 non
2371 544 2494 580 voluit

306 597 407 643 Ergo
436 597 560 632 Adam
590 594 742 642 gravius
771 593 943 641 peccavit
972 604 1089 640 quam
1120 593 1215 629 Eva.
1395 602 1397 629 ὲ
1425 593 1607 641 consequi
1642 593 1812 630 divinam
1841 595 2128 632 similitudinem
2165 604 2296 633 contra
2323 597 2396 633 Dei
2423 609 2493 633 vo-

361 653 393 686 3.
417 650 647 693 PRAETEREA7
677 653 874 694 peccatum
904 646 942 681 in
972 645 1155 693 Spiritum
1185 645 1367 682 Sanctum
1424 646 1627 682 luntatem:
1658 646 1725 683 sed
1746 646 1783 683 in
1802 647 1877 684 hoc
1896 649 2119 696 superbivit,
2139 651 2244 698 quod
2264 650 2386 686 voluit
2406 662 2492 686 eam

304 702 452 738 videtur
480 713 560 737 esse
589 699 870 747 gravissimum.
902 699 980 735 Sed
1008 698 1136 735 Adam
1155 698 1307 735 videtur
1330 698 1369 735 in
1424 699 1607 747 consequi
1644 711 1712 747 per
1741 699 1923 748 seipsum.
1951 721 1976 728 -
2005 703 2205 750 Secundo,
2235 703 2324 752 quia
2359 703 2495 739 mulier

305 755 484 802 Spiritum
508 755 692 790 Sanctum
721 763 919 800 peccasse:
950 751 1039 800 quia
1067 751 1242 800 peccavit
1270 751 1370 799 cogi-
1395 761 1396 767 ¹
1424 764 1502 789 non
1531 752 1656 788 solum
1684 752 1767 801 ipsa
1795 753 1980 801 peccavit,
2010 755 2076 792 sed
2107 755 2219 792 etiam
2246 756 2331 793 viro
2359 767 2493 805 pecca-

302 815 384 844 tans
422 807 468 843 de
505 807 633 843 divina
668 805 938 850 misericordia,
979 805 1085 852 quod
1123 805 1284 854 pertinet
1321 805 1369 842 ad
1424 813 1505 842 tum
1530 805 1714 853 suggessit
1732 804 1763 842 ²¹².
1793 806 1904 845 Unde
1925 807 2099 854 peccavit
2118 816 2155 845 et
2172 807 2211 846 in
2231 809 2360 849 Deum
2390 816 2428 846 et
2454 809 2493 845 in
2522 819 2533 829 ·
2549 818 2607 841 Gen.
2625 824 2676 848 ap.
2693 825 2735 847 ιιι,

301 868 500 909 peccatum
542 859 874 907 praesumptionis.
918 858 1021 906 Ergo
1064 858 1217 895 videtur
1263 858 1369 906 quod
1424 858 1656 907 proximum.
1687 880 1711 886 -
1741 859 1886 905 Tertio,
1906 858 1945 899 in
1963 859 2039 896 hoc
2068 861 2172 909 quod
2201 869 2402 911 peccatum
2422 861 2494 899 viri
2522 851 2584 867 κη’
2603 845 2626 867 ⁶¹

301 913 426 950 Adam
455 912 608 960 gravius
635 912 811 961 peccavit
840 923 956 961 quam
986 913 1083 948 Eva.
1425 911 1656 948 diminutum
1686 919 1742 949 est
1778 924 1822 949 ex
1854 913 1930 949 hoc
1967 912 2076 961 quod
2108 913 2146 953 in
2173 922 2372 962 peccatum
2403 927 2493 953 con-

355 967 428 1002 SEn
449 977 595 1002 CONTRA
614 977 680 1002 EST
704 966 811 1013 quod
838 977 966 1015 poena
986 965 1192 1013 respondet
1221 965 1367 1013 culpae.
1423 964 1539 1002 sensit
1576 965 1770 1004 amicabili
1799 966 1964 1017 quadam
2000 966 2279 1014 benevolentia,
2308 979 2383 1016 qua
2413 968 2494 1016 ple-

301 1019 378 1056 Sed
399 1017 533 1055 mulier
561 1019 714 1066 gravius
734 1026 790 1056 est
809 1019 940 1067 punita
959 1030 1076 1066 quarn
1098 1018 1176 1055 vir:
1206 1026 1247 1054 ut
1267 1026 1370 1067 patet
1423 1030 1583 1067 rumque
1599 1019 1654 1066 fit
1681 1024 1720 1054 ut
1746 1017 1962 1068 offendatur
1979 1020 2085 1056 Deus
2104 1032 2151 1056 ne
2168 1021 2281 1057 homo
2300 1033 2351 1058 ex
2369 1021 2493 1058 amico

303 1073 395 1109 Gen.
417 1084 452 1108 111
472 1071 503 1108 *.
534 1073 635 1120 Ergo
665 1072 818 1120 gravius
847 1072 1021 1121 peccavit
1049 1084 1165 1120 quam
1194 1072 1266 1109 vir.
1411 1073 1490 1119 fiat
1517 1072 1712 1108 inimicus.-
1745 1071 1847 1120 quod
1872 1084 1958 1108 eum
1975 1073 2115 1121 facere
2142 1085 2217 1110 non
2246 1074 2415 1111 debuisse
2441 1075 2494 1111 di-

352 1127 579 1163 RssspoNnEo
609 1137 793 1163 mCENDUM
821 1125 940 1173 quod,
969 1125 1065 1162 sicut
1094 1125 1236 1162 dictum
1263 1132 1319 1162 est
1335 1125 1367 1172 *,
1422 1126 1535 1162 vinae
1564 1125 1769 1162 sententiae
1803 1126 1926 1162 exitus
1957 1125 2154 1171 indicavit,
2184 1134 2226 1163 ut
2258 1127 2494 1174 Augustinus

297 1179 459 1226 gravitas
479 1179 623 1227 peceati
642 1179 887 1227 principalius
907 1178 1110 1216 attenditur
1129 1178 1339 1215 secundum
1355 1176 1370 1207 β
1423 1178 1530 1224 dicit,
1560 1179 1612 1214 XI
1640 1190 1722 1226 sup.
1748 1178 1841 1215 Gen.
1871 1178 1924 1215 ad
1948 1179 2110 1216 litteram
2129 1178 2160 1216 ³¹².
2182 1201 2206 1207 -
2235 1180 2284 1216 Et
2312 1179 2366 1216 sic
2393 1187 2496 1229 patet
2522 1188 2674 1217 ἀμα-ιι·

297 1233 442 1280 peccati
477 1233 646 1281 speciem
683 1245 801 1281 quam
835 1232 1049 1269 secundum
1082 1243 1270 1280 personae
1300 1231 1369 1268 cir-
1422 1231 1527 1281 quod
1556 1239 1757 1280 peccatum
1782 1231 1952 1268 mulieris
1985 1232 2053 1269 fuit
2081 1232 2234 1280 gravius
2261 1244 2377 1281 quam
2407 1245 2495 1282 pec-

299 1286 578 1322 cumstantiam.
613 1286 831 1322 Dicendum
861 1293 917 1322 est
946 1297 1035 1333 ergo
1066 1285 1190 1335 quod,
1219 1284 1250 1322 si
1279 1297 1368 1322 con·
1423 1293 1551 1322 catum
1579 1284 1662 1322 viri.

297 1339 507 1376 sideremus
523 1339 782 1376 conditionem
803 1351 990 1387 personae
1008 1338 1213 1387 utriusque,
1230 1338 1369 1375 scilicet
1475 1340 1533 1375 An
1568 1350 1706 1375 PRlMUM
1738 1349 1837 1374 ERGO
1872 1349 2057 1375 mensuum
2095 1338 2202 1386 quod
2234 1338 2296 1376 illa
2324 1338 2494 1376 seductio

298 1392 464 1429 mulieris
494 1399 530 1429 et
556 1392 640 1440 viri,
662 1400 862 1441 peccatum
890 1392 962 1430 viri
992 1399 1048 1429 est
1075 1391 1248 1440 gravius:
1279 1391 1368 1440 quia
1421 1391 1587 1429 mulieris
1617 1403 1662 1427 ex
1690 1391 1932 1439 praecedenti
1959 1391 2172 1429 elevatione
2201 1391 2406 1430 subsecuta
2427 1400 2494 1431 est.

298 1453 378 1483 erat
406 1446 608 1494 perfectior
636 1445 808 1482 muliere.
1422 1446 1470 1481 Et
1499 1445 1586 1482 ideo
1606 1444 1689 1481 talis
1710 1444 1921 1491 ignorantia
1941 1457 2020 1482 non
2040 1453 2206 1491 excusat,
2227 1445 2295 1482 sed
2315 1452 2498 1494 aggravat

353 1500 428 1536 Sed
462 1507 649 1547 quantum
685 1499 734 1536 ad
772 1499 898 1548 ipsum
927 1510 1047 1546 genus
1084 1498 1248 1547 peccati,
1278 1498 1368 1534 utri·
1423 1506 1645 1547 peccatum:
1684 1497 1911 1547 inquantum
1939 1497 2079 1535 scilicet
2107 1498 2319 1546 ignorando
2348 1498 2387 1536 in
2415 1510 2496 1535 ma·

298 1564 419 1600 usque
448 1560 648 1601 peccatum
686 1554 845 1600 aequale
875 1552 1026 1590 dicitur:
1057 1551 1145 1599 quia
1172 1551 1367 1599 utriusque
1423 1552 1545 1588 iorem
1576 1550 1779 1588 elationem
1810 1558 1934 1587 erecta
1963 1559 2030 1588 est.

297 1613 497 1654 peccatum
536 1605 603 1642 fuit
631 1606 820 1654 superbia.
860 1605 971 1643 Unde
1000 1604 1233 1652 Augustinus
1266 1604 1366 1651 dicit,
1475 1606 1534 1641 Ao
1554 1616 1747 1641 SECUNDUM
1776 1615 1962 1641 monimum
1991 1604 2096 1652 quod
2123 1604 2218 1641 ratio
2241 1604 2301 1641 illa
2325 1604 2498 1654 procedit

299 1659 349 1695 XI
379 1671 492 1707 super
528 1659 620 1695 Gen.
656 1659 708 1695 ad
742 1659 808 1695 litt.
837 1658 874 1704 ²¹²,
905 1658 1011 1707 quod
1045 1657 1182 1695 mulier
1215 1670 1367 1694 excusa·
1424 1670 1467 1694 ex
1506 1656 1786 1694 circumstantia
1825 1657 2053 1694 conditionis
2091 1670 2301 1707 personae:
2341 1669 2386 1694 ex
2420 1669 2496 1708 qua

297 1711 351 1748 vit
385 1719 585 1761 peccatum
621 1724 733 1748 suum
771 1712 808 1748 in
851 1712 992 1759 impari
1029 1723 1144 1756 sexu,
1181 1712 1248 1747 sed
1276 1711 1370 1759 pari
1424 1718 1623 1758 peccatum
1652 1709 1723 1747 viri
1753 1710 1820 1746 fuit
1847 1710 2000 1758 gravius
2029 1710 2241 1748 secundum
2270 1710 2374 1759 quid.

285 1766 409 1813 fastu.
1476 1765 1535 1801 An
1563 1774 1724 1800 TERTmM
1753 1774 1939 1800 DICENDUM
1973 1763 2079 1812 quod
2111 1763 2171 1801 vir
2205 1776 2284 1801 non
2317 1763 2497 1811 cogitavit

352 1818 428 1854 Sed
466 1825 651 1866 quantum
685 1816 734 1853 ad
763 1817 930 1865 speciem
961 1816 1183 1865 superbiae,
1213 1816 1367 1863 gravius
1423 1815 1469 1852 de
1490 1815 1618 1853 divina
1637 1815 1896 1855 misericordia
1924 1829 2047 1867 usque
2074 1817 2123 1854 ad
2153 1825 2419 1866 contemptum
2441 1816 2497 1855 di-

295 1870 466 1919 peccavit
494 1870 641 1916 mulier,
670 1869 804 1918 triplici
832 1870 990 1906 ratione.
1029 1869 1159 1906 Primo
1189 1868 1366 1917 quidem,
1422 1868 1534 1905 vinae
1563 1867 1737 1914 iustitiae,
1768 1869 1874 1917 quod
1902 1868 1990 1907 facit
2017 1877 2217 1918 peccatum
2246 1870 2285 1907 in
2310 1869 2495 1919 Spiritum

295 1923 385 1972 quia
415 1923 538 1959 maior
562 1922 673 1959 elatio
702 1922 769 1959 fuit
790 1922 958 1959 mulieris
979 1934 1095 1971 quam
1116 1921 1199 1958 viri.
1231 1922 1368 1958 Mulier
1424 1923 1628 1958 Sanctum:
1660 1921 1728 1958 sed
1754 1921 1856 1970 quia,
1876 1930 1917 1958 ut
1935 1922 2171 1970 Augustinus
2192 1923 2291 1969 dicit,
2313 1922 2365 1960 xl
2383 1927 2499 1973 super

296 1976 398 2013 enirn
429 1975 586 2013 credidit
614 1988 751 2012 verum
782 1988 865 2013 esse
902 1976 1008 2024 quod
1044 1987 1202 2024 serpens
1231 1975 1366 2021 suasit,
1427 1975 1520 2012 Gen.
1541 1975 1594 2011 ad
1610 1975 1676 2011 litt.
1697 1974 1729 2019 ²¹⁸,
1759 1975 1978 2023 inexpertus
2005 1975 2155 2012 divinae
2178 1975 2398 2022 severitatis,
2418 1987 2498 2017 cre·
2524 1986 2664 2035 ithitvoe'
2684 1986 2738 2014 Dei,

295 2029 435 2067 scilicet
471 2029 578 2077 quod
612 2030 718 2066 Deus
756 2028 952 2078 prohibuit
984 2028 1072 2076 ligni
1103 2040 1211 2065 esum
1243 2040 1290 2064 ne
1320 2028 1368 2065 ad
1422 2028 1514 2065 didit
1539 2027 1634 2065 illud
1653 2033 1854 2076 peccatum
1882 2040 1961 2065 esse
1989 2028 2146 2075 veniale,
2176 2028 2215 2066 id
2245 2036 2300 2066 est
2329 2029 2376 2066 de
2401 2027 2499 2066 facili
2560 2028 2566 2034 '
2631 2018 2738 2042 ὤμ’·

295 2083 375 2119 eius
395 2082 682 2119 similitudinem
703 2082 948 2130 pervenirent
967 2081 1004 2118 *z
1040 2089 1076 2118 et
1104 2082 1166 2127 ita,
1189 2081 1280 2118 dum
1301 2093 1369 2130 per
1425 2080 1658 2117 remissibile.

346 2196 373 2229 α)
394 2203 517 2221 uxorem.
530 2209 548 2214 -
568 2196 688 2221 maxime
707 2203 821 2220 uxorem
844 2196 871 2221 Ρ.
1389 2199 1392 2226 Ι
1473 2194 1498 2228 β)
1518 2195 1672 2220 secundum.
1685 2208 1703 2214 -
1722 2198 1778 2220 tam
1798 2195 1944 2220 secundum
1965 2195 2000 2226 P;
2021 2203 2068 2228 pro
2083 2202 2228 2228 personae,
2241 2194 2351 2228 peccati
2367 2194 2415 2221 Pa.

975 2266 1314 2299 commentaria
1334 2265 1590 2298 cardinalis
1611 2264 1815 2298 Caietani

327 2351 347 2370 N
372 2338 504 2369 articulo
529 2343 643 2377 quarto
669 2337 803 2367 dubium
829 2336 966 2367 occurrit
982 2346 1019 2366 ex
1043 2336 1150 2372 Scoto‚
1167 2336 1198 2366 in
1224 2335 1250 2365 11
1268 2335 1368 2373 Sent„
1393 2335 1395 2374 [
1421 2345 1532 2366 sorum
1556 2345 1574 2365 a
1597 2335 1753 2365 daemone
1781 2334 1931 2366 inferunt.
1965 2335 2027 2366 Alii
2053 2345 2128 2366 vero
2151 2345 2189 2366 ex
2213 2335 2380 2376 negatione
2403 2336 2498 2367 sedu-

329 2383 399 2414 dist.
415 2393 476 2418 xx1,
490 2391 544 2422 qu.
562 2391 594 2417 11,
606 2387 732 2411 tenente
749 2381 838 2421 quod
857 2380 997 2420 primum
1014 2387 1180 2420 peccatum
1197 2380 1285 2410 Adae
1301 2389 1367 2410 non
1393 2390 1395 2436 ν
1421 2379 1534 2410 ctionis
1551 2379 1753 2419 negationem
1777 2379 1936 2420 appetitus
1957 2379 2144 2420 simpliciter
2166 2387 2340 2420 acceptant,
2357 2381 2413 2411 sed
2429 2390 2497 2412 non

296 2428 356 2462 fuit
379 2426 535 2467 superbia,
552 2426 606 2455 sed
630 2425 833 2455 inordinatus
855 2435 950 2455 amor
967 2426 1127 2455 amicitiae
1143 2425 1266 2455 uxoris.
1291 2424 1366 2454 Pro·
1422 2423 1623 2463 negationem
1647 2423 1807 2464 appetitus
1831 2423 2060 2455 conditionati:
2094 2424 2137 2457 ita
2160 2425 2250 2465 quod
2273 2424 2384 2455 dicunt
2407 2425 2496 2466 quod

295 2477 349 2506 bat
373 2478 479 2502 autem
502 2471 564 2500 hoc
583 2469 753 2509 tripliciter.
778 2469 887 2499 Primo
902 2469 929 2505 ²¹¹,
945 2469 1020 2510 quia
1036 2469 1177 2510 primum
1201 2475 1367 2509 peccatum
1420 2468 1535 2505 Adam,
1551 2468 1626 2509 quia
1643 2478 1709 2498 non
1725 2469 1884 2504 seductus,
1901 2468 1973 2499 ideo
1991 2478 2056 2498 non
2074 2468 2258 2508 simpliciter
2272 2468 2405 2509 appetiit
2428 2478 2496 2500 esse

296 2520 384 2550 Adae
409 2526 475 2546 non
499 2514 558 2545 fuit
575 2524 611 2544 ex
634 2513 816 2544 inordinato
833 2523 941 2544 amore
965 2513 1023 2549 sui,
1042 2513 1123 2543 sicut
1138 2513 1279 2554 primurn
1295 2522 1366 2552 pec·
1421 2512 1501 2543 sicut
1524 2513 1621 2548 Deus,
1639 2519 1674 2543 ut
1697 2512 1763 2542 Eva
1795 2512 1943 2552 appetiit;
1969 2513 2022 2543 sed
2051 2512 2184 2553 appetiit
2212 2512 2444 2550 conditionate,
2469 2513 2495 2544 si

297 2570 404 2594 catum
437 2559 549 2599 angeli.
582 2558 722 2598 Angelus
755 2557 841 2588 enim
865 2557 970 2598 primo
994 2567 1050 2598 per
1079 2567 1170 2588 suam
1199 2557 1366 2588 essentiam
1420 2557 1571 2597 possibile
1596 2556 1685 2592 foret,
1703 2566 1770 2587 esse
1786 2556 1867 2587 sicut
1889 2557 1987 2588 Deus.
2012 2557 2053 2587 Et
2076 2557 2154 2588 haec
2175 2556 2227 2587 via
2242 2557 2367 2588 videtur
2382 2559 2495 2597 Augu-

296 2605 441 2644 intelligit
457 2603 615 2643 seipsum:
640 2603 741 2632 homo
757 2609 865 2632 autem
880 2602 968 2642 prius
983 2602 1043 2632 alia
1059 2612 1155 2644 quam
1174 2612 1216 2638 se,
1233 2609 1263 2632 et
1279 2601 1365 2632 obie-
1392 2634 1394 2643 »
1420 2601 1493 2631 stini
1508 2601 1525 2620 *
1549 2601 1680 2631 dicentis
1695 2601 1783 2644 quod
1808 2602 1924 2639 virum,
1935 2606 2073 2642 propter
2087 2601 2230 2642 aliquam
2254 2602 2368 2632 mentis
2385 2601 2494 2632 elatio-
2521 2609 2532 2620 ·
2545 2608 2603 2632 boc.
2617 2609 2659 2632 ott.

297 2659 349 2685 cto
374 2649 472 2680 utitur
496 2646 635 2678 sensibili
658 2647 697 2676 ad
717 2646 766 2677 sui
790 2646 1017 2686 cognitionem.
1049 2646 1142 2678 Unde
1171 2656 1236 2676 non
1261 2646 1367 2686 potuit
1392 2645 1393 2654 ³
1421 2655 1503 2684 nem,
1519 2646 1703 2676 sollicitavit
1725 2645 1884 2686 quaedam
1900 2645 2088 2686 experiendi
2102 2645 2272 2686 cupiditas,
2289 2655 2362 2676 cum
2379 2646 2492 2677 mulie·
2567 2644 2569 2646 ’

297 2696 438 2737 primum
462 2691 601 2723 hominis
624 2698 790 2731 peccatum
813 2701 881 2722 esse
904 2691 1103 2722 inordinatus
1126 2701 1217 2721 amor
1240 2690 1300 2721 sui.
1419 2699 1487 2720 rem
1513 2690 1646 2728 videret,
1669 2695 1799 2730 accepta
1823 2690 1880 2720 illa
1904 2699 1996 2727 esca,
2021 2699 2083 2721 non
2108 2699 2176 2721 esse
2199 2694 2371 2722 mortuam.
2402 2690 2495 2734 Hanc

352 2737 498 2770 Secundo
513 2737 547 2772 *‚
573 2735 648 2776 quia
672 2735 848 2766 secundum
872 2735 1090 2776 Augustinum
1105 2735 1155 2772 ²¹⁹⁸,
1181 2742 1211 2766 et
1234 2735 1367 2765 habetur
1419 2741 1598 2775 sequuntur
1620 2733 1769 2774 Magister
1788 2733 2021 2766 Sententiarum
2037 2733 2055 2753 *
2077 2741 2108 2765 et
2123 2736 2255 2766 Auctor.
2280 2733 2394 2765 Scotus
2417 2740 2494 2765 veto
2521 2738 2602 2762 ·1.oe.
2617 2739 2657 2762 οιι.

297 2785 329 2814 in
353 2783 455 2814 littera
478 2780 619 2820 Magistri
647 2779 895 2816 Sententiarum,
921 2780 992 2811 dist.
1016 2790 1078 2811 κιαι
1108 2779 1245 2811 Secundi
1268 2779 1365 2815 Libri,
1420 2778 1556 2819 primam
1581 2786 1627 2809 est
1650 2778 1815 2819 amplexus
1839 2777 1934 2810 viam.

297 2829 401 2859 Adam
417 2825 558 2867 peccavit
581 2834 618 2854 ex
633 2834 740 2854 amore
762 2824 999 2855 benevolentiae
1023 2825 1063 2855 ad
1086 2834 1230 2860 uxorem,
1247 2834 1284 2854 ex
1300 2833 1365 2864 quo
1476 2823 1528 2854 111.
1555 2823 1647 2854 Unde
1670 2823 1703 2853 in
1735 2822 1794 2853 hac
1828 2823 1957 2855 materia
1981 2832 2048 2854 non
2076 2821 2136 2853 nisi
2167 2821 2373 2863 probabiliter
2402 2821 2493 2863 loqui

298 2870 457 2903 consensit
481 2870 513 2900 in
538 2879 628 2899 esum
652 2868 741 2908 pomi
765 2868 863 2899 vetiti.
1419 2867 1536 2907 patitur
1559 2867 1627 2908 ipsa
1651 2867 1782 2898 materia
1801 2867 1840 2898 de
1857 2877 1923 2898 uno
1946 2866 2095 2907 singulari
2114 2876 2180 2898 non
2202 2865 2314 2898 scibili.
2339 2866 2433 2897 Ratio
2453 2865 2494 2897 si-

357 2916 463 2946 Tertio
491 2914 507 2933 *
519 2937 526 2949 ,
551 2913 626 2954 quia
657 2913 835 2943 secundum
866 2913 1079 2953 Apostolum,
1109 2913 1152 2944 ad
1186 2913 1264 2943 Tim.
1283 2912 1294 2942 1
1315 2911 1365 2948 **‚
1419 2912 1549 2952 quidem
1566 2911 1652 2943 Scoti
1667 2911 1684 2931 *
1701 2911 1778 2942 nihil
1794 2911 1885 2943 valet.
1903 2912 1991 2942 Tum
2008 2911 2083 2952 quia
2100 2918 2208 2942 contra
2225 2909 2401 2951 ipsummet
2416 2909 2493 2942 Sco·
2519 2914 2529 2925 ⁸
2544 2914 2616 2938 Num·
2631 2920 2648 2938 ¹·

297 2961 401 2991 Adam
426 2968 488 2989 non
515 2963 561 2988 est
591 2957 762 2988 seductus.-
785 2967 820 2987 ac
844 2967 899 2996 per
922 2957 1002 2993 hoc,
1034 2967 1098 2987 non
1123 2957 1252 2988 credidit
1281 2956 1365 2986 dicto
1419 2962 1488 2986 tum
1506 2955 1623 2986 ibidem
1648 2955 1820 2992 concludit,
1838 2955 1863 2986 si
1879 2955 2050 2987 concludit.
2075 2955 2240 2993 Quoniam
2257 2954 2403 2986 concedit
2424 2954 2493 2995 ipse

299 3003 474 3039 daemonis,
491 3002 593 3032 Eritis
615 3002 697 3032 sicut
720 3002 765 3032 dii
778 3001 804 3031 *.
826 3001 867 3031 Et
890 3008 1121 3042 consequenter
1145 3011 1209 3031 non
1234 3000 1367 3042 appetiit
1418 2999 1461 3030 ibi
1485 3001 1574 3041 quod
1599 3001 1664 3031 Eva
1679 3000 1820 3040 peccavit
1843 3000 1948 3041 primo
1969 3010 2005 3031 ex
2028 2999 2209 3030 inordinato
2233 3009 2341 3029 amore
2357 2998 2417 3036 sui,
2435 2999 2492 3030 sci-

299 3046 484 3080 huiusmodi
502 3045 743 3077 similitudinem
761 3045 917 3075 divinam:
940 3045 973 3076 in
989 3056 1055 3086 quo
1076 3045 1259 3076 consisteret
1281 3045 1367 3076 illius
1418 3044 1491 3075 licet
1513 3045 1693 3085 appetendo
1711 3044 1873 3085 propriam
1897 3044 2114 3075 excellentiam
2134 3043 2168 3074 in
2192 3043 2254 3074 hoc
2277 3044 2366 3084 quod
2390 3043 2493 3075 voluit

298 3093 454 3133 superbia,
471 3091 497 3121 si
521 3096 680 3130 peccasset
703 3099 759 3130 per
782 3089 975 3130 superbiam.
1420 3099 1487 3119 esse
1519 3096 1554 3119 ut
1584 3089 1681 3120 Deus.
1714 3088 1848 3120 Certum
1873 3095 1919 3119 est
1949 3095 2056 3119 autem
2080 3087 2169 3128 quod
2199 3087 2267 3118 Eva
2299 3087 2493 3128 intelligebat

354 3138 390 3167 11.
416 3136 466 3167 Ad
482 3134 577 3165 huius
594 3133 789 3175 quaestionis
806 3133 1007 3170 evidentiam,
1024 3133 1188 3164 sciendum
1205 3140 1251 3164 est
1266 3133 1365 3174 quod,
1418 3133 1506 3173 prius
1521 3133 1582 3163 alia
1605 3143 1702 3174 quam
1720 3143 1764 3170 se,
1781 3139 1812 3164 et
1834 3133 1982 3164 utebatur
2005 3131 2130 3163 obiecto
2145 3131 2285 3162 sensibili
2310 3132 2348 3162 ad
2373 3131 2422 3162 sui
2439 3142 2492 3164 co-

299 3189 333 3212 ut
356 3188 440 3221 patet
463 3180 496 3210 in
519 3189 580 3210 xxn
605 3179 674 3209 dist.
697 3179 722 3208 II
740 3178 839 3215 Sent„
857 3178 986 3209 materia
1009 3178 1067 3208 ista
1091 3188 1156 3208 non
1181 3185 1226 3208 est
1250 3188 1366 3219 usque·
1419 3177 1606 3218 gnitionern,
1631 3188 1697 3208 non
1722 3177 1829 3208 minus
1852 3186 1949 3218 quam
1981 3176 2095 3207 Adam.
2128 3178 2194 3206 Aut
2217 3185 2291 3216 ergo
2321 3175 2400 3208 ratio
2424 3187 2491 3208 non

299 3235 425 3266 quaque
449 3225 540 3255 clara.
565 3223 724 3264 Scriptura
748 3232 886 3263 namque
911 3222 990 3253 circa
1021 3231 1186 3263 peccatum
1210 3222 1295 3253 Evae
1319 3229 1367 3253 tot
1420 3222 1584 3253 concludit
1607 3222 1646 3252 de
1669 3222 1787 3253 Adam:
1812 3227 1876 3258 aut,
1893 3220 1918 3251 si
1943 3219 2106 3251 concludit
2129 3220 2167 3250 de
2191 3220 2305 3257 Adam,
2329 3220 2493 3252 concludit

299 3269 372 3300 dicit
396 3276 430 3299 ut
453 3279 489 3299 ex
512 3267 565 3298 illa
589 3267 755 3307 colligatur
779 3266 926 3307 superbia
946 3267 1040 3298 Evae.
1065 3267 1149 3297 Nam
1173 3266 1366 3298 conferendo
1392 3302 1393 3307 ¹
1419 3266 1514 3297 etiam
1539 3267 1577 3296 de
1601 3266 1677 3298 Eva.
1703 3266 1744 3296 Et
1766 3275 1837 3296 vere
1861 3264 1939 3295 nihil
1970 3264 2141 3296 concludit.
2174 3264 2338 3302 Quoniam
2361 3265 2436 3296 licet
2457 3265 2490 3296 in

299 3313 454 3354 promissa
477 3323 494 3342 a
518 3312 673 3342 daemone
697 3310 822 3341 mulieri
846 3321 918 3341 curn
935 3311 1118 3342 seductione
1142 3310 1251 3352 ipsius,
1268 3321 1366 3352 quam
1392 3311 1393 3328 ¹
1420 3311 1519 3341 modo
1544 3308 1756 3351 cognoscendi
1773 3318 1806 3339 se
1829 3308 1973 3339 differant
1995 3309 2137 3348 Angelus
2154 3315 2184 3339 et
2207 3309 2318 3347 homo,
2335 3309 2368 3341 in
2391 3319 2490 3354 appe-

299 3357 424 3388 tradidit
447 3356 622 3396 Apostolus
644 3354 679 3391 ¹¹,
705 3362 835 3395 apparet
859 3356 947 3396 quod
979 3356 1108 3396 decepta
1139 3363 1184 3386 est
1209 3355 1365 3386 credendo
1392 3358 1393 3396 l
1420 3355 1478 3387 titu
1503 3362 1609 3385 tamen
1633 3352 1842 3384 conveniunt:
1867 3353 1955 3393 quod
1979 3352 2098 3384 scilicet
2119 3353 2256 3384 amabile
2286 3358 2334 3386 est
2356 3353 2488 3391 bonum,

300 3401 472 3441 promissis,
489 3408 519 3430 et
535 3400 714 3440 appetendo
731 3400 799 3439 ipsa
814 3399 847 3430 in
864 3400 979 3441 quibus
996 3399 1161 3431 manifeste
1184 3399 1365 3431 excellentia
1392 3398 1393 3435 l
1421 3400 1593 3439 unicuique
1622 3403 1729 3430 autem
1753 3398 1944 3437 proprium,
1969 3405 2004 3429 ut
2033 3397 2147 3428 dicitur
2171 3398 2241 3430 VIII
2271 3397 2376 3430 Ethic.
2399 3397 2432 3437 *ς
2459 3403 2490 3429 et
2517 3402 2527 3413 ⁸
2541 3401 2598 3430 (ἓψ-
2617 3407 2645 3430 ¹¹.
2662 3408 2686 3426 ιι.
2703 3408 2730 3430 2:

301 3445 424 3477 divinae
439 3444 652 3476 similitudinis
668 3444 869 3484 proponitur.
895 3444 955 3476 Sed
977 3444 1055 3475 circa
1078 3451 1245 3484 peccatum
1270 3444 1366 3480 Adae,
1392 3468 1394 3490 ‚
1419 3443 1602 3474 amicabilia
1625 3451 1709 3484 quae
1729 3446 1807 3473 sunt
1829 3441 1872 3472 ad
1887 3442 1980 3478 alios,
1998 3443 2130 3473 veniunt
2153 3452 2195 3473 ex
2210 3441 2433 3478 amicabilibus
2446 3442 2491 3479 dd
2516 3432 2660 3479 ἓρὴῗῖιὲί.
2675 3435 2730 3479 ⁴'vT

301 3489 486 3530 Apostolus,
503 3489 648 3528 negando
673 3488 891 3520 seductionem
905 3489 1004 3525 Adae,
1020 3499 1084 3519 non
1108 3489 1235 3530 reliquit
1257 3488 1367 3520 ianuas
1392 3500 1393 3512 ι
1419 3497 1454 3518 se
1467 3487 1495 3518 *.
1519 3486 1664 3518 Primum
1681 3495 1756 3526 ergo
1773 3485 1811 3515 ab
1836 3484 1925 3515 omni
1949 3485 2153 3518 intellectuali
2178 3486 2320 3528 appetitu
2345 3493 2489 3518 amatum
2516 3493 2608 3522 ἰδίει,
2626 3494 2668 3517 ub.
2687 3494 2729 3523 tx,

302 3539 422 3574 apertas
447 3539 482 3562 ut
505 3539 618 3571 coepto
642 3531 750 3562 itinere
774 3539 939 3571 peccatum
956 3533 1211 3573 progrederetur:
1237 3539 1267 3562 et
1291 3541 1366 3572 pro·
1392 3513 1393 3540 l
1420 3540 1528 3561 amore
1544 3529 1698 3560 amicitiae
1718 3536 1764 3560 est
1778 3528 1911 3569 ipsemet
1928 3539 2047 3566 amans,
2064 3531 2114 3561 cui
2130 3531 2260 3572 aliquod
2273 3531 2398 3561 bonum
2407 3529 2487 3562 vult.
2514 3525 2728 3575 πζέξῗζξῗζζ

301 3584 408 3618 pterea
431 3577 603 3607 obscurum
619 3583 759 3605 remanet
782 3576 859 3616 quid
874 3576 1038 3616 appetierit
1061 3577 1174 3607 Adam.
1199 3576 1262 3606 Alii
1278 3585 1366 3606 nam—
1477 3574 1528 3605 lv.
1560 3574 1610 3604 Ad
1640 3573 1858 3604 auctoritatem
1882 3573 2085 3614 Augustini*
2107 3574 2221 3606 dicitur
2244 3575 2333 3616 quod
2365 3584 2402 3605 ex
2433 3574 2488 3605 illa
2514 3573 2567 3596 ¹⁰0⁸-
2582 3579 2613 3602 ¹⁷»
2627 3579 2680 3597 ⁷¹¹¹·

302 3632 364 3662 que
383 3630 420 3652 ex
443 3620 610 3660 negatione
626 3619 816 3650 seductionis
842 3620 1042 3659 negationem
1058 3620 1215 3660 appetitus
1230 3619 1366 3660 promis-
1392 3645 1393 3652 ,
1420 3618 1606 3649 auctoritate
1625 3627 1691 3648 non
1708 3618 1840 3648 habetur
1855 3619 1945 3659 quod
1961 3618 2102 3659 primum
2125 3625 2291 3659 peccatum
2314 3619 2403 3650 Adae
2418 3617 2486 3649 fue·
2514 3599 2730 3648 egn‘usm‘
