2768 4198
969 265 1239 312 QUAESTIO
1269 265 1446 312 CXLVI,
1476 264 1776 302 ARTICULUS
1805 264 1835 300 ll
2432 263 2497 299 151

306 360 413 385 mum
443 346 492 384 ad
522 358 562 383 se
593 345 774 382 alliciunt:
806 344 901 381 sicut
930 345 979 381 ad
1008 344 1267 381 fortitudinem
1293 357 1376 394 per-

304 402 396 438 tinet
426 400 579 437 firmare
609 398 780 435 animum
806 405 937 434 contra
966 397 1122 435 timores
1143 410 1165 434 a
1185 399 1290 435 bono
1321 411 1376 434 ra-

303 454 416 491 tionis
445 453 681 502 repellentes.
718 453 767 488 Et
796 452 884 488 ideo
914 451 1008 488 sicut
1037 451 1119 488 laus
1152 451 1377 488 fortitudinis
1403 474 1405 494 2

304 507 474 544 consistit
502 506 540 543 in
569 506 742 554 quodam
772 517 942 548 exceSSU,
966 513 1001 541 et
1026 517 1069 542 ex
1099 506 1174 541 hoc
1204 505 1378 542 denomi-

304 568 444 598 nantur
472 571 610 597 omnes
638 566 765 608 partes
794 558 1041 604 fortitudini83
1072 559 1122 595 ita
1152 558 1264 595 etiarn
1295 559 1377 596 laus

1433 343 1702 381 denominatur
1723 356 1745 379 a
1770 343 1931 380 defectu.
1961 343 2010 378 Et
2029 349 2158 378 tamen
2180 340 2346 377 consistit
2366 340 2404 377 in
2425 353 2503 376 me-

1433 397 1508 443 dio,
1539 397 1767 445 inquantum
1797 404 1853 433 est
1881 396 2095 433 secundum
2130 394 2317 431 rationem
2347 402 2502 431 rectam.

1485 453 1543 487 AD
1578 462 1752 493 QUARTUM
1788 461 1974 487 01οΕΝοοΜ
2013 450 2117 498 quod
2151 448 2211 485 illa
2243 447 2333 484 vitia
2366 459 2504 495 prove-

1432 504 1540 542 niunt
1568 517 1613 540 ex
1642 503 1867 541 abstinentia
1894 509 2009 552 prout
2037 515 2116 539 non
2137 509 2192 538 est
2211 500 2423 538 secundum
2449 513 2505 537 ra-

1432 554 1763 594 tionem⁴rectam.
1799 557 1910 594 Ratio
1941 556 2042 593 enim
2073 563 2176 592 recta
2200 554 2287 592 facit
2316 554 2505 591 abstinere

303 613 580 664 temperantiae
610 612 779 650 consistit
808 612 844 650 in
876 612 1049 664 quodam
1079 613 1240 659 defectu,
1272 620 1308 649 et
1333 624 1377 648 ex
1403 600 1405 663 Ι
1431 612 1528 648 sicut
1553 608 1750 660 oportet⁶,
1781 611 1920 647 scilicet
1949 622 2038 647 cum
2067 609 2252 646 hilaritate
2281 608 2439 653 mentis3
2470 615 2505 644 et

303 668 379 705 hoc
413 667 495 716 ipsa
534 674 570 704 et
607 679 743 703 omnes
779 674 906 715 partes
945 666 1025 703 eius
1068 666 1376 703 denominantur.
1403 666 1405 720 Ι
1427 671 1586 713 propter
1604 665 1706 713 quod
1723 670 1878 713 oportet,
1900 664 2049 700 scilicet.
2059 671 2216 712 propter
2235 661 2393 710 gloriam
2415 661 2502 706 Dei,

303 721 416 759 Unde
445 729 482 757 et
509 720 748 767 abstinentia,
771 720 859 769 quia
887 732 975 768 pars
1005 728 1061 756 est
1089 719 1375 768 temperantiae,

1434 731 1511 755 non
1541 727 1698 767 propter
1724 718 1882 766 gloriam
1912 730 2034 754 suam.

357 851 382 885 δ)
401 855 515 885 oportet.
528 866 547 871 —
565 855 680 884 apparet
699 852 919 884 BDEFILpACK.

987 923 1323 956 commentaria
1347 921 1600 954 Cardinalis
1624 921 1825 953 Caietam

306 1015 354 1079 In
381 1004 515 1035 articulo
547 1003 652 1044 pn'mo
682 1003 878 1044 quaestionis
913 1002 1376 1043 centesimaequadragesimae-

1432 1008 1476 1031 tet
1506 1000 1648 1040 primum
1677 1000 1859 1029 membrum
1890 1009 1956 1029 non
1981 999 2084 1029 claudi
2114 999 2173 1028 sub
2205 999 2363 1028 secundo:
2389 998 2444 1028 sed
2468 1007 2505 1028 ex

334 1056 448 1085 sextae,
466 1049 506 1079 ad
522 1048 710 1085 secundum,
727 1048 862 1079 dubium
887 1047 1023 1078 occurrit
1043 1047 1123 1078 circa
1141 1046 1378 1077 distinctionem
1404 1083 1406 1087 Ι
1432 1045 1584 1085 opposito
1601 1045 1744 1074 membra
1768 1043 1931 1073 divisionis
1948 1043 2195 1083 distinguuntur.
2219 1043 2303 1072 Nam
2327 1042 2504 1073 moderatio

302 1094 422 1125 ibidem
445 1094 553 1124 datam
577 1094 616 1123 de
639 1093 858 1124 moderatione
881 1092 1028 1123 ciborum
1043 1092 1222 1121 secundum
1246 1090 1377 1126 diversa,

303 1146 334 1170 et
357 1145 488 1180 propter
503 1137 582 1169 fines
606 1137 757 1168 diversos.
782 1138 865 1167 Nam
890 1137 929 1166 ad
946 1135 1170 1166 abstinentiam
1194 1141 1314 1174 spectat
1330 1141 1377 1164 to-

302 1191 373 1215 tum
397 1183 539 1224 primum
555 1182 747 1218 membrum,
765 1181 881 1212 scilicet
904 1180 1082 1210 moderatio
1103 1179 1248 1210 ciborum
1268 1188 1379 1208 secun-

303 1229 382 1259 dum
406 1228 616 1270 quantitatem
632 1232 664 1256 et
685 1226 887 1266 qualitatem:
913 1231 948 1255 ut
964 1231 1050 1264 patet
1073 1234 1109 1254 ex
1133 1223 1298 1264 speciebus
1321 1232 1378 1263 gu-

59 1279 118 1303 ·Cf·
128 1285 168 1308 qu·
179 1285 275 1307 mun,
302 1274 360 1309 lae,
377 1283 460 1314 quae
475 1281 574 1312 penes
589 1271 667 1302 haec
682 1270 921 1309 distinguuntur
933 1269 960 1299 *.
984 1269 1025 1299 Et
1041 1278 1150 1299 rursus
1167 1268 1206 1298 ad
1222 1267 1378 1298 abstinen-

59 1310 139 1333 ω’*
263 1342 267 1343 ν
301 1317 531 1357 tiaflrs‘pectat
554 1314 732 1346 moderatio
763 1314 910 1345 ciborum
940 1313 972 1343 in
1004 1313 1116 1343 ordine
1139 1313 1179 1342 ad
1212 1311 1379 1342 sanitatem
1405 1330 1406 1334 =

137 1367 274 1395 .xi‚n·8.-
303 1361 461 1402 corporis:
487 1366 524 1391 ut
552 1366 639 1400 patet
661 1359 694 1390 in
726 1359 768 1389 111
792 1358 896 1389 Ethic.
912 1357 930 1377 *
953 1358 992 1388 ab
1023 1357 1212 1392 Aristotele,
1240 1363 1270 1387 et
1293 1362 1379 1396 patet

60 1395 85 1419 ε’
140 1395 212 1417 '¹⁶⁶¹'
226 1399 273 1416 ¹²¹¹'
301 1406 398 1437 etiam
422 1404 578 1446 superius,
602 1405 635 1435 in
659 1410 717 1435 art.
735 1404 754 1434 6
778 1413 833 1444 qu.
850 1413 929 1434 cxm.

358 1450 409 1481 Ad
433 1450 496 1481 hoc
519 1449 635 1480 dicitur
649 1449 739 1490 quod
762 1447 923 1478 distinctio
940 1446 1090 1478 Auctoris
1112 1445 1145 1476 in
1161 1445 1264 1476 littera
1287 1444 1377 1476 intel-

301 1495 428 1536 ligenda
452 1501 499 1526 est
521 1501 558 1525 ut
580 1494 613 1525 in
637 1501 776 1534 utroque
808 1493 954 1523 membro
986 1491 1026 1522 sit
1049 1500 1155 1521 sermo
1187 1491 1225 1520 de
1249 1489 1379 1530 propria

301 1546 334 1571 et
354 1538 522 1582 principali
545 1538 676 1570 materia
698 1537 939 1574 moderaminis,
962 1543 993 1567 et
1016 1535 1160 1566 similiter
1183 1536 1222 1565 de
1246 1534 1378 1575 proprio

300 1591 335 1616 et
355 1584 523 1626 principali
539 1583 602 1614 fine
625 1583 779 1614 eiusdem.
805 1582 853 1613 De
876 1581 925 1612 his
945 1581 1104 1623 siquidem
1128 1580 1304 1622 loquendo,
1321 1589 1378 1620 pa-

1433 1088 1602 1129 respiciens
1635 1088 1846 1128 quantitatem
1870 1094 1925 1118 aut
1948 1087 2132 1128 qualitatem
2164 1087 2309 1117 ciborum
2337 1087 2371 1117 in
2395 1086 2505 1117 ordine

1433 1134 1473 1163 ad
1497 1133 1664 1163 sanitatem
1688 1132 1830 1172 corporis
1855 1139 1890 1162 ut
1914 1131 2081 1172 proprium
2105 1138 2135 1162 et
2159 1131 2366 1172 principalem
2389 1130 2504 1167 finem,

1434 1187 1501 1207 non
1524 1183 1644 1217 spectat
1667 1177 1707 1206 ad
1730 1176 1989 1216 temperantiam,
2015 1176 2070 1206 sed
2103 1175 2279 1206 medicinae
2303 1182 2411 1206 artem.
2444 1175 2505 1206 Sed

1432 1221 1611 1251 moderatio
1637 1220 1911 1260 concupiscentiae
1935 1220 2013 1251 tanti
2038 1227 2068 1251 et
2082 1220 2152 1251 talis
2176 1220 2246 1256 cibi,
2268 1220 2401 1250 consoni
2425 1220 2505 1250 scili-

1434 1273 1482 1296 cet
1505 1265 1629 1296 sanitati
1653 1265 1796 1305 corporis
1820 1272 1876 1295 aut
1898 1265 2010 1295 saltem
2034 1274 2100 1295 non
2124 1264 2300 1305 impeditivi
2323 1264 2418 1300 illius,
2436 1274 2505 1304 spe-

1434 1316 1495 1341 ctat
1511 1310 1550 1339 ad
1567 1309 1810 1350 temperantiam
1823 1309 1856 1339 in
1870 1309 1980 1340 ordine
1998 1310 2037 1340 ad
2053 1310 2178 1339 bonum
2195 1309 2334 1340 rationis.
2356 1309 2401 1339 Ita
2417 1309 2506 1349 quod

1433 1354 1561 1395 propria
1578 1361 1608 1384 et
1631 1354 1813 1395 principalis
1830 1354 1959 1384 materia
1975 1354 2201 1394 temperantiae
2218 1360 2264 1384 est
2280 1353 2505 1394 concupiscen-

1433 1399 1490 1429 tia:
1517 1399 1677 1439 quantitas
1708 1407 1816 1430 autem
1840 1405 1870 1428 et
1893 1399 2028 1439 qualitas
2052 1398 2112 1428 cibi
2144 1405 2218 1428 sunt
2242 1398 2364 1428 obiecta
2388 1408 2506 1428 concu-

1433 1443 1613 1484 piscentiae,
1635 1453 1670 1474 ac
1693 1453 1750 1483 per
1773 1443 1835 1473 hoc
1859 1443 1989 1474 materia
2012 1450 2135 1473 remota
2159 1442 2395 1483 temperantiae.
2419 1442 2506 1472 Finis

1432 1495 1540 1519 autem
1565 1488 1714 1528 proprius
1738 1495 1785 1518 est
1808 1488 1933 1518 bonum
1956 1488 2102 1518 rationis:
2128 1488 2186 1517 sub
2209 1497 2275 1528 quo
2299 1487 2507 1527 temperantia

1432 1533 1598 1564 sanitatem
1628 1533 1770 1573 corporis
1804 1540 1922 1569 servat,
1943 1533 2102 1563 mediante
2132 1532 2267 1562 naturali
2291 1542 2415 1567 amore,
2440 1542 2506 1572 quo

1433 1588 1525 1609 nemo
1549 1587 1691 1618 unquam
1717 1587 1846 1608 carnem
1870 1587 1963 1608 suam
1988 1577 2060 1608 odio
2083 1577 2194 1607 habuit
2208 1576 2234 1607 *.

1070 1733 1392 1778 ARTICULUS
1436 1731 1740 1776 SECUNDUS

910 1830 1068 1862 UTRUM
1097 1828 1390 1860 ABSTINENTIA
1413 1828 1481 1860 SIT
1505 1827 1722 1860 SPEciAffls
1745 1827 1904 1859 viRTUS

442 1946 494 1969 «ι
518 1934 542 1960 D
561 1933 754 1959 SECUNDUM
768 1932 822 1958 s1c
837 1931 1079 1958 PROCEDtTUR.
1099 1918 1260 1956 Videtur
1273 1917 1379 1966 quod

338 1953 491 2025 ςξὲἷῐῗ
519 1973 748 2012 abstinentia
762 1986 841 2011 non
853 1973 900 2011 sit
910 1972 1084 2023 specialis
1092 1972 1225 2009 virtus.
1240 1970 1380 2008 Omnis

324 2013 625 2077 '‘xvv-,issenim
643 2028 765 2066 virtus
793 2028 1007 2065 secundum
1036 2026 1202 2075 seipsam
1227 2032 1282 2062 est
1300 2025 1380 2062 lau-

314 2077 335 2106 s
363 2075 668 2120 ffa‘kdabilis.
700 2081 778 2119 Sed
806 2081 1032 2118 abstinentia
1061 2092 1140 2117 non
1169 2087 1226 2116 est
1245 2091 1380 2116 secun-

305 2137 398 2176 dum
427 2147 468 2173 se
497 2135 718 2174 laudabilis:
749 2135 838 2172 dicit
865 2134 966 2172 enim
996 2133 1216 2182 Gregorius,
1245 2133 1284 2170 in
1302 2134 1379 2170 Pa-

62 2199 74 2210 *
87 2197 214 2247 ‘’m-'1114
223 2203 275 2246 ας·
302 2190 436 2228 storali
454 2190 487 2237 *,
512 2189 618 2238 quod
637 2190 757 2227 virtus
774 2188 1020 2226 abstinentiae
1039 2200 1114 2225 non
1135 2187 1208 2225 nisi
1224 2199 1276 2224 ex
1294 2187 1379 2224 aliis

61 2231 175 2275 ffuimiii-
190 2231 238 2274 εἷ’
269 2240 275 2251 ’
302 2244 502 2282 virtutibus
520 2243 819 2281 commendatur.
850 2242 953 2290 Ergo
973 2241 1200 2279 abstinentia
1218 2253 1298 2278 non
1323 2247 1379 2278 est

303 2297 476 2348 specialis
503 2297 633 2334 virtus.

61 2355 71 2365 ⁸
86 2353 230 2382 mmm*-
358 2362 394 2388 2.
414 2351 651 2398 PRAETEREA,
667 2349 902 2398 Augustinus
915 2348 936 2370 ²¹⁸
956 2348 1054 2397 dicit,
1070 2349 1116 2387 de
1133 2349 1228 2386 Fide
1240 2349 1292 2386 ad
1308 2349 1377 2385 Pe—

62 2410 72 2420 ·
81 2408 148 2464 gv·
170 2413 230 2450 ¹¹³¹:
246 2408 276 2452 ⁸¹:
303 2410 404 2442 trum
423 2404 455 2452 ³¹²,
485 2403 591 2453 quod
620 2403 844 2441 abstinentia
864 2410 1085 2440 sanctorum
1114 2410 1171 2440 est
1189 2415 1211 2440 a
1232 2402 1317 2439 cibo
1343 2410 1379 2439 et

62 2466 98 2485 1⁶¹·
111 2452 253 2491 ‘Off-Aw-
303 2466 410 2509 potu,
441 2470 520 2495 non
549 2458 638 2507 quia
666 2457 792 2507 aliqua
816 2465 989 2496 creatura
1008 2457 1081 2494 Dei
1102 2457 1148 2493 sit
1176 2457 1289 2504 mala,
1310 2455 1379 2493 sed

298 2524 374 2561 pro
402 2511 483 2548 sola
512 2511 682 2561 corporis
710 2511 967 2561 castigatione.
1004 2511 1091 2548 Hoc
1120 2518 1250 2547 autem
1292 2522 1378 2559 per-

304 2565 396 2603 tinet
423 2566 472 2601 ad
502 2565 729 2602 castitatem:
765 2572 807 2601 ut
835 2577 880 2601 ex
908 2564 992 2613 ipso
1021 2563 1178 2601 nomine
1209 2571 1377 2613 apparet.

305 2620 409 2667 Ergo
439 2617 666 2655 abstinentia
694 2630 773 2655 non
803 2626 859 2655 est
885 2617 1006 2654 virtus
1035 2617 1208 2667 specialis
1228 2630 1250 2654 a
1271 2617 1378 2654 casti-

304 2680 380 2710 tate
410 2671 593 2709 distincta.

362 2727 397 2763 3.
419 2726 656 2772 PRAETEREA,
677 2724 773 2761 sicut
789 2725 910 2761 homo
941 2723 1056 2761 debet
1075 2736 1158 2761 esse
1179 2731 1379 2762 contentus

306 2779 508 2816 moderato
539 2778 638 2826 cibo,
659 2778 710 2814 ita
735 2786 771 2814 et
790 2779 990 2815 moderata
1008 2785 1134 2814 veste:
1165 2778 1380 2815 secundum

63 2841 74 2852 ·
90 2839 155 2862 Ven-
171 2840 193 2862 8-
305 2832 397 2870 illud
426 2834 439 2869 I
470 2833 522 2869 ad
545 2833 640 2870 Tim.
661 2832 726 2868 ult.
750 2832 791 2868 *ε
820 2831 1015 2868 Habentes
1042 2831 1222 2868 alimenta
1245 2837 1283 2868 et
1298 2832 1379 2880 qui-

306 2887 375 2924 bus
402 2892 591 2936 tegamur,
610 2886 667 2923 his
695 2885 859 2922 contenti
883 2884 1012 2921 simus.
1043 2886 1084 2921 In
1114 2885 1379 2922 moderatione

306 2947 438 2978 autem
471 2940 637 2977 vestium
677 2951 756 2976 non
793 2946 850 2975 est
882 2938 1007 2986 aliqua
1040 2938 1214 2987 specialis
1246 2938 1378 2976 virtus.

163 3003 181 3021 α
306 2994 410 3042 Ergo
444 3005 569 3042 neque
604 2992 831 3030 abstinentia
852 2997 888 3039 α,
919 3004 1017 3040 quae
1052 2999 1108 3028 est
1142 2992 1381 3030 moderativa

307 3046 590 3085 alimentorum.

65 3103 111 3152 fig?
121 3103 279 3158 ἔξιτέ-(ἴῃς
361 3101 437 3138 SED
457 3112 604 3138 CONTRA
624 3111 690 3137 ns’r
709 3099 815 3149 quod
845 3098 1066 3135 Macrobius
1084 3097 1105 3119 ’¹‘
1133 3098 1241 3147 ponit
1268 3098 1381 3135 absti-

308 3154 478 3191 nentiam
507 3154 714 3203 specialem
742 3160 892 3202 partem
921 3151 1208 3201 temperantiae.

25 3223 30 3225 >
65 3210 280 3265 L‘Judgmcggffi
362 3208 589 3245 REsponnEo
627 3219 813 3245 DICENDUM
848 3206 975 3256 quod,
1005 3205 1100 3243 sieut
1138 3217 1253 3254 supra
1277 3205 1298 3227 '¹‘
1327 3205 1380 3243 di-

66 3267 196 3319 :guisin-
219 3269 279 3290 ω’,
309 3267 412 3297 ctum
433 3268 499 3308 est,
528 3262 649 3298 virtus
678 3260 833 3298 moralis
863 3267 1065 3297 conservat
1093 3259 1241 3296 bonum
1269 3259 1381 3296 ratio-

309 3313 367 3350 nis
397 3321 529 3351 contra
556 3314 722 3363 impetus
750 3314 995 3363 passionum:
1027 3321 1064 3350 et
1082 3313 1170 3350 ideo
1191 3312 1257 3349 ubi
1276 3312 1381 3350 inve-

362 3444 390 3477 α)
410 3444 583 3470 abstinentia.
595 3458 615 3464 -
633 3445 660 3469 in
679 3445 842 3471 abstinentia
859 3446 892 3471 A.

363 3479 389 3513 β)
409 3479 558 3505 abstrahat.
569 3493 588 3498 —
605 3480 738 3506 abstrahit
757 3481 852 3507 PDGa.

1408 3293 1411 3334 1

1408 3447 1410 3470 l

1434 1916 1534 1954 nitur
1551 1916 1725 1966 specialis
1745 1915 1840 1954 ratio
1859 1928 1936 1966 qua
1954 1915 2084 1965 passio
2105 1916 2297 1953 abstrahat
2316 1914 2331 1945 β
2359 1929 2382 1953 a
2405 1917 2508 1953 bono

1435 1970 1603 2016 rationis,
1625 1970 1676 2007 ibi
1705 1982 1864 2007 necesse
1892 1977 1948 2007 est
1977 1982 2059 2007 esse
2089 1969 2295 2020 specialem
2315 1970 2507 2007 virtutem.

1434 2024 1717 2062 Delectationes
1746 2031 1876 2061 autem
1907 2023 2081 2061 ciborum
2112 2032 2223 2061 natae
2252 2031 2339 2061 sunt
2367 2025 2508 2061 abstra-

1433 2079 1526 2115 here
1554 2077 1755 2115 hominem
1781 2090 1803 2114 a
1823 2077 1929 2116 bono
1959 2077 2135 2115 rationis:
2166 2085 2247 2115 tum
2271 2085 2429 2127 propter
2449 2090 2509 2115 ea-

1435 2144 1520 2169 rum
1550 2131 1875 2180 magnitudinem
1904 2139 1987 2169 tum
2018 2132 2132 2169 etiarn
2161 2139 2318 2182 propter
2345 2131 2508 2169 necessi-

1434 2194 1553 2223 tatem
1590 2186 1781 2233 ciborum,
1812 2185 1950 2235 quibus
1986 2186 2108 2223 homo
2147 2185 2289 2234 indiget
2327 2185 2375 2223 ad
2408 2185 2510 2222 vitae

1434 2239 1782 2287 conservationem,
1812 2251 1930 2288 quam
1959 2239 2124 2276 maxime
2157 2240 2278 2277 homo
2308 2239 2508 2277 desiderat.

1433 2294 1483 2331 Et
1510 2293 1599 2331 ideo
1628 2293 1854 2330 abstinentia
1884 2301 1941 2330 est
1969 2293 2144 2343 specialis
2171 2292 2303 2332 virtus.

1487 2349 1546 2384 AD
1566 2359 1705 2384 PRiMUM
1726 2359 1825 2385 ERGO
1844 2359 2030 2385 mcENDUM
2051 2347 2158 2396 quod
2185 2347 2342 2386 virtutes
2363 2353 2512 2396 oportet

1435 2414 1518 2438 esse
1539 2413 1743 2448 connexas,
1764 2409 1806 2438 ut
1825 2412 1940 2450 supra
1955 2401 1975 2423 '¹‘
1999 2401 2142 2439 dictum
2164 2410 2229 2439 est.
2260 2402 2309 2438 Et
2328 2400 2415 2438 ideo
2434 2412 2511 2437 una

1434 2455 1555 2493 virtus
1575 2455 1778 2493 adiuvatur
1794 2462 1830 2492 et
1846 2455 2142 2492 commendatur
2162 2467 2206 2492 ex
2231 2455 2318 2492 alia:
2341 2454 2436 2491 sicut
2455 2453 2510 2490 iu-

1434 2509 1532 2547 stitia
1548 2514 1596 2546 a*
1611 2508 1842 2546 fortitudine.
1861 2510 1910 2546 Et
1923 2521 1994 2558 per
2007 2509 2111 2547 hunc
2127 2508 2240 2546 etiam
2258 2507 2420 2544 modum
2436 2507 2510 2544 vir-

1434 2571 1495 2601 tus
1515 2562 1764 2600 abstinentiae
1790 2563 2084 2600 commendatur
2113 2575 2158 2598 ex
2185 2561 2265 2599 aliis
2293 2561 2508 2598 virtutibus.

1488 2619 1548 2654 AD
1575 2628 1768 2654 SECUNDUM
1797 2628 1982 2653 mcENDUM
2011 2615 2117 2664 quod
2145 2628 2214 2664 per
2242 2614 2507 2651 abstinentiam

1436 2683 1577 2719 corpus
1607 2670 1809 2718 castigatur
1837 2682 1916 2706 non
1944 2669 2068 2706 solum
2100 2676 2231 2705 contra
2258 2668 2474 2704 illecebram
2495 2665 2508 2688 ⁶

1435 2724 1616 2771 luxuriae,
1641 2723 1708 2761 sed
1739 2723 1852 2760 etiam
1883 2730 2014 2760 contra
2034 2722 2230 2759 illecebras
2258 2722 2388 2769 gulae:
2419 2720 2508 2769 quia

1436 2778 1529 2816 dum
1556 2778 1675 2814 homo
1705 2776 1878 2823 abstinet,
1899 2776 2021 2824 magis
2050 2775 2218 2813 redditur
2246 2774 2350 2812 fortis
2370 2774 2419 2810 ad
2438 2774 2509 2810 im-

1434 2831 1688 2881 pugnationes
1707 2831 1817 2878 gulae
1836 2830 2059 2876 vincendas,
2082 2842 2179 2878 quae
2208 2836 2312 2865 tanto
2334 2827 2508 2864 fortiores

1437 2893 1526 2923 sunt
1544 2892 1688 2933 quanto
1718 2884 1836 2920 homo
1858 2883 1910 2920 eis
1931 2883 2052 2932 magis
2073 2883 2182 2920 cedit.
2213 2883 2262 2919 Et
2282 2890 2410 2919 tamen
2430 2893 2509 2917 non

1435 2938 1661 2988 prohibetur
1689 2937 1956 2974 abstinentiam
1988 2949 2069 2974 esse
2099 2936 2303 2986 specialem
2328 2935 2508 2971 virtutem

1435 3005 1505 3042 per
1523 2993 1599 3029 hoc
1618 2991 1725 3039 quod
1745 2992 1792 3028 ad
1814 2990 2023 3028 castitatem
2038 2991 2160 3028 valet:
2186 2989 2274 3038 quia
2293 3000 2371 3025 una
2390 2988 2509 3025 virtus

1436 3046 1486 3084 ad
1514 3045 1626 3082 aliam
1657 3045 1773 3081 iuvat.

1489 3101 1549 3136 AD
1568 3110 1729 3135 TERTIUM
1749 3109 1934 3134 DICENDUM
1955 3097 2061 3145 quod
2080 3109 2171 3133 usus
2190 3095 2509 3133 vestimentorum

1438 3160 1494 3189 est
1521 3152 1758 3189 introductus
1792 3151 1840 3187 ab
1871 3157 1966 3187 arte:
2001 3163 2092 3187 usus
2118 3157 2246 3187 autem
2283 3148 2457 3185 ciborum
2487 3159 2510 3184 a

1437 3213 1583 3242 natura.
1613 3206 1663 3241 Et
1690 3205 1776 3242 ideo
1798 3204 1919 3252 magis
1948 3203 2062 3240 debet
2087 3216 2169 3240 esse
2189 3203 2309 3240 virtus
2337 3200 2510 3250 specialis

1438 3259 1537 3295 circa
1565 3257 1871 3295 moderationem
1902 3257 2074 3294 ciborum
2105 3269 2222 3305 quam
2253 3255 2350 3293 circa
2375 3254 2509 3292 mode-

1409 3339 1411 3358 ,
1438 3311 1626 3349 rationem
1654 3310 1986 3348 vestimentorum.

1489 3444 1516 3477 γ)
1536 3451 1561 3469 a.
1575 3457 1594 3462 -
1612 3451 1649 3468 ex
1668 3443 1740 3468 PGa.

1491 3479 1515 3513 ὃ)
1536 3479 1695 3505 illecebram.
1708 3492 1727 3498 —
1746 3478 1882 3504 illecebras
1901 3478 1977 3503 PDL.

2536 1562 2545 1571 ⁸
2554 1560 2592 1581 Aa
2600 1560 2679 1588 Ephes
2695 1565 2747 1587 cap.

2536 1594 2556 1611 v.
2572 1593 2630 1608 vers.
2646 1593 2681 1614 ²9·

2540 2408 2549 2418 ¹·
2557 2407 2579 2428 1⁸
2587 2406 2642 2433 11³⁶,
2652 2412 2688 2434 qu.
2698 2411 2749 2426 1.va

2539 2437 2580 2456 art.
2597 2440 2612 2455 ι.

2636 2511 2653 2536 Υ
