2768 4198
74 864 85 875 ⁸
102 862 136 884 Cf.
157 869 196 890 qu.
216 867 285 888 euvu,

74 889 173 915 Introd.;
185 892 207 910 et
216 892 258 910 art.
269 894 284 914 ι,

73 916 101 938 nd
115 922 135 945 3.

73 971 84 982 ⁸
98 971 145 998 Qu.
160 976 220 992 mx.

74 1692 83 1701 ⁸
107 1690 231 1712 Comment.
260 1690 284 1711 in

72 1716 156 1738 Matth.
173 1717 212 1738 lib.
227 1717 244 1738 1.

74 1745 94 1754 ⁸·
108 1744 174 1766 Vero.
190 1749 223 1765 22.

72 2007 81 2017 ⁸
88 2006 111 2028 S.
119 2006 163 2027 Th.
170 2006 221 2027 lect.
228 2011 283 2027 xxn.

169 2115 199 2135 vi,
215 2115 238 2130 n.
239 2115 264 2156 vr.
274 2121 284 2126 -

172 2137 223 2157 lect.

73 2110 155 2159 {citt

314 310 388 347 272

989 295 1255 343 QUAESTIO
1286 295 1457 341 CLVIII,
1487 296 1785 333 ARTICULUS
1816 297 1829 332 1

434 523 844 602 QUAESTIO
886 519 2388 596 CENTESIMAQUINQUAGESIMAOCTAVA

1104 639 1145 679 D
1165 639 1203 679 E
1251 639 1269 678 1
1287 639 1327 678 R
1344 639 1386 679 A
1406 638 1441 679 c
1458 638 1500 679 U
1516 638 1557 678 Ν
1574 639 1615 678 D
1634 639 1651 678 1
1670 639 1712 679 A

1131 753 1166 778 IN
1196 752 1296 778 OCTO
1325 752 1531 778 ARTICULOS
1559 752 1678 777 DIVISA

396 865 502 890 EINDE
531 850 851 888 considerandum
873 856 928 885 est
947 850 995 886 de
1022 847 1121 885 vitiis
1151 847 1378 906 oppositis*.
1406 846 1408 910 J

314 866 444 948 DEt
462 906 598 955 primo,
616 904 663 941 de
688 902 893 950 iracundia,
910 914 1009 951 quae
1038 901 1245 950 opponitur
1273 913 1380 938 man—

313 959 521 1005 suetudini;
551 957 733 1005 secundo,
764 958 812 995 de
841 954 1099 993 crudelitate*
1100 984 1109 1002 ,
1139 966 1239 1003 quae
1258 964 1379 1003 oppo-

312 1015 411 1052 nitur
439 1012 675 1050 clementiae.
1406 1028 1408 1056 t

312 1069 423 1105 Circa
451 1066 687 1103 iracundiam
705 1070 949 1124 quaeruntur
976 1070 1076 1100 octo.
1406 1060 1408 1089 ³

365 1121 516 1158 Primo:
545 1127 675 1156 utrum
703 1117 813 1155 irasci
840 1116 959 1166 possit
987 1116 1193 1165 aliquando
1229 1127 1312 1152 esse
1341 1115 1381 1152 li·
1407 1122 1408 1153 l

419 1174 547 1211 citum.
1407 1187 1409 1207 ι

1489 847 1690 884 Secundo:
1724 854 1851 884 utrum
1881 848 1935 885 ira
1965 848 2011 885 sit
2038 857 2251 898 peccatum.

1489 900 1643 937 Tertio:
1673 908 1802 938 utrum
1831 902 1878 938 sit
1903 909 2106 950 peccatum
2134 905 2305 942 mortale.

1489 954 1660 1000 Quarto:
1689 962 1818 991 utrum
1839 954 1885 991 sit
1903 955 2172 1002 gravissimum
2191 965 2453 1006 peccatorum.

1489 1007 1654 1054 Quinto:
1685 1007 1732 1045 de
1763 1008 1965 1056 speciebus
1993 1009 2082 1046 irae.

1490 1061 1628 1098 Sexto:
1658 1068 1787 1098 utrum
1817 1061 1871 1099 ira
1900 1062 1947 1099 sit
1973 1062 2109 1100 vitium
2139 1063 2310 1113 capitale.

1491 1114 1683 1164 Septimo:
1714 1127 1814 1163 quae
1843 1115 1916 1153 sint
1944 1116 2046 1154 filiae
2076 1116 2168 1154 eius.

1491 1169 1661 1205 Octavo:
1691 1176 1820 1206 utrum
1847 1170 1988 1207 habeat
2013 1169 2150 1207 vitium
2180 1170 2414 1220 oppositum.

1130 1278 1451 1321 ARTICULUS
1482 1278 1690 1321 PRIMUS

996 1375 1153 1406 UTRUM
1178 1373 1317 1405 IRASCI
1341 1372 1490 1404 POSSIT
1514 1373 1614 1405 ESSE
1639 1373 1824 1406 LlclTuM

697 1456 764 1481 Part.
784 1456 824 1487 111,
845 1463 889 1488 qu.
907 1462 948 1485 xit,
968 1460 1014 1480 art.

1034 1461 1066 1488 9;
1085 1454 1117 1479 111
1138 1454 1222 1483 Sent„
1242 1454 1301 1479 dist.
1320 1460 1361 1482 xv,
1381 1460 1424 1485 qu.
1444 1459 1471 1483 u,
1492 1458 1538 1479 art.
1560 1460 1583 1483 2,
1603 1453 1652 1486 qu·
1674 1461 1702 1484 23
1723 1454 1765 1479 De
1783 1454 1875 1484 Malo,
1895 1463 1939 1488 qu.
1959 1463 2004 1485 ιιι,
2024 1461 2070 1481 art.
2095 1464 2124 1486 1;

643 1492 684 1517 De
704 1492 767 1517 Dec.
787 1491 933 1523 Praecepe„
954 1498 1010 1524 cap.
1030 1490 1062 1515 de
1086 1489 1109 1514 V
1125 1490 1278 1522 Praecept„
1273 1497 1279 1503 ·
1300 1489 1330 1513 In
1351 1488 1406 1519 lob,
1426 1495 1481 1521 cap.
1501 1496 1561 1518 xvn.
1581 1489 1638 1515 lect.
1663 1497 1689 1520 ¹3
1713 1490 1757 1515 Ad
1777 1490 2171 1524 Ephes.,cup.1v,1ect.v111.

345 1591 358 1620 >
427 1593 483 1619 ιι,

338 1594 500 1689 ζῗὶιῖ
524 1625 633 1663 irasci
653 1637 732 1662 non
745 1624 865 1674 possit
881 1629 996 1661 esseot
1015 1623 1171 1661 licitum.
1193 1623 1382 1671 Hierony—

328 1663 384 1730 ’,ζα
374 1697 449 1746 :⁷¹
471 1686 611 1725 (mus
632 1679 732 1716 enim
747 1678 778 1726 ²⁸⁸,
810 1689 1005 1727 exponens
1024 1677 1115 1715 illud
1136 1677 1270 1714 Matth.
1291 1688 1315 1712 v
1329 1675 1382 1723 ’¹²⁸⁷

331 1728 343 1738 ”
368 1710 604 1775 <dumus
629 1732 804 1769 irascitur
826 1731 952 1779 fratri
976 1743 1044 1767 suo
1075 1738 1157 1776 etc.,
1189 1729 1297 1767 dicit.
1336 1730 1382 1765 In

313 1749 535 1847 quibusdam
564 1785 752 1822 codicibus
779 1785 940 1832 additur,
969 1799 988 1816 α
1009 1784 1091 1820 sine
1118 1795 1234 1820 causa
1257 1796 1296 1819 ».·
1325 1794 1383 1819 ce-

313 1847 434 1878 terum
455 1840 492 1876 in
511 1839 611 1876 veris
629 1838 781 1885 definita
809 1837 990 1874 sententia
1010 1842 1073 1883 est,
1094 1842 1131 1872 et
1152 1836 1210 1872 ira
1234 1835 1383 1884 penitus

312 1894 463 1931 tollitur.
494 1893 596 1940 Ergo
626 1891 733 1928 irasci
763 1890 866 1927 nullo
896 1890 1016 1926 modo
1047 1897 1102 1926 est
1129 1888 1283 1925 licitum.

368 1959 402 1983 2.
430 1947 672 1992 PRAETEREA,
703 1943 917 1980 secundum
950 1942 1204 1991 Dionysium,
1234 1953 1270 1978 1v
1299 1952 1381 1989 cap.

312 2000 357 2037 de
384 1999 471 2036 Div.
501 1999 618 2035 Nom.
635 1997 666 2044 ²¹⁶,
697 1997 840 2034 malum
870 1997 1023 2034 animae
1049 2001 1103 2032 est
1129 1995 1210 2032 sine
1237 1994 1383 2031 ratione

312 2065 400 2090 esse.
432 2053 509 2089 Sed
528 2051 583 2089 ira
602 2063 755 2100 semper
784 2057 839 2087 est
867 2050 947 2087 sine
968 2049 1124 2086 ratione.
1154 2047 1254 2085 Dicit
1281 2047 1383 2084 enim

264 2106 588 2156 Philosophus,
620 2104 657 2141 in
685 2105 754 2142 VII
782 2104 902 2140 Ethic.
923 2103 955 2150 ²⁸,
977 2103 1083 2151 quod
1107 2103 1166 2139 ira
1195 2114 1270 2139 non
1294 2112 1382 2150 per-

301 2162 406 2209 fecte
433 2159 538 2197 audit
564 2158 760 2196 rationem.
796 2157 844 2194 Et
869 2157 1077 2205 Gregorius
1107 2155 1206 2203 dicit,
1230 2155 1266 2192 V
1292 2155 1382 2192 Μο-

73 2224 157 2272 neap
181 2213 435 2258 m‚a1-ral.*‚
465 2213 570 2262 quod
590 2224 676 2248 cum
697 2210 1001 2260 tranquillitatem
1030 2210 1163 2247 mentis
1183 2210 1241 2246 ira
1261 2209 1382 2246 diver-

74 2387 83 2395 ·
99 2385 148 2406 Lib.
164 2385 224 2412 vm,
235 2390 284 2412 cap.

73 2418 104 2433 Vl.

75 2531 285 2554 ’cf.Aristot.Rhet.

74 2559 112 2580 lib.
124 2559 153 2585 ΙΙ,
165 2564 214 2586 cap.
226 2565 251 2585 n,
263 2565 284 2580 n.

75 2592 90 2623 ξ’
99 2612 154 2633 om.

74 2639 95 2650 ⁸·
109 2638 176 2660 Vera.
191 2645 221 2666 ¹7·

75 2755 84 2764 ·
98 2753 163 2775 Vers,
178 2760 209 2782 35.

78 3020 86 3028 ⁸
101 3018 166 3041 Vera.
183 3019 212 3040 18.

79 3177 147 3199 ’.Ο
161 3177 207 3205 Imp
209 3183 253 3199 er.

79 3203 119 3225 Ma
130 3204 162 3224 th.
167 3183 230 3225 homi
241 3184 289 3225 sxln.

78 3242 103 3246 —
127 3230 187 3252 lnter
226 3229 287 3258 Opp.

78 3256 159 3284 Chrys.

314 2269 438 2312 berat,
468 2266 687 2303 dilaniatam
725 2265 1003 2313 quodammodo
1038 2264 1267 2312 scissamque
1293 2274 1381 2311 per-

314 2321 448 2357 turbat.
484 2321 532 2356 Et
562 2319 766 2356 Cassianus
800 2318 908 2366 dicit,
939 2318 975 2355 in
1004 2317 1101 2354 libro
1130 2317 1176 2354 de
1202 2316 1383 2353 Institutis

319 2373 594 2411 Coenobiorum
609 2372 648 2409 *z
674 2372 846 2414 Qualibet
863 2384 913 2408 ex
931 2383 1047 2409 causa
1067 2370 1289 2407 iracundiae
1303 2382 1382 2407 mo-

314 2434 370 2464 tus
398 2427 592 2477 effervens,
613 2431 791 2462 excaecat
810 2425 960 2462 oculum
986 2425 1120 2462 cordis.
1150 2425 1252 2472 Ergo
1273 2423 1381 2460 irasci

314 2493 466 2529 semper
495 2488 550 2516 est
579 2480 736 2516 malum.

370 2536 403 2571 3.
434 2535 667 2579 PRAETEREA,
698 2533 750 2569 ira
780 2539 835 2569 est
862 2532 1043 2580 appetitus
1075 2530 1262 2568 vindictae
1279 2530 1310 2578 *,
1341 2538 1382 2568 ut

313 2588 398 2625 dicit
419 2588 555 2624 Glossa
574 2587 594 2608 '¹‘
613 2598 727 2635 super
745 2586 863 2623 Levit.
888 2597 949 2622 xix
967 2584 1023 2632 **,
1047 2585 1140 2622 Non
1160 2584 1283 2621 oderis
1290 2585 1381 2632 sra-

313 2647 406 2678 trem
431 2647 535 2677 tuum
564 2640 601 2677 in
635 2640 748 2677 corde
774 2645 849 2676 tuo.
881 2639 957 2676 Sed
987 2646 1166 2688 appetere
1194 2637 1380 2675 ultionem

313 2707 391 2732 non
418 2694 568 2732 videtur
592 2706 673 2730 esse
702 2693 856 2740 licitum,
878 2692 946 2730 secl
973 2693 1050 2730 hoc
1072 2693 1158 2729 Deo
1188 2699 1243 2729 est
1262 2703 1380 2729 reser-

312 2747 503 2786 vandum:
534 2747 744 2784 secundum
772 2746 862 2783 illud
887 2747 998 2783 Deut.
1023 2757 1119 2782 xxxu
1139 2745 1176 2782 *ε
1205 2746 1300 2782 Mea
1329 2751 1384 2782 est

314 2802 413 2838 ultio.
440 2802 542 2848 Ergo
561 2800 710 2837 videtur
729 2800 834 2848 quod
854 2799 963 2837 irasci
983 2811 1137 2848 semper
1156 2798 1202 2835 sit
1220 2799 1378 2836 malum.

365 2866 402 2901 4.
433 2856 666 2901 PRAETEREA,
687 2866 803 2890 omne
832 2853 922 2890 illud
951 2854 1056 2901 quod
1086 2852 1240 2889 abducit
1268 2865 1339 2890 nos
1359 2865 1381 2889 a

314 2908 442 2945 divina
461 2907 716 2954 similitudine,
739 2915 794 2944 est
813 2907 971 2944 malurn.
1002 2906 1080 2943 Sed
1099 2905 1207 2943 irasci
1228 2918 1382 2955 semper

314 2961 466 2998 abducit
484 2973 555 2997 nos
576 2973 597 2997 a
617 2960 745 2998 divina
765 2959 1030 2997 similitudine:
1060 2959 1149 3008 quia
1168 2961 1275 2996 Deus
1294 2971 1381 2996 cum

314 3014 579 3062 tranquillitate
607 3014 755 3060 iudicat,
783 3022 822 3051 ut
849 3014 1011 3051 habetur
1039 3013 1127 3062 Sap.
1148 3025 1196 3050 xn
1215 3012 1246 3050 ²¹³.
1277 3013 1380 3061 Ergo

314 3068 422 3105 irasci
451 3079 603 3116 semper
631 3075 687 3104 est
714 3068 871 3104 malum.

369 3122 442 3158 SED
467 3132 613 3158 CONTRA
642 3132 709 3158 EST
737 3121 843 3168 quod
873 3120 1173 3169 Chrysostomus
1202 3118 1300 3166 dicit,
1322 3131 1382 3156 su-

310 3186 381 3222 per
407 3175 544 3211 Matth.
560 3174 600 3210 *z
636 3174 708 3216 Qui
734 3174 814 3211 sine
832 3185 948 3211 causa
977 3173 1163 3218 irascitur,
1185 3184 1271 3209 reus
1290 3173 1382 3210 erit.-

316 3228 381 3275 qui
406 3239 495 3264 vero
525 3239 610 3264 cum
639 3239 766 3273 causa,
796 3240 870 3264 non
900 3227 969 3264 erit
997 3238 1094 3263 reus.
1128 3226 1235 3263 Nam
1263 3226 1296 3263 si
1323 3227 1381 3263 ira

318 3292 390 3316 non
407 3281 542 3327 fuerit,
563 3292 630 3317 nec
658 3281 827 3318 doctrina
841 3280 1005 3329 profici,t
1027 3291 1094 3316 nec
1113 3279 1250 3316 iudicia
1271 3285 1380 3326 stant,

319 3344 385 3369 nec
413 3334 570 3370 crimina
599 3339 894 3382 compescuntur.
925 3333 1056 3381 Ergo
1049 3332 1156 3370 irasci
1176 3345 1252 3370 non
1283 3345 1382 3370 sem-

319 3397 386 3434 per
415 3393 469 3422 est
495 3387 648 3423 malum.

1438 1629 1505 1670 est,
1527 1634 1617 1659 cum
1647 1623 1695 1660 de
1714 1623 1958 1683 passionibus
1981 1632 2167 1673 ageretur.
2198 1626 2267 1663 Est
2286 1634 2416 1664 autem
2436 1627 2511 1665 hoc

1438 1675 1763 1713 considerandum
1793 1677 1890 1714 circa
1909 1677 2109 1726 passiones
2129 1678 2295 1739 animae,
2317 1681 2421 1729 quod
2442 1680 2510 1718 du-

1438 1728 1608 1777 pliciter
1600 1741 1638 1766 in
1667 1729 1720 1766 eis
1740 1738 1865 1779 potest
1893 1731 2069 1768 malum
2061 1732 2234 1770 inveniri.
2264 1732 2352 1770 Uno
2377 1735 2511 1783 modo,

1439 1793 1484 1818 ex
1513 1782 1596 1831 ipsa
1624 1783 1751 1831 specie
1779 1783 1980 1832 passionis.
2010 1785 2121 1832 Quae
2151 1785 2308 1846 quidem
2338 1786 2512 1824 conside-

1439 1842 1541 1871 ratur
1559 1836 1772 1873 secundum
1793 1835 1988 1874 obiectum
2008 1838 2209 1887 passionis.
2240 1839 2346 1877 Sicut
2369 1840 2513 1878 invidia

1439 1886 1651 1925 secundum
1673 1900 1783 1925 suam
1812 1890 1981 1938 speciem
2003 1890 2186 1940 importat
2205 1890 2402 1941 quoddam
2431 1906 2512 1932 ma—

1438 1940 1540 1977 lum:
1571 1949 1627 1978 est
1647 1941 1749 1979 enim
1770 1941 1915 1980 tristitia
1937 1944 1984 1980 de
2005 1944 2110 1981 bono
2133 1944 2308 1992 aliorum,
2329 1947 2434 1994 quod
2455 1959 2512 1984 se-

1438 1993 1608 2031 cundum
1629 2006 1669 2031 se
1691 1995 1825 2032 rationi
1847 2004 2042 2045 repugnat.
2068 1997 2117 2035 Et
2135 1997 2224 2035 ideo
2244 1997 2400 2047 invidia,
2420 2005 2514 2038 mox

1439 2047 1646 2108 nominata,
1665 2054 1776 2086 sonat
1793 2049 1937 2099 aliquid
1963 2050 2077 2088 mali.-
2110 2058 2152 2088 ut
2179 2051 2438 2102 Philosophus
2458 2053 2514 2092 di-

1439 2100 1498 2148 cit,
1529 2100 1567 2138 in
1597 2102 1628 2138 11
1656 2102 1778 2140 Ethic.
1799 2101 1820 2124 *
1848 2102 1936 2140 Hoc
1955 2111 2083 2141 autem
2112 2117 2191 2142 non
2212 2105 2393 2144 convenit
2419 2106 2511 2157 irae,
2539 2119 2551 2131 ·

1437 2166 1536 2204 quae
1567 2162 1622 2192 est
1650 2155 1840 2205 appetitus
1866 2156 2074 2194 vindictae:
2103 2165 2230 2207 potest
2258 2158 2361 2197 enim
2389 2158 2513 2199 vindi-

1438 2215 1496 2245 cta
1527 2216 1562 2245 et
1590 2209 1689 2246 bene
1720 2216 1755 2246 et
1784 2210 1882 2247 male
1913 2210 2052 2260 appeti.

1490 2261 1578 2298 Alio
1599 2262 1718 2300 modo
1739 2262 1931 2300 invenitur
1959 2264 2135 2301 malum
2127 2276 2163 2301 1n
2184 2265 2310 2315 aliqua
2333 2267 2512 2316 passione

1437 2315 1651 2353 secundum
1673 2316 1920 2365 quantitatem
1940 2317 2071 2367 ipsius,
2092 2317 2189 2355 idest
2207 2320 2422 2358 secundum
2451 2333 2512 2359 su-

1436 2369 1782 2418 perabundantiam
1802 2371 1864 2407 vel
1885 2370 2104 2408 defectum
2097 2371 2226 2420 ipsius.
2248 2373 2299 2410 Et
2317 2373 2370 2411 sic
2384 2381 2512 2423 potest

1437 2423 1612 2459 malum
1605 2435 1642 2460 1n
1662 2423 1717 2460 ira
1737 2423 1912 2461 inveniri:
1943 2424 2099 2473 quando
2120 2425 2260 2463 scilicet
2284 2427 2420 2476 aliquis
2439 2428 2511 2466 ira-

1436 2476 1551 2513 scitur
1578 2477 1663 2526 plus
1691 2477 1753 2514 vel
1783 2477 1920 2524 minus,
1950 2486 2101 2527 praeter
2139 2478 2327 2517 rationem
2357 2488 2510 2518 rectam.

1437 2529 1477 2567 Si
1515 2537 1643 2567 autem
1679 2529 1814 2578 aliquis
1852 2531 2034 2568 irascatur
2071 2531 2285 2570 secundum
2325 2533 2510 2572 rationem

1437 2590 1599 2630 rectam,
1629 2591 1720 2621 tunc
1749 2583 1858 2621 irasci
1887 2592 1943 2622 est
1971 2585 2175 2623 laudabile.

1489 2639 1548 2674 An
1577 2649 1714 2675 ramum
1743 2649 1843 2675 ERGO
1863 2649 2049 2676 DICENDUM
2079 2639 2185 2688 quod
2206 2639 2323 2677 Stoici
2350 2640 2446 2678 iram
2476 2649 2512 2678 et

1436 2703 1573 2728 omnes
1602 2691 1695 2728 alias
1722 2692 1921 2741 passiones
1941 2692 2194 2730 nominabant
2212 2691 2371 2731 affectus
2395 2705 2511 2743 quos-

1436 2745 1526 2782 dam
1556 2752 1707 2794 praeter
1741 2745 1918 2783 ordinem
1947 2746 2101 2784 rationis
2134 2745 2351 2794 existentes,
2389 2754 2426 2786 et
2453 2759 2509 2785 se-

1437 2798 1606 2835 cundum
1630 2799 1717 2846 hoc,
1738 2799 1935 2848 ponebant
1962 2799 2058 2837 iram
2087 2807 2123 2837 et
2151 2812 2287 2838 omnes
2315 2800 2406 2838 alias
2424 2812 2511 2850 pas-

1437 2851 1565 2889 siones
1594 2864 1676 2889 esse
1715 2853 1852 2889 malas:
1883 2860 1924 2890 ut
1952 2865 2067 2902 supra
2085 2852 2105 2875 '¹‘
2133 2853 2277 2891 dictum
2313 2861 2389 2902 est,
2420 2866 2508 2892 cum

1437 2905 1484 2943 de
1513 2905 1757 2954 passionibus
1785 2914 1970 2954 ageretur.
2000 2907 2049 2944 Et
2077 2906 2291 2944 secundum
2312 2907 2386 2944 hoc
2405 2905 2421 2936 β
2448 2920 2509 2945 ac-

1437 2959 1526 3008 cipit
1555 2959 1648 2996 iram
1670 2959 1949 3008 Hieronymus:
1979 2959 2147 3008 loquitur
2167 2959 2269 2997 enim
2290 2959 2338 2998 de
2358 2960 2414 2998 ira
2433 2973 2509 3010 qua

1436 3012 1520 3061 quis
1540 3012 1711 3050 irascitur
1730 3020 1863 3050 contra
1891 3013 2111 3062 proximum
2132 3013 2239 3062 quasi
2257 3014 2402 3051 malum
2429 3013 2508 3052 eius

1436 3065 1649 3103 intendens.
1670 3086 1695 3094 -
1716 3066 1793 3103 Sed
1814 3066 2028 3104 secundum
2044 3065 2326 3115 Peripateticos,
2343 3079 2509 3116 quorum

1437 3118 1663 3156 sententiam
1693 3118 1815 3168 magis
1843 3120 2031 3169 approbat
2059 3118 2306 3168 Aug-ustinus,
2326 3119 2365 3158 in
2392 3121 2444 3158 IX
2463 3121 2510 3159 de

1441 3173 1520 3210 Civ.
1550 3173 1626 3210 Dei
1637 3172 1668 3220 ³⁸,
1695 3173 1750 3210 ira
1770 3180 1806 3210 et
1824 3173 1920 3210 aliae
1939 3172 2136 3222 passiones
2161 3172 2311 3210 animae
2332 3173 2509 3212 dicuntur
2534 3183 2546 3195 ·

1436 3234 1565 3263 motus
1594 3226 1783 3275 appetitus
1806 3225 1986 3272 sensitivi,
2007 3225 2088 3263 sive
2117 3225 2190 3263 sint
2211 3226 2432 3265 moderatae
2451 3239 2508 3266 se·

1408 3293 1409 3299 ¹
1436 3280 1606 3317 cundum
1636 3279 1823 3317 rationem
1851 3279 1933 3317 sive
1961 3291 2051 3316 non.
2090 3279 2140 3316 Et
2167 3280 2381 3318 secundum
2419 3281 2506 3329 hoc,

1406 3309 1409 3368 ἱ

1434 3333 1490 3370 ira
1519 3345 1598 3370 non
1628 3345 1780 3382 semper
1807 3340 1862 3370 est
1890 3332 2004 3369 mala.

1489 3387 1548 3423 An
1586 3397 1777 3424 SECUNDUM
1810 3397 1994 3422 mcENDUM
2027 3385 2133 3434 quod
2161 3386 2214 3423 ira
2243 3386 2439 3436 dupliciter
2466 3399 2507 3425 se

374 3439 596 3475 REsponnEo
621 3451 804 3477 DICENDUM
832 3439 965 3488 quod'
958 3451 1024 3486 ira,
1045 3439 1198 3488 proprie
1222 3440 1379 3489 loquen-
1406 3452 1408 3486 f
1433 3447 1558 3489 potest
1585 3439 1726 3476 habere
1755 3438 1804 3475 ad
1833 3438 2033 3476 rationem.
2068 3438 2156 3476 Uno
2186 3439 2342 3488 quidem
2372 3440 2506 3500 modo,

322 3491 384 3537 do,
406 3498 461 3527 est
488 3491 612 3538 passio
633 3492 823 3539 quaedam
843 3492 1031 3541 appetitus
1060 3492 1240 3540 sensitivi,
1262 3505 1284 3530 a
1304 3505 1379 3542 qua
1405 3498 1407 3538 ζ

375 3620 402 3652 α)
418 3620 506 3652 possit
523 3627 586 3646 esse.
598 3633 616 3640 —-
634 3621 668 3645 sit
688 3621 734 3646 Pa.

1434 3492 1712 3530 antecedenter.
1743 3492 1792 3528 Et
1819 3491 1872 3528 sic
1900 3491 2012 3529 trahit
2040 3491 2227 3530 rationem
2256 3505 2278 3530 a
2306 3505 2374 3530 sua
2402 3493 2509 3531 recti-

1491 3622 1516 3656 β)
1536 3623 1681 3649 secundum
1701 3623 1756 3648 hoc.
1770 3636 1787 3642 -
1806 3623 1843 3648 sic
1863 3623 1889 3647 P.

525 1586 547 1610 n
575 1584 713 1609 Palmum
741 1583 795 1608 sm
821 1582 1062 1608 moer-:orrum
1087 1570 1248 1607 Videtur
1277 1568 1382 1618 quod
1436 1567 1495 1605 vis
1532 1569 1730 1606 irascibilis
1768 1569 2056 1608 denominatur:
2086 1579 2128 1608 ut
2157 1584 2271 1621 supra
2290 1573 2311 1594 ⁴⁸
2338 1572 2511 1611 habitum
2539 1579 2643 1629 3⁸11*
2667 1586 2753 1608 mm,

2539 1613 2659 1662 2'13'21'1
2674 1612 2698 1655 1¹.;
2713 1613 2752 1635 qu·

2538 2863 2546 2871 ο
2553 2862 2577 2884 ¹·
2583 2861 2638 2889 nu,

2537 2891 2572 2911 m
2595 2893 2607 2910 ²
2644 2867 2750 2891 quam.
