2768 4198
43 1861 79 1882 ,ιφ
110 1854 128 1877 ,3
160 1855 217 1875 vria*

56 1887 71 1907 μ
104 1886 135 1901 ’Vn
162 1887 237 1919 ,Ἲιμινφι

0 3451 5 3514 ν»-..
0 3245 7 3432 -ν-υωηςημ
0 3198 3 3225 ...-
0 3144 5 3156 w

919 287 1188 333 QUAESTIO
1218 289 1430 335 CLXXIX,
1459 288 1757 326 ARTICULUS
1787 289 1819 325 II

2388 285 2464 331 423

958 399 1296 433 Commentario.
1318 401 1571 434 (ΞΜ-(11118135
1593 403 1796 435 Caietam

274 499 322 562 IN
346 487 481 519 articulo
506 487 647 518 secundo
679 487 824 517 eiusdem
852 487 1058 538 quaestionis,
1083 488 1140 518 tria
1166 496 1251 520 nota.
1280 490 1344 520 Pri-
1369 488 1371 528 1
1397 501 1493 521 mana
1516 491 1620 522 studia
1643 493 1683 522 ad
1707 492 1764 522 tria
1787 492 1890 532 capita
1916 491 2039 522 reducit
2062 501 2099 522 ex
2123 496 2210 531 parte
2230 490 2360 531 triplicis
2384 490 2465 527 finis,

303 543 405 570 mum,
429 532 463 563 in
487 541 620 572 corpore
643 530 785 562 articuli.
811 531 901 571 quod
925 531 1064 570 cognitio
1089 532 1227 563 veritatis
1250 531 1371 564 habet
1370 546 1371 574 1

271 577 434 617 duplicem
456 575 564 613 finem,
589 574 705 606 scilicet
732 575 896 606 veritatem
925 582 955 605 et
978 585 1071 614 opus.
1104 576 1144 606 Et
1171 576 1233 607 hoc
1265 584 1344 608 esset
1370 579 1371 607 l

237 639 243 650 ‚
272 621 518 657 discutiendum,
542 619 603 651 nisi
627 619 773 660 superius
789 619 806 638 *
830 619 940 650 fuisset
963 619 1169 650 declaratum.

327 665 512 697 Secundum
543 671 589 696 est
611 664 645 694 in
669 663 877 704 responsione
905 664 945 694 ad
975 663 1167 694 secundum:
1197 665 1285 704 quod
1311 666 1342 694 in

270 711 411 752 quolibet
431 711 533 741 mixto
550 709 824 750 praedominatur
838 708 970 749 aliquod
991 708 1195 748 simplicium.
1221 709 1262 739 Et
1281 708 1343 739 hoc

271 755 311 786 ad
335 754 576 796 philosophiam
605 753 761 784 discutere
785 760 921 794 spectat,
946 763 986 783 an
1011 752 1112 793 possit
1141 752 1208 782 dari
1231 752 1343 783 mixtio

271 810 308 830 ex
323 799 510 840 aequalibus
533 798 690 830 extremis,
715 798 771 829 Sat
786 805 833 829 est
847 798 899 829 hic
914 804 1041 829 notasse
1056 797 1146 838 quod
1166 797 1343 827 secundum

271 844 448 875 doctrinam
463 843 624 882 Auctoris,
642 853 708 874 non
723 849 830 884 potest
844 842 978 874 inveniri
993 842 1056 873 tale
1072 841 1219 873 mixtum.
1244 841 1343 878 Quod

269 888 424 929 intelligo,
447 888 480 919 in
505 897 573 919 esse
596 888 806 939 permanenti.

1398 534 1515 566 scilicet
1538 536 1826 576 contemplationis,
1847 536 1980 567 actionis
2003 543 2034 567 et
2056 534 2240 575 voluptatis.
2265 535 2306 566 Et
2321 535 2383 566 hoc
2407 542 2466 565 ter-

1398 578 1479 609 tium
1502 580 1540 610 ab
1565 587 1700 621 utraque
1716 580 1778 611 vita
1794 580 1941 617 excludit,
1959 591 1994 611 ea
2011 580 2132 611 ratione
2156 578 2231 620 quia
2254 580 2293 610 de
2317 579 2466 610 humanis

1398 623 1510 653 studiis
1526 625 1703 655 secundum
1719 632 1835 655 rectam
1851 625 2008 656 rationem
2023 631 2070 656 est
2085 634 2190 655 sermo
2203 632 2210 653 ε
2231 634 2298 654 non
2314 624 2467 664 permittit

1370 679 1371 683 ¹
1397 673 1505 696 autem
1521 676 1603 699 recta
1622 668 1701 699 ratio
1720 669 1886 700 hominem
1910 670 2035 700 studere
2050 667 2206 710 voluptati
2229 676 2382 710 tanquam
2399 668 2465 704 fini,

1397 711 1451 740 sed
1475 711 1525 741 vel
1547 711 1580 741 in
1604 713 1715 743 ordine
1737 714 1776 743 ad
1800 713 1939 744 actiones
1962 714 2013 744 vel
2036 714 2075 744 ad
2099 713 2395 753 contemplationes.
2425 713 2467 743 Et

1370 770 1371 774 =
1397 754 1474 785 haec
1498 755 1576 785 ratio
1602 763 1648 786 est
1670 757 1864 794 universalis,
1882 758 1944 788 hoc
1963 766 2018 795 est,
2035 766 2178 799 respectu
2203 755 2359 789 omnium'
2374 758 2465 788 volu-

1370 807 1371 826 :
1397 805 1532 837 ptatum.
1571 800 1625 829 Illa
1654 807 1760 831 autem
1792 812 1874 842 quae
1909 813 1945 832 ex
1981 803 2210 835 communitate
2248 802 2465 833 delectationis

1398 843 1489 872 nobis
1521 850 1551 873 et
1581 844 1680 874 brutis
1716 845 1905 877 animalibus
1940 854 2067 887 sumpta
2098 854 2144 878 est
2175 849 2213 879 ab
2245 846 2451 879 Aristotele*

1397 887 1591 926 particularis
1620 895 1678 924 est,
1707 897 1849 929 respectu
1877 891 1994 922 scilicet
2021 892 2268 924 delectationum
2296 899 2408 933 gustus
2435 897 2466 922 et

325 933 472 964 Tertium
497 939 543 964 est
565 932 598 963 in
615 932 823 973 responsione
843 932 884 963 ad
899 931 1039 969 tertium,
1064 931 1119 962 ubi
1139 933 1262 962 Auctor
1284 931 1343 962 hu·
1369 920 1371 967 1
1397 937 1508 962 tactus.

2491 848 2584 876 ’Resp.
2600 849 2627 870 ad
2644 855 2660 870 ι,
