2768 4198
314 308 391 354 264

311 387 380 428 ipsa
410 387 512 427 turpia
540 386 722 427 simpliciter
751 384 972 425 prosequenda
1001 382 1147 412 inclinat:
1179 381 1378 421 amplectere,

313 427 388 473 quia
411 441 483 462 vera
507 438 562 467 est,
587 438 617 461 et
640 440 658 460 a
682 429 796 460 nostris
820 428 923 463 exivit,
947 433 982 457 ut
1005 432 1091 466 patet
1114 426 1146 455 in
1170 425 1281 455 littera.

370 476 404 506 In
420 475 679 516 responsionibus
696 479 956 513 argumentorum
974 470 1116 500 eiusdem
1132 469 1263 505 articuli,
1278 468 1380 499 multa
1433 475 1464 500 et
1486 478 1543 509 per
1565 469 1628 500 hoc
1650 469 1731 510 parit
1754 470 1966 510 ignorantiam
1989 471 2136 513 principii
2159 472 2193 502 in
2216 471 2395 512 agibilibus.
2424 471 2506 502 Vide

314 527 417 551 essent
433 519 574 555 dicenda,
588 518 646 549 nisi
665 517 809 558 superius
827 516 959 546 fuissent
975 513 1187 544 manifestata:
1210 512 1379 554 quomodo
1433 513 1579 553 superius
1594 513 1621 544 *.

987 303 1255 351 QUAESTIO
1285 302 1421 349 CLVI,
1450 302 1748 340 ARTICULUS
1779 303 1831 340 IV

1434 380 1551 411 scilicet
1564 380 1678 412 vitium
1702 381 1804 412 reddit
1819 381 1998 422 appetitum
2021 383 2145 414 malum
2160 389 2304 423 respectu
2325 381 2396 413 finis
2419 381 2504 413 illius
2533 411 2542 421 ,
2562 411 2614 432 Μ·
2635 416 2651 438 ι,
2673 409 2748 432 eom-

1433 424 1565 465 generis,
1583 431 1619 456 ut
1641 425 1884 466 intemperantia
1899 434 2043 467 respectu
2068 427 2260 458 delectabilis
2276 426 2504 464 venerei,.etc.;
2532 440 2684 477 montianum.
2698 443 2746 458 u.-

2532 463 2747 539 fflmfzssas:

1097 685 1418 728 ARTICULUS
1448 684 1724 736 QUARTUS

535 782 691 814 UTRUM
716 779 1010 811 INCONTINENS
1034 780 1135 810 IRAE
1159 779 1226 810 εῖτ
1249 778 1379 810 PEIOR
1403 778 1530 815 QUAM
1554 777 1850 810 INCONTINENS
1875 778 2284 812 CONCUPISCENTlAE

738 859 813 889 Infra,
831 867 875 892 qu.
895 866 982 888 cmm.
1002 863 1048 884 art.
1067 866 1085 889 4
1092 865 1099 888 ;
1119 858 1151 882 111
1170 858 1254 887 Sem„
1274 857 1333 882 dist.
1351 865 1418 887 xxw,
1437 864 1481 890 qu.
1501 864 1519 886 ι,
1539 861 1586 882 art.
1607 863 1636 887 2;
1658 857 1700 882 Dc
1724 857 1814 891 ναίὴ,
1835 865 1880 890 qu.
1899 865 1957 888 xxv,
1977 863 2025 884 art.
2046 865 2078 890 ²3

1051 894 1093 919 De
1111 893 1195 923 Malo,
1215 901 1259 926 qu.
1278 900 1322 922 xn,
1341 898 1387 918 art.
1406 900 1424 924 4
1431 899 1438 923 ;
1464 892 1509 917 Vll
1529 892 1626 921 Ethic„
1646 892 1704 918 lect.
1723 900 1759 917 vt.

397 999 403 1011 ‚
445 1005 474 1021 s
523 989 545 1014 D
566 987 741 1019 QUARTUM
761 987 814 1012 sm
834 985 1076 1012 moelcol-run.
1095 973 1259 1032 Videtur
1274 973 1379 1021 quod
1404 977 1409 1030 l
1434 973 1484 1032 Et
1503 973 1577 1009 hoc
1605 979 1762 1021 propter
1787 980 1963 1024 quatuor,
1984 985 2083 1022 quae
2111 974 2371 1025 Philosophus
2395 976 2512 1025 tangit

372 1031 385 1052 ·'
429 1020 496 1080 ”²³⁹3
524 1029 761 1067 incontinens
790 1028 866 1065 irae
897 1028 943 1065 sit
969 1028 1079 1077 peior
1104 1038 1222 1075 quam
1250 1038 1381 1063 1ncon-

464 1095 468 1099 ’
504 1083 646 1121 tinens
689 1082 1031 1131 concupiscentiae.
1080 1081 1235 1127 Quanto
1277 1079 1380 1116 enim

525 1136 714 1175 difficilius
751 1143 807 1172 est
841 1135 1013 1172 resistere
1050 1133 1240 1184 passioni,
1276 1141 1381 1170 tanto

311 1190 583 1230 incontinentia
611 1189 764 1227 videtur
793 1201 875 1226 esse
904 1189 1041 1226 levior:
1079 1189 1183 1225 unde
1211 1187 1383 1223 Philoso—

73 1254 150 1304 gcqph·
161 1252 285 1302 vlsscss'ssis
311 1247 410 1296 phus
441 1244 549 1292 dicit,
579 1243 617 1280 in
645 1243 714 1280 VII
742 1243 864 1279 Ethic.
884 1242 924 1278 *ε
953 1242 1044 1279 Νοη
1079 1241 1179 1278 enim
1200 1245 1229 1287 α,
1249 1240 1284 1276 si
1300 1239 1383 1289 quis

92 1298 97 1302 ”
152 1297 188 1334 ἀ
225 1296 230 1301 “
279 1295 284 1301 ”
312 1311 335 1337 α
344 1299 513 1348 fortibus
533 1303 569 1334 et
584 1296 963 1345 superexcellentibus
982 1294 1284 1332 delectationibus
1303 1294 1383 1330 vin-

313 1353 410 1390 citur
436 1351 496 1389 vel
522 1350 687 1396 tristitiis,
708 1355 763 1386 est
786 1349 1021 1395 admirabile,
1041 1349 1107 1385 sed
1124 1347 1382 1385 condonabile.

314 1406 403 1454 Sed,
423 1405 519 1442 sicut
539 1403 759 1441 Heraclitus
786 1403 892 1449 dixit,
921 1402 1111 1452 difficilius
1139 1406 1194 1438 est
1203 1411 1386 1451 pugnare

73 1467 286 1517 ssffliwssaffl'iii’
313 1464 445 1497 contra
465 1457 804 1507 concupiscentiam
823 1467 938 1505 quam
958 1461 1090 1493 contra
1111 1455 1209 1491 iram
1224 1453 1256 1493 *.
1282 1455 1384 1502 Ergo

74 1512 175 1571 &egoi-¹¹3
214 1510 286 1543 -'Th3
313 1512 435 1571 levior
455 1510 801 1570 est-incontinentia
832 1508 1163 1558 concupiscentiae
1193 1519 1310 1556 quam
1330 1507 1385 1544 in-

315 1572 546 1603 continentia
575 1576 665 1601 irae.

369 1631 404 1656 2.
426 1619 660 1664 PRAETEREA,
682 1617 711 1653 si
730 1615 858 1665 passio
879 1628 948 1664 per
967 1627 1077 1652 suam
1096 1615 1386 1652 vehementiam

314 1672 475 1710 totaliter
504 1671 649 1708 auferat
676 1670 860 1707 iudicium
890 1669 1057 1716 rationis,
1084 1668 1245 1705 omnino
1275 1680 1386 1704 excu-

314 1732 418 1763 satur
445 1724 578 1773 aliquis
607 1736 628 1760 a
656 1730 836 1771 peccato:
866 1722 962 1759 sicut
990 1730 1092 1771 patet
1112 1722 1150 1758 in
1170 1733 1217 1758 eo
1238 1721 1302 1770 qui
1332 1722 1386 1757 in-

315 1778 405 1816 cidit
434 1790 479 1814 ex
515 1777 694 1826 passione
730 1776 767 1812 in
795 1775 945 1812 furiam.
986 1775 1064 1812 Sed
1090 1775 1176 1823 plus
1214 1782 1387 1811 remanet

315 1832 362 1870 de
391 1830 530 1868 iudicio
551 1829 705 1867 rationis
724 1829 763 1866 in
793 1841 838 1866 eo
859 1829 924 1876 qui
954 1835 1009 1865 est
1035 1827 1276 1865 incontinens
1296 1827 1385 1875 irae,

314 1897 430 1934 quam
460 1884 497 1920 in
522 1896 568 1920 eo
597 1882 663 1931 qui
689 1890 744 1919 est
771 1882 1011 1919 incontinens
1036 1881 1385 1930 concupiscentiae:

313 1939 431 1975 iratus
460 1937 562 1973 enim
581 1935 795 1984 aliqualiter
813 1936 919 1973 audit
943 1936 1141 1981 rationem,
1160 1947 1235 1972 non
1259 1940 1386 1971 autem

313 1990 595 2039 concupiscens,
625 1997 667 2026 ut
694 1997 797 2038 patet
825 2001 894 2038 per
922 1988 1222 2038 Philosophum,
1249 1988 1286 2025 in
1315 1988 1385 2024 VII

312 2045 432 2082 Ethic.
448 2042 468 2065 ’¹‘
497 2044 599 2092 Ergo
629 2043 869 2080 incontinens
889 2042 965 2080 irae
987 2051 1043 2079 est
1061 2041 1169 2092 peior
1188 2054 1305 2090 quam
1333 2041 1387 2078 in-

315 2098 514 2135 continens
543 2096 888 2146 concupiscentiae.

370 2152 404 2188 3.
434 2152 670 2198 PRAETEREA,
690 2157 794 2187 tanto
824 2149 979 2199 aliquod
1007 2156 1210 2198 peccatum
1237 2148 1388 2186 videtur

174 2207 188 2240 β
316 2217 398 2242 esse
418 2202 433 2233 β
460 2204 632 2252 gravius,
662 2211 806 2252 quanto
839 2210 894 2240 est
922 2202 1182 2252 periculosius.
1221 2202 1299 2239 Sed
1333 2201 1388 2239 in-

316 2256 546 2295 continentia
579 2257 657 2293 irae
685 2256 836 2293 videtur
875 2268 956 2293 esse
995 2255 1260 2304 periculosior:
1300 2254 1389 2303 quia

315 2310 488 2360 perducit
523 2309 719 2347 hominem
756 2309 805 2346 ad
837 2309 960 2346 maius
997 2315 1219 2357 peccatum,
1250 2307 1389 2345 scilicet

317 2363 366 2402 ad
385 2363 648 2410 homicidium,
670 2362 777 2412 quod
797 2370 852 2399 est
871 2361 1024 2410 gravius
1043 2369 1245 2410 peccatum
1269 2373 1386 2409 quam

318 2416 558 2463 adulterium,
589 2416 637 2454 ad
666 2415 771 2465 quod
799 2415 971 2465 perducit
998 2414 1269 2452 incontinentia
1298 2426 1388 2452 con-

74 2045 158 2095 scii:
170 2050 285 2093 ἵὲεὲῗέςῖ

318 2469 584 2519 cupiscentiae.
615 2470 717 2517 Ergo
747 2468 1019 2506 incontinentia
1047 2468 1123 2505 irae
1154 2476 1210 2505 est
1237 2467 1389 2516 gravior

318 2535 434 2573 quam
464 2522 738 2560 incontinentia
767 2521 1110 2570 concupiscentiae.

373 2577 447 2613 SED
468 2587 614 2614 CONTRA
634 2588 700 2613 EST
718 2575 825 2624 quod
853 2574 1111 2623 Philosophus
1142 2574 1239 2621 dicit,
1261 2574 1298 2611 in
1317 2574 1386 2610 VII

79 2638 289 2668 ‘Luc-prox-cit-
316 2630 436 2667 Ethic.
458 2629 489 2676 ²⁸,
519 2627 624 2677 quod
653 2630 777 2666 minus
805 2629 924 2677 turpis
942 2633 995 2664 est
1013 2628 1278 2665 incontinentia
1307 2627 1389 2664 irae

317 2695 432 2732 quam
460 2683 728 2720 incontinentia
757 2682 1091 2732 concupiscentiae.

371 2737 598 2773 REsposm-:o
627 2747 812 2773 monimum
851 2735 956 2784 quod
992 2741 1193 2783 peccatum
1229 2734 1388 2771 inconti-

317 2789 467 2827 nentiae
496 2796 621 2839 potest
645 2788 842 2838 dupliciter
871 2787 1113 2825 considerari.
1143 2788 1230 2825 Uno
1254 2788 1385 2835 modo,

319 2855 364 2880 ex
391 2850 497 2892 parte
527 2842 715 2891 passionis
735 2854 780 2879 ex
801 2854 877 2890 qua
906 2841 1000 2878 ratio
1021 2848 1232 2890 superatur.
1262 2842 1311 2878 Et
1335 2841 1388 2878 sic

318 2895 592 2934 incontinentia
630 2894 958 2944 concupiscentiae
997 2902 1051 2932 est
1087 2894 1233 2944 turpior
1269 2907 1387 2943 quarn

319 2949 590 2986 incontinentia
628 2949 726 2986 irae:
764 2948 853 2997 quia
891 2955 1019 2985 motus
1056 2948 1387 2997 concupiscentiae

319 3003 434 3039 habet
461 3002 649 3040 maiorem
669 3001 988 3039 inordinationem
1014 3014 1131 3050 quam
1152 3009 1280 3039 motus
1298 3001 1386 3039 irae.

373 3126 400 3159 α)
420 3126 481 3150 Non
501 3126 579 3151 enim.
592 3139 610 3144 -
629 3125 691 3151 Om.
709 3125 746 3155 Ας
766 3132 813 3157 pro
832 3127 879 3154 est,
899 3131 951 3150 non
971 3128 1012 3150 est
1030 3124 1242 3158 ABCEFIKLpG
1262 3130 1287 3150 et
1306 3132 1331 3150 a.

375 3161 400 3195 β)
420 3161 526 3186 videtur
546 3167 610 3186 esse.
623 3175 642 3180 -
660 3163 701 3186 est
719 3160 765 3186 Pa.
963 3171 965 3173 ·

1434 1038 1473 1062 m
1500 1026 1570 1063 VII
1598 1026 1720 1062 Ethic.
1740 1025 1760 1047 '³‘
1788 1025 1919 1063 Primo
1949 1026 2126 1075 quidem,
2156 1028 2246 1076 quia
2276 1036 2404 1067 motus
2433 1029 2511 1066 irae
2539 1035 2752 1063 ’bidan-¹⁸⁴1*

1434 1079 1636 1128 participat
1664 1079 1875 1127 aliqualiter
1902 1080 2059 1128 ratione,
2079 1080 2308 1130 inquantum
2337 1082 2477 1120 scilicet
2495 1087 2511 1110 Υ
2635 1086 2653 1112 Υ

1435 1133 1552 1170 iratus
1571 1133 1691 1170 tendit
1711 1133 1760 1170 ad
1774 1132 2050 1171 vindicandum
2071 1133 2249 1172 iniuriam
2269 1135 2340 1172 sibi
2360 1136 2511 1183 factam,

1436 1188 1542 1235 quod
1571 1186 1783 1236 aliqualiter
1820 1186 1914 1224 ratio
1944 1187 2079 1224 dictat:
2118 1188 2187 1226 sed
2223 1201 2303 1226 non
2331 1189 2512 1238 perfecte,

1437 1241 1526 1288 quia
1546 1252 1624 1277 non
1645 1239 1806 1277 intendit
1826 1240 1998 1278 debitum
2017 1241 2180 1279 modum
2198 1242 2403 1280 vindictae.
2434 1242 2514 1279 Sed

1437 1302 1567 1331 motus
1583 1293 1914 1343 concupiscentiae
1933 1294 2097 1331 totaliter
2117 1303 2173 1332 est
2192 1296 2407 1333 secundum
2428 1307 2514 1333 sen-

1439 1359 1538 1394 sum,
1561 1355 1597 1384 et
1624 1347 1729 1384 nullo
1750 1347 1870 1384 modo
1895 1348 2110 1385 secundum
2131 1348 2320 1387 rationem
2339 1349 2371 1387 *.
2391 1370 2416 1378 -
2446 1349 2514 1386 Se·
2541 1351 2551 1362 ”
2565 1350 2594 1372 ¹³·
2609 1349 2660 1378 ⁷²⁶·

1440 1400 1589 1448 cundo,
1620 1400 1708 1450 quia
1737 1409 1866 1438 motus
1894 1401 1972 1438 irae
2001 1402 2122 1450 magis
2156 1402 2403 1452 consequitur
2431 1414 2514 1440 cor·

1439 1454 1543 1503 poris
1573 1454 1898 1503 complexionem:
1928 1462 2086 1504 propter
2112 1456 2357 1494 velocitatem
2385 1462 2515 1494 motus

1441 1508 1629 1554 cholerae,
1651 1519 1749 1556 quae
1769 1507 1928 1546 intendit
1942 1506 1956 1530 ὅ
1976 1509 2025 1546 ad
2044 1508 2152 1546 iram.
2183 1510 2296 1548 Unde
2317 1509 2438 1559 magis
2458 1517 2516 1547 est
2641 1504 2657 1531 ⁸

1440 1561 1478 1598 in
1508 1568 1691 1610 promptu
1717 1561 1824 1609 quod
1842 1561 1903 1598 ille
1924 1562 1989 1610 qui
2018 1570 2073 1599 est
2101 1563 2317 1601 secundum
2344 1563 2516 1612 comple-

1439 1614 1594 1651 xionem
1617 1614 1788 1663 corporis
1809 1614 2014 1664 dispositus
2034 1615 2084 1653 ad
2102 1615 2359 1664 irascendum,
2378 1617 2516 1654 irasca-

1440 1676 1512 1715 tur,
1534 1680 1651 1717 quam
1671 1667 1777 1716 quod
1796 1668 1857 1705 ille
1878 1668 1943 1717 qui
1964 1676 2019 1705 est
2040 1668 2244 1718 dispositus
2264 1670 2313 1707 ad
2334 1669 2516 1719 concupi-

1441 1721 1641 1769 scendum,
1663 1721 1920 1770 concupiscat.
1947 1722 2060 1760 Unde
2080 1722 2194 1760 etiam
2215 1723 2450 1773 frequentius
2470 1734 2516 1760 ex

1440 1774 1631 1812 iracundis
1670 1782 1877 1812 nascuntur
1905 1775 2079 1812 iracundi
2112 1788 2230 1826 quarn
2260 1789 2305 1814 ex
2335 1776 2516 1826 concupi-

1441 1828 1634 1865 scentibus
1668 1827 1994 1877 concupiscentes.
2030 1829 2147 1876 Quod
2175 1837 2305 1868 autem
2338 1829 2518 1880 provenit

1442 1893 1487 1919 ex
1507 1881 1667 1918 naturali
1697 1881 1868 1930 corporis
1889 1881 2150 1930 dispositione,
2170 1890 2366 1933 reputatur
2393 1882 2517 1932 magis

1440 1934 1554 1973 venia
1583 1933 1754 1981 dignum.
1783 1954 1808 1962 -
1838 1934 1991 1982 Tertio,
2022 1935 2111 1984 quia
2139 1935 2194 1973 ira
2222 1936 2370 1986 quaerit
2396 1935 2518 1974 mani-

1441 1989 1534 2026 feste
1554 1986 1718 2036 operari.
1745 1987 1821 2024 Sed
1843 1988 2152 2037 concupiscentia
2172 1989 2320 2038 quaerit
2339 1989 2517 2038 latebras,

1443 2050 1479 2079 et
1507 2041 1640 2079 dolose
1665 2041 1860 2078 subintrat.
1892 2063 1916 2069 -
1945 2041 2107 2089 Quarto,
2128 2042 2218 2091 quia
2241 2042 2518 2092 concupiscens

1441 2094 1711 2133 delectabiliter
1739 2102 1936 2144 operatur:
1967 2094 2036 2132 sed
2063 2095 2180 2133 iratus
2209 2096 2319 2146 quasi
2347 2097 2518 2146 quadam

1441 2148 1587 2186 tristitia
1614 2147 1869 2197 praecedente
1899 2156 2065 2186 coactus.

1494 2201 1581 2239 Alio
1611 2201 1731 2238 modo
1751 2209 1877 2247 potest
1897 2201 2130 2239 considerari
2149 2210 2352 2252 peccatum
2381 2202 2514 2241 incon-

1442 2254 1620 2292 tinentiae
1641 2263 1825 2302 quantum
1855 2255 1904 2292 ad
1933 2256 2080 2292 malum
2101 2255 2138 2292 in
2158 2256 2264 2305 quod
2284 2256 2368 2306 quis
2388 2255 2519 2295 incidit

1442 2321 1464 2346 a
1493 2308 1639 2345 ratione
1661 2307 1872 2346 discedens.
1903 2308 1952 2344 Et
1972 2308 2023 2345 sic
2052 2308 2326 2347 incontinentia
2349 2308 2428 2347 irae
2449 2317 2516 2359 est,

1441 2370 1483 2399 ut
1510 2360 1732 2410 plurimum,
1753 2360 1926 2408 gravior:
1955 2361 2046 2410 quia
2067 2361 2169 2398 ducit
2187 2362 2226 2399 in
2246 2374 2292 2399 ea
2312 2374 2412 2412 quae
2430 2375 2517 2413 per-

1441 2415 1559 2452 tinent
1587 2413 1637 2451 ad
1665 2413 1828 2462 proximi
1858 2422 2150 2452 nocumentum.
2527 2458 2530 2461 ,

1495 2469 1555 2504 An
1588 2479 1726 2504 PR1MUM
1755 2479 1855 2504 ERGO
1883 2479 2069 2506 meantium
2100 2468 2205 2517 quod
2240 2467 2428 2506 difficilius
2462 2477 2518 2506 est

1442 2521 1594 2558 assidue
1623 2532 1793 2569 pugnare
1815 2529 1946 2558 contra
1965 2521 2259 2559 delectationem
2280 2534 2398 2571 quarn
2427 2534 2517 2560 con—

1442 2583 1498 2612 tra
1517 2574 1627 2620 iram,
1647 2573 1738 2622 quia
1758 2574 2068 2624 concupiscentia
2087 2582 2144 2612 est
2163 2574 2285 2623 magis
2311 2574 2514 2613 continua:

1442 2628 1511 2665 sed
1539 2627 1587 2664 ad
1616 2627 1753 2664 horam
1791 2627 1980 2665 difficilius
2009 2636 2066 2665 est
2093 2627 2267 2666 resistere
2299 2627 2399 2674 irae,
2427 2641 2517 2678 pro-

1441 2690 1525 2731 pter
1554 2692 1635 2717 eius
1663 2688 1864 2729 impetum.

1495 2736 1554 2771 An
1575 2745 1767 2771 SECUNDUM
1793 2746 1979 2772 mcuunum
1999 2734 2107 2783 quod
2131 2734 2441 2784 concupiscentia
2460 2734 2516 2773 di-

1443 2787 1538 2825 citur
1557 2799 1641 2824 esse
1670 2787 1751 2824 sine
1781 2787 1940 2835 ratione,
1962 2799 2040 2825 non
2069 2787 2158 2837 quia
2180 2788 2344 2826 totaliter
2371 2788 2517 2826 auferat

1442 2840 1625 2878 iudicium
1645 2839 1800 2877 rationis
1818 2840 1858 2878 *ε
1888 2841 1957 2879 sed
1977 2843 2066 2890 quia
2084 2841 2123 2878 in
2142 2841 2247 2879 nullo
2266 2841 2440 2891 procedit
2457 2853 2515 2879 se-
2543 2851 2553 2862 ·
2566 2850 2596 2873 1>-
2609 2855 2656 2880 ³⁵⁷,
2670 2850 2722 2879 789-

1443 2894 1614 2932 cundum
1634 2893 1819 2932 iudicium
1839 2893 2006 2932 rationis.
2035 2895 2086 2932 Et
2105 2906 2152 2932 ex
2169 2897 2245 2932 hoc
2273 2902 2330 2932 est
2354 2895 2512 2944 turpior.

1494 2950 1554 2985 An
1577 2959 1739 2986 TER’rmM
1767 2959 1953 2986 niet-:unum
1982 2947 2089 2997 quod
2117 2947 2212 2986 ratio
2249 2946 2311 2986 illa
2344 2947 2517 2997 procedit

1443 3014 1487 3039 ex
1515 3010 1622 3051 parte
1652 3013 1787 3038 eorum
1815 3001 1854 3038 in
1888 3013 1987 3050 quae
2024 3001 2264 3039 incontinens
2302 3000 2513 3040 deducitur.

1493 3125 1520 3158 γ)
1540 3125 1700 3157 inquantum
1718 3124 1826 3150 scilicet.
1837 3137 1857 3144 —
1874 3124 1922 3151 sed
1941 3124 2100 3158 inquantum
2114 3124 2215 3150 scilicet
2229 3123 2346 3158 FKpCE,
2361 3124 2461 3151 scilicet
2474 3125 2514 3151 ὑι-

1440 3161 1663 3228 quagfufslteinhu.
1674 3209 1694 3215 -
1712 3195 1800 3221 matt
1818 3195 1865 3221 Pa.

998 3277 1334 3310 Commenta-ia
1355 3276 1609 3310 cardinalis
1628 3276 1833 3310 Caietam

328 3365 374 3427 IN
394 3355 525 3387 articulo
541 3363 653 3397 quarto
670 3356 811 3387 eiusdem
827 3356 1021 3398 quaestionis
1038 3356 1386 3398 centesimaequinqua-

356 3399 611 3439 gesimaesextae,
644 3400 785 3437 adverte,
817 3401 951 3437 novitie‚
982 3411 1040 3441 pro
1073 3401 1195 3432 clariori
1226 3401 1387 3432 intellectu

324 3442 454 3479 litterae,
478 3444 567 3483 quod
590 3444 691 3484 prima
713 3445 792 3475 ratio
816 3455 913 3486 quare
936 3445 1136 3476 incontinens
1159 3445 1387 3486 concupiscen-

325 3487 385 3518 tiae
409 3494 454 3517 est
476 3487 608 3527 turpior,
626 3489 767 3519 consistit
782 3489 814 3519 in
831 3490 892 3520 hoc
908 3490 996 3530 quod
1020 3490 1179 3521 motivum
1194 3490 1234 3520 ad
1252 3489 1387 3520 irascen—

326 3531 405 3561 dum
428 3537 474 3561 est
497 3531 591 3562 ratio:
622 3533 775 3572 quoniam
798 3540 844 3564 est
867 3533 992 3573 punitio
1017 3534 1130 3565 collata
1152 3533 1388 3574 parvipensioni

326 3581 483 3615 receptae,
508 3575 649 3606 conferre
681 3576 766 3606 enirn
796 3587 898 3607 unum
932 3588 1007 3608 cum
1037 3578 1135 3609 altero
1164 3578 1294 3610 rationis
1322 3584 1387 3614 est;

326 3619 376 3650 vel
399 3619 552 3660 quoniam
576 3626 622 3651 est
643 3620 796 3656 vindicta,
821 3631 902 3661 quae
925 3629 970 3652 est
994 3622 1117 3653 bonum
1141 3623 1318 3653 secundum
1341 3631 1388 3653 ra-

1441 3356 1574 3393 tionem,
1590 3356 1666 3397 quia
1689 3362 1736 3387 est
1759 3356 1883 3387 bonum
1905 3354 2088 3387 honestum.
2114 3355 2185 3392 Sed,
2203 3363 2238 3387 ut
2253 3356 2286 3387 in
2303 3357 2360 3388 Vll
2376 3357 2481 3389 Ethic.
2496 3357 2514 3377 ¹⁸
2542 3360 2551 3370 “

1442 3400 1573 3437 dicitur,
1598 3400 1680 3431 sicut
1702 3399 1837 3431 exterius
1859 3399 2006 3430 videmus
2036 3400 2127 3440 quod
2149 3400 2274 3432 veloces
2299 3401 2434 3433 ministri
2457 3411 2512 3433 au·
2540 3386 2566 3409 s‘

1442 3444 1533 3476 diunt
1551 3444 1722 3476 dominum
1745 3443 1966 3484 imperantem,
1986 3450 2026 3480 et,
2050 3452 2297 3484 praecurrentes,
2322 3455 2389 3476 non
2411 3445 2513 3486 perci-

1441 3489 1534 3529 piunt
1556 3495 1662 3520 totum
1691 3487 1900 3519 dominorum
1929 3487 2118 3528 imperium;
2149 3489 2193 3520 ita
2223 3489 2279 3531 qui
2308 3489 2452 3521 irascitur
2474 3499 2512 3522 ex

1441 3532 1608 3564 velocitate
1631 3532 1785 3568 cholerae,
1809 3531 1919 3563 audito
1943 3532 2068 3564 obiecto
2098 3533 2213 3564 rationi
2244 3533 2418 3571 conformi,
2444 3543 2510 3565 non

1442 3583 1603 3617 expectata
1626 3576 1756 3607 rationis
1786 3574 1905 3613 forma,
1929 3583 2078 3617 properat
2104 3578 2143 3608 ad
2166 3577 2347 3610 vindicum.
2379 3577 2510 3610 Concu-

1443 3621 1565 3662 piscens
1595 3630 1670 3652 vero
1700 3630 1718 3651 a
1740 3620 1808 3651 sola
1841 3620 1917 3651 boni
1948 3620 2139 3652 delectabilis
2168 3622 2346 3654 secundum
2380 3631 2510 3654 sensum
