2768 4198
14 1367 89 1391 ‘An
107 1372 229 1395 uffa-⁴³

0 1397 168 1424 1123.an

14 1603 231 1691 {w
252 1630 440 1681 possibile,
455 1630 550 1667 sicut
568 1628 828 1676 Hieronymus
842 1627 862 1649 '¹‘
882 1626 980 1664 dicit.
1009 1625 1243 1686 Praecipitur
1262 1637 1327 1662 au·
1354 1674 1355 1683 ἵ

252 1693 335 1722 τετυ
363 1682 571 1732 prophetis,
589 1683 724 1718 Ierem.
745 1692 830 1718 xxm
850 1680 886 1717 *ε
917 1681 1104 1728 Pr‘opheta
1132 1691 1195 1727 qul
1219 1679 1331 1716 habet

19 2331 31 2343 ⁴
44 2330 132 2353 Hamil.
147 2329 166 2352 1.

916 272 1182 318 QUAESTIO
1213 271 1387 319 CLXXI,
1415 271 1713 308 ARTICULUS
1743 271 1776 307 V

252 354 394 395 pheticae
417 352 599 384 revelationi
630 352 776 382 subsunt.
806 351 847 381 Et
876 357 1043 390 propterea
1075 350 1231 380 intellecta
1266 350 1319 380 illa

253 397 430 440 propositio
455 397 492 428 de
516 396 653 428 totaliter
677 395 815 431 diversis,
840 395 934 434 plana
953 401 1008 430 est,
1035 401 1065 424 et
1089 394 1210 434 optime
1228 394 1320 424 servit

253 442 431 484 proposito.
449 441 585 473 Caelum
600 446 708 470 autern
724 446 754 470 et
766 449 823 469 sua
835 438 945 479 figura,
962 439 1140 469 subiectum
1158 446 1187 469 et
1204 439 1319 479 passio,
1346 449 1348 460 ¹

253 494 285 518 et
307 487 367 517 alia
389 485 586 522 huiusmodi,
610 494 677 515 non
699 490 774 514 sunt
797 483 934 514 totaliter
949 483 1083 513 diversa:
1109 493 1182 513 cum
1199 490 1322 513 constet
1346 461 1349 512 i

2365 270 2441 317 373

1374 350 1463 390 quod
1495 349 1670 380 necessario
1702 356 1775 380 sunt
1807 349 1892 379 idern
1925 348 2160 389 suppositaliter
2194 358 2248 378 seu
2282 347 2443 384 subiecto;

1374 394 1479 425 totalis
1507 394 1592 424 enim
1621 394 1781 424 diversitas
1815 393 1999 424 huiusmodi
2029 393 2225 424 identitatem
2257 402 2322 422 non
2356 402 2443 422 com-

1375 445 1502 479 patitur.

1039 636 1359 680 ARTICULUS
1394 636 1652 687 QUINTUS

470 733 627 764 UTRUM
650 732 884 763 PROPHETA
909 731 1154 763 DISCERNAT
1179 730 1347 761 SEMPER
1371 729 1477 767 QUID
1502 729 1637 761 DICAT
1661 730 1743 760 PER
1767 730 1971 762 SPIRITUM
1995 730 2227 766 PROPRIUM,

937 777 994 807 ET
1020 776 1125 813 QUID
1150 775 1232 806 PER
1256 774 1459 805 SPIRITUM
1483 774 1761 805 PROPHETIAE

1145 853 1177 877 111
1199 853 1277 878 Cont.
1300 853 1387 881 Gent„
1407 860 1463 884 cap.
1483 860 1550 878 cuv.

288 954 353 987 fla*
371 956 441 986 2050
468 947 490 973 ι)
517 947 680 978 QUINTUM
700 947 754 972 SIC
773 946 1014 972 PRocEDrrUR.
1037 933 1196 970 Videtur
1216 933 1322 981 quod

285 966 440 1047 Εἱέᾼῗὶῗ
467 990 656 1039 propheta
690 988 878 1025 discernat
911 999 1063 1036 semper
1101 987 1190 1035 quid
1225 986 1351 1023 dicat·

272 1032 383 1099 fij(
405 1027 436 1086 ’ἦ
467 1055 537 1092 per
557 1042 728 1092 spiritum
748 1041 961 1090 proprium,
983 1048 1019 1077 et
1039 1040 1131 1088 quid
1161 1052 1230 1088 per
1250 1039 1323 1088 spi-

312 1071 409 1123 4³⁴¹*
425 1088 582 1134 Kritum
608 1095 843 1144 prophetiae.
883 1094 983 1131 Dicit
1015 1093 1118 1130 enim
1148 1093 1323 1153 Augusti·
1350 1117 1352 1155 Ξ

255 1162 346 1196 nus,
377 1162 415 1186 m
442 1150 494 1186 VI
529 1150 695 1196 ConfesS.
715 1148 752 1195 *,
782 1148 887 1197 quod
925 1155 1046 1183 mater
1080 1158 1148 1182 sua
1181 1146 1352 1188 dicebat}

255 1204 469 1241 discernere
495 1215 545 1248 se,
566 1203 690 1239 nescio
719 1213 792 1250 quo
811 1211 958 1249 sapore,
979 1211 1090 1248 quem
1109 1199 1232 1235 verbis
1259 1211 1324 1235 ex·
1351 1199 1353 1242 g

249 1257 398 1307 plicare
432 1261 706 1304 nonrpoterat,
737 1255 828 1303 quid
853 1254 1042 1291 interesset
1076 1252 1173 1288 inter
1199 1253 1328 1289 Deum·
1351 1257 1353 1285 i

254 1308 499 1348 metantem‘
521 1315 557 1346 et
590 1310 687 1346 inter
714 1309 883 1345 animam
915 1319 1024 1343 suam
1061 1305 1323 1342 somniantem.
1352 1332 1354 1358 t

257 1364 335 1402 Sed
354 1362 557 1415 prophetia
576 1370 633 1400 est
651 1361 829 1399 revelatio
849 1361 988 1405 divina,
1004 1367 1046 1396 ut
1070 1359 1213 1396 dictum
1229 1366 1284 1395 est
1293 1358 1323 1395 ²¹².
1352 1359 1354 1370 *

257 1417 360 1466 Ergo
381 1417 568 1466 propheta
588 1427 742 1464 semper
761 1414 938 1451 discernit
960 1413 998 1450 id
1018 1412 1123 1462 quod
1142 1411 1231 1448 dicit
1258 1423 1326 1460 per

257 1471 431 1521 spiritum
460 1469 683 1519 prophetiae
704 1473 732 1515 α,
764 1468 813 1504 ab
844 1479 889 1503 eo
919 1467 1024 1515 quod
1053 1465 1220 1513 loquitur
1254 1466 1327 1513 spi·
1352 1484 1354 1492 ‹

252 1524 331 1563 'ritu
357 1523 528 1574 proprio.

311 1589 347 1615 2.
375 1577 614 1621 PRAETEREA,
645 1575 749 1611 Deus
777 1586 852 1611 non
875 1573 1063 1624 praecipit
1088 1571 1232 1621 aliquid
1259 1572 1327 1608 im-

1378 945 1460 970 sam
1490 933 1783 979 revelationem;
1813 934 1887 969 alio
1917 933 2048 980 modo,
2073 945 2146 982 per
2173 935 2360 982 quendam
2390 933 2444 970 in-

1377 987 1563 1032 stinctum,
1580 998 1690 1034 quenz
1706 987 1891 1023 interdum
1912 987 2023 1023 etiam
2039 987 2239 1024 nescientes
2253 989 2445 1024 humanae

1378 1045 1518 1076 mentes
1548 1040 1766 1088 patiuntur,
1796 1047 1837 1076 ut
1864 1039 2097 1088 Augustinus
2135 1040 2242 1087 dicit,
2273 1042 2304 1077 II
2333 1052 2446 1088 super

1383 1093 1476 1130 Gen.
1496 1093 1547 1130 ad
1565 1093 1627 1129 litt.
1645 1092 1665 1114 ’¹‘
1693 1093 1752 1129 De
1772 1093 1830 1128 his
1851 1105 1938 1140 ergo
1969 1106 2067 1141 quae
2088 1105 2263 1142 expresse
2284 1106 2352 1142 per
2371 1093 2444 1142 spi-

1380 1146 1490 1182 ritum
1519 1145 1740 1194 prophetiae
1770 1147 1957 1194 propheta
1994 1147 2206 1195 cognoscit,
2236 1147 2445 1184 maximam

1381 1198 1643 1235 certitudinem
1664 1198 1789 1246 habet,
1812 1207 1847 1235 et
1866 1212 1935 1248 pro
1958 1209 2059 1236 certo
2089 1200 2203 1236 habet
2227 1200 2331 1249 quod
2351 1200 2446 1237 haec

1381 1251 1451 1288 sibi
1480 1259 1567 1288 sunt
1595 1251 1773 1288 divinitus
1803 1254 1981 1290 revelata.
2011 1253 2122 1290 Unde
2148 1253 2281 1290 dicitur
2310 1254 2443 1290 Ierem.

1381 1317 1464 1341 xxw
1484 1304 1518 1341 *ε
1549 1306 1594 1341 In
1625 1305 1780 1341 veritate
1808 1306 1908 1342 misit
1934 1318 1994 1342 me
2021 1306 2208 1343 Dominus
2236 1307 2288 1343 ad
2309 1318 2387 1352 vos,
2409 1312 2449 1342 ut

1381 1358 1556 1406 loquerer
1574 1359 1611 1394 in
1631 1370 1743 1394 aures
1762 1364 1905 1395 vestras
1924 1359 2052 1395 omnia
2075 1361 2191 1396 verba
2210 1361 2315 1396 haec.
2343 1359 2447 1396 Alio-

1382 1411 1494 1460 quin,
1525 1411 1554 1447 si
1584 1411 1631 1448 de
1660 1412 1735 1447 hoc
1763 1411 1843 1459 ipse
1873 1411 2136 1448 certitudinem
2166 1425 2243 1449 non
2278 1413 2446 1459 haberet,

1381 1464 1490 1509 fides,
1507 1476 1606 1513 quae
1623 1464 1730 1500 dictis
1750 1465 2023 1513 prophetarum
2053 1464 2232 1513 innititur,
2250 1474 2350 1502 certa
2371 1478 2448 1502 non

1383 1526 1491 1565 esset.
1523 1518 1571 1554 Et
1590 1517 1739 1565 signum
1761 1518 2005 1566 propheticae
2027 1518 2256 1555 certitudinis
2277 1518 2448 1567 accipere

1382 1583 1590 1620 possumus
1619 1583 1664 1608 ex
1693 1571 1767 1607 hoc
1796 1571 1900 1619 quod
1929 1572 2138 1618 Abraham,
2167 1572 2384 1609 admonitus
2412 1572 2450 1609 in

1383 1624 1604 1674 prophetica
1631 1624 1792 1670 visione,
1823 1637 1863 1661 se
1892 1625 2133 1673 praeparavit
2152 1625 2200 1662 ad
2219 1625 2339 1662 filium
2370 1625 2450 1662 uni-

1382 1678 1551 1727 genitum
1572 1678 1855 1715 immolandum
1874 1678 1914 1715 *ι
1945 1679 2050 1726 quod
2071 1679 2284 1715 nullatenus
2304 1678 2451 1715 fecisset

256 1737 466 1783 somnium,
497 1741 627 1774 narret
653 1735 863 1772 somnium:⁴
893 1739 929 1770 et
955 1733 1021 1782 qui
1046 1734 1158 1770 habet
1186 1743 1327 1769 sermo·
1354 1741 1356 1775 ξ
1383 1731 1454 1768 nisi
1483 1732 1530 1768 de
1559 1731 1687 1770 divina
1716 1732 1948 1768 revelatione
1978 1731 2108 1768 fuisset
2138 1732 2377 1768 certissimus.

257 1802 345 1829 nem
364 1792 503 1836 meum,
525 1789 703 1838 loquatur
720 1799 933 1825 sermonem
953 1799 1079 1824 meum
1099 1797 1198 1823 vere.
1225 1787 1327 1833 Ergo
1354 1779 1356 1822 ἶ

257 1845 446 1895 propheta
473 1850 598 1892 potest
627 1841 842 1879 discernere
870 1840 962 1889 quid
991 1840 1130 1876 habeat
1158 1851 1226 1888 per
1254 1839 1327 1887 spi·
1354 1840 1356 1874 ἶ

226 1930 231 1935 2
258 1898 372 1936 ritum
400 1896 637 1946 prophetiae,
668 1895 716 1931 ab
745 1907 792 1931 eo
822 1895 925 1942 quod
955 1893 1059 1930 aliter
1085 1893 1201 1930 videt.

315 1953 349 1988 3.
371 1951 606 1995 Palm-snm,
626 1948 750 1985 maior
778 1955 833 1984 est
857 1946 1042 1984 certitudo
1066 1958 1165 1994 quae
1186 1953 1241 1982 est
1260 1957 1330 1994 per

260 2003 434 2042 divinum
463 2003 616 2049 lumen,
646 2013 763 2049 quarn
794 2012 891 2050 quae
931 2007 985 2036 est
1012 2011 1081 2048 per
1112 2000 1243 2036 lumen
1272 2011 1329 2035 ra-

1355 1904 1356 1911 l

1354 1925 1356 1935 A

1354 1942 1356 1957 l

1355 1975 1357 2022 Ι

1355 2023 1357 2037 1
1385 1998 1513 2035 omnia
1548 2009 1645 2046 quae
1685 1998 1950 2046 cognoscimus
1985 1998 2115 2035 divino
2152 1998 2347 2045 instinctu,
2379 1999 2450 2036 sub

1438 1786 1514 1822 Sed
1543 1784 1593 1821 ad
1623 1797 1667 1821 ea
1696 1797 1795 1833 quae
1815 1785 2008 1833 cognoscit
2035 1797 2104 1834 per
2132 1785 2363 1831 instinctum,
2386 1785 2450 1822 ali-

1384 1839 1539 1887 quando
1579 1837 1632 1874 sic
1665 1850 1704 1874 se
1743 1839 1859 1875 habet
1890 1846 1933 1874 ut
1969 1850 2047 1875 non
2085 1839 2196 1887 plene
2235 1838 2450 1876 discernere

1383 1891 1502 1940 possit
1539 1899 1664 1927 utrum
1693 1891 1767 1928 hoc
1787 1889 1800 1912 δ
1830 1891 2050 1939 cogitaverit
2077 1891 2204 1940 aliquo
2234 1892 2366 1929 divino
2397 1892 2449 1929 in-

1384 1945 1532 1988 stinctu,
1562 1945 1624 1981 vel
1652 1957 1721 1993 per
1749 1944 1921 1993 spiritum
1949 1944 2160 1993 proprium.
2198 1946 2288 1981 Non
2321 1953 2449 1982 autem

258 2058 374 2096 tionis
394 2056 586 2095 naturalis.
617 2055 694 2092 Sed
721 2066 791 2104 per
810 2054 938 2091 lumen
968 2053 1124 2090 rationis
1150 2051 1329 2089 naturalis
1355 2055 1357 2105 ξ
1385 2051 1606 2089 certitudine
1633 2052 1855 2100 prophetica
1883 2051 1994 2088 nobis
2024 2051 2328 2089 manifestantur:
2367 2052 2451 2089 talis

258 2111 321 2149 ille
341 2109 356 2140 β
385 2110 449 2160 qui
477 2110 592 2148 habet
620 2107 836 2155 scientiam,
866 2119 937 2156 pro
967 2114 1069 2143 certo
1099 2106 1167 2143 scit
1195 2118 1235 2142 se
1263 2106 1329 2142 ha-

259 2166 363 2203 bere.
393 2165 496 2211 Ergo
525 2163 586 2199 ille
605 2162 671 2210 qui
690 2162 806 2198 habet
833 2159 1074 2210 prophetiam
1103 2172 1171 2207 per
1198 2160 1328 2196 lumen

1355 2219 1357 2221 ’
1384 2213 1547 2248 verbum
1577 2211 1749 2259 Gregorii
1768 2211 1799 2248 ³⁸.
1830 2212 1890 2248 Ne
1919 2219 2050 2248 tamen
2071 2223 2115 2248 ex
2143 2212 2218 2248 hoc
2239 2224 2344 2248 error
2363 2225 2451 2260 pos-

315 2272 390 2308 Si-:n
419 2281 567 2308 CONTRA
599 2280 666 2305 EST
697 2268 804 2317 quod
837 2266 1044 2314 Gregorius
1079 2266 1186 2312 dicit,
1215 2277 1329 2313 super
1355 2264 1357 2312 ζ

259 2325 393 2375 Ezech.
413 2323 454 2360 *ε
484 2323 684 2360 Sciendum
704 2326 758 2358 est
777 2321 878 2369 quod
903 2319 1107 2368 aliquando
1120 2320 1330 2367 prophetae
1355 2313 1357 2364 ξ

260 2217 448 2264 divinum,
477 2217 598 2253 multo
627 2215 747 2263 magis
776 2222 900 2251 certus
929 2221 985 2250 est
1014 2224 1054 2249 se
1082 2213 1237 2249 habere.

1385 2105 1487 2142 enirn
1517 2104 1711 2141 instinctus
1741 2112 1796 2142 est
1824 2105 2008 2153 quiddam
2038 2105 2303 2153 imperfectum
2331 2105 2367 2142 in
2387 2118 2451 2153 ge-

1384 2170 1474 2196 nere
1502 2158 1737 2206 prophetiae.
1768 2159 1817 2195 Et
1835 2159 1910 2194 hoc
1939 2159 2058 2195 modo
2082 2159 2365 2206 intelligendum
2396 2167 2452 2195 est

1385 2265 1431 2302 sit
1467 2264 1660 2311 accidere,
1687 2276 1758 2313 per
1793 2265 1972 2313 Spiritum
2015 2265 2194 2301 Sanctum
2232 2265 2338 2301 citius
2370 2277 2452 2302 cor-

1385 2319 1486 2364 recti,
1515 2318 1565 2354 ab
1593 2330 1636 2354 eo
1672 2329 1769 2366 quae
1802 2330 1893 2355 vera
1926 2324 2014 2354 sunt
2047 2319 2215 2363 audiunt,
2244 2324 2279 2354 et
2309 2322 2452 2356 semeti-

258 2378 390 2423 sancti,
418 2377 508 2414 dum
537 2375 794 2420 consuluntur,
823 2386 874 2410 ex
901 2385 1045 2423 magno
1075 2385 1143 2409 usu
1166 2373 1328 2421 prophe·
1355 2374 1357 2415 Ι
1378 2383 1480 2420 psos‚
1502 2371 1590 2419 quia
1599 2371 1708 2419 falsa
1728 2372 1904 2417 dixerint,
1925 2371 2221 2419 reprehendunt:
2249 2379 2290 2408 ut
2309 2371 2451 2409 ibidem

243 2431 365 2469 ‘tandi
381 2430 568 2479 quaedam
584 2441 635 2465 ex
646 2441 715 2465 suo
734 2428 865 2476 spiritu
875 2427 1089 2475 proferunt,
1106 2431 1142 2463 et
1153 2438 1193 2463 se
1210 2427 1327 2463 haec*
1355 2417 1357 2436 ¹

259 2497 310 2522 ex
331 2483 553 2534 prophetiae
580 2482 711 2531 spiritu
740 2481 864 2518 dicere
890 2481 1140 2529 suspicantur.

314 2539 541 2575 RESPONDEO
561 2547 747 2573 memnon
767 2534 871 2583 quod
891 2546 1001 2571 mens
1029 2534 1240 2582 prophetae
1261 2533 1328 2569 du-
1354 2546 1356 2585 Ι

259 2591 405 2641 pliciter
433 2602 455 2627 a
483 2590 569 2626 Deo
590 2588 799 2626 instruitur:
829 2599 907 2624 uno
927 2586 1060 2633 modo,
1081 2598 1150 2635 per
1179 2597 1327 2634 expres·
1354 2590 1356 2625 Ξ

284 2741 289 2746 ¹
309 2705 341 2746 ρ)
361 2704 427 2729 dicit
441 2710 493 2735 per
510 2702 637 2735 spiritum
652 2701 819 2734 prophetiae.
831 2714 850 2720 -
870 2701 943 2726 Deus
957 2708 1009 2732 per
1026 2700 1151 2732 spiritum
1170 2700 1331 2732 prophetiae

259 2740 442 2810 amafged...
462 2774 513 2799 ille.
526 2788 545 2792 -
565 2773 608 2798 ille
626 2773 656 2804 E,
677 2772 721 2797 ille
740 2775 829 2797 autem
850 2771 895 2802 Pa,
910 2772 1000 2804 (quam
1020 2778 1087 2803 quae
1107 2774 1146 2796 est
1160 2778 1213 2803 per
1231 2771 1329 2801 lumen,

259 2812 360 2837 omisso
379 2810 494 2836 rationis
513 2808 657 2841 naturalis)
677 2808 723 2833 sed
743 2808 786 2832 ille
804 2808 874 2840 LpC.
1115 2836 1121 2852 ι

1385 2424 1592 2473 Gregorius
1621 2424 1757 2461 subdit.

1437 2478 1589 2515 Primae
1619 2486 1747 2515 autem
1769 2478 1934 2514 rationes
1954 2479 2167 2526 procedunt
2195 2485 2381 2525 quantum
2404 2480 2451 2516 ad

1385 2544 1430 2568 ea
1449 2543 1547 2581 quae
1567 2531 1792 2581 prophetico
1814 2531 1944 2580 spiritu
1965 2532 2191 2568 revelantur.
2219 2531 2330 2568 Unde
2350 2540 2452 2581 patet

1384 2585 1582 2634 responsio
1612 2585 1661 2622 ad
1690 2585 1822 2621 omnia
1840 2589 1852 2605 ⁸
1882 2584 2043 2621 obiecta.

1436 2700 1464 2733 γ)
1483 2707 1512 2725 se
1529 2700 1601 2725 haec.
1614 2713 1633 2719 —-
1650 2706 1706 2724 esse
1730 2698 1796 2723 ltaec
1820 2698 1966 2727 ABDEFK,
1984 2704 2041 2722 esse
2065 2698 2114 2722 hoc
2139 2698 2230 2727 PCLa,
2250 2698 2299 2723 hoc
2324 2705 2401 2723 omne
2419 2699 2451 2728 Η,

1385 2736 1450 2760 haec
1467 2736 1492 2765 1;
1511 2743 1560 2768 pro
1579 2735 1674 2764 dicere,
1695 2734 1795 2759 dictum
1816 2734 1844 2764 C,
1863 2742 1917 2758 om.
1937 2733 2059 2758 PADEK.

1438 2770 1463 2802 ὃ)
1483 2771 1570 2796 hoc.-
1589 2770 1653 2795 haec
1672 2770 1723 2800 PL,
1743 2770 1785 2794 hic
1804 2770 1836 2799 H,
1857 2769 1935 2794 homo
1953 2769 1984 2794 E.

1438 2807 1460 2838 ε)
1480 2806 1578 2831 omnia.
1590 2820 1610 2825 -
1628 2805 1689 2831 Om.
1710 2805 1827 2830 PACHa.

944 2886 1278 2918 Commentaria
1300 2885 1551 2918 Gardjnalis
1574 2884 1774 2917 Caietam

292 2983 312 3004 u
337 2971 469 3003 arficulo
493 2971 607 3011 quinto
631 2969 774 3000 eiusdem
797 2967 993 3009 quaestionis
1016 2966 1328 3006 centesimaeseptua—

265 2983 564 3058 Igesimaeprimae,
582 3021 659 3044 nota
670 3015 790 3054 primo,
805 3012 992 3047 cautissime,
1007 3010 1242 3041 distinctionem
1257 3020 1330 3050 pro—

262 3061 402 3102 phetiae,
426 3060 544 3091 scilicet
565 3069 622 3099 per
645 3067 823 3098 expressam
847 3056 986 3087 divinam
1010 3055 1252 3091 revelationem,
1279 3055 1330 3085 vel

264 3115 320 3145 per
341 3105 526 3136 instinctum
545 3104 706 3134 divinum:
731 3109 762 3133 et
778 3100 983 3132 differentiam
997 3106 1118 3130 tantam
1134 3099 1214 3130 inter
1229 3109 1329 3129 mem-

264 3150 319 3180 bra
342 3149 437 3180 huius
461 3147 670 3179 distinctionis
695 3153 729 3177 ut
752 3146 855 3187 prima
878 3145 918 3175 sit
940 3143 1107 3184 prophetia
1131 3143 1328 3183 simpliciter,

264 3193 401 3223 secunda
424 3199 532 3223 autem
554 3202 620 3223 non
645 3197 772 3232 oportet
795 3190 883 3231 quod
906 3189 946 3219 sit
961 3188 1127 3228 prophetia
1144 3187 1203 3217 nisi
1219 3197 1330 3218 secun-

265 3237 343 3267 dum
367 3236 455 3277 quid.
486 3236 592 3267 Prima
621 3236 703 3276 parit
726 3234 947 3266 certitudinem
971 3234 1003 3263 in
1027 3238 1133 3262 mente
1157 3231 1329 3272 prophetae

266 3282 374 3322 quoad
397 3281 476 3317 duo,
500 3287 537 3311 ut
559 3281 593 3310 in
615 3280 716 3311 littera
739 3279 867 3310 dicitur:
892 3277 1037 3308 videlicet
1060 3283 1090 3307 et
1113 3276 1221 3317 quoad
1244 3285 1329 3306 reve-

265 3325 336 3361 lata,
361 3331 392 3355 et
413 3325 523 3366 quoad
537 3324 780 3360 revelationem;
804 3323 847 3354 ita
862 3323 951 3364 quod
969 3321 1123 3362 propheta
1139 3330 1194 3360 per
1210 3329 1331 3360 expres-

266 3379 334 3400 sam
357 3369 582 3400 revelationem
600 3368 772 3399 instructus
794 3368 876 3398 clare
895 3367 952 3397 scit
968 3376 1050 3407 quae
1069 3365 1126 3395 sibi
1143 3364 1329 3400 revelantur,

266 3420 298 3444 et
320 3413 400 3444 clare
424 3412 481 3444 scit
509 3412 600 3453 quod
621 3412 709 3442 Deus
732 3412 794 3442 hoc
816 3411 875 3442 sibi
898 3411 1024 3441 revelat.
1055 3409 1199 3440 Secunda
1223 3415 1330 3439 autem

266 3464 416 3488 neutrum
439 3457 555 3487 horum
578 3462 705 3496 oportet
722 3456 812 3497 quod
827 3456 888 3486 det.
913 3455 1018 3485 Prima
1033 3461 1080 3485 est
1103 3453 1278 3494 prophetia,
1295 3459 1331 3483 ut

267 3502 387 3533 dictum
410 3507 466 3537 est,
492 3500 692 3540 simpliciter:
723 3500 861 3530 secunda
884 3506 931 3530 est
954 3498 1173 3540 imperfectum
1197 3497 1274 3538 quid
1296 3498 1328 3527 in

266 3555 388 3587 genere
404 3545 603 3586 prophetiae,
629 3551 664 3575 ut
686 3543 718 3574 in
743 3543 843 3574 littera
866 3543 989 3574 dicitur.

322 3591 407 3621 Nota
425 3589 575 3626 secundo,
600 3588 689 3629 quod
705 3588 823 3618 horum
838 3588 978 3618 duorum
1002 3597 1085 3628 quae
1107 3587 1139 3617 in
1155 3587 1256 3617 littera
1275 3595 1330 3626 po-
1356 3616 1358 3625 ¹

1381 2973 1503 2997 nuntur
1531 2972 1613 2996 certe
1644 2965 1793 3005 cognosci
1824 2975 1842 2994 a
1872 2964 2048 3005 propheta,
2074 2964 2234 3003 primum,
2260 2964 2376 2994 scilicet
2404 2974 2452 2994 res

1382 3011 1534 3046 revelata,
1559 3020 1625 3040 non
1655 3010 1770 3040 directe
1797 3015 1917 3049 spectat
1946 3009 1986 3039 ad
2016 3009 2101 3039 hunc
2124 3008 2309 3043 articulum,
2333 3009 2387 3038 sed
2413 3009 2452 3038 ad

1382 3061 1533 3095 quartum
1566 3054 1736 3085 articulum
1769 3053 1965 3094 quaestionis
1999 3052 2453 3093 centesimaeseptuagesimae-

1383 3099 1499 3134 tertiae,
1526 3098 1580 3129 ubi
1604 3098 1765 3139 quaeritur
1788 3107 1828 3127 an
1852 3097 2026 3138 prophetae
2057 3103 2250 3136 cognoscant
2273 3106 2355 3136 quae
2378 3106 2452 3136 pro-

1382 3143 1524 3183 phetant.
1547 3161 1568 3166 —
1592 3142 1775 3173 Secundum
1799 3148 1916 3177 autern,
1937 3141 2054 3172 scilicet
2073 3141 2141 3181 ipsa
2164 3140 2312 3171 revelatio
2337 3141 2451 3177 divina,

1383 3187 1498 3217 directe
1521 3187 1692 3226 praesentis
1708 3193 1755 3216 est
1769 3186 1975 3226 quaestionis,
2000 3192 2030 3216 et
2056 3186 2095 3215 ad
2115 3185 2176 3216 hoc
2196 3184 2296 3215 tendit
2318 3184 2451 3216 intentio

1383 3231 1518 3261 litterae:
1544 3241 1583 3260 an
1604 3230 1721 3261 scilicet
1739 3230 1895 3270 propheta
1918 3230 2003 3265 sciat,
2020 3230 2150 3270 quando
2174 3229 2345 3270 prophetat
2367 3229 2452 3260 intus

1383 3275 1434 3305 vel
1455 3282 1549 3310 extra,
1574 3275 1664 3315 quod
1687 3275 1773 3305 Deus
1797 3274 1856 3304 sibi
1879 3274 2004 3304 revelat.

1438 3320 1522 3350 Nota
1546 3320 1651 3356 tertio,
1677 3318 1765 3359 quod
1788 3318 1821 3348 in
1842 3318 1943 3348 littera
1967 3318 2006 3348 ad
2030 3323 2152 3357 partem
2168 3317 2390 3348 affirmativam
2406 3318 2452 3348 di-

1385 3370 1451 3394 ctae
1475 3363 1669 3403 quaestionis
1686 3362 1858 3393 afferuntur
1880 3368 1941 3392 tres
1965 3362 2182 3402 probationes:
2207 3362 2320 3402 prima,
2339 3371 2376 3392 ex
2397 3372 2452 3392 au-

1383 3407 1524 3438 ctoritate
1555 3407 1720 3442 Ieremiou
1753 3406 1910 3442 secunda,
1934 3416 1970 3436 ex
1999 3405 2184 3436 certitudine
2213 3413 2338 3437 nostrae
2360 3405 2449 3443 fidei;

1382 3452 1481 3488 tertia,
1499 3461 1535 3482 ex
1550 3451 1633 3482 facto
1649 3451 1802 3481 Abrahae.
1828 3450 1919 3487 Quae
1935 3450 2140 3490 probationes
2164 3456 2238 3491 post
2256 3450 2451 3481 declaratum

1383 3506 1513 3526 sensum
1537 3495 1751 3526 conclusionis
1774 3494 1989 3526 discutiendae
2012 3501 2087 3525 sunt
2100 3495 2127 3526 ⁸.

1438 3541 1522 3571 Nota
1539 3545 1665 3580 quarto,
1687 3540 1854 3570 descensus
1870 3539 1985 3579 gradus
1999 3539 2033 3569 in
2049 3539 2164 3570 divinis
2178 3539 2449 3570 instructionibus

1383 3585 1475 3621 Nam,
1501 3584 1649 3615 revelatio
1673 3584 1779 3614 divina
1802 3584 1968 3624 multiplex
1991 3592 2065 3615 cum
2089 3583 2138 3620 sit,
2159 3583 2326 3624 prophetia
2349 3584 2380 3613 in
2405 3593 2450 3613 re-

2473 1108 2482 1119 ·
2497 1106 2554 1134 Cap.
2569 1113 2627 1128 xvn.

2475 1319 2485 1329 ⁸
2500 1318 2565 1340 Vera.
2582 1323 2609 1346 ¹5-

2479 1691 2488 1701 ·
2505 1690 2561 1712 Gen.
2572 1695 2623 1717 cap.
2632 1696 2690 1712 xxn.

2480 2224 2489 2234 ⁶
2531 2229 2552 2251 g.
2571 2223 2620 2245 Sed
2636 2229 2691 2245 con-

2482 3493 2489 3500 ·
2504 3490 2573 3511 Num.
2589 3496 2622 3511 ιιι,
