2768 4198
94 713 106 725 ⁸
118 712 143 734 In
159 718 265 740 corpore.

942 301 1211 346 QUAESTIO
1242 301 1522 350 CLXXXVIII,
1553 303 1849 341 ARTICULUS
1879 304 1930 340 IV

2454 305 2524 341 525

1022 414 1360 447 commentaria
1383 415 1635 448 cardinalis
1659 416 1859 448 Caietam

340 501 387 564 IN
412 491 546 522 articulo
571 491 663 522 tertio
693 491 838 522 eiusdem
868 492 1083 532 quaestionis,
1108 493 1243 523 dubium
1274 494 1410 524 occurrit
1435 494 1437 525 Ι
1463 502 1561 526 stetur
1583 495 1615 525 in
1640 496 1768 526 materia
1785 495 1879 526 etiarn
1895 496 2063 536 religionis,
2081 503 2157 537 puta
2174 496 2206 526 in
2222 497 2457 537 recuperatione
2474 505 2528 529 aut

368 545 405 566 ex
434 546 472 566 eo
497 536 587 576 quod
619 536 777 566 contraria
807 536 866 566 sibi
898 536 1035 566 invicem
1067 544 1220 577 apparent
1247 548 1329 579 quae
1362 539 1408 568 di·
1435 532 1437 546 '

337 587 453 611 cuntur
484 579 517 610 in
548 580 649 610 littera
683 581 721 610 de
755 590 849 610 causa
883 580 1023 611 militiae.
1059 582 1142 611 Nam
1176 582 1289 612 dicitur
1320 583 1410 623 quod

331 630 469 666 propter
498 625 579 655 nihil
601 625 802 655 mundanum
828 625 1029 656 militandum
1055 631 1102 656 est
1124 636 1143 656 a
1168 627 1349 667 religiosis:
1380 634 1411 657 et

336 669 496 705 similiter,
521 669 562 699 ad
586 669 728 705 tertium,
753 669 956 709 subiungitur
979 670 1069 710 quod
1092 671 1207 701 militia
1230 672 1410 702 saecularis

336 713 541 745 interdicitur
556 714 804 754 poenitentibus.
830 714 872 744 Et
887 721 993 744 tamen
1019 714 1160 745 dicitur*
1175 716 1265 755 quod
1276 721 1411 756 propter

335 759 453 790 salutis
472 758 624 799 publicae
648 759 699 789 vel
714 768 900 799 pauperum
919 758 1137 800 defensionem
1163 759 1316 799 religiosis
1339 760 1411 791 licet

335 813 488 844 pugnare.
514 802 649 834 Constat
672 813 812 844 namque
835 803 925 844 quod
949 803 1076 844 publica
1100 803 1184 834 salus
1209 805 1410 835 mundanum

336 849 461 879 bonum
485 854 547 884 est;
579 854 610 878 et
633 847 777 878 similiter
800 847 926 878 libertas
949 857 1178 888 oppressorum
1208 850 1409 879 mundanum

335 893 460 923 bonum
477 899 538 923 est:
559 902 635 923 cum
649 899 823 933 utrumque
840 892 880 922 sit
895 892 1020 922 bonum
1035 893 1220 932 temporale,
1238 903 1410 924 commune

336 936 524 968 Christianis
549 944 580 968 et
603 936 752 977 paganis;
776 937 863 977 apud
888 943 1042 978 utrosque
1066 937 1151 967 enim
1176 944 1223 968 est
1245 938 1330 968 salus
1354 948 1412 978 pu-

335 981 417 1013 blica
441 989 472 1013 et
495 991 726 1022 oppressorum
750 980 905 1012 defensio.

390 1027 565 1063 Praeterea,
589 1025 804 1066 appellatione
827 1025 995 1056 saecularis
1019 1025 1149 1056 militiae
1173 1033 1228 1056 aut
1250 1026 1337 1057 venit
1360 1036 1410 1056 so-

334 1071 405 1102 lum
429 1071 551 1102 bellum
572 1070 746 1101 iniustum:
772 1077 803 1101 et
825 1070 888 1101 hoc
908 1080 986 1107 non,
1011 1070 1086 1111 quia
1110 1070 1266 1101 iniustum
1290 1071 1410 1102 bellum

334 1115 431 1146 etiam
447 1125 514 1147 non
530 1115 768 1156 poenitentibus
782 1115 991 1146 interdicitur:
1016 1133 1036 1137 -
1060 1122 1115 1146 aut
1138 1115 1269 1156 aliquod
1289 1116 1410 1146 bellum

334 1160 468 1200 iustum.
492 1160 534 1190 Et
557 1170 632 1190 cum
657 1169 754 1190 omne
771 1159 893 1190 bellum
908 1159 1030 1190 iustum
1054 1159 1219 1190 ordinetur
1242 1161 1281 1190 ad
1304 1159 1409 1200 publi-

335 1215 411 1236 cum
434 1205 559 1235 bonum
583 1204 838 1241 defendendum,
870 1210 1055 1245 sequeretur
1077 1204 1166 1245 quod
1191 1204 1322 1245 aliquod
1346 1204 1408 1235 bel-

334 1248 403 1280 lum
427 1249 551 1280 iustum
567 1255 648 1279 esset
662 1248 867 1279 interdictum
886 1248 1124 1289 poenitentibus
1140 1249 1229 1289 quod
1245 1259 1311 1278 non
1331 1256 1411 1280 esset
1436 1267 1437 1285 ᾗ

334 1293 541 1331 interdicutm
572 1292 727 1333 religiosis
758 1293 909 1324 institutis
938 1294 977 1324 ad
1001 1293 1203 1324 bellandum:
1240 1293 1315 1334 quia
1338 1293 1410 1324 reli·
1436 1294 1437 1299 ’

275 1336 287 1338 ”
333 1338 416 1379 giesi
439 1338 528 1375 tales,
553 1344 590 1370 ut
612 1338 645 1368 in
666 1338 768 1370 littera
792 1337 918 1374 dicitur,
934 1345 1071 1378 possunt
1085 1348 1144 1379 pro
1162 1337 1289 1378 publica
1310 1338 1411 1368 salute

327 2277 331 2282 ’
356 2256 491 2342 ‘Ic-³2,

334 1383 465 1420 bellare;
495 1382 696 1424 poenitentes
719 1390 838 1419 autem,
862 1380 970 1413 solum
994 1393 1052 1423 pro
1077 1382 1187 1413 divino
1211 1382 1367 1423 obsequio
1383 1382 1413 1413 *.

333 1426 407 1459 Hoc
431 1434 540 1459 autem
563 1434 610 1458 est
632 1427 877 1458 inconveniens:
906 1427 982 1469 quia
1006 1427 1116 1468 religio
1141 1434 1187 1458 est
1210 1433 1309 1458 status
1333 1437 1409 1467 poe·
1436 1443 1437 1447 =

1462 540 1701 582 conservatione
1724 541 1840 570 Terrae
1864 540 1994 571 Sanctae
2019 548 2147 581 propter
2171 541 2288 572 Christi
2310 542 2526 578 reverentiam,

1463 584 1518 624 qui
1542 583 1585 614 ibi
1609 585 1813 624 corporaliter
1837 592 2048 621 conversatus,
2065 593 2135 621 etc„
2159 592 2221 622 est;
2253 585 2319 616 sive
2341 585 2374 615 in
2399 586 2527 618 materia

1463 628 1590 659 alterius
1606 629 1738 665 virtutis,
1757 635 1832 668 puta
1856 629 1979 669 pietatis
2002 629 2052 659 vel
2069 629 2300 660 misericordiae
2315 630 2366 660 vel
2381 630 2527 668 iustitiae,

1463 679 1499 703 ut
1522 673 1676 712 contingit
1699 673 1730 703 in
1755 672 1938 703 defensione
1953 674 2097 714 publicae
2113 674 2222 704 salutis
2245 681 2276 705 et
2298 684 2477 715 pauperum
2493 685 2528 705 ac

1464 727 1701 757 oppressorum.
1738 717 1833 747 Nulla
1861 727 1935 757 ergo
1966 725 2012 748 est
2042 718 2253 749 controversia
2282 718 2363 749 inter
2386 718 2468 750 dicta
2495 719 2527 749 in

1463 761 1579 791 littera:
1612 762 1666 792 sed
1694 761 1836 791 formalis
1867 762 2026 793 diversitas
2056 763 2186 802 ponitur
2213 763 2294 793 inter
2316 763 2461 793 militiam
2485 763 2528 793 ob

1463 806 1582 846 aliquid
1614 807 1833 842 mundanum,
1858 816 1923 836 non
1948 814 1983 837 ut
2007 807 2188 843 materiam,
2212 808 2266 837 sed
2290 814 2326 837 ut
2351 806 2467 844 finem;
2499 814 2529 838 et

1464 850 1608 881 militiam
1634 851 1675 880 ob
1701 850 1845 880 divinum
1862 851 2053 891 obsequium
2068 851 2100 881 in
2117 851 2267 891 operibus
2283 851 2526 887 misericordiae,

1463 905 1603 935 quorum
1635 894 1763 925 materia
1791 901 1837 925 est
1865 894 1983 935 aliquid
2013 896 2224 931 mundanum,
2249 903 2325 936 puta
2355 896 2439 926 salus
2469 896 2527 927 rei-

1464 939 1607 979 publicae
1630 939 1680 969 vel
1703 939 1850 978 pauperis
1873 939 2031 970 relevatio.
2055 939 2142 970 Haec
2157 940 2242 970 enim
2266 941 2376 970 eadem
2392 941 2451 970 sub
2466 940 2525 971 mi-

1464 983 1529 1013 litia
1560 983 1710 1013 saeculari
1741 983 1858 1013 cadunt
1891 990 1925 1013 ut
1956 990 2030 1014 sunt
2052 984 2210 1024 quaedam
2233 985 2317 1014 bona
2339 985 2527 1024 temporalia

1464 1027 1679 1058 defendenda:
1705 1033 1735 1058 et
1759 1028 1817 1057 sub
1842 1027 1951 1058 militia
1982 1028 2125 1067 religiosa
2149 1035 2184 1059 ut
2207 1035 2281 1059 sunt
2310 1029 2439 1059 materia
2462 1029 2527 1069 pie—

1463 1072 1534 1102 tatis
1550 1079 1581 1103 et
1595 1071 1837 1107 misericordiae,
1852 1082 1949 1112 quam
1966 1072 2129 1111 religiosus
2146 1072 2270 1103 animus
2287 1080 2318 1103 et
2333 1080 2420 1103 actus
2437 1072 2528 1104 offert

1464 1116 1533 1147 Deo
1557 1116 1736 1146 militando.

1519 1161 1560 1191 Et
1584 1171 1639 1201 per
1662 1161 1724 1191 hoc
1748 1167 1832 1200 patet
1856 1160 1974 1190 solutio
1998 1160 2118 1200 primae
2142 1161 2338 1192 obiectionis.

1520 1206 1570 1235 Ad
1587 1205 1761 1235 secundam
1776 1214 1832 1244 per
1855 1204 1940 1234 idem
1963 1205 2186 1245 respondetur:
2204 1206 2292 1246 quod
2316 1205 2526 1246 appellatione

1465 1249 1595 1280 militiae
1619 1249 1785 1279 saecularis
1808 1248 1894 1279 venit
1923 1248 2033 1279 militia
2057 1249 2199 1280 ordinata
2229 1250 2267 1279 ad
2291 1249 2425 1280 dominii
2448 1257 2527 1280 tem-

1464 1294 1592 1334 poralis,
1607 1300 1637 1324 et
1653 1293 1854 1333 reipublicae,
1868 1300 1898 1323 et
1914 1293 2099 1324 huiusmodi
2113 1294 2351 1324 mundanorum
2367 1294 2526 1325 bonorum

1465 1338 1692 1369 defensionem.
1718 1338 1758 1368 Et
1774 1338 1859 1373 haec,
1877 1337 1957 1368 sicut
1971 1338 2164 1368 interdicitur
2180 1338 2423 1378 poenitentibus,
2438 1338 2481 1369 ita
2498 1346 2529 1370 et

1465 1382 1629 1422 religiosis.
1640 1400 1661 1405 -
1674 1382 1787 1412 Militia
1801 1389 1909 1412 autem
1923 1383 1964 1412 ob
1982 1382 2126 1413 divinum
2148 1383 2340 1423 obsequium
2355 1389 2485 1413 vocatur
2498 1391 2528 1414 et

1465 1433 1512 1458 est
1527 1437 1609 1468 quae
1626 1436 1723 1466 opera
1738 1426 1971 1456 misericordiae
1983 1427 2015 1456 in
2029 1427 2147 1457 eisdem
2163 1437 2292 1468 quoque
2308 1427 2445 1457 materiis
2458 1427 2526 1458 Deo

334 1471 485 1504 nitentiae
516 1472 709 1503 eminentius
745 1482 843 1513 quam
878 1472 1077 1513 quicumque
1109 1471 1190 1502 alius
1225 1471 1411 1511 poenitendi
1436 1483 1438 1505 t
1465 1471 1564 1502 offert.
1577 1471 1617 1502 Et
1628 1471 1705 1501 haec
1718 1480 1784 1500 non
1797 1470 1991 1501 interdicitur
2003 1471 2155 1511 religiosis
2168 1481 2271 1512 neque
2283 1471 2527 1511 poenitentibus.

334 1518 464 1559 modus,
490 1524 526 1548 ut
548 1524 635 1558 patet
658 1527 695 1548 ex
714 1524 787 1548 ante
801 1517 819 1536 *
843 1516 944 1548 dictis.

336 1576 339 1580 ¹
390 1562 428 1594 Π.
452 1562 504 1593 Ad
526 1561 590 1593 hoc
613 1561 729 1593 dicitur
744 1562 834 1603 quod
850 1571 906 1602 per
924 1561 1048 1602 aliquid
1068 1561 1267 1591 mundanum
1292 1560 1342 1591 hic
1362 1560 1410 1590 in-

333 1606 487 1648 telligitur
509 1606 692 1638 dominium
717 1606 904 1647 temporale,
928 1606 1040 1646 gloria,
1064 1605 1178 1642 honor,
1203 1605 1356 1646 pecunia,
1380 1612 1411 1636 et

333 1651 493 1694 quidquid
513 1651 648 1692 pecunia
665 1651 859 1682 aestimabile
879 1658 935 1682 est.
959 1650 1080 1682 Contra
1095 1650 1282 1681 huiusmodi
1301 1657 1410 1680 autem
1436 1672 1437 1675 η

333 1697 538 1727 mundanum
561 1696 767 1737 distinguitur
782 1696 926 1727 divinum
951 1695 1148 1736 obsequium,
1171 1695 1262 1736 quod
1284 1701 1331 1725 est
1345 1694 1409 1725 vir-

332 1740 410 1773 tutis
433 1741 596 1783 religionis
620 1748 724 1772 actus:
756 1740 822 1771 sive
846 1741 908 1771 hoc
931 1739 1077 1770 divinum
1101 1739 1294 1782 obsequium
1321 1749 1410 1780 prae·
1434 1762 1436 1766 .

1436 1512 1438 1549 l
1465 1516 1511 1546 lta
1534 1515 1623 1557 quod
1647 1525 1713 1545 non
1736 1514 1809 1545 licet
1831 1515 2067 1554 poenitentibus
2091 1523 2121 1546 et
2139 1515 2291 1556 religiosis
2311 1515 2466 1555 deputatis
2489 1515 2528 1545 ad

1465 1560 1680 1596 militandum,
1698 1569 1764 1590 esse
1787 1558 1902 1589 milites
1926 1559 2146 1599 stipendiarios
2165 1559 2197 1590 in
2217 1569 2423 1600 quocumque
2446 1559 2529 1589 bello

1464 1605 1566 1636 iusto:
1591 1605 1646 1635 sed
1665 1604 1698 1634 in
1714 1604 1770 1634 illo
1787 1610 1912 1634 tantum
1931 1605 2020 1644 quod
2043 1604 2166 1644 pietatis
2183 1611 2214 1635 et
2229 1603 2460 1634 misericordiae
2475 1609 2530 1634 aut

1463 1649 1624 1690 religionis
1644 1658 1738 1679 causa
1753 1647 1932 1688 suscipitur,
1949 1649 2083 1679 militare
2098 1656 2242 1690 possunt,
2259 1656 2295 1679 ut
2311 1647 2442 1678 offerant
2459 1648 2528 1678 Deo

1463 1694 1540 1724 haec
1564 1693 1632 1734 ipsa
1655 1703 1751 1733 opera
1776 1692 2017 1730 misericordiae,
2038 1693 2205 1724 militando
2234 1703 2293 1734 pro
2322 1692 2529 1723 subventione

1463 1738 1686 1778 proximorum
1710 1747 1845 1767 suorum
1868 1738 1910 1767 ob
1935 1737 2079 1768 divinum
2103 1738 2264 1768 intuitum.

1123 1885 1446 1927 ARTICULUS
1478 1883 1753 1936 QUARTUS

370 1982 530 2014 UTRUM
553 1981 720 2018 AL1QUA
743 1979 920 2012 RELIGIO
944 1979 1094 2011 PosslT
1118 1979 1308 2010 INSTITUI
1332 1979 1391 2010 AD
1416 1977 1760 2009 PRAEDICANDUM
1784 1978 1868 2008 VEL
1892 1977 2211 2008 CONFESS10NES
2234 1977 2493 2009 AUDIENDUM

1203 2060 1279 2085 Cont.
1299 2059 1420 2092 impugn.
1440 2058 1537 2092 Relig„
1557 2066 1614 2091 cap.
1633 2066 1667 2083 tv.

373 2163 429 2191 if„
452 2164 525 2190 „Af

362 2182 525 2256 '5:¹⁵st
548 2197 651 2234 nulla
680 2195 808 2244 religio
845 2195 965 2244 possit
999 2194 1140 2231 institui
1178 2193 1226 2231 ad
1260 2192 1408 2242 praedi—

354 2256 357 2260 '
385 2240 405 2259 *v
550 2251 719 2288 candum
756 2250 819 2286 vel
858 2248 1120 2286 confessiones
1158 2246 1406 2284 audiendum.

415 2237 540 2294 wlff·

508 2298 696 2342 XDicitur
715 2303 818 2341 enim
839 2303 923 2351 V11,
944 2314 1008 2351 qu.
1025 2314 1035 2339 1
1054 2301 1092 2338 *t
1122 2301 1408 2337 Monachorum
1434 2284 1437 2361 l

547 2154 764 2186 DQUARTUM
783 2154 837 2179 sm
856 2152 1101 2178 Paocamrua.
1118 2139 1281 2177 Videtur
1301 2139 1408 2188 quod
1433 2138 1435 2191 ζ
1461 2137 1545 2175 nitis
1582 2137 1777 2186 personis:
1822 2137 1925 2186 quod
1964 2136 2063 2174 cedit
2099 2136 2138 2173 in
2171 2149 2352 2185 magnum
2380 2149 2526 2175 ¹eorum

1461 2203 1682 2239 gravamen.
1713 2192 1805 2228 Non
1835 2203 1925 2238 ergo
1955 2191 2068 2228 debet
2094 2190 2219 2237 aliqua
2238 2190 2367 2238 religio
2386 2190 2527 2228 institui

1462 2245 1510 2282 ad
1539 2244 1761 2282 huiusmodi
1788 2252 1894 2281 actus
1923 2243 2167 2280 exercendos.

1521 2300 1553 2336 5.
1581 2299 1815 2344 Palmam,
1845 2297 2027 2342 institutio
2057 2296 2251 2333 Ecclesiae
2280 2297 2393 2333 debet
2420 2298 2527 2346 sequi

334 2359 411 2395 vita
442 2358 683 2395 subiectionis
714 2358 828 2394 habet
853 2357 1011 2393 verbum
1045 2361 1080 2392 et
1111 2354 1353 2402 discipulatus
1373 2359 1408 2400 α,
1435 2363 1438 2400 ι
1463 2352 1736 2389 institutionem
1766 2351 1918 2388 Christi.
1963 2351 2039 2387 Sed
2068 2350 2239 2386 Christus
2275 2350 2400 2398 primo
2428 2351 2530 2388 misit

335 2424 410 2450 non
446 2412 608 2449 docendi
636 2412 697 2449 vel
726 2410 973 2460 praesidendi
997 2409 1057 2446 vel
1083 2408 1269 2457 pascendi
1293 2407 1409 2444 alios:
1436 2407 1438 2456 ἱ
1465 2405 1514 2443 ad
1534 2405 1836 2455 praedicandum
1854 2403 2060 2441 duodecim
2076 2403 2294 2452 Apostolos,
2310 2411 2351 2439 ut
2370 2404 2530 2441 habetur

335 2473 372 2502 et
409 2465 547 2503 eadem
584 2465 679 2503 ratio
714 2477 797 2502 esse
826 2464 979 2502 videtur
1016 2463 1063 2500 de
1099 2462 1180 2499 aliis
1216 2461 1410 2509 religiosis.

335 2519 414 2556 Sed
443 2519 665 2568 praedicare
685 2527 722 2556 et
742 2517 1003 2555 confessiones
1027 2515 1157 2553 audire
1179 2522 1235 2552 est
1253 2527 1410 2564 pascere

333 2573 396 2609 vel
427 2573 567 2610 docere
597 2573 701 2610 alios.
733 2573 823 2609 Non
846 2583 935 2619 ergo
956 2570 1005 2607 ad
1033 2570 1108 2606 hoc
1129 2569 1256 2616 aliqua
1279 2568 1410 2616 religio

333 2633 462 2675 potest
489 2626 642 2663 institui.

390 2691 425 2716 2.
457 2680 693 2725 PRAETEREA,
723 2678 814 2715 illud
843 2677 893 2714 ad
918 2676 1024 2725 quod
1044 2674 1173 2723 religio
1194 2674 1408 2721 instituitur,

334 2732 488 2770 videtur
502 2745 587 2770 esse
600 2732 769 2769 maxime
788 2731 989 2780 proprium
1010 2728 1193 2777 religioni,
1210 2736 1251 2765 ut
1266 2728 1411 2777 supra*

336 2786 478 2824 dictum
508 2794 575 2824 est.
607 2787 682 2823 Sed
713 2783 896 2834 praedicti
916 2791 1022 2820 actus
1050 2795 1129 2819 non
1149 2789 1238 2818 sunt
1265 2781 1410 2830 proprii

336 2840 616 2889 religiosorum,
646 2838 714 2876 sed
742 2838 870 2887 potius
899 2837 1169 2886 praelatorum.
1200 2836 1292 2872 Non
1319 2847 1408 2883 ergo

336 2894 386 2932 ad
413 2893 637 2931 huiusmodi
666 2900 771 2929 actus
799 2898 925 2941 potest
952 2890 1078 2939 aliqua
1099 2888 1227 2937 religio
1257 2888 1408 2926 institui.

393 2949 428 2985 3.
459 2947 695 2993 PRAETEREA,
725 2944 1005 2982 inconveniens
1033 2942 1186 2980 videtur
1214 2942 1319 2990 quod
1344 2955 1411 2979 au-

337 3001 490 3039 ctoritas
516 2999 763 3050 praedicandi
793 3006 829 3035 et
858 2996 1119 3034 confessiones
1148 2995 1326 3032 audiendi
1354 2995 1408 3032 in-

336 3055 452 3092 finitis
480 3054 701 3092 hominibus
731 3052 1002 3090 committatur.
1034 3050 1111 3086 Sed
1140 3061 1218 3086 non
1246 3056 1302 3085 est
1330 3061 1409 3085 cer·

337 3116 398 3145 tus
426 3120 611 3146 numerus
641 3119 776 3144 eorum
805 3105 868 3154 qui
897 3105 935 3141 in
961 3102 1141 3152 religione
1162 3102 1288 3151 aliqua
1317 3101 1409 3138 reci-

338 3162 506 3211 piuntur.
536 3163 638 3210 Ergo
667 3158 942 3198 inconveniens
972 3164 1028 3194 est
1063 3155 1168 3206 quod
1197 3156 1324 3205 aliqua
1351 3168 1408 3192 re-

338 3214 425 3263 ligio
454 3214 668 3252 instituatur
696 3215 744 3252 ad
774 3220 880 3250 actus
907 3210 1134 3260 praedictos.

391 3280 429 3315 4.
460 3269 702 3314 Pmmaea,
738 3264 1064 3317 praedicatoribus
1098 3263 1258 3300 debetur
1285 3261 1409 3298 victus

338 3334 360 3359 a
397 3321 575 3358 fidelibus
612 3321 773 3358 Christi:
811 3328 854 3357 ut
887 3326 989 3368 patet
1018 3319 1031 3354 I
1061 3317 1113 3354 ad
1152 3317 1239 3353 Cor.
1278 3327 1324 3352 ix.
1369 3315 1409 3351 Si

339 3387 431 3423 ergo
470 3373 720 3412 committitur
759 3371 1052 3424 praedicationis
1090 3369 1262 3407 officium
1300 3368 1410 3405 alicui

339 3428 510 3477 religioni
539 3428 587 3466 ad
615 3428 691 3465 hoc
719 3426 922 3472 institutae,
943 3431 1123 3474 sequetur
1150 3421 1256 3472 quod
1274 3421 1408 3459 fideles

339 3481 479 3519 Christi
513 3489 712 3519 teneantur
749 3479 798 3517 ad
826 3479 1086 3518 exhibendum
1115 3484 1289 3525 sumptus
1325 3475 1408 3512 infi-

393 3616 419 3649 α)
440 3614 627 3647 discipulatus.
638 3627 658 3632 -
676 3612 864 3644 disciplinatus
883 3611 988 3636 GHKL.

1467 2461 1558 2496 Luc.
1580 2471 1616 2496 lx
1634 2458 1674 2505 *;
1706 2467 1742 2495 et
1770 2465 1904 2507 postea
1929 2457 2031 2494 misit
2058 2456 2394 2506 septuagintaduos
2423 2457 2528 2494 disci-

1465 2514 1589 2562 pulos,
1611 2522 1651 2549 ut
1670 2513 1833 2549 habetur
1852 2512 1945 2548 Luc.
1966 2523 1989 2548 x
2008 2510 2048 2556 *3
2079 2518 2114 2547 et
2137 2510 2233 2547 sicut
2252 2511 2388 2547 Glossa
2402 2509 2443 2531 *ι*
2460 2510 2527 2548 ibi-

1466 2567 1556 2604 dem
1585 2566 1686 2611 dicit,
1714 2565 1982 2614 Apostolorum
2001 2565 2172 2611 formam
2203 2569 2328 2600 tenent
2351 2564 2526 2613 episcopi,

1463 2619 1866 2670 septuagintaduorum
1888 2618 2154 2666 discipulorum
2182 2617 2347 2653 minores
2367 2618 2526 2666 presby·-

1464 2674 1554 2720 teri,
1584 2673 1724 2710 scilicet
1753 2671 1881 2708 curati.
1926 2671 2045 2718 Ergo,
2074 2678 2224 2718 praeter
2258 2669 2458 2718 episcopos
2492 2678 2527 2707 et

1463 2727 1709 2776 presbyteros
1737 2725 1984 2774 parochiales,
2013 2736 2092 2760 non
2121 2724 2234 2760 debet
2253 2723 2378 2770 aliqua
2398 2723 2526 2771 religio

1463 2780 1604 2818 institui
1625 2779 1673 2816 ad
1693 2777 1993 2828 praedicandum
2021 2777 2083 2814 vel
2111 2778 2159 2814 ad
2185 2776 2442 2813 confessiones
2461 2789 2526 2813 au—

1464 2834 1759 2924 dleSngiiudeTaA
1778 2896 1844 2921 EST
1863 2884 1968 2933 quod
1987 2883 2024 2920 in
2044 2882 2310 2920 Collationibus
2323 2883 2479 2919 Patrum
2494 2882 2525 2930 ²¹²,

1463 2941 1596 2977 Abbas
1624 2940 1809 2976 Nesteros
1833 2935 1869 2985 β,
1900 2938 1946 2975 de
1977 2935 2190 2974 diversitate
2218 2935 2442 2983 religionum
2471 2936 2526 2972 lo-

1464 3006 1597 3043 quens,
1628 2993 1737 3030 dicit:
1771 2992 1932 3034 Quidam
1961 2990 2138 3040 eligentes
2165 2990 2443 3039 aegrotantium
2463 3001 2526 3025 cu-

1463 3059 1568 3092 ram,
1598 3047 1666 3083 alii
1691 3045 1989 3082 intercessionem
2025 3054 2121 3092 quae
2142 3054 2216 3091 pro
2244 3043 2389 3079 miseris
2416 3047 2527 3090 atque

1464 3101 1649 3150 oppressis
1686 3099 1913 3148 impenditur
1954 3101 2197 3146 exequentes,
2233 3102 2300 3132 aut
2335 3095 2526 3132 doctrinae

1464 3155 1652 3199 instantes,
1681 3158 1749 3190 aut
1774 3152 2032 3199 eleemosynas
2054 3149 2284 3198 pauperibus
2311 3150 2525 3199 largientes,

1463 3208 1560 3244 inter
1591 3218 1754 3256 magnos
1781 3217 1828 3242 ac
1854 3216 2021 3241 summos
2048 3204 2167 3249 virm,
2190 3214 2265 3251 pro
2293 3203 2430 3252 affectu
2457 3214 2526 3239 suo

1463 3273 1510 3297 ac
1523 3261 1672 3309 pietate,
1692 3260 1906 3308 viguerunt.
1933 3258 2048 3305 Ergo,
2068 3256 2164 3293 sicut
2182 3256 2231 3293 ad
2250 3255 2524 3304 aegrotantium

1463 3325 1594 3351 curam
1623 3313 1748 3361 aliqua
1776 3311 1905 3358 religio
1933 3317 2057 3359 potest
2084 3309 2236 3355 institui,
2266 3309 2317 3346 ita
2336 3309 2449 3346 etiam
2477 3309 2526 3346 ad

1464 3366 1683 3404 docendum
1711 3365 1898 3414 populum
1935 3375 2004 3412 per
2030 3362 2353 3412 praedicationem
2391 3370 2427 3399 et
2453 3362 2526 3399 alia

1462 3418 1683 3458 huiusmodi
1711 3429 1841 3467 opera.

1516 3475 1743 3510 Responnzo
1772 3481 1958 3508 DICENDUM
1987 3469 2104 3518 quod,
2134 3469 2230 3506 sicut
2257 3468 2400 3506 dictum
2419 3476 2476 3506 est
2493 3468 2524 3515 ²¹³,

1516 3603 1541 3637 β)
1561 3605 1696 3629 Nesteros.
1708 3617 1728 3622 -
1749 3602 1885 3628 Vestorius
1910 3602 1940 3633 E,
1965 3601 2107 3627 Nestorius
2131 3601 2210 3626 ceteri
2235 3606 2261 3625 et
2279 3601 2325 3625 Pa.
2338 3614 2356 3618 —-
2375 3600 2426 3624 Pro
2451 3599 2524 3627 dicit,

1462 3641 1503 3665 ait
1521 3641 1567 3665 Pa.
1580 3654 1599 3659 -
1618 3640 1668 3664 Pro
1687 3639 1826 3668 instantes,
1847 3638 1997 3663 insistentes
2016 3637 2089 3662 pua.

2557 2469 2566 2478 ⁸
2580 2468 2645 2490 Vera.
2661 2474 2678 2494 1,
2693 2474 2713 2489 2.

2557 2517 2565 2526 ⁶
2581 2516 2646 2538 Vera.
2661 2522 2677 2538 1.

2556 2544 2577 2553 ⁸·
2592 2542 2647 2564 Ord.
2663 2543 2743 2564 Bedae.

2554 2890 2564 2898 ·
2587 2886 2670 2909 conat.
2698 2887 2751 2908 x1v
2758 2903 2767 2916 ,

2554 2920 2603 2942 cap.
2619 2920 2649 2936 iv.

2552 3473 2563 3484 ⁸
2576 3474 2626 3494 Art.

2652 2945 2667 2979 β
