2768 4198
63 506 73 516 ⁸
87 503 157 526 Num.
172 510 206 526 ru.

20 1319 21 1322 =
63 1291 87 1319 θ
91 1291 147 1336 'biii
157 1302 160 1305 ”
166 1290 280 1335 Ηιιιιὶνιι,

19 1341 21 1346 ·
62 1336 106 1358 en·
117 1339 134 1362 ι,
144 1332 230 1356 Coum

21 1378 23 1382 Α
64 1365 130 1384 nnn.
144 1365 178 1383 tv.

231 1338 278 1357 Gn!-

119 1934 211 1953 ιῑοσιιη.
240 1939 241 1942 =

75 3358 87 3368 ⁸
95 3357 152 3380 Can.
163 3357 287 3379 Statum.

928 299 1197 346 QUAESTIO
1226 300 1455 348 CLXXXV,
1485 301 1783 339 ARTICULUS
1811 302 1897 338 VIII

304 387 383 407 num
407 377 525 418 quibus
548 379 650 410 debet.
687 379 727 409 Et
749 386 917 420 propterea
940 380 1095 411 subtiliter
1118 380 1374 420 perspiciendum

305 428 351 452 est
367 422 392 452 si
408 422 526 453 reditus
551 422 692 463 episcopi
709 433 742 454 se
756 423 873 455 habent
897 425 937 454 ad
960 424 1068 465 ipsum
1091 425 1181 465 quasi
1206 425 1373 465 proprium

305 466 439 502 bonum,
463 467 514 497 vel
538 474 574 498 ut
598 477 781 499 commune.

360 510 410 546 Et,
437 517 472 541 ut
496 511 617 541 dictum
642 518 688 542 est
705 511 732 548 *,
758 512 783 542 si
813 512 932 543 reditus
966 513 1107 553 episcopi
1139 520 1244 544 tantus
1269 520 1315 544 est
1338 520 1375 543 ut

305 554 530 585 rationabiliter
554 563 704 596 appareat
726 557 815 597 quod
845 557 935 597 quasi
966 567 1024 597 pro
1049 568 1105 588 sua
1133 558 1311 598 praebenda
1336 558 1374 588 sit
1400 573 1401 578 =

305 608 380 629 suae
405 600 626 630 commoditati
650 600 784 637 addicta,
809 608 885 632 tunc
912 602 1003 643 quasi
1033 602 1160 643 propria
1190 603 1275 632 bona
1303 612 1374 632 cen-

305 644 402 673 senda
424 643 584 675 videntur:
616 651 647 675 et
670 653 902 686 consequenter
929 657 994 677 non
1024 654 1182 677 teneretur
1204 647 1374 686 episcopus
1400 663 1401 676 l

305 687 505 737 dispensator
528 689 568 719 ad
591 689 833 722 restitutionem.
858 691 898 722 Et
922 691 1033 721 eadem
1063 691 1194 727 ratione,
1220 701 1278 721 nec
1308 701 1372 721 me-

306 731 430 762 retrices
461 742 519 762 nec
543 732 594 764 alii
618 733 735 774 quibus
768 735 980 771 donarentur,
1006 735 1168 767 restituere
1193 742 1374 766 tenerentur

305 777 463 813 ecclesiae,
481 777 520 807 de
537 778 719 809 necessitate
743 779 912 830 praecepti.

361 819 394 851 Si
417 827 526 851 autem
555 822 675 853 reditus
704 823 846 874 episcopi
878 830 985 854 tantus
1009 831 1055 854 est
1086 831 1122 855 ut
1150 823 1374 855 rationabiliter

305 872 455 915 appareat
477 867 567 906 quod
591 877 657 897 non
680 868 772 908 quasi
796 869 974 908 praebenda
997 868 1056 898 sibi
1080 868 1283 909 respondeat,
1308 868 1373 904 sed,

305 909 380 950 quia
396 917 485 949 pater
499 917 546 941 est
570 921 759 951 pauperum,
777 912 872 952 igitur
891 919 977 944 tanta
1001 913 1085 943 bona
1108 923 1184 944 suae
1205 918 1280 943 sunt
1301 891 1376 942 fidei

306 954 478 985 commissa
501 962 538 986 ut
561 955 791 987 distribuenda:
825 963 902 988 tunc
925 964 961 987 ut
985 957 1171 988 communia
1194 957 1279 987 bona
1303 967 1375 987 cen—

305 998 409 1035 senda,
426 999 589 1037 videntur;
613 999 658 1031 ita
676 1001 766 1042 quod
789 1001 960 1042 episcopus
980 1001 1049 1032 talis
1073 1002 1155 1032 male
1178 1001 1374 1041 dispensans,

307 1050 337 1074 et
363 1043 410 1073 illi
441 1043 481 1074 a‘d
504 1054 586 1085 quos
617 1045 695 1075 haec
725 1045 930 1086 perveniunt,
962 1052 1110 1076 tenentur
1134 1047 1173 1076 ad
1204 1045 1374 1076 restitutio-

306 1097 381 1118 nem
409 1088 558 1119 omnium
580 1088 711 1120 illorum
742 1099 825 1130 quae
854 1089 1047 1129 pauperibus
1070 1090 1120 1120 vel
1144 1089 1292 1126 ecclesiae
1322 1090 1375 1120 de-

306 1132 430 1163 bentur.

362 1176 561 1208 Rationabile
584 1185 692 1208 autem
715 1177 840 1209 videtur
862 1178 962 1218 quod,
987 1177 1012 1208 si
1035 1178 1233 1208 abundantes
1257 1178 1376 1208 reditus

306 1231 344 1252 ex
374 1221 589 1252 ecclesiasticis
620 1222 750 1252 decimis
777 1229 832 1253 aut
855 1222 1112 1262 possessionibus
1135 1228 1165 1252 et
1189 1222 1377 1252 huiusmodi

306 1273 461 1302 constant,
487 1265 659 1303 commissa
687 1266 750 1297 sint
778 1266 936 1307 episcopis
960 1273 996 1298 ut
1019 1265 1162 1306 patribus
1185 1276 1375 1306 pauperum.

304 1308 361 1341 E}
370 1306 564 1341 defle‘cimis
583 1311 725 1352 quidem,
750 1311 922 1351 probatum
938 1317 984 1341 est
1003 1310 1149 1350 superius
1164 1309 1181 1328 *
1205 1311 1294 1351 quod
1316 1310 1376 1340 ini-

305 1362 371 1395 qua
401 1361 482 1385 esset
510 1355 560 1385 lex
584 1354 780 1386 decimarum
808 1355 841 1385 in
865 1365 951 1386 novo
975 1355 1203 1390 Testamenta,
1229 1354 1271 1390 si,
1297 1354 1378 1384 ultra

306 1398 494 1430 honorabile
513 1399 710 1439 stipendium
728 1399 949 1430 ministrorum
964 1399 1024 1430 Dei
1041 1398 1184 1429 habentis
1200 1398 1378 1428 universale

305 1443 505 1480 dominium,
538 1449 625 1474 tanta
650 1454 759 1474 rerum
781 1443 944 1474 affluentia
967 1443 1023 1474 uni
1046 1443 1266 1483 deputaretur,
1303 1453 1379 1474 cum

306 1487 425 1519 damno
449 1488 548 1519 totius
573 1488 698 1528 populi,
721 1487 782 1518 nisi
797 1495 834 1518 ut
848 1488 929 1529 patri
945 1497 1134 1528 pauperum.
1158 1486 1378 1518 Possessiones

306 1538 414 1563 autem
446 1533 567 1572 legatae
597 1539 652 1564 aut
681 1532 817 1563 donatae
849 1531 998 1563 ecclesiae
1029 1531 1198 1563 cathedrali
1228 1531 1262 1562 in
1293 1538 1378 1562 tanta

305 1576 516 1613 abundantia,
549 1577 663 1617 procul
687 1576 786 1607 dubio
819 1576 1014 1607 credendum
1038 1583 1084 1607 est
1114 1576 1204 1616 quod
1231 1583 1267 1606 ut
1297 1576 1378 1615 patri

305 1630 487 1661 pauperum
501 1620 655 1662 episcopo
675 1620 810 1651 creditae
825 1620 898 1652 sint.
916 1621 991 1651 Ideo
1008 1620 1094 1651 enim
1110 1620 1268 1661 episcopis
1289 1621 1379 1651 datae

305 1672 390 1702 sunt,
407 1665 483 1706 quia
503 1665 630 1696 oculata
653 1664 715 1696 fide
738 1665 986 1706 perspiciebatur
1009 1675 1066 1696 eos
1082 1675 1150 1696 esse
1173 1672 1278 1705 patres
1301 1675 1379 1705 pau-

306 1717 439 1750 perum:
464 1717 496 1740 et
518 1710 596 1740 haec
617 1709 743 1741 videtur
766 1709 864 1740 fuisse
887 1709 967 1741 ratio
990 1709 1069 1741 tanti
1093 1709 1267 1749 augmenti.

361 1754 396 1786 Si
417 1764 494 1785 vero
518 1754 638 1785 reditus
661 1754 769 1795 magni
793 1755 948 1786 debentur
971 1754 1125 1795 episcopo
1149 1763 1187 1784 ex
1209 1753 1380 1794 temporali

305 1798 472 1837 dominio,
504 1799 580 1840 quia
603 1798 722 1830 scilicet
745 1799 930 1839 episcopus,
955 1798 987 1829 in
1012 1801 1051 1830 e'o
1075 1798 1165 1839 quod
1189 1798 1379 1839 episcopus,

305 1850 353 1874 at
376 1843 529 1874 dominus
560 1843 593 1874 in
617 1843 848 1884 temporalibus
871 1843 1005 1874 alicuius
1029 1842 1161 1874 civitatis
1186 1850 1216 1874 et
1241 1842 1379 1883 oppido-

306 1897 397 1924 mm,
421 1894 453 1919 et
481 1898 518 1918 ex
547 1887 683 1918 dominii
711 1887 896 1929 temporalis
925 1887 1078 1919 reditibus
1109 1887 1196 1918 dives
1225 1894 1286 1918 est:
1319 1886 1380 1917 alia

305 1931 432 1963 videtur
454 1932 545 1963 ratio.
570 1932 655 1970 Quia
678 1938 806 1973 oportet
829 1932 919 1973 quod
937 1941 1004 1963 non
1021 1932 1127 1962 solum
1145 1938 1180 1962 ut
1198 1931 1378 1972 episcopus,

307 1977 363 2008 sed
387 1984 422 2008 ut
445 1977 598 2008 dominus
626 1977 798 2017 expendat,
829 1977 968 2007 tenendo
993 1976 1164 2008 exercitum
1188 1986 1247 2016 pro
1271 1975 1379 2006 defen-

307 2021 397 2052 sione
420 2022 549 2062 patriae,
573 2028 604 2053 et
627 2021 776 2052 habendo
806 2020 1003 2058 thesaurum,
1029 2031 1068 2052 ne
1091 2021 1298 2061 impugnetur
1321 2030 1378 2060 pa-

306 2063 383 2097 tria:
409 2065 452 2099 ita
475 2066 565 2107 quod
596 2073 673 2097 tunc
708 2064 814 2096 dexter
846 2066 960 2097 oculus
984 2065 1024 2096 ad
1048 2075 1222 2096 commune
1254 2065 1379 2095 bonum

307 2110 426 2152 patriae
450 2110 508 2142 sibi
532 2110 666 2142 creditae
685 2110 838 2151 respicere
856 2110 959 2146 debet,
976 2109 1100 2141 sinister
1114 2116 1221 2140 autem
1241 2110 1280 2140 ad
1299 2119 1380 2149 pau-

307 2164 408 2196 peres.
433 2155 599 2192 Quoniam
621 2155 797 2195 temporale
814 2154 997 2185 dominium
1020 2154 1131 2185 datum
1153 2161 1199 2185 est
1221 2153 1380 2184 Ecclesiae

308 2199 523 2240 principaliter
554 2200 594 2230 ad
623 2199 782 2230 Ecclesiae
814 2199 987 2235 honorem,
1021 2199 1118 2229 simul
1150 2205 1180 2229 et
1211 2198 1379 2229 auctorita-

307 2251 389 2281 tem;
414 2251 489 2285 post
510 2244 669 2274 honorem
692 2244 762 2281 Dei,
782 2250 913 2284 propter
936 2244 1061 2274 bonum
1084 2253 1258 2274 commune
1281 2242 1381 2283 ipsius

308 2288 454 2325 dominii,
478 2288 560 2320 sicut
579 2289 690 2319 datum
705 2295 770 2319 erat
793 2288 928 2318 domino
945 2287 1113 2324 saeculari;
1138 2294 1168 2318 et
1191 2287 1380 2318 secundario

308 2340 344 2364 ut
371 2333 484 2364 exinde
514 2333 736 2374 eleemosynae
766 2331 844 2363 fiant
875 2331 1080 2373 pauperibus.
1117 2332 1277 2370 Quocirca
1304 2332 1381 2362 tales

308 2377 451 2419 episcopi
474 2378 507 2408 in
530 2377 592 2408 illis
615 2377 692 2408 solis
716 2377 840 2408 casibus
855 2383 1003 2408 tenentur
1025 2377 1064 2407 ad
1089 2376 1321 2407 restitutionem
1349 2377 1381 2406 in

308 2422 426 2467 quibus
449 2421 574 2452 domini
597 2421 773 2459 saeculares
796 2428 979 2453 tenerentur
1001 2421 1042 2452 ad
1064 2421 1308 2452 restitutionem.

364 2467 404 2498 V.
426 2466 480 2498 Ad
503 2466 627 2497 obiecta
650 2475 726 2506 ergo
741 2466 775 2497 in
791 2467 982 2507 oppositum
999 2465 1017 2485 *
1041 2465 1155 2497 dicitur
1177 2466 1268 2506 quod
1290 2466 1382 2496 locus

309 2512 348 2542 ab
372 2510 559 2542 auctoritate
582 2511 726 2551 negative
748 2510 894 2542 infirmus
915 2517 971 2542 est.
995 2510 1037 2542 Et
1060 2509 1141 2541 forte
1163 2510 1237 2540 ideo
1261 2512 1383 2542 Auctor

309 2556 407 2588 tacuit
430 2556 469 2586 de
492 2555 702 2590 restitutione.
727 2555 804 2596 quia
827 2565 894 2586 non
909 2562 956 2586 est
979 2565 1044 2586 una
1067 2561 1098 2585 et
1121 2555 1233 2585 eadem
1256 2564 1382 2594 semper

310 2600 407 2636 ratio,
431 2599 562 2641 quando
590 2600 676 2630 bona
699 2606 774 2630 sunt
802 2599 998 2630 indistincta:
1031 2599 1107 2640 quia
1130 2599 1325 2640 quandoque
1348 2609 1382 2629 se

309 2644 428 2675 habent
450 2650 488 2674 ut
509 2643 648 2684 propria,
674 2650 705 2674 et
728 2644 924 2685 quandoque
948 2650 984 2674 ut
1007 2643 1211 2679 communia,
1237 2650 1272 2674 ut
1296 2650 1384 2683 patet

311 2699 348 2720 ex
372 2688 474 2719 dictis.

366 2733 419 2764 Ad
447 2733 480 2763 id
511 2742 588 2763 vero
618 2731 709 2773 quod
737 2731 771 2762 in
804 2731 980 2769 Quolibetis
1011 2731 1139 2768 dicitur,
1170 2732 1382 2772 respondetur

310 2778 399 2819 quod
434 2777 620 2818 intelligitur
654 2777 784 2817 quando
820 2776 938 2807 reditus
973 2775 1116 2816 episcopi
1145 2786 1178 2806 se
1212 2776 1307 2807 habet
1341 2777 1381 2807 ad

2413 307 2490 352 483

1427 380 1536 420 ipsum
1559 387 1595 411 ut
1618 381 1814 421 praebenda,
1840 381 1935 412 etiam
1959 381 2102 422 pinguis:
2137 392 2203 412 non
2226 390 2333 413 autem
2363 385 2492 424 quando

1399 450 1401 456 .
1427 431 1493 455 tam
1517 425 1665 456 notabilis
1690 432 1735 456 est
1758 436 1902 456 excessus
1926 433 1961 457 ut
1985 436 2050 456 non
2067 427 2157 457 cadat
2172 427 2205 457 in
2221 427 2329 457 animo
2346 428 2493 468 sapientis

1400 470 1401 477 ¹
1427 470 1517 509 quod
1551 480 1610 510 pro
1644 470 1823 501 honorabili
1855 478 1935 501 statu
1972 471 2112 512 episcopi
2147 471 2209 502 sint
2244 472 2333 502 datae
2368 473 2493 504 divitiae

1428 520 1543 545 tantae.

1483 559 1534 588 Ad
1557 558 1590 588 id
1613 569 1688 589 vero
1713 558 1802 599 quod
1826 559 1865 589 de
1890 559 2051 590 exactione
2067 569 2084 589 a
2101 560 2327 596 meretricibus,
2343 568 2413 597 etc.,
2439 562 2493 591 ob-

1427 602 1541 638 iicitur,
1566 609 1652 642 patet
1675 603 1841 643 responsio
1866 613 1903 633 ex
1922 603 2022 634 dictis.

1483 647 1536 678 VI.
1562 647 1596 677 In
1621 647 1735 678 eodem
1759 647 1891 678 articulo
1916 648 2063 688 septimo,
2086 648 2119 678 in
2139 649 2346 688 responsione
2370 649 2410 679 ad
2430 649 2493 689 pri-

1428 701 1529 728 mum,
1547 692 1682 722 dubium
1699 692 1834 722 occurrit
1850 692 1930 723 circa
1945 693 2043 723 illud:
2068 693 2141 723 Non
2161 698 2267 734 potest
2283 693 2495 724 determinari

1427 736 1556 776 quando
1579 737 1621 767 sit
1643 738 1704 766 ista
1724 738 1896 767 necessitas
1918 747 2000 777 quae
2020 737 2138 778 obliget
2159 737 2203 767 ad
2226 738 2363 768 mortale
2378 748 2493 778 pecca-

1428 785 1505 811 tum.
1532 780 1616 818 Quia
1640 787 1763 811 constat
1786 782 1822 811 ex
1845 781 1989 820 superius
2012 781 2044 811 in
2069 792 2124 822 qu.
2148 792 2230 812 xxxn
2245 781 2262 800 *
2285 781 2375 812 dictis
2405 782 2494 823 quod

1427 824 1486 855 ista
1503 825 1670 855 necessitas
1687 832 1733 855 est
1749 825 1970 856 determinata:
1995 825 2120 862 scilicet,
2137 825 2267 865 quando
2284 833 2331 857 est
2346 833 2493 857 extrema.

1429 868 1461 899 Si
1485 878 1559 908 ergo
1584 869 1750 900 necessitas
1774 875 1911 900 extrema
1940 877 1986 900 est
2013 880 2095 910 quae
2119 870 2238 910 obligat
2265 870 2304 900 ad
2329 878 2494 910 peccatum

1428 913 1572 949 mortale,
1596 914 1764 954 quomodo
1789 924 1874 944 nunc
1891 914 2003 944 dicitur
2026 915 2114 955 quod
2137 923 2203 945 non
2222 921 2327 954 potest
2350 915 2494 945 determi-

1428 957 1495 987 nari
1518 958 1649 998 quando
1674 965 1721 988 est
1744 957 1802 988 ista
1826 956 2012 989 necessitas?

1484 1002 1535 1032 Ad
1559 1002 1620 1032 hoc
1645 1001 1758 1032 dicitur
1782 1002 1958 1042 dupliciter.
1989 1002 2114 1038 Primo,
2144 1003 2232 1043 quod
2255 1003 2350 1033 verba
2375 1003 2494 1034 litterae

1428 1045 1518 1076 istius
1542 1045 1744 1086 intelligenda
1768 1053 1842 1077 sunt
1866 1047 1904 1077 de
1928 1046 2110 1077 necessitate
2134 1053 2271 1077 extrema
2300 1047 2334 1076 in
2357 1047 2492 1087 particu-

1428 1089 1556 1121 laribus.
1588 1090 1681 1121 Unde
1705 1089 1829 1121 subdit:
1863 1092 1946 1121 sicut
1969 1101 2027 1121 nec
2050 1096 2155 1122 cetera
2173 1092 2390 1131 particularia
2413 1101 2496 1132 quae

1430 1135 1462 1164 in
1486 1135 1636 1165 humanis
1659 1134 1781 1165 actibus
1805 1135 2061 1166 considerantur.
2086 1135 2237 1174 Superius
2261 1142 2368 1166 autem
2391 1145 2495 1166 neces-

1429 1178 1503 1210 sitas
1527 1178 1733 1209 determinata
1757 1186 1803 1208 est
1825 1179 1858 1209 in
1882 1179 2047 1209 communi
2071 1179 2161 1219 quod
2185 1187 2231 1210 est
2254 1186 2401 1210 extrema.

1485 1223 1633 1253 Secundo
1657 1222 1781 1259 dicitur,
1806 1230 1837 1253 et
1860 1224 1960 1263 magis
1983 1224 2023 1253 ad
2046 1230 2186 1254 mentem
2209 1224 2402 1254 auctoritatis
2418 1225 2495 1254 Am-

1430 1266 1536 1302 brosii,
1561 1267 1650 1307 quod
1673 1267 1767 1297 verba
1789 1267 1909 1298 litterae
1933 1268 2022 1298 istius
2046 1267 2264 1307 intelliguntur
2282 1268 2315 1297 in
2331 1278 2405 1298 casu
2429 1278 2495 1308 quo

1430 1310 1502 1351 quis
1524 1311 1619 1341 habet
1638 1311 1676 1341 de
1694 1311 1855 1351 superfluo
1874 1318 2002 1342 naturae
2020 1318 2050 1342 et
2065 1322 2229 1351 personae,
2247 1312 2308 1342 hoc
2325 1319 2371 1343 est
2387 1319 2495 1348 status,

1432 1355 1516 1385 unde
1540 1355 1629 1391 illud,
1647 1365 1718 1386 cum
1731 1356 1836 1395 possis
1852 1361 1882 1386 et
1897 1356 2042 1386 abundas
2056 1356 2087 1386 *ζ
2113 1356 2145 1386 in
2164 1366 2230 1396 quo
2254 1366 2338 1392 casu,
2358 1363 2394 1387 ut
2413 1363 2498 1396 patet

1431 1409 1468 1429 ex
1491 1399 1619 1439 supra*
1643 1399 1742 1435 dictis,
1768 1406 1891 1430 tenetur
1919 1410 1955 1430 ex
1986 1400 2118 1430 caritatis
2150 1400 2256 1430 debito
2285 1400 2498 1440 indigentibus

1430 1443 1511 1474 illud
1526 1453 1665 1483 erogare.
1690 1443 1751 1474 Sed
1775 1451 1893 1484 quanta
1909 1450 1984 1474 tunc
1999 1444 2171 1483 indigentia
2187 1444 2318 1474 alicuius
2336 1454 2498 1475 occurrere

1433 1487 1544 1518 debeat
1576 1495 1610 1518 ut
1639 1487 1758 1528 obliget
1781 1488 1949 1518 habentem
1973 1488 2171 1528 superfluum
2198 1489 2237 1518 ad
2260 1488 2401 1519 dandum
2427 1489 2497 1524 isti,

1432 1542 1498 1562 non
1522 1533 1629 1562 subest
1653 1531 1839 1562 scientificae
1863 1532 2129 1568 determinationi,
2151 1533 2205 1562 sed
2222 1532 2410 1572 relinquitur
2426 1543 2500 1572 pru-

1433 1576 1568 1615 dentiae,
1592 1577 1631 1606 ad
1655 1586 1754 1617 quam
1777 1576 1987 1616 singularium
2009 1576 2163 1607 iudicium
2188 1583 2316 1616 spectat.

1489 1621 1557 1652 VII.
1583 1621 1618 1651 In
1642 1621 1850 1661 responsione
1866 1621 1906 1651 ad
1921 1621 2098 1651 secundum
2116 1621 2258 1651 eiusdem
2275 1621 2406 1657 articuli,
2425 1628 2499 1651 nota

1433 1665 1562 1696 alteram
1588 1665 1806 1696 conditionem
1823 1665 2003 1706 appositam
2026 1672 2169 1705 respectu
2190 1665 2500 1705 consanguineorum

1432 1710 1483 1741 vel
1507 1710 1654 1746 aliorum,
1679 1709 1806 1746 scilicet,
1826 1710 2041 1741 moderamen.
2066 1710 2107 1740 Et
2124 1710 2292 1750 exponitur
2310 1719 2406 1749 penes
2423 1709 2500 1750 quid

1432 1754 1604 1785 attenditur
1619 1754 1805 1784 huiusmodi
1822 1754 2016 1784 moderatio:
2040 1754 2157 1785 scilicet
2173 1764 2269 1794 penes
2284 1754 2500 1784 exclusionem

1432 1798 1633 1838 indigentiae,
1651 1805 1682 1829 et
1698 1808 1764 1829 non
1781 1808 1877 1838 penes
1893 1798 2128 1838 appositionem
2146 1798 2336 1829 divitiarum.
2352 1799 2400 1828 Da
2414 1808 2498 1838 ergo,

1433 1843 1602 1884 Episcope,
1627 1842 1881 1883 consanguineis,
1907 1849 1942 1873 ut
1965 1852 2031 1873 non
2052 1842 2225 1882 indigeant:
2251 1843 2305 1873 sed
2322 1852 2386 1872 non
2404 1850 2438 1873 ut
2455 1842 2499 1872 di-

1433 1887 1512 1919 vites
1535 1886 1621 1918 fiant.

1489 1932 1572 1968 Dixi,
1595 1932 1732 1962 alteram
1756 1931 1986 1962 conditionem:
2009 1931 2084 1972 quia
2100 1931 2195 1961 altera
2217 1931 2280 1961 iam
2295 1931 2376 1962 dicta
2395 1937 2460 1961 erat
2471 1931 2498 1967 *,

1434 1976 1551 2007 scilicet
1575 1976 1664 2016 quod
1688 1986 1754 2006 non
1773 1976 1825 2006 det
1841 1976 1879 2005 de
1896 1975 2007 2006 debitis
2024 1975 2101 2012 aliis,
2127 1976 2181 2006 sed
2198 1976 2236 2006 de
2252 1975 2410 2016 deputatis
2426 1975 2499 2005 usui

1434 2021 1585 2061 episcopi.
1620 2021 1704 2051 Nam
1734 2021 1772 2050 de
1804 2020 1915 2050 debitis
1947 2020 2094 2050 ecclesiae
2125 2026 2180 2050 aut
2210 2020 2402 2060 pauperibus
2434 2029 2499 2050 non

1434 2072 1550 2106 potest,
1567 2065 1626 2095 nisi
1651 2065 1730 2095 sicut
1750 2064 1804 2094 uni
1829 2064 1915 2095 alteri
1939 2064 2070 2105 pauperi
2087 2063 2313 2100 distribuendo,
2331 2064 2412 2094 dare.
2439 2064 2500 2094 Sed

1435 2111 1473 2141 de
1497 2120 1557 2140 suo
1581 2109 1739 2149 deputatis
1763 2109 1845 2145 usui,
1870 2115 1975 2149 potest
1998 2118 2056 2149 pro
2081 2119 2140 2139 suo
2163 2108 2254 2139 libito
2278 2109 2361 2139 dare.

1490 2154 1573 2184 VIII.
1597 2154 1631 2184 In
1656 2153 1862 2194 responsione
1886 2153 1926 2183 ad
1949 2152 2086 2189 tertium,
2106 2153 2177 2183 vide
2193 2153 2282 2194 quod
2299 2153 2428 2183 clericus
2445 2162 2499 2182 seu

1434 2199 1620 2239 episcopm,
1649 2204 1948 2239 quantumcumque
1978 2197 2091 2228 habeat
2119 2197 2370 2237 patrimonialia,
2395 2203 2501 2237 potest

1434 2244 1473 2274 de
1497 2242 1705 2274 ecclesiastica
1728 2242 1906 2283 praebenda
1928 2242 2048 2278 vivere,
2073 2241 2132 2272 nisi
2155 2241 2187 2271 in
2212 2241 2344 2272 articulo
2368 2241 2500 2271 necessi-

1435 2288 1517 2325 tatis,
1534 2294 1592 2318 etc.
1617 2287 1652 2317 ln
1677 2297 1743 2327 quo
1767 2294 1873 2318 tamen
1897 2285 1992 2316 etiam
2012 2286 2037 2316 si
2061 2292 2203 2326 peccaret
2226 2285 2362 2316 vivendo
2387 2286 2425 2315 de
2445 2295 2501 2315 sua

1435 2332 1623 2373 praebenda,
1648 2341 1714 2361 non
1730 2337 1854 2361 tenetur
1869 2337 1976 2361 tamen
1996 2330 2035 2360 ad
2054 2330 2296 2360 restitutionem.
2321 2330 2405 2367 Quia
2429 2339 2502 2369 pec-

1435 2383 1543 2407 catum
1559 2375 1744 2406 consisteret
1759 2375 1792 2405 in
1809 2375 1911 2405 abusu
1927 2384 1994 2415 quo
2010 2384 2076 2405 non
2091 2374 2271 2404 subveniret
2287 2374 2355 2404 aliis
2372 2374 2501 2414 quando

1435 2420 1690 2451 subveniendum
1706 2426 1765 2450 est:
1788 2419 1913 2449 libertas
1931 2425 2037 2450 autem
2055 2429 2071 2449 a
2086 2418 2284 2449 restitutione
2301 2424 2504 2457 consurgeret

1436 2476 1472 2496 ex
1496 2475 1535 2496 eo
1566 2465 1655 2506 quod
1684 2464 1862 2504 praebenda
1890 2473 1922 2494 se
1952 2463 2045 2494 habet
2075 2470 2110 2494 ut
2137 2463 2304 2503 proprium
2328 2462 2429 2493 clen‘ci
2453 2462 2503 2491 vel

1436 2509 1578 2550 episcopi
1602 2510 1736 2540 bonum.

1492 2554 1546 2584 IX.
1570 2553 1606 2584 In
1636 2553 1844 2594 responsione
1868 2552 1908 2582 ad
1931 2558 2100 2593 quartum,
2125 2551 2246 2587 videte,
2271 2551 2327 2591 qui
2350 2550 2502 2589 augendis

1435 2598 1639 2629 ecclesiarum
1655 2597 1861 2638 proventibus
1877 2603 1942 2627 tam
1957 2595 2156 2626 laudabiliter
2173 2594 2295 2625 creditis
2310 2604 2368 2624 vos
2382 2604 2501 2630 vacare,

1435 2642 1668 2674 tabescentibus
1684 2641 1886 2682 pauperibus,
1904 2648 1934 2672 et
1950 2640 2072 2671 utinam
2089 2649 2154 2669 non
2170 2638 2395 2669 arescentibus.
2421 2647 2501 2678 quo-

1435 2687 1523 2718 niam
1539 2686 1686 2727 peccatis,
1702 2686 1788 2717 iuxta
1803 2685 1952 2716 Auctoris
1965 2683 2161 2719 sententiam,
2179 2690 2226 2714 tot
2242 2692 2396 2723 pauperes
2416 2682 2502 2722 puel-

1434 2732 1480 2762 las
1503 2731 1636 2767 nobiles,
1661 2737 1709 2761 tot
1732 2739 1887 2770 pauperes
1910 2729 2003 2764 cives,
2029 2727 2179 2768 pupillos,
2197 2727 2359 2767 orphanos
2375 2726 2500 2756 viduas-

1436 2786 1500 2817 que
1523 2775 1756 2816 posthabendo.

1099 2939 1419 2981 ARTICULUS
1450 2939 1725 2981 OCTAVUS

314 3003 469 3066 {JTRUM
493 3032 705 3064 RELIGIOSI
731 3032 805 3069 QUI
829 3030 1164 3062 PROMOVENTUR
1186 3031 1229 3061 IN
1252 3030 1495 3067 EPISCOPOS‚
1515 3029 1788 3061 TENEANTUR
1811 3029 1869 3059 AD
1895 3027 2220 3059 OBSERVANTIAS
2244 3026 2500 3058 REGULARES

762 3111 854 3143 Supra,
873 3118 917 3142 qu.
935 3117 1053 3139 Lxxxvm,
1072 3114 1118 3134 art.
1141 3117 1180 3139 11,
1200 3109 1231 3134 ad
1250 3116 1281 3141 4;
1301 3109 1335 3133 IV
1354 3109 1437 3139 Sem„
1457 3109 1515 3133 dist.
1534 3115 1637 3138 xxxvur,
1657 3115 1701 3140 qu.
1721 3115 1738 3136 1,
1757 3111 1804 3132 art.
1822 3114 1847 3138 4.
1868 3105 1918 3139 qu*
1942 3113 1963 3135 1,
1982 3106 2014 3129 ad
2037 3104 2059 3130 5.

365 3290 452 3342 ἓν,
463 3285 607 3340 'fff'non
634 3307 835 3339 teneantur
867 3300 915 3336 ad
944 3297 1208 3336 observantias
1236 3296 1381 3344 regula-

334 3348 346 3358 *
371 3327 492 3386 ζ’ἰῢ
484 3345 517 3388 *a
529 3365 602 3390 res
631 3353 779 3390 Dicitur
802 3353 903 3390 enim
934 3352 1071 3398 XVIII,
1101 3363 1164 3399 qu.
1186 3349 1246 3396 1*‚
1276 3350 1381 3398 quod

316 3407 546 3443 monachum
573 3407 758 3443 canonica
786 3407 913 3443 electio
942 3417 966 3442 a
994 3406 1085 3455 iugo
1114 3403 1271 3454 regulae
1302 3414 1382 3439 mo-

317 3460 482 3497 nasticae
510 3460 758 3509 professionis
791 3459 967 3506 absolvit,
996 3464 1033 3496 et
1056 3469 1167 3495 sacra
1196 3456 1381 3493 ordinatio

316 3513 362 3551 de
394 3513 579 3550 monacho
612 3513 827 3562 episcopum
852 3513 966 3560 facit.
1005 3511 1082 3550 Sed
1117 3509 1380 3548 observantiae

374 3637 402 3669 α)
420 3637 580 3670 episcopum.
591 3650 611 3657 -
628 3636 764 3669 episcopos
783 3635 879 3661 Pana.

398 3225 407 3236 ,
432 3216 500 3255 ,ην
527 3205 550 3230 D
569 3205 743 3231 ocrAthM
762 3205 815 3230 S1c
835 3203 1076 3229 paocamrua.
1096 3190 1256 3227 Videtur
1274 3190 1381 3238 quod
1405 3188 1408 3227 Ι
1434 3190 1623 3237 regulares
1657 3187 1845 3237 pertinent
1873 3187 1920 3224 ad
1949 3187 2079 3234 iugum
2110 3186 2272 3234 regulae.
2311 3185 2414 3232 Ergo
2445 3197 2501 3221 re-

351 3238 495 3307 HQ&
528 3246 692 3296 religiosi
714 3246 779 3296 qui
803 3252 1084 3295 promoventur
1106 3243 1145 3280 in
1165 3243 1379 3292 episcopos,
1433 3242 1554 3290 ligiosi
1589 3241 1654 3290 qui
1683 3241 1721 3278 in
1750 3240 1975 3289 episcopum
1997 3245 2013 3260 α
2042 3245 2306 3285 assumuntur,
2341 3250 2420 3275 non
2448 3245 2501 3274 te-

1435 3303 1573 3333 nentur
1601 3294 1649 3331 ad
1679 3293 1941 3331 observantias
1970 3293 2170 3340 r.egulares

1491 3361 1525 3385 2.
1557 3349 1791 3394 PRAETEREA,
1819 3346 1880 3383 ille
1907 3346 1973 3395 qui
1993 3347 2040 3382 ab
2060 3345 2227 3382 inferiori
2255 3344 2304 3380 ad
2332 3343 2501 3392 superio-

1436 3414 1517 3438 rem
1545 3401 1706 3449 gradum
1736 3399 1914 3446 ascendit,
1945 3411 2023 3436 non
2050 3398 2202 3435 videtur
2228 3397 2348 3434 teneri
2377 3397 2426 3433 ad
2457 3409 2500 3433 ea

1437 3467 1535 3503 quae
1560 3461 1646 3491 sunt
1664 3452 1849 3490 inferioris
1868 3452 2023 3501 gradus:
2053 3452 2149 3488 sicut
2176 3463 2292 3500 supra
2309 3450 2330 3472 *
2358 3450 2540 3487 dictum

1438 3515 1494 3546 est
1526 3507 1632 3557 quod
1668 3506 1864 3554 religiosus
1899 3517 1977 3543 non
2005 3513 2155 3542 tenetur
2181 3504 2230 3543 ad
2259 3503 2501 3541 observanda

2523 782 2532 791 ⁸
2546 781 2596 802 Art.
2611 787 2630 809 5,
2646 781 2674 802 ad
2688 788 2708 810 3-

2525 1358 2584 1379 Cf.
2599 1364 2681 1386 argi.

2526 1401 2592 1432 Qu
2606 1408 2678 1429 xxxii,
2690 1402 2734 1423 loc.

2526 1428 2564 1450 cit.

2528 1931 2538 1942 ⁸
2552 1931 2577 1952 ln
2592 1936 2696 1958 corpore.

2560 3453 2606 3480 Qu.

2529 3483 2614 3505 art-12,

2629 3458 2737 3478 Lxxxvtn,

2628 3478 2684 3500 adi.
