2768 4198
319 273 390 319 148

939 271 1208 318 QUAESTIO
1243 270 1401 317 CXLV,
1430 271 1730 310 ARTICULUS
1762 273 1897 319 111,1V

1127 406 1450 448 ARTICULUS
1479 407 1709 450 TERTIUS

775 502 930 533 UTRUM
955 501 1200 532 HONESTUM
1225 501 1443 532 DIFFERAT
1468 502 1523 532 AB
1547 502 1665 533 UT1L1
1691 504 1749 534 ET
1775 505 2063 537 DELECTABILI

70 609 282 662 ὦῖἒῐζὲἑῗῇῗξῖ
340 612 501 704 9,έὶιῖ
525 645 730 680 honestum
768 654 846 678 non
882 642 1032 678 differat
1067 643 1115 679 ab
1149 642 1229 679 utili
1259 650 1295 679 et
1325 643 1390 679 de—
1417 646 1418 651 ’

327 678 383 743 ἨΜ
373 693 698 752 Ικςῒίεεεῑτειὶῄὶἰ.
737 694 885 731 Dicitur
914 695 1017 732 enirn
1046 696 1252 732 honestum
1285 697 1388 745 quod

69 761 220 810 Rfflgffe'ib
236 763 275 808 Ἧι
330 743 347 757 ”’
366 716 490 786 (²⁴⁹⁹)
480 740 511 783 K
500 755 677 799 propter
707 760 748 784 se
781 749 968 797 appetitur
995 748 1026 786 ³²⁶.
1074 749 1151 786 Sed
1188 749 1387 786 delectatio

68 794 203 843 cap.1„111.¹
223 804 228 809 ’
277 803 282 813 '
310 809 465 850 propter
480 812 519 836 se
535 802 743 851 appetitur:
765 802 967 839 ridiculum
987 803 1087 839 enim
1107 803 1256 840 videtur
1274 815 1388 852 quae-

309 867 394 891 rere
413 861 570 902 propter
588 856 680 904 quia'
706 856 843 904 aliquis
871 856 960 893 velit
983 856 1173 903 delectari,
1191 865 1232 893 ut
1260 857 1386 894 Philo-

91 919 110 941 c
165 924 219 943 u,n
239 924 281 939 2.-
309 908 452 956 sophus
482 908 582 955 dicit,
615 909 654 946 in
684 909 719 945 X
742 909 864 946 Ethic.
885 909 905 931 ²¹⁶
934 911 1037 958 Ergo
1069 911 1278 947 honestum
1308 923 1387 947 non
1414 912 1416 935 ³

189 951 200 966 Ο
234 951 259 966 ¹¹'
309 960 432 997 differt
460 972 482 996 a
511 962 732 999 delectabili.

362 1025 395 1050 2.
428 1014 664 1063 PRAETEREA,
686 1016 840 1053 divitiae
861 1017 932 1053 sub
954 1018 1060 1053 bono
1082 1017 1160 1054 utili
1190 1017 1387 1055 continen-
1413 1016 1415 1032 ¹

66 1074 118 1095 ’De
123 1073 163 1094 ἠν
164 1072 280 1126 enLRhg·
306 1075 382 1103 t:ur
414 1067 502 1105 dicit
530 1070 631 1106 enirn
653 1070 816 1117 Tullius,
837 1070 875 1107 in
897 1072 927 1107 II
949 1072 1058 1108 Rhet.
1079 1070 1118 1107 *ε
1148 1072 1218 1108 Est
1244 1071 1389 1120 aliquid
1412 1054 1414 1110 i

66 1103 105 1122 lor
107 1101 142 1122 .li
147 1079 177 1120 be
185 1100 211 1126 11,

64 1133 104 1149 Lu.

526 603 547 627 D
563 602 723 627 TERTitJM
744 601 796 626 Slc
817 600 1048 625 PROCEDiTUR
1062 588 1092 625 ²⁸.
1110 588 1269 626 Videtur
1283 589 1390 638 quod
1417 589 1419 635 ξ

306 1133 380 1157 non
412 1129 571 1171 propter
604 1136 714 1161 suam
744 1135 821 1161 vzm
851 1130 887 1160 et
913 1130 1110 1171 naturam,
1139 1126 1206 1162 sed
1226 1131 1386 1174 propter
1412 1158 1413 1176 ἢ

295 1176 471 1222 fructum
505 1183 542 1213 et
574 1177 768 1214 utilitatem
796 1178 1001 1238 petentium
1022 1183 1040 1199 α
1052 1179 1195 1227 ,quod
1218 1180 1385 1227 pecunia

305 1234 368 1265 est.
401 1229 478 1267 Sed
501 1230 654 1268 divitiae
681 1232 824 1268 habent
853 1231 1041 1268 rationem
1072 1232 1300 1269 honestatis:
1331 1233 1385 1270 di-

307 1282 401 1318 citur
422 1284 522 1321 enim
543 1285 660 1322 Eccli.
682 1297 716 1322 xl
730 1285 766 1322 *z
796 1287 1006 1334 Paupertas
1025 1291 1062 1322 et
1078 1287 1253 1323 honestas
1273 1286 1385 1333 (idest
1411 1283 1413 1326 ἱ

307 1336 481 1384 divitiae)
511 1350 534 1375 a
564 1339 647 1375 Deo
675 1346 779 1384 sunt,·
807 1347 843 1376 et
871 1351 933 1376 xm
953 1339 989 1376 *ε
1019 1340 1172 1377 Pondus
1204 1352 1318 1389 super
1345 1353 1385 1377 se

305 1390 399 1426 tollit
416 1392 481 1440 qui
498 1393 706 1430 honestiori
732 1393 852 1440 (idest
879 1393 1026 1440 ditiori)
1054 1405 1095 1430 se
1113 1394 1382 1431 communicat.

306 1444 408 1492 Ergo
439 1446 645 1483 honestum
675 1459 752 1484 non
784 1446 909 1484 differt
937 1447 986 1483 ab
1016 1446 1108 1484 utili.

361 1499 395 1535 3.
440 1499 684 1546 PRAETEREA,
728 1500 879 1537 Tullius
921 1501 1079 1553 probat,
1119 1501 1157 1538 in
1199 1501 1296 1538 libro
1339 1502 1412 1538 de*

263 1560 277 1575 ¹·
310 1551 418 1600 Offic.
439 1552 470 1599 ³¹²,
501 1553 609 1601 quod
642 1553 735 1590 nihil
771 1561 897 1603 potest
933 1567 1015 1591 esse
1049 1554 1140 1591 utile
1169 1556 1275 1604 quod
1305 1567 1384 1591 non
1411 1560 1413 1601 ζ

306 1605 351 1642 sit
379 1606 600 1644 honesturn.
632 1608 680 1644 Et
698 1608 774 1644 hoc
803 1607 906 1645 idem
936 1608 1099 1645 habetur
1127 1619 1196 1657 per
1217 1609 1384 1645 Ambro-

246 1672 277 1687 v1-
305 1659 418 1705 sium,
449 1659 487 1697 in
516 1660 613 1698 libro
642 1662 689 1698 de
722 1661 830 1709 Offic.
851 1661 872 1683 ’¹‘
901 1662 1004 1709 Ergo
1033 1661 1123 1698 utile
1154 1674 1231 1698 non
1259 1661 1386 1699 differt

305 1713 353 1749 ab
384 1713 560 1751 honesto.

65 1556 73 1565 ⁸
83 1555 134 1576 Lib.
146 1554 174 1579 ΙΙ,
184 1560 235 1582 cap.
244 1560 261 1575 ιι

64 1669 72 1677 ·
85 1667 134 1688 Lib.
148 1667 174 1693 ll,
186 1672 237 1694 cap.

360 1767 435 1803 SED
456 1779 603 1804 CONTRA
623 1779 689 1804 EST
708 1768 815 1815 quod
830 1767 1067 1815 Augustinus
1087 1768 1188 1814 dicit,
1219 1768 1257 1805 in
1286 1768 1384 1805 libro
1411 1779 1413 1801 ι

63 1830 73 1839 ·
88 1829 135 1856 Qu·
151 1834 203 1849 xxx·
309 1820 626 1869 Octogintatrium
651 1821 852 1863 Quaest.*:
881 1822 1098 1858 Honestum
1123 1821 1260 1858 dicitur
1284 1822 1387 1870 quod

163 1879 177 1912 β
298 1879 458 1922 propter
476 1872 491 1903 β
518 1875 681 1922 seipsum
695 1875 900 1923 petendum
921 1880 993 1911 est:
1024 1874 1112 1911 utile
1135 1881 1262 1911 autem
1283 1875 1387 1923 quod
1411 1877 1413 1918 ζ

303 1927 355 1963 ad
380 1927 525 1975 aliquid
550 1928 657 1964 aliud
683 1929 926 1976 referendum
955 1934 1019 1964 est.

358 1982 587 2018 Responnno
617 1993 803 2019 Diei-:unum
824 1983 928 2030 quod
954 1982 1162 2019 honestum
1193 1981 1413 2018 concurrit
1411 1993 1412 2005 ¹

161 2042 176 2067 τ
303 2034 341 2071 in
362 2034 466 2072 idem
491 2035 734 2072 subiectum*
754 2047 843 2072 cum
864 2035 943 2072 utili
965 2043 1002 2072 et
1021 2035 1247 2095 delectabili,
1264 2048 1287 2072 a
1301 2035 1385 2084 qui·
1410 2019 1413 2073 i

1445 589 1596 636 probat,
1626 589 1664 626 in
1695 591 1709 626 l
1737 591 1860 629 Ethic.
1881 592 1902 614 *
1930 594 2022 630 Non
2052 602 2183 632 tamen
2212 606 2329 632 omne
2361 595 2522 631 delecta-
2550 604 2653 659 ‘qcansv
2647 611 2763 654 ¹ri¹¹f00=⁰

1446 641 1520 678 bile
1541 649 1597 679 est
1616 643 1843 681 honesturn:
1873 646 1964 693 quia
1991 654 2118 696 potest
2139 648 2253 684 etiam
2274 648 2417 697 aliquid
2438 660 2522 684 esse
2549 663 2601 680 xm-
2757 649 2762 654 '

1447 695 1684 732 conveniens
1723 698 1938 735 secundum
1977 712 2154 748 sensum,
2188 713 2267 738 non
2306 701 2522 738 secundum

1416 795 1417 804 ἰ
1445 748 1658 795 rationem;
1685 750 1752 787 sed
1772 750 1848 787 hoc
1868 751 2090 790 delectabile
2111 762 2167 791 est
2185 763 2338 803 praeter
2355 755 2522 793 hominis

1416 805 1417 816 ³
1445 802 1656 850 rationem,
1687 816 1787 852 quae
1823 804 1971 853 perficit
2009 814 2185 844 naturam
2223 808 2352 857 ipsius.

1415 848 1417 907 ζ
1444 856 1558 893 etiam
1585 856 1720 904 virtus,
1741 869 1841 917 quae
1870 859 2084 896 secundum
2115 873 2155 897 se
2177 861 2339 900 honesta
2368 870 2435 910 est,
2466 875 2522 899 re-

2380 810 2522 858 -lpsa

1443 910 1561 946 fertur
1588 911 1638 947 ad
1667 886 1770 948 aliud
1800 910 1897 948 sicut
1923 913 1973 950 ad
2002 912 2135 959 finem,
2165 914 2305 952 scilicet
2329 915 2379 953 ad
2407 916 2521 953 felici·

1413 1004 1415 1014 Α
1442 970 1572 1000 tatem.

1497 1017 1546 1054 Et
1573 1017 1789 1054 secundum
1813 1018 1901 1066 hoc,
1922 1018 2027 1056 idem
2057 1019 2229 1057 subiecto
2255 1028 2311 1058 est
2338 1030 2375 1059 et
2401 1022 2522 1061 hone-

1442 1078 1542 1107 stum
1566 1079 1602 1107 et
1629 1070 1719 1108 utile
1740 1078 1776 1108 et
1796 1072 2038 1109 delectabile:
2069 1073 2137 1110 sed
2158 1073 2304 1110 ratione
2329 1074 2520 1113 differunt.

1441 1124 1545 1161 Nam
1574 1125 1782 1161 honestum
1822 1125 1959 1163 dicitur
1986 1127 2203 1164 secundum
2241 1129 2347 1176 quod
2377 1129 2521 1177 aliquid

1412 1217 1413 1229 ἵ
1439 1178 1556 1215 habet
1575 1179 1774 1226 quandam
1795 1180 2059 1217 excellentiam
2089 1180 2243 1229 dignam
2265 1182 2414 1219 honore
2434 1195 2521 1232 pro-

1411 1242 1413 1280 f
1438 1239 1524 1280 pter
1552 1232 1786 1280 spiritualem
1826 1233 2169 1282 pulchritudinem;
2204 1235 2427 1273 delectabile
2456 1248 2521 1274 au-

1439 1292 1530 1332 tem,
1555 1285 1784 1333 inquantum
1814 1287 1959 1335 quietat
1987 1288 2221 1336 appetitum3
2250 1289 2340 1326 utile
2376 1297 2520 1337 autem,

1439 1338 1667 1388 inquantum
1698 1339 1859 1378 refertur
1888 1341 1936 1378 ad
1966 1341 2079 1378 aliud.
2111 1343 2152 1378 In
2187 1342 2362 1390 pluribus
2389 1351 2522 1382 tamen

1411 1424 1412 1447 ζ
1440 1401 1496 1430 est
1515 1392 1740 1430 delectabile
1756 1405 1875 1442 quam
1889 1394 1981 1432 utile
1997 1402 2034 1432 et
2047 1396 2275 1433 honestum:
2296 1396 2387 1446 quia
2402 1409 2522 1435 omne

1411 1459 1413 1483 2
1438 1446 1529 1483 utile
1559 1454 1596 1483 et
1623 1447 1831 1484 honestum
1861 1456 1918 1486 est
1945 1447 2162 1497 aliqualiter,
2187 1449 2422 1498 delectabile,
2452 1451 2522 1489 sed

1440 1513 1519 1537 non
1555 1501 1808 1548 convertitur,
1839 1509 1880 1539 ut
1915 1502 2051 1540 dicitur
2083 1503 2122 1540 in
2157 1504 2188 1539 11
2216 1504 2339 1541 Ethic.
2359 1503 2381 1526 *

1493 1556 1552 1591 An
1581 1566 1721 1592 ptumum
1750 1567 1850 1593 eaeo
1879 1567 2067 1594 memnon
2096 1556 2202 1605 quod
2230 1557 2439 1595 honestum
2465 1557 2522 1595 di-

1411 1602 1413 1649 Ξ
1440 1607 1536 1644 citur
1555 1610 1660 1656 quod
1681 1616 1839 1658 propter
1859 1622 1900 1646 se
1920 1610 2111 1659 appetitur
2134 1610 2307 1660 appetitu
2335 1610 2520 1659 rationali,

1439 1661 1504 1710 qui
1523 1661 1644 1698 tendit
1662 1661 1701 1699 in
1721 1661 1759 1699 id
1780 1663 1885 1711 quod
1915 1671 1972 1700 est
2000 1663 2237 1702 conveniens
2265 1664 2414 1703 rationi.
2444 1665 2523 1720 De-

1439 1714 1612 1752 lectabile
1643 1723 1771 1752 autem
1792 1724 1950 1765 propter
1969 1729 2009 1754 se
2030 1717 2222 1766 appetitur
2246 1719 2416 1768 appetitu
2436 1730 2522 1756 sen·

1439 1776 1567 1805 smvo.

1492 1823 1552 1858 An
1572 1833 1766 1859 SECUNDUM
1793 1834 1980 1860 memnon
2008 1825 2115 1872 quod
2145 1825 2301 1862 divitiae
2329 1832 2521 1863 vocantur

1440 1874 1598 1911 nomine
1631 1875 1842 1912 honestatis
1876 1877 2091 1914 secundum
2125 1878 2351 1927 opinionem
2379 1879 2520 1916 multo-

1440 1939 1539 1974 rum,
1560 1927 1625 1977 qui
1655 1928 1808 1966 divitias
1836 1929 2047 1967 honorant:
2076 1931 2140 1967 vel
2168 1931 2396 1980 inquantum
2419 1932 2522 1970 ordi-

1439 1989 1579 2018 nantur
1593 1982 1772 2030 organice
1793 1982 1842 2020 ad
1862 1991 1970 2020 actus
1983 1983 2182 2044 virtutum,
2198 1991 2240 2021 ut
2259 1984 2403 2022 dictum
2420 1985 2519 2024 esst.
2547 1993 2621 2015 An.
2637 1998 2654 2019 ¹·
2668 1992 2698 2015 *Ι
2711 1998 2732 2014 ²·

1492 2037 1552 2072 Αι)
1581 2046 1744 2074 TERTIUM
1779 2048 1966 2074 mcENDUM
2010 2038 2117 2087 quod
2150 2031 2309 2076 intentio
2338 2038 2455 2076 Tullii
2484 2046 2521 2076 et

304 2089 375 2125 bus
391 2096 522 2126 tamen
543 2089 670 2126 differt
689 2089 848 2126 ratione.
870 2089 1018 2127 Dicitur
1038 2089 1139 2126 enim
1157 2089 1299 2138 aliquid
1316 2090 1385 2126 ho·
1411 2078 1413 2125 ἶ
1439 2089 1637 2126 Ambrosii
1666 2089 1794 2127 dicere
1824 2098 1880 2128 est
1908 2091 2013 2139 quod
2042 2091 2133 2129 nihil
2160 2099 2288 2141 potest
2320 2103 2403 2130 esse
2431 2091 2520 2130 sim-

303 2150 469 2182 nestum
486 2142 582 2179 sicut
601 2143 744 2181 dictum
765 2151 821 2180 est
833 2142 853 2164 ’¹‘
856 2143 1109 2203 ,inquantum
1129 2143 1245 2180 habet
1265 2155 1385 2191 quen-
1411 2167 1413 2192 ,
1439 2142 1586 2192 pliciter
1600 2150 1638 2180 et
1651 2155 1744 2181 vere
1765 2143 1855 2181 utile
1875 2145 1982 2193 quod
2003 2153 2192 2194 repugnat
2210 2145 2413 2194 honestati,
2429 2145 2521 2195 quia

305 2197 394 2233 dam
416 2196 598 2234 decorem
619 2209 664 2234 ex
685 2196 924 2234 ordinatione
944 2196 1111 2234 rationis.
1143 2197 1230 2234 Hoc
1253 2194 1413 2234 autern!
1441 2204 1593 2246 oportet
1621 2198 1729 2245 quod
1758 2206 1945 2247 repugnet
1968 2198 2103 2236 ultimo
2124 2199 2192 2237 fini
2211 2199 2392 2247 hominis,
2412 2199 2519 2249 quod

62 2145 72 2154 ⁸
86 2144 135 2165 Art.
151 2149 171 2164 2,

304 2250 410 2298 quod
440 2257 496 2286 est
525 2250 739 2288 secundum
769 2250 957 2288 rationem
988 2250 1222 2297 ordinatum,
1244 2258 1301 2288 est
1319 2263 1386 2288 na-

304 2303 474 2340 turaliter
502 2304 739 2342 conveniens
775 2303 934 2341 homini.
972 2304 1290 2354 Unumquodque
1319 2317 1385 2342 au—

303 2364 381 2393 tem
412 2357 631 2395 naturaliter
660 2358 868 2395 delectatur
888 2358 927 2395 in
947 2371 1016 2395 suo
1048 2357 1305 2395 convenienti.
1337 2358 1387 2395 Et

304 2411 391 2447 ideo
431 2411 637 2448 honestum
678 2419 734 2448 est
773 2412 995 2449 naturaliter
1031 2411 1179 2449 homini
1221 2412 1385 2449 delecta-

305 2464 399 2501 bile:
436 2464 531 2502 sicut
575 2465 624 2503 de
668 2465 891 2514 operatione
933 2465 1083 2502 virtutis
1127 2465 1413 2514 Philosophus¹

1440 2258 1496 2288 est
1525 2251 1672 2288 bonum
1710 2252 1924 2289 secundum
1962 2252 2171 2291 rationem:
2205 2252 2386 2302 quamvis
2422 2254 2520 2292 forte

1438 2303 1560 2353 possit
1580 2316 1663 2341 esse
1683 2305 1773 2342 utile
1794 2305 2012 2343 secundum
2033 2306 2137 2355 quid,
2159 2315 2335 2356 respectu
2361 2307 2520 2345 alicuius

1439 2357 1526 2396 finis
1562 2358 1812 2407 particularis.
1852 2359 1944 2396 Non
1982 2368 2113 2397 autem
2152 2360 2354 2398 intendunt
2391 2361 2519 2399 dicere

1440 2411 1545 2460 quod
1575 2424 1692 2449 omne
1721 2412 1829 2459 utile,
1860 2413 1898 2450 in
1927 2426 1968 2450 se
1997 2413 2301 2462 consideratum,
2331 2414 2520 2490 pertingat

1440 2465 1489 2503 ad
1518 2465 1706 2503 rationem
1736 2466 1899 2504 honesti.

358 2598 385 2627 α)
401 2596 559 2628 petendum.
573 2610 592 2615 -
611 2596 790 2629 appetendum
811 2597 883 2623 PGa.
1410 2609 1412 2627 :

358 2632 383 2664 β)
399 2635 523 2665 propter.
537 2646 556 2652 -
572 2640 623 2665 per
647 2632 807 2663 ABCDEFI,
827 2633 971 2658 secundum
997 2633 1029 2658 K.
1042 2646 1062 2652 —
1084 2634 1135 2658 Pro
1156 2633 1318 2666 petendum,
1337 2633 1384 2659 ho·
1410 2638 1412 2664 ζ

305 2671 407 2693 nestum
427 2668 476 2701 pK,
495 2669 676 2701 appetendum
698 2668 862 2694 PACDGsK.
1411 2675 1412 2678 ¹

1491 2598 1518 2631 γ)
1538 2597 1694 2623 subiectum.
1706 2611 1725 2616 -
1743 2597 1861 2623 subiecto
1880 2598 1908 2623 P.

1054 2815 1413 2858 ARTICULUS
1465 2816 1772 2867 QUARTUS

793 2909 949 2940 UTRUM
974 2909 1206 2941 HONESTAS
1230 2909 1406 2940 DEBEAT
1430 2910 1531 2942 pom
1556 2910 1664 2942 PARS
1686 2911 2030 2943 TEMPERANTIAE

1279 2991 1372 3023 Supra,
1391 2997 1437 3023 qu.
1457 2998 1544 3016 cnm.

341 3088 351 3114 ,Ι
374 3088 398 3112 ,;
420 3089 465 3130 ³².
521 3081 542 3107 n
558 3081 734 3112 QUARTUM
754 3081 808 3107 sm
828 3081 1072 3107 pnoesurrun.
1093 3070 1255 3107 Videtur
1276 3070 1382 3119 quod
1408 3102 1410 3107 .
1437 3071 1668 3120 superfluus,
1695 3072 1742 3109 de
1772 3083 1851 3120 quo
1882 3071 1932 3109 ibi
1962 3072 2066 3122 loqui
2095 3072 2257 3120 videtur,
2281 3072 2402 3121 magis
2430 3085 2515 3122 per-

444 3115 487 3184 ζέἡ
519 3125 700 3161 honestas
730 3135 808 3160 non
838 3124 978 3161 debeat
1006 3124 1099 3173 poni
1127 3136 1214 3173 pars
1235 3132 1381 3173 tempe·
1409 3164 1410 3176 χ
1437 3124 1530 3162 tinet
1558 3125 1607 3163 ad
1637 3125 1970 3175 intemperantiam
1991 3137 2110 3175 quarn
2139 3125 2189 3164 ad
2207 3125 2513 3175 temperantiam.

342 3160 376 3225 ,“
384 3193 444 3220 v,
459 3182 676 3217 tantiae
707 3178 800 3214 Non
822 3177 924 3214 enim
946 3183 964 3199 ²
993 3185 1049 3214 est
1073 3177 1255 3226 possibile
1275 3178 1383 3226 quod
1409 3196 1410 3220 3
1438 3179 1541 3227 Ergo
1570 3179 1753 3216 honestas
1783 3191 1863 3217 non
1892 3187 1950 3217 est
1975 3191 2064 3230 pars
2092 3179 2379 3229 temperantiae.

363 3205 636 3277 (widem,
663 3239 837 3279 respectu
863 3231 1049 3277 eiusdem,
1076 3231 1123 3268 sit
1153 3243 1240 3280 pars
1267 3240 1302 3268 et
1326 3239 1383 3268 to·
1409 3228 1411 3277 ξ
1494 3233 1528 3269 3.
1560 3233 1797 3278 PRAETEREA,
1827 3233 2034 3270 honestum
2062 3232 2199 3270 dicitur
2227 3233 2332 3282 quod
2362 3242 2418 3271 est
2446 3235 2515 3272 ho-

309 3291 402 3320 tum.
396 3246 511 3320 Sed
530 3284 783 3333 temperantia
804 3293 860 3322 est
879 3297 967 3334 pars
990 3285 1153 3331 honesti,
1173 3293 1214 3322 ut
1234 3285 1383 3322 Tullius
1409 3291 1411 3336 ζ
1438 3297 1534 3322 nore
1562 3285 1735 3335 dignum.
1773 3287 1850 3324 Sed
1877 3286 1966 3324 iusti
1996 3291 2032 3323 et
2047 3286 2175 3334 fortes
2201 3287 2372 3324 maxime
2397 3289 2515 3325 hono-

68 3350 119 3371 -oe
127 3349 167 3370 ιην
169 3346 281 3370 enamw
310 3337 407 3382 dicit,
439 3337 476 3373 in
507 3339 536 3374 11
566 3339 676 3376 Rhet.
702 3338 722 3360 '¹‘
761 3339 863 3387 Ergo
892 3339 1073 3375 honestas
1103 3351 1181 3376 non
1211 3347 1268 3376 est
1295 3351 1383 3388 pars
1409 3343 1411 3374 Ι
1438 3345 1592 3385 rantur,
1622 3347 1664 3377 ut
1693 3339 1783 3377 dicit
1811 3339 2087 3388 Philosophus,
2119 3339 2156 3377 in
2187 3341 2200 3376 I
2230 3340 2339 3378 Rhet
2360 3340 2381 3363 '¹'
2411 3341 2551 3390 Ergo·
2567 3357 2624 3386 οφ.
2641 3363 2672 3384 ιι,
2693 3358 2746 3381 ...ο
2748 3374 2753 3380 .

66 3379 112 3425 ι’ἷῖιιῖ
109 3376 168 3397 '¹¹¹'
187 3374 215 3401 n'
230 3379 280 3401 αρ’
309 3391 595 3438 temperantiae.
1409 3392 1411 3442 ξ
1437 3392 1619 3430 honestas
1640 3405 1718 3430 non
1733 3392 1895 3441 pertinet
1914 3393 1962 3429 ad
1982 3393 2286 3442 temperantiam,
2304 3394 2372 3431 sed
2393 3394 2514 3443 magis

70 3458 151 3485 ·cap.
172 3461 279 3483 umere.
365 3455 400 3480 2.
423 3444 658 3491 PRAETEREA,
682 3446 730 3481 111
751 3445 899 3482 Esdrae
917 3445 937 3467 '¹‘
957 3445 1092 3483 dicitur
1117 3447 1222 3505 quod
1251 3446 1382 3483 vinum
1409 3448 1411 3483 ἔ
1438 3446 1486 3483 ad
1516 3446 1695 3483 iustitiam
1723 3446 1786 3482 vel
1815 3445 2087 3484 fortitudinem.
2118 3447 2230 3485 Unde
2250 3455 2288 3485 et
2306 3448 2513 3486 Eleazarus

68 3491 97 3506 211

304 3497 534 3545 praecordia
543 3498 646 3545 facit
662 3499 828 3535 honesta.
856 3499 932 3536 Sed
953 3511 1044 3536 usus
1063 3498 1155 3546 vini,
1177 3499 1382 3582 praecipue
1409 3497 1411 3539 Ι
1439 3498 1540 3545 dixit,
1562 3506 1603 3535 ut
1623 3498 1759 3536 dicitur
1779 3499 1809 3535 II
1831 3499 2013 3537 Machab.
2035 3499 2121 3537 v1*:
2150 3501 2316 3538 Fortiter
2329 3513 2403 3550 pro
2421 3513 2513 3552 gra-

2541 3517 2631 3539 ·Ven.
2645 3517 2681 3540 2⁸.

365 3621 392 3653 α)
411 3620 492 3646 enim.
504 3624 629 3645 -autem
651 3619 742 3652 BKpC
