2768 4198
58 921 66 929 ⁸
80 919 115 940 Cf.
128 925 165 946 qu.
177 924 267 944 ccxxix,

56 946 143 967 Introd.

132 2095 157 2126 1'1

295 314 374 348 424
457 269 461 274 ⁶
965 300 1232 346 QUAEsTio
1264 299 1456 346 CLXXX,
1486 300 1785 338 ARTlcULUS
1817 302 1829 336 1

657 526 1073 605 QUAESTIO
1124 525 2138 584 CENTESIMAOCTOGESIMA

981 646 1065 686 DE
1099 645 1246 686 VITA
1282 645 1812 687 CONTEMPLATIVA

1125 763 1160 788 IN
1190 762 1290 788 OCTO
1318 762 1524 788 ARTICULOS
1553 763 1672 788 DlVISA

380 872 488 898 EINDE
527 859 850 896 considerandum
891 866 946 895 est
991 859 1039 896 de
1082 859 1160 896 vita
1197 867 1368 896 contem-
1395 857 1398 896 i
1478 859 1644 906 Quarto:
1675 867 1802 896 utrum
1833 860 1882 897 ad
1901 860 2020 897 vitam
2051 857 2392 911 contemplativam
2415 875 2500 912 per-

299 873 522 963 Dplativa
541 913 572 950 ²⁸.
1530 913 1645 950 tineat
1674 913 1927 951 consideratio
1958 914 2235 964 cuiuscumque
2263 916 2444 954 veritatis.

297 970 345 1005 Et
374 969 471 1004 circa
500 968 575 1004 hoc
604 974 840 1016 quaeruntur
868 973 968 1003 oct0.
1478 966 1646 1014 Quinto:
1677 974 1805 1004 utrum
1835 967 1913 1005 vita
1944 968 2242 1018 contemplativa
2269 969 2435 1007 hominis
2462 971 2499 1007 in

350 1022 497 1059 Primo:
524 1029 650 1057 utrum
672 1020 752 1057 vita
772 1020 1066 1068 contemplativa
1086 1019 1270 1069 pertineat
1289 1028 1368 1057 tan-
1530 1021 1605 1057 hoc
1643 1028 1740 1058 statu
1779 1021 1897 1070 possit
1931 1021 2070 1059 elevari
2098 1035 2222 1072 usque
2260 1023 2309 1060 ad
2338 1023 2411 1060 Dei
2442 1025 2500 1061 vi-

403 1083 485 1112 tum
515 1074 564 1111 ad
602 1074 851 1120 intellectum,
891 1086 939 1110 an
978 1074 1158 1111 consistat
1187 1074 1300 1111 etiam
1330 1074 1366 1110 in
1531 1074 1694 1111 sionem.

403 1129 554 1165 affectu.
1479 1128 1615 1165 Sexto:
1647 1128 1694 1165 de
1724 1128 1893 1166 motibus
1922 1129 2256 1178 contemplationis
2282 1141 2381 1178 quos
2409 1130 2500 1167 Dio-

351 1182 551 1219 Secundo:
600 1189 727 1218 utrum
772 1181 820 1218 ad
862 1180 984 1218 vitam
1028 1181 1367 1230 contemplativam
1531 1181 1662 1230 nysius
1701 1182 1876 1230 assignat,
1907 1190 2043 1231 quarto
2082 1183 2246 1232 capitulo
2279 1183 2326 1220 de
2352 1184 2502 1221 Divinis

403 1236 616 1285 pertineant
643 1236 801 1272 virtutes
829 1235 1006 1271 morales.
1531 1235 1773 1273 Nominibus.

350 1290 504 1327 Tertio:
535 1298 662 1326 utrum
683 1289 762 1326 vita
783 1289 1081 1338 contemplativa
1109 1287 1290 1325 consistat
1309 1301 1369 1325 so-
1480 1289 1674 1338 Septimo:
1706 1290 1753 1326 de
1784 1289 2035 1327 delectatione
2066 1290 2410 1340 contemplationis.

403 1344 483 1380 lum
512 1343 550 1380 in
580 1355 658 1380 uno
689 1351 786 1389 actu,
817 1350 883 1379 aut
910 1342 947 1379 in
976 1342 1161 1392 pluribus.
1480 1343 1654 1380 Octavo:
1685 1345 1732 1381 de
1762 1343 1962 1381 duratione
1992 1344 2336 1394 contemplationis.

1112 1453 1433 1496 ARTICULUS
1466 1454 1674 1496 PRIMUS

396 1549 552 1580 UTRUM
576 1549 680 1579 VITA
706 1547 1082 1579 CONTEMPLATIVA
1106 1547 1228 1578 Nmn.
1251 1547 1429 1578 HABEAT
1454 1548 1497 1578 IN
1521 1548 1736 1584 AFFECTU,
1761 1548 1840 1580 SED
1865 1548 2026 1580 TOTUM
2052 1549 2095 1579 IN
2121 1548 2403 1581 INTELLECTU

820 1627 894 1658 Infra,
915 1632 962 1652 art.
984 1634 1008 1656 2,
1028 1627 1060 1651 ad
1084 1634 1111 1656 1;
1131 1632 1177 1652 art.
1197 1635 1222 1659 7.
1242 1627 1273 1651 ad
1298 1635 1322 1658 1;
1342 1627 1373 1651 111
1394 1627 1476 1656 Sent„
1498 1628 1556 1653 dist.
1576 1635 1648 1658 xxxv,
1668 1635 1712 1660 qu.
1731 1635 1749 1659 ι,
1769 1633 1816 1654 art.
1837 1635 1860 1658 2,
1881 1628 1931 1661 qu*
1955 1636 1976 1654 1.

382 1726 390 1739 ι
430 1736 453 1748 ,Ι
509 1720 531 1744 D
560 1719 698 1744 ptumum
719 1719 773 1743 sm
803 1718 1046 1744 PROCEDITUR.
1075 1707 1237 1744 Videtur
1266 1707 1370 1756 quod
1395 1715 1398 1774 i
1422 1715 1487 1744 vet
1516 1708 1564 1744 ad
1594 1709 1851 1746 exercendum
1881 1710 1996 1746 talem
2026 1709 2308 1758 operationem,
2339 1709 2503 1760 pertinet

415 1737 587 1821 ἓΞὛτιῐει
625 1760 923 1808 contemplativa
961 1759 1051 1796 nihil
1081 1760 1222 1796 habeat
1250 1759 1287 1796 in
1317 1760 1369 1796 af·
1395 1775 1397 1810 j
1423 1761 1472 1798 ad
1501 1762 1752 1808 voluntatem,
1783 1774 1883 1810 quae
1913 1770 2047 1800 movet
2079 1775 2217 1800 omnes
2245 1763 2337 1800 alias
2365 1771 2500 1812 poten-

343 1812 347 1819 *
371 1829 432 1857 vr,
448 1819 475 1857 ‘6
494 1815 619 1860 tectu,
636 1814 703 1850 sed
724 1821 846 1850 totum
863 1814 900 1850 in
920 1813 1123 1849 intellectu.
1145 1813 1246 1850 Dicit
1263 1813 1368 1850 enirn
1395 1811 1397 1857 Ι
1423 1813 1514 1860 tias,
1546 1821 1581 1850 et
1611 1814 1725 1851 etiam
1765 1815 2018 1864 intellectum,
2049 1816 2098 1854 ad
2132 1829 2244 1854 suum
2283 1825 2430 1865 actum,
2461 1822 2502 1854 ut

262 1903 266 1907 ,
351 1842 448 1898 ξ’·’ἢΰ
463 1858 495 1901 N
509 1867 779 1916 Philosophus,
801 1867 838 1903 in
860 1868 891 1903 11
907 1867 1127 1915 Metaphys.
1145 1866 1176 1913 ²¹²,
1198 1867 1305 1915 quod
1315 1868 1370 1914 fi·
1396 1876 1397 1879 ’
1424 1879 1539 1916 supra
1558 1866 1578 1888 ’¹‘
1607 1867 1751 1905 dictum
1782 1877 1848 1906 est.

295 1921 352 1957 nis
371 1921 694 1969 contemplationis
713 1926 767 1957 est
783 1921 933 1957 veritas.
963 1920 1112 1957 Veritas
1136 1928 1264 1957 autem
1286 1932 1370 1969 per·
1478 1921 1615 1958 Movet
1643 1929 1773 1959 autem
1802 1922 1861 1959 vis
1890 1922 2098 1972 appetitiva
2127 1925 2175 1961 ad
2214 1923 2358 1972 aliquid
2386 1923 2500 1974 inspi-

294 1974 385 2010 tinet
414 1974 461 2011 ad
491 1975 722 2011 intellectum
752 1973 924 2011 totaliter.
955 1974 1058 2022 Ergo
1082 1973 1235 2011 videtur
1264 1974 1370 2023 quod
1425 1973 1619 2021 ciendum,
1639 1975 1701 2012 vel
1732 1975 1956 2013 sensibiliter
1978 1977 2041 2014 vel
2071 1976 2361 2025 intelligibiliter,
2382 1989 2502 2026 quan-

294 2028 371 2064 vita
401 2029 699 2077 contemplativa
719 2027 880 2065 totaliter
899 2027 936 2064 in
957 2027 1147 2064 intellectu
1178 2028 1368 2065 consistat.
1426 2027 1554 2078 doque
1584 2029 1740 2076 quidem
1770 2037 1928 2079 propter
1956 2042 2132 2067 amorem
2158 2031 2211 2068 rei
2238 2030 2367 2079 visae,
2397 2031 2500 2080 quia,

350 2093 384 2118 2.
416 2082 651 2129 PRAETEREA,
683 2082 889 2130 Gregorius
919 2081 1019 2128 dicit,
1041 2081 1079 2118 in
1098 2082 1149 2118 Vl
1169 2082 1315 2119 Moral.
1337 2081 1369 2128 ²⁸,
1424 2089 1466 2119 ut
1495 2081 1631 2119 dicitur
1659 2083 1794 2120 Matth.
1815 2095 1850 2120 vi
1870 2083 1902 2131 *,
1933 2084 1998 2121 ubi
2023 2089 2078 2121 est
2104 2085 2302 2122 thesaurus
2329 2090 2426 2132 tuus,
2451 2085 2504 2123 ibi

192 2084 206 2098 Χ
261 2094 266 2102 ,

51 2106 79 2126 al.
101 2111 147 2126 xvi
182 2105 205 2126 in
220 2108 266 2126 vet.

52 2121 266 2186 {Jc‘fflissssfslfiff}
295 2135 400 2183 quod
429 2136 585 2182 Rachel,
615 2148 712 2185 quae
741 2136 1008 2184 interpretatur
1038 2151 1057 2168 a<
1081 2135 1203 2173 visum
1229 2135 1371 2184 princi·
1396 2149 1397 2187 j
1424 2141 1479 2173 est
1504 2141 1540 2173 et
1557 2148 1625 2173 cor
1653 2142 1780 2174 tuum:
1810 2137 2045 2186 quandoque
2065 2145 2194 2175 autem
2218 2146 2375 2188 propter
2394 2151 2502 2180 amo-

52 2186 79 2233 {¹¹¹3
101 2185 140 2206 Μ’·
157 2185 186 2213 “’
201 2185 265 2207 ¹¹⁰¹¹¹·
289 2190 398 2237 pium
413 2205 446 2235 »,
467 2190 583 2226 vitam
604 2189 932 2238 contemplativam
951 2189 1152 2239 significat.
1175 2189 1251 2227 Sed
1271 2188 1370 2226 visio
1396 2199 1397 2223 1
1424 2201 1506 2226 rem
1535 2189 1654 2239 ipsius
1683 2190 1909 2239 cognitionis
1938 2203 2055 2240 quarn
2085 2191 2170 2241 quis
2191 2203 2236 2229 ex
2266 2191 2502 2242 inspectione

294 2242 465 2292 principii
486 2243 648 2292 pertinet
666 2243 822 2292 proprie
839 2243 886 2280 ad
903 2242 1149 2279 intellectum.
1170 2242 1274 2291 Ergo
1290 2242 1372 2280 vita
1396 2254 1398 2294 g
1425 2243 1681 2292 consequitur.
1717 2245 1766 2281 Et
1798 2252 1955 2294 propter
1983 2246 2058 2282 hoc
2087 2245 2295 2294 Gregorius
2314 2245 2335 2268 *
2363 2246 2502 2284 consti-

296 2297 594 2345 contemplativa
618 2297 772 2346 proprie
802 2296 849 2333 ad
882 2296 1111 2333 intellectum
1141 2296 1315 2345 pertinet.
1396 2295 1494 2341 {tuit
1521 2297 1640 2334 vitam
1677 2298 2016 2347 contemplativam
2052 2299 2090 2336 in
2128 2299 2285 2337 caritate
2318 2300 2414 2338 Dei.-
2447 2300 2503 2338 in-

53 2345 218 2399 amithi-Y
252 2348 267 2394 ¹,
352 2351 385 2387 3.
408 2351 643 2398 PRAETEREA,
674 2350 883 2398 Gregorius
913 2349 1012 2396 dicit,
1042 2361 1156 2398 super
1181 2350 1317 2399 Erech.
1337 2348 1369 2396 ¹⁸,
1396 2350 1398 2406 ᾗ
1425 2357 1612 2399 quantum
1648 2350 1788 2388 scilicet
1816 2351 1950 2400 aliquis
1980 2365 2026 2389 ex
2065 2352 2265 2390 dilectione
2303 2353 2378 2391 Dei
2404 2353 2503 2392 inar-

295 2403 399 2453 quod
430 2404 478 2440 ad
507 2404 628 2440 vitam
659 2403 997 2452 contemplativam
1032 2403 1195 2452 pertinet
1229 2405 1278 2440 ab
1306 2414 1371 2440 ex·
1396 2413 1398 2447 ι
1425 2403 1545 2441 descit
1573 2404 1622 2441 ad
1644 2404 1724 2441 eius
1752 2405 2075 2454 pulchritudinem
2097 2406 2422 2456 conspiciendam.
2453 2408 2503 2446 Et

295 2457 427 2494 teriori
459 2457 606 2494 actione
641 2458 841 2506 quiescere.
882 2456 958 2493 Sed
987 2456 1046 2493 vis
1075 2456 1252 2494 affectiva
1290 2456 1371 2493 sive
1396 2448 1398 2495 Ι
1425 2457 1514 2507 quia
1543 2458 1806 2507 unusquisque
1836 2459 2044 2497 delectatur
2078 2472 2165 2496 cum
2196 2461 2357 2510 adeptus
2391 2461 2503 2499 fuerit

296 2510 502 2560 appetitiva
539 2510 692 2548 inclinat
721 2510 769 2548 ad
807 2510 1009 2547 exteriores
1047 2510 1227 2547 actiones.
1267 2510 1370 2558 Ergo
1424 2511 1463 2548 id
1483 2511 1589 2559 quod
1610 2519 1724 2558 amat,
1745 2512 1832 2549 ideo
1851 2512 1931 2550 vita
1950 2513 2249 2563 contemplativa
2278 2513 2502 2553 terminatur

295 2564 445 2601 videtur
479 2565 584 2613 quod
618 2564 696 2601 vita
734 2563 1031 2613 contemplativa
1069 2576 1146 2600 non
1186 2564 1372 2612 pertineat
1425 2565 1474 2602 ad
1503 2564 1814 2612 delectationem,
1844 2579 1944 2616 quae
1984 2574 2039 2604 est
2076 2567 2114 2604 in
2143 2566 2303 2604 affectu:
2343 2579 2388 2604 ex
2425 2580 2502 2618 qua

296 2618 423 2667 aliquo
454 2618 574 2655 modo
604 2618 651 2655 ad
680 2618 759 2655 vim
790 2617 1050 2667 appetitivam.
1425 2619 1540 2655 etiam
1570 2631 1682 2656 amor
1710 2619 1924 2657 intenditur.

350 2673 424 2709 SED
455 2683 602 2709 CONTRA
630 2683 696 2708 Es‘r
724 2671 829 2720 quod
860 2670 1068 2719 Gregorius
1097 2670 1238 2707 ibidem
1270 2670 1369 2717 dicit,
1479 2674 1538 2708 An
1567 2684 1705 2711 PmMUM
1743 2685 1842 2710 ERGO
1876 2685 2062 2711 mmmmm
2093 2674 2199 2724 quod
2229 2686 2274 2711 ex
2302 2675 2378 2712 hoc
2415 2674 2500 2724 ipso

296 2726 402 2774 quod
431 2725 719 2774 contemplativa
739 2725 814 2762 vita
844 2730 899 2762 est
915 2725 1111 2762 caritatem
1140 2724 1215 2761 Dei
1232 2730 1268 2760 et
1280 2736 1370 2773 pro·
1425 2725 1531 2774 quod
1571 2726 1710 2764 veritas
1754 2734 1810 2764 est
1852 2727 1939 2764 finis
1987 2727 2341 2777 contemplationis,
2383 2728 2502 2769 habet

294 2780 393 2816 ximi
418 2785 494 2816 tota
523 2785 645 2817 mente
673 2779 845 2824 retinere,
867 2785 903 2815 et
927 2778 1000 2815 soli
1025 2777 1208 2815 desiderio
1235 2778 1371 2815 Condi·
1424 2779 1613 2817 rationem
1652 2780 1743 2817 boni
1786 2780 1998 2830 appetibilis
2037 2789 2074 2818 et
2114 2781 2289 2819 amabilis
2325 2789 2362 2819 et
2399 2782 2500 2820 dele-

153 2845 171 2862 α
296 2834 419 2870 toris⁶‘
446 2833 654 2870 inhaerere.
686 2833 762 2870 Sed
785 2832 1017 2870 desiderium
1038 2840 1075 2868 et
1094 2843 1205 2868 amor
1223 2831 1271 2869 ad
1290 2832 1370 2869 vim
1425 2833 1569 2870 etantis.
1610 2834 1658 2871 Et
1686 2835 1900 2872 secundum
1935 2835 2009 2872 hoc
2042 2835 2206 2884 pertinet
2233 2835 2282 2872 ad
2316 2835 2397 2872 vim
2435 2847 2498 2885 ap-

58 2885 259 2948 Ὶηνηβωη
297 2887 515 2924 affectivam
546 2887 626 2924 sive
656 2885 903 2936 appetitivam
933 2885 1094 2935 pertinet
1109 2883 1135 2932 β,
1161 2892 1202 2922 ut
1226 2885 1371 2935 supra*
1424 2886 1633 2936 petitivam.

55 2950 95 2995 ἓξ.
112 2953 135 2994 ²2³
152 2936 189 2974 ‹iu-
206 2937 268 2970 xm}
297 2941 469 2978 habitum
499 2949 565 2978 est.
596 2941 699 2988 Ergo
729 2941 843 2977 etiam
871 2939 949 2976 vita
978 2938 1275 2988 contemplativa
1305 2940 1370 2976 ha·
1477 2942 1536 2977 An
1566 2953 1758 2979 SECUNDUM
1788 2953 1974 2980 D1CENDUM
2003 2942 2110 2991 quod
2138 2941 2188 2979 ad
2225 2941 2350 2990 ipsam
2381 2941 2498 2979 visio-

95 2990 98 2994 ’
130 2990 134 2994 ’
297 2995 361 3031 bet
390 2994 529 3043 aliquid
561 2994 598 3031 in
626 2993 666 3030 vi
695 2993 872 3030 affectiva
901 2993 981 3030 sive
1011 2992 1231 3042 appetitiva.
1424 3006 1514 3031 nem
1552 2994 1666 3044 primi
1703 2994 1897 3045 principii,
1927 2994 2068 3032 scilicet
2100 2994 2193 3041 Dei,
2223 2994 2350 3032 incitat
2388 3007 2500 3034 amor

56 3039 141 3087 inf?
171 3044 199 3061 ⁰¹·
351 3050 578 3086 REsponnEo
606 3059 792 3085 DICENDUM
822 3047 940 3095 quod,
971 3047 1068 3084 sicut
1095 3046 1238 3083 dictum
1268 3053 1324 3082 est
1336 3045 1368 3093 *,
1423 3047 1551 3096 ipsius.
1573 3048 1686 3086 Unde
1707 3048 1914 3097 Gregorius
1935 3049 2034 3095 dicit,
2052 3059 2167 3096 super
2183 3049 2319 3097 Ezech.
2339 3048 2370 3096 ³⁸,
2392 3050 2498 3099 quod

296 3102 374 3139 vita
404 3101 702 3151 contemplativa
730 3101 882 3138 illorum
914 3113 995 3137 esse
1026 3099 1163 3137 dicitur
1182 3099 1246 3149 qui
1269 3099 1370 3148 prin·
1396 3110 1397 3113 ’
1423 3102 1499 3138 vita
1529 3103 1829 3151 contemplum-a,
1850 3102 2003 3140 calcatis
2032 3102 2134 3139 curis
2160 3102 2345 3149 omnibus,
2366 3103 2419 3140 ad
2444 3103 2498 3140 vi-

154 3159 172 3185 Υ
298 3156 464 3205 cipaliter
483 3156 684 3192 intendunt
703 3155 752 3192 ad
772 3154 1136 3203 contemplationem
1152 3159 1167 3182 Υ
1186 3153 1368 3191 veritatis.
1423 3156 1584 3192 ciendam
1600 3157 1751 3204 faciem
1778 3156 1837 3193 sui
1869 3155 2060 3193 Creatoris
2087 3155 2298 3193 inardescit.

57 3202 210 3250 21371¹.¹““‘³¹¹
229 3209 268 3228 ¹¹¹⁷
298 3210 458 3246 Intentio
494 3217 622 3247 autem
663 3216 718 3245 est
746 3215 851 3245 actus
887 3207 1115 3254 voluntatis,
1146 3215 1187 3244 ut
1215 3219 1330 3256 supra
1349 3207 1369 3229 '¹‘
1478 3211 1536 3246 AD
1559 3221 1721 3247 TEanJM
1749 3221 1936 3247 mCENnuM
1956 3208 2062 3258 quod
2089 3207 2148 3246 vis
2177 3208 2385 3258 appetitiva
2413 3221 2497 3247 mo-

298 3262 469 3299 habitum
498 3270 574 3300 est:
613 3262 703 3310 quia
731 3261 888 3299 intentio
925 3269 981 3298 est
1019 3262 1066 3298 de
1096 3261 1189 3307 fine,
1220 3260 1285 3310 qui
1314 3268 1370 3298 est
1423 3270 1488 3299 vet
1516 3275 1595 3300 non
1624 3264 1751 3300 solum
1780 3263 1956 3300 membra
1985 3262 2198 3311 corporalia
2218 3262 2266 3300 ad
2292 3261 2498 3301 exteriores

298 3316 502 3353 voluntatis
531 3316 737 3353 obiectum.
768 3316 817 3352 Et
845 3315 931 3352 ideo
952 3315 1029 3352 vita
1059 3314 1368 3363 contemplativa,
1424 3315 1592 3353 actiones
1631 3317 1881 3362 exercendas,
1920 3315 1988 3352 sed
2027 3315 2140 3352 etiam
2179 3315 2409 3354 intellectum
2447 3317 2496 3354 ad

299 3377 484 3417 quantum
513 3371 560 3407 ad
597 3369 719 3418 ipsam
760 3368 961 3406 essentiam
998 3368 1177 3411 actionis,
1207 3368 1370 3417 pertinet
1395 3395 1396 3398 η
1425 3371 1680 3407 exercendum
1710 3369 1973 3418 operationem
2003 3370 2347 3418 contemplationis,
2372 3377 2413 3407 ut
2441 3370 2495 3407 di-

83 3421 102 3442 υ
128 3421 183 3449 ¹¹⁸⁹-
300 3422 347 3459 ad
368 3422 597 3459 intellectum
612 3423 652 3459 *τ
674 3431 859 3472 quantum
880 3430 1008 3460 autem
1030 3421 1079 3459 ad
1099 3422 1136 3459 id
1157 3421 1264 3470 quod
1285 3434 1369 3459 mo·
1424 3430 1527 3459 ctum
1557 3430 1612 3459 est
1631 3422 1662 3459 ³⁸.

354 3556 380 3587 α)
404 3554 565 3581 Conditor-is.
577 3569 595 3574 -
613 3555 774 3580 conditionis
793 3555 891 3580 ABEF.
1396 3555 1398 3617 1
1478 3555 1505 3588 γ)
1524 3555 1562 3580 ad
1578 3555 1837 3588 contemplationem.
1851 3570 1868 3574 —
1886 3556 2108 3588 contemplationi
2130 3557 2177 3582 Pa.

354 3589 379 3623 β)
396 3590 522 3623 pertinet.
535 3605 554 3610 -
570 3590 707 3622 pertinent
727 3591 779 3615 ΡΗ.

2529 2085 2541 2097 ·
2553 2084 2620 2108 ven.
2634 2090 2665 2108 n.

2526 3053 2662 3078 ‘Lae-eit.

2524 3417 2574 3440 'In
2587 3423 2694 3448 οσφοη.
