2768 4198
27 2383 115 2434 105?ssss
127 2381 240 2431 52ωαῖῗῖ

27 2435 117 2458 suetud.

280 285 350 321 166

274 363 460 399 scentium
480 361 495 392 β
524 370 560 399 et
588 361 873 411 respirantium,
905 367 940 395 et
968 370 1066 406 quae
1096 369 1142 394 ex
1172 357 1224 394 eis
1252 369 1340 405 pro-

274 416 424 464 cedunt,
447 415 540 452 sicut
558 415 743 452 lacticinia
771 426 814 450 ex
843 411 1112 470 gressibilibus,
1135 417 1171 446 et
1199 422 1275 446 ova
1295 421 1340 446 ex

273 469 421 506 avibus.
453 468 554 515 Quia
583 468 685 505 enim
714 464 934 504 huiusmodi
955 463 1076 511 magis
1096 462 1341 499 conforman-

272 530 333 559 tur
359 523 530 558 humano
552 520 713 569 corpori,
733 520 818 568 plus
848 518 1036 555 delectant
1055 523 1091 552 et
1110 515 1231 563 magis
1251 527 1340 552 con-

273 575 397 612 ferunt
424 574 473 611 ad
501 573 660 610 humani
688 571 859 620 corporis
887 570 1184 607 nutrimentum:
1222 576 1258 605 et
1287 568 1340 605 sic

274 640 317 665 ex
347 639 480 664 eorum
511 626 747 663 comestione
775 625 861 672 plus
886 622 1085 671 superfluit
1111 629 1154 658 ut
1171 629 1341 659 vertatur

272 681 309 717 in
339 679 535 717 materiam
566 678 733 725 seminis,
755 677 862 714 cuius
891 675 1151 725 multiplicatio
1177 682 1233 712 est
1261 686 1340 711 ma-

271 734 416 770 ximum
451 732 738 768 incitamentum
777 730 959 767 luxuriae.
998 729 1047 766 Et
1083 728 1171 765 ideo
1205 728 1254 765 ab
1283 727 1342 764 his

273 786 364 823 cibis
392 785 596 834 praecipue
625 783 879 821 ieiunantibus
908 781 1080 819 Ecclesia
1109 781 1234 818 statuit
1258 793 1341 818 esse

271 838 551 876 abstinendum.

901 281 1169 327 QUAESTIO
1200 280 1391 326 CXLVII,
1420 281 1720 319 ARTICULUS
1748 281 1834 318 VIII

1395 357 1494 395 cidit.
1525 359 1625 395 Esus
1653 366 1781 396 autem
1812 359 1982 396 carnium
2012 366 2068 396 est
2096 359 2216 407 magis
2237 358 2466 396 delectabilis

1396 411 1652 448 communiter
1671 424 1788 460 quam
1810 425 1897 449 esus
1915 412 2098 461 piscium:
2129 412 2306 461 quamvis
2326 412 2365 448 in
2385 412 2466 461 qui-

1395 463 1562 500 busdam
1591 464 1698 501 aliter
1716 477 1756 502 se
1776 466 1927 503 habeat.
1958 466 2007 502 Et
2029 466 2116 503 ideo
2146 465 2320 502 Ecclesia
2345 464 2466 513 magis

1396 515 1650 574 ieiunantibus
1669 517 1864 566 prohibuit
1883 531 1992 556 esum
2013 519 2185 556 carnium
2215 530 2332 566 quam
2358 530 2465 555 esum

1395 580 1571 616 piscium.

1449 623 1509 658 An
1528 633 1690 659 ’mimum
1713 634 1899 661 DICENDUM
1927 625 2033 684 quod
2062 637 2138 662 ova
2158 633 2194 662 et
2213 624 2424 662 lacticinia
2416 637 2468 661 1e-

1395 674 1616 711 innantibus
1643 674 1918 713 interdicuntur
1943 677 2170 727 inquantum
2209 686 2296 715 sunt
2324 678 2467 715 anima-

1395 727 1493 764 libus
1521 725 1534 749 ὅ
1564 735 1694 764 exorta
1731 740 1864 766 carnes
1901 729 2142 768 habentibus.
2185 731 2298 769 Unde
2331 731 2467 780 princi-

1395 780 1517 829 palius
1555 780 1829 818 interdicuntur
1855 787 1868 803 ⁸
1901 794 2030 842 quam
2061 796 2137 822 ova
2172 785 2235 822 vel
2269 784 2466 822 lacticinia.

1368 851 1370 861 ν
1397 833 1578 871 Similiter
1611 834 1725 871 etiam
1757 834 1854 872 inter
1885 834 1958 872 alia
1985 835 2146 884 ieiunia,
2175 838 2384 876 solemnius
2414 845 2470 874 est

323 894 382 928 AD
411 903 549 928 patmum
578 902 677 927 ERGO
697 901 883 927 morannum
911 889 1018 938 quod
1047 888 1096 925 ad
1121 895 1249 925 actum
1278 899 1340 936 ge·
1368 899 1369 934 ξ
1397 887 1728 935 quadragesimale
1760 888 1966 925 ieiunium:
2000 896 2081 926 tum
2115 890 2204 938 quia
2241 892 2469 928 observatur

270 944 475 982 nerationis
502 944 572 981 tria
601 951 847 982 concurrunt:
877 942 1018 979 scilicet
1046 942 1160 988 calor,
1189 941 1341 990 spiritus
1368 940 1369 947 ¹
1397 941 1446 978 ad
1466 940 1717 978 imitationem
1734 941 1890 987 Christi;
1910 949 1993 978 tum
2014 941 2127 979 etiarn
2146 943 2237 992 quia
2254 955 2323 994 per
2342 944 2468 993 ipsutn

271 1006 306 1034 et
333 999 486 1035 humor.
515 997 576 1035 Ad
606 998 773 1034 calorem
814 995 984 1045 quidem
1005 994 1172 1032 maxime
1202 1006 1370 1044 coope-
1368 999 1370 1014 ¹
1397 994 1639 1044 disponimur
1657 994 1707 1032 ad
1727 994 2004 1044 redemptionis
2025 1002 2177 1032 nostrae
2197 997 2376 1046 mysteria
2405 997 2469 1035 de-

270 1059 370 1088 ratur
388 1056 404 1079 Υ
431 1050 589 1098 vinum,
621 1058 656 1087 et
693 1050 766 1087 alia
803 1049 1059 1086 calefacientia
1096 1060 1254 1097 corpus;
1293 1048 1370 1085 ad
1395 1055 1486 1084 vote
1516 1048 1756 1085 celebranda.
1786 1049 1836 1086 Et
1863 1048 1951 1086 ideo
1980 1048 2020 1086 in
2048 1048 2252 1098 quolibet
2242 1049 2384 1088 1eiunio
2412 1050 2467 1088 in-

269 1103 420 1153 spiritus
449 1111 578 1141 autem
607 1103 789 1141 videntur
817 1101 1016 1152 cooperari
1049 1101 1234 1148 inflativa;
1274 1102 1370 1145 sed
1396 1100 1590 1138 terdicitur
1619 1113 1705 1138 esus
1739 1102 1929 1139 carnium:
1968 1102 2006 1139 in
2034 1101 2176 1140 ieiunio
2211 1110 2340 1141 autem
2362 1116 2470 1181 tqua-

269 1158 318 1195 ad
346 1158 553 1195 humorem
583 1157 750 1195 maxime
781 1163 1009 1205 cooperatur
1037 1167 1129 1192 usus
1155 1154 1341 1202 carnium,
1368 1148 1639 1203 {dragesimali
1659 1154 1935 1193 interdicuntur
1952 1155 2218 1193 universaliter
2237 1155 2374 1194 etiamt
2393 1169 2470 1194 ova

270 1223 313 1247 ex
342 1211 482 1259 quibus
510 1212 675 1248 multum
706 1211 753 1248 de
781 1210 962 1247 alimento
992 1216 1204 1257 generatur.
1240 1209 1341 1245 Alte-
1368 1224 1370 1262 ἰ
1397 1215 1434 1244 et
1461 1207 1659 1245 lacticinia
1691 1208 1800 1246 Circa
1829 1221 1996 1258 quorum
2025 1209 2292 1247 abstinentiam
2323 1210 2361 1247 in
2390 1209 2470 1247 aliis

269 1263 363 1301 ratio
385 1273 513 1302 autem
536 1260 670 1301 caloris
691 1272 728 1301 et
756 1262 1017 1312 multiplicatio
1045 1261 1246 1312 spirituum
1268 1262 1341 1299 cito
1368 1265 1370 1305 !
1396 1260 1545 1298 ieiuniis
1574 1261 1749 1299 diversae
1776 1262 2073 1300 consuetudines
2103 1262 2266 1301 existunt
2286 1265 2388 1313 apud
2414 1262 2468 1301 di-

268 1318 410 1365 transit,
431 1319 498 1356 sed
519 1317 729 1355 substantia
747 1316 920 1354 humoris
937 1316 1002 1354 diu
1022 1323 1164 1353 manet.
1185 1316 1234 1352 Et
1253 1315 1340 1353 ideo

268 1371 388 1431 magis
403 1371 637 1408 interdicitur
651 1370 907 1408 ieiunantibus
922 1382 1014 1407 usus
1031 1369 1204 1406 carnium
1224 1381 1341 1418 quam

268 1424 360 1472 vini,
388 1426 451 1462 vel
480 1425 730 1473 leguminum,
752 1436 852 1472 quae
882 1431 969 1460 sunt
996 1422 1178 1460 inflativa.

323 1481 381 1515 An
401 1490 592 1516 SECUNDUM
611 1489 797 1516 DiCENDuM
818 1477 922 1527 quod
951 1476 1134 1523 Ecclesia,
1156 1475 1340 1512 ieiunium

1395 1326 1542 1362 versos,
1563 1327 1659 1364 quas
1687 1315 1851 1364 quisque
1870 1316 2079 1354 observare
2109 1317 2235 1365 debet,
2256 1317 2470 1355 secundum

1397 1380 1549 1406 morem
1571 1381 1707 1406 eorum
1728 1369 1825 1406 inter
1843 1381 1942 1419 quos
1963 1377 2224 1408 conversatur.
2245 1370 2359 1409 Unde
2379 1370 2470 1409 Hie-

1396 1434 1582 1470 ronymus
1603 1422 1692 1459 dicit
1705 1422 1737 1470 ⁵²,
1757 1422 1833 1460 de
1826 1422 1977 1460 ieiuniis
1999 1424 2178 1473 loquens:
2212 1425 2508 1474 Unaquaeque·

1367 1476 1592 1539 provincia
1619 1452 1817 1514 abundet
1801 1488 1839 1513 tn
1867 1487 1936 1514 suo
1964 1488 2087 1524 sensu,
2109 1483 2146 1514 et
2165 1484 2370 1527 praecepta
2389 1489 2471 1516 ma-

270 1532 484 1578 instituens,
514 1531 675 1569 intendit
712 1531 760 1569 ad
789 1530 827 1569 id
857 1530 963 1580 quod
998 1529 1244 1567 communius
1280 1541 1342 1566 ac·
1367 1516 1369 1561 l
1395 1540 1520 1566 torum
1548 1529 1651 1579 leges
1677 1529 1913 1578 Apostolicas
1940 1531 2155 1568 arbitretur.

323 1665 347 1699 β)
367 1665 566 1698 quiescentium.
580 1679 600 1684 -
619 1663 784 1689 nascentium
805 1663 877 1688 PGa.

322 1702 348 1735 γ)
368 1704 570 1734 cooperatur.-
587 1703 765 1732 comparatur
784 1699 876 1731 BFpA,
896 1701 1026 1730 operatur
1045 1697 1144 1729 DEle
1145 1697 1213 1721 CsA.

321 1736 347 1769 δ)
367 1736 608 1762 animalibus.-a1>
626 1735 787 1760 animalibus
807 1734 922 1767 HpCsK‚
942 1741 980 1759 ex
1000 1733 1162 1758 animalibus
1178 1732 1279 1757 PDGIL
1282 1732 1341 1756 sAC
1368 1749 1369 1770 3

268 1778 294 1798 et
313 1781 344 1803 a,·
363 1781 411 1805 pro
429 1776 538 1803 exorta,
557 1775 620 1796 orta
639 1772 670 1795 L.

1450 1661 1473 1694 ε)
1494 1661 1730 1688 interdicuntur.—
1710 1669 1839 1688 -carnes
1853 1663 1951 1688 addunt
1971 1663 2065 1694 PDsC;
2085 1672 2134 1697 pro
2152 1671 2204 1690 ova
2221 1668 2249 1690 et
2265 1665 2410 1696 lacticinia,
2427 1667 2470 1700 pn·-

1395 1697 1588 1765 SmOLetiam.
1599 1747 1618 1751 -
1636 1733 1699 1760 Om.
1719 1733 1821 1759 BFGK.

946 1847 1284 1880 Commentario
1306 1845 1563 1878 cardinalis
1584 1846 1788 1880 Caietam

298 1942 317 1962 N
341 1931 475 1962 articulo
494 1936 608 1960 octavo
633 1929 776 1959 eiusdem
792 1926 1339 1978 centesimaequadragesimaesepti—
1364 1924 1366 1960 Ι
1391 1926 1548 1958 ieiunium
1572 1927 1733 1958 contineat
1756 1935 1817 1959 tres
1842 1929 2042 1970 negationes,
2068 1929 2186 1962 scilicet
2209 1941 2275 1963 non
2297 1932 2382 1963 vesci
2405 1942 2471 1964 car—

271 1945 368 2006 Imae
393 1974 589 2017 quaestionls
613 1973 749 2004 dUbium
774 1972 926 2008 occurrit,
951 1982 991 2002 an
1016 1971 1048 2002 hl
1079 1981 1135 2013 qm
1159 1981 1225 2002 non
1251 1980 1339 2002 com-

267 2065 419 2096 abstinere
443 2075 461 2094 a
485 2063 562 2095 cibis
585 2062 703 2099 vetitis,
729 2069 807 2103 puta
830 2061 992 2098 carnibus,
1018 2061 1087 2091 ovis
1111 2067 1142 2092 et
1164 2059 1338 2092 lacticiniis.

266 2110 306 2140 Et
331 2116 376 2140 est
399 2109 479 2139 ratio
505 2107 593 2139 dubii
617 2107 692 2148 quia
715 2107 748 2137 in
772 2107 874 2138 littera
899 2116 1042 2147 expresse
1067 2105 1182 2136 dicitur
1205 2105 1339 2146 qualita-

266 2162 331 2185 tem
363 2153 507 2184 ciborum
539 2151 736 2183 interdictam
765 2151 990 2182 ieiunantibus.
1020 2151 1096 2181 Non
1125 2149 1340 2181 ieiunantibus

267 2208 342 2239 ergo
372 2198 512 2239 legitime
543 2207 610 2227 non
641 2203 688 2227 est
718 2196 892 2227 interdicta.
929 2195 970 2226 Et
1002 2194 1228 2225 confirmatur:
1264 2194 1340 2235 quia
1366 2226 1367 2230 ,

267 2243 390 2283 pueriS,
415 2252 452 2272 ex
475 2241 722 2277 consuetudine,
747 2250 808 2270 ova
837 2240 951 2270 dantur
982 2239 1013 2270 in
1042 2239 1294 2280 quadragesima.
1320 2256 1339 2262 -
1365 2245 1367 2252 ¹

268 2288 302 2318 In
327 2286 515 2327 oppositum
539 2293 646 2316 autem
670 2285 795 2315 videtur
819 2284 1001 2315 communis
1025 2283 1148 2324 opinio.

324 2332 374 2362 Ad
395 2331 456 2361 hoc
476 2330 589 2361 dicitur
609 2330 707 2370 quod,
725 2329 801 2370 quia
817 2329 1012 2360 consuetudo
1028 2334 1075 2359 est
1090 2329 1208 2368 optima
1229 2329 1338 2368 legum

268 2377 427 2416 interpres
442 2375 474 2411 *;
507 2381 538 2405 et
564 2373 778 2405 communiter
801 2373 833 2403 in
858 2373 972 2413 populi
998 2372 1168 2404 Christiani
1192 2373 1340 2403 observa-

268 2421 354 2451 tione
378 2419 538 2451 invenitur
561 2420 650 2460 quod
674 2417 846 2458 dispensati
871 2428 908 2448 ex
927 2417 1116 2458 impotentia
1140 2416 1277 2448 evidenti
1301 2417 1340 2447 ab

267 2464 455 2496 abstinentia
479 2463 631 2500 carnium,
656 2470 730 2494 sunt
754 2462 890 2493 totaliter
906 2462 1044 2493 absoluti
1068 2472 1086 2492 a
1109 2468 1278 2502 praecepto
1298 2461 1340 2492 ie-

268 2697 358 2723 nem,
383 2686 555 2717 liberantur
584 2696 601 2716 a
628 2685 748 2716 ieiunio
777 2685 903 2721 solum,
928 2692 959 2715 et
989 2695 1054 2715 non
1086 2685 1125 2715 ab
1153 2684 1341 2715 abstinentia

267 2710 503 2772 praedictorum
526 2731 558 2761 in
582 2729 824 2771 quadragesima
841 2727 978 2772 (namin
995 2729 1086 2759 aliis'
1079 2728 1215 2765 ieiuniis,
1232 2729 1340 2770 quoad
1367 2742 1368 2746 =

267 2786 363 2807 usum
387 2785 525 2806 ovorum
549 2782 579 2806 et
602 2774 845 2811 lacticiniorum,
870 2781 969 2805 statur
993 2773 1216 2805 consuetudini
1239 2771 1338 2816 loci):

267 2821 340 2851 ideo
365 2820 536 2851 dicendum
561 2826 607 2850 est
636 2819 726 2860 quod
754 2826 819 2850 tam
844 2818 1020 2849 ieiunantes
1049 2828 1149 2859 quam
1173 2827 1239 2849 non
1263 2817 1340 2848 ieiu-

268 2872 378 2896 nantes
402 2871 549 2896 tenentur
572 2864 611 2894 ad
636 2863 858 2894 abstinentiam
875 2873 892 2893 a
909 2863 985 2894 cibis
1009 2862 1186 2903 prohibitis,
1207 2871 1341 2894 consue-

267 2910 377 2941 tudine
407 2915 614 2950 praeceptum
642 2908 799 2939 Ecclesiae
830 2907 873 2938 sic
896 2907 1130 2948 interpretante.
1164 2907 1205 2938 Et
1228 2907 1340 2938 eadem

267 2954 397 2989 ratione,
422 2952 561 2994 parvulis
585 2953 691 2993 pueris
715 2953 830 2982 dantur
853 2951 935 2982 licite
955 2962 1015 2982 ova
1039 2952 1089 2982 vel
1113 2961 1230 2988 carnes,
1255 2951 1341 2982 iuxta
1367 2973 1368 2976 ,

269 2998 386 3040 patriae
410 2997 686 3033 consuetudinem,
711 2997 744 3026 in
768 2996 1018 3038 quadragesima.

325 3043 362 3074 11.
388 3042 480 3074 Circa
503 3041 660 3072 ieiunium
683 3047 848 3082 postremo
872 3040 1008 3071 dubium
1031 3040 1168 3071 occurrit
1187 3050 1237 3077 an,
1259 3039 1340 3070 fran-

268 3087 372 3127 gendo
397 3086 563 3122 ieiunium,
581 3084 674 3117 toties
691 3085 764 3126 quis
785 3085 817 3115 in
833 3085 883 3116 die
901 3085 1015 3116 eodem
1040 3091 1148 3126 peccet
1166 3085 1340 3116 mortaliter
1367 3084 1368 3087 ’

269 3131 394 3172 quoties
417 3130 565 3166 comedit,
583 3141 623 3161 an
639 3130 736 3161 semel
760 3137 894 3160 tantum.
920 3130 961 3160 Et
984 3136 1030 3160 est
1054 3129 1133 3160 ratio
1157 3129 1245 3160 dubii
1265 3129 1340 3171 quia

268 3176 398 3207 violatio
414 3175 523 3206 ieiunii
542 3175 575 3205 in
591 3175 742 3216 qualitate
766 3174 912 3205 ciborum
935 3174 1028 3205 toties
1052 3181 1098 3205 est
1121 3184 1245 3205 novum
1268 3184 1339 3215 pec-

269 3227 375 3251 catum
399 3220 524 3261 quoties
549 3219 762 3250 comeduntur
785 3218 845 3249 cibi
868 3218 964 3250 vetiti.
996 3218 1092 3259 Ergo,
1117 3218 1184 3259 pari
1207 3218 1339 3256 ratione,

269 3267 395 3305 quoties
418 3264 572 3296 receditur
602 3264 640 3294 ab
669 3273 733 3295 una
757 3263 972 3300 comestione,
997 3263 1047 3294 vel
1080 3263 1158 3294 hora
1188 3270 1340 3295 consueta
1366 3265 1367 3304 ᾗ

1366 3335 1367 3339 ,
1393 3318 1460 3339 non
1484 3307 1592 3339 solum
1616 3314 1651 3338 ut
1675 3307 1816 3339 conditio
1839 3306 1965 3343 ieiunii,
1990 3307 2073 3338 cadit
2100 3308 2159 3339 sub
2188 3316 2357 3350 praecepto
2381 3309 2466 3341 illius

270 3309 448 3339 notabiliter
471 3308 668 3348 anticipatur,
694 3308 787 3339 toties
811 3315 967 3349 peccatur.
987 3325 1008 3331 -
1029 3307 1065 3338 In
1080 3308 1268 3348 oppositum
1284 3318 1339 3339 au-

270 3359 335 3383 tem
358 3353 482 3383 videtur
505 3352 687 3383 communis
710 3352 822 3393 opinio
846 3360 957 3383 tenens
980 3353 1081 3393 quod,
1101 3352 1162 3383 nisi
1178 3352 1259 3383 adsit
1282 3362 1339 3383 no-

270 3407 328 3427 vus
352 3404 564 3437 contemptus,
588 3397 686 3428 semel
709 3404 834 3428 tantum
858 3404 1014 3437 peccatur.

326 3441 376 3471 Ad
401 3441 461 3471 hoc
485 3441 598 3472 dicitur
621 3442 726 3482 quod,
752 3441 823 3472 licet
851 3441 991 3472 diversae
1014 3441 1077 3471 sint
1104 3441 1136 3472 in
1160 3441 1218 3472 hac
1241 3451 1337 3482 quae·
1365 3447 1366 3462 l

271 3484 372 3516 stione
396 3485 574 3525 opiniones,
595 3485 821 3516 rationabiliter
840 3485 989 3526 distingui
1010 3492 1133 3526 potest:
1158 3485 1246 3526 quod
1264 3495 1338 3516 cum

1365 1985 1366 2012 g
1393 1971 1486 2002 nibus
1502 1978 1571 2008 etc..
1597 1981 1662 2002 non
1687 1973 1855 2004 comedere
1879 1973 1954 2015 plus
1977 1983 2076 2016 quam
2100 1975 2199 2006 semel
2221 1975 2255 2006 in
2272 1975 2333 2013 die,
2353 1983 2384 2007 et
2403 1985 2471 2011 non

266 2020 507 2062 prehenduntur
528 2019 587 2049 sub
611 2024 780 2059 praecepto
797 2017 954 2049 Ecclesiae
971 2016 1032 2047 de*
1025 2016 1156 2052 ieiunio,
1173 2022 1340 2046 teneantur
1365 2048 1366 2064 ἶ

1393 2070 1426 2091 se
1450 2061 1567 2092 habent
1590 2061 1654 2091 ad
1646 2061 1804 2093 ieiunium
1827 2062 1904 2095 istae
1928 2063 2130 2104 negationes.
2154 2064 2210 2096 sed
2233 2065 2315 2096 duae
2339 2060 2471 2097 ultimae

1393 2016 1561 2047 comedere
1577 2023 1649 2047 ante
1665 2016 1778 2048 horam
1803 2025 2001 2069 consuetam,
2019 2028 2086 2050 non
2109 2019 2225 2051 eodem
2244 2027 2351 2053 tamen
2368 2015 2469 2052 modo

1393 2105 1511 2136 cadunt
1534 2106 1593 2136 sub
1617 2113 1787 2158 praecepto
1811 2106 1923 2138 ieiunii
1946 2117 2012 2139 non
2033 2108 2093 2139 nisi
2118 2115 2155 2140 ut
2176 2115 2291 2150 partes,
2308 2109 2359 2141 vel
2378 2109 2471 2152 quasi

1394 2156 1507 2190 partes,
1532 2150 1755 2182 constitutivae
1778 2150 1904 2189 ieiunii;
1934 2152 2037 2194 prima
2060 2159 2169 2184 autem
2192 2154 2276 2186 cadit
2297 2154 2357 2186 sub
2381 2163 2470 2196 prae-

1395 2201 1487 2235 cepto
1511 2195 1667 2231 absolute,
1693 2195 1826 2228 durante
1849 2203 1955 2230 tamen
1980 2203 2125 2239 tempore
2139 2197 2207 2235 illo,
2232 2205 2311 2241 puta
2334 2199 2469 2241 quadra-

1393 2239 1541 2279 gesimae,
1559 2246 1699 2280 quatuor
1719 2247 1914 2282 temporum,
1929 2241 2119 2282 vigiliarum.
2144 2242 2185 2274 Et
2204 2250 2372 2285 propterea
2386 2253 2470 2286 quo-

1393 2283 1451 2314 ties
1475 2283 1546 2324 quis
1571 2284 1711 2315 comedit
1734 2294 1842 2316 carnes
1865 2292 1921 2316 aut
1943 2286 2023 2317 alios
2037 2286 2216 2327 prohibitos
2241 2287 2328 2319 cibos
2351 2288 2384 2319 in
2408 2288 2469 2326 die,

1364 2346 1368 2365 ι,
1394 2328 1488 2359 toties
1519 2329 1558 2358 de
1589 2339 1675 2359 novo
1706 2336 1815 2369 peccat
1845 2330 2036 2367 mortaliter,
2073 2331 2159 2362 iuxta
2197 2332 2340 2373 regulam
2370 2340 2469 2364 tram-

1366 2395 1367 2398 .
1393 2373 1563 2412 gressionis
1586 2380 1830 2414 praeceptorum
1855 2374 2086 2415 negativorum.
2121 2375 2215 2407 Cadit
2246 2387 2386 2418 namque
2409 2378 2469 2408 sub

1393 2416 1553 2448 Ecclesiae
1577 2425 1747 2459 praecepto
1771 2419 1860 2459 quod
1884 2419 1916 2449 in
1940 2426 2010 2450 toto
2027 2420 2084 2450 illo
2101 2420 2151 2451 die
2175 2430 2241 2451 non
2258 2422 2468 2453 comedantur

1366 2466 1367 2484 ³
1395 2471 1519 2498 carnes,
1544 2462 1626 2493 sicut
1650 2463 1731 2493 cadit
1760 2463 1819 2494 sub
1844 2471 2013 2504 praecepto
2037 2464 2096 2495 Dei
2126 2465 2216 2506 quod
2239 2465 2273 2495 in
2297 2472 2366 2496 toto
2390 2473 2469 2497 tem-

267 2509 362 2545 iunii;
395 2515 541 2550 potentes
570 2517 646 2539 vero
675 2507 830 2539 abstinere
859 2517 877 2537 a
907 2506 1070 2542 carnibus,
1097 2516 1163 2537 non
1193 2512 1340 2547 potentes
1366 2525 1367 2531 1

268 2561 374 2584 autem
399 2553 553 2584 abstinere
577 2553 615 2583 ab
639 2551 708 2582 ovis
732 2559 787 2582 aut
810 2561 827 2581 a
850 2551 1024 2587 lacticiniis,
1049 2561 1114 2581 non
1132 2550 1341 2581 absolvuntur
1366 2567 1367 2580 l

268 2609 284 2628 a
314 2604 482 2638 praecepto
511 2597 636 2633 ieiunii;
669 2603 700 2626 et
729 2606 838 2627 rursus
868 2603 1014 2636 potentes
1043 2595 1198 2626 abstinere
1228 2595 1266 2625 ab
1291 2595 1340 2625 his
1366 2607 1367 2635 j

268 2642 428 2678 omnibus,
453 2642 507 2672 sed
531 2642 724 2682 impotentes
747 2641 786 2671 ad
811 2641 997 2671 servandam
1021 2640 1150 2671 unicam
1174 2639 1342 2670 comestio·
1366 2643 1367 2646 ’

1394 2515 1472 2547 pore
1496 2506 1592 2537 huius
1615 2506 1697 2538 vitae
1722 2517 1786 2538 non
1811 2507 1964 2539 furemur.
1988 2508 2031 2539 Et
2053 2508 2135 2540 sicut
2157 2509 2213 2551 qui
2237 2510 2399 2542 commisit
2421 2520 2468 2542 se-

1394 2550 1458 2581 mel
1482 2551 1531 2581 vel
1555 2551 1602 2581 bis
1627 2550 1765 2588 furtum,
1790 2562 1856 2582 non
1881 2560 2047 2584 excusatur
2077 2553 2156 2594 quin
2184 2553 2276 2585 tertio
2307 2563 2415 2595 peccet
2442 2555 2469 2586 si

1395 2595 1487 2626 tertio
1517 2595 1654 2632 furetur;
1685 2596 1727 2627 ita
1756 2596 1812 2637 qui
1844 2596 1908 2627 iam
1938 2597 2036 2628 semel
2065 2604 2095 2628 et
2125 2597 2173 2628 bis
2197 2598 2337 2630 comedit
2360 2609 2469 2630 carnes

1394 2639 1526 2670 durante
1550 2646 1695 2680 tempore
1720 2641 1964 2680 prohibitionis,
1990 2652 2055 2672 non
2080 2650 2246 2674 excusatur
2272 2643 2351 2684 quin
2375 2643 2468 2675 tertio

1394 2691 1503 2725 peccet
1529 2684 1554 2715 si
1578 2684 1670 2716 tertio
1695 2685 1843 2717 comedat
1866 2696 1983 2717 carnes.
2014 2686 2089 2717 Non
2113 2687 2239 2728 quoties
2263 2695 2373 2719 autem
2395 2688 2468 2730 quis

1395 2728 1607 2760 comestiones
1631 2729 1822 2770 multiplicat
1844 2730 1877 2761 in
1901 2730 1951 2761 die
1975 2730 2095 2768 ieiunii,
2120 2731 2214 2762 toties
2237 2738 2355 2773 peccat.
2383 2731 2470 2772 Quia

1394 2783 1462 2804 non
1486 2773 1569 2804 cadit
1592 2774 1650 2804 sub
1675 2781 1844 2815 praecepto
1868 2774 2026 2806 Ecclesiae
2050 2785 2116 2806 non
2133 2775 2345 2828 multiplicare
2361 2786 2469 2808 come-

1395 2818 1533 2849 stionem
1557 2818 1717 2849 absolute:
1743 2819 1798 2849 sed
1822 2825 1858 2850 ut
1881 2819 2050 2861 requiritur
2073 2821 2114 2850 ad
2137 2819 2304 2852 ieiunium.
2329 2821 2377 2853 Ex
2399 2831 2467 2864 quo

1394 2870 1502 2894 autem
1526 2863 1652 2903 negatio
1670 2863 1876 2894 comestionis
1901 2874 1967 2895 non
1982 2871 2088 2904 potest
2105 2862 2243 2906 amplius
2259 2872 2326 2906 'pro
2341 2865 2400 2897 illo
2418 2865 2468 2897 die

1395 2917 1462 2938 esse
1486 2907 1628 2938 conditio
1652 2907 1770 2944 ieiunii,
1795 2908 1872 2949 quia
1895 2908 1960 2939 iam
1982 2908 2140 2940 ieiunium
2162 2909 2308 2941 solutum
2331 2917 2395 2947 eat,
2419 2920 2454 2941 se

1395 2952 1504 2993 quitur
1528 2952 1618 2993 quod
1642 2962 1708 2983 non
1725 2952 1816 2983 cadat
1839 2953 1898 2983 sub
1915 2960 2085 2994 praecepto
2102 2953 2221 2985 ieiunii.
2246 2954 2321 2985 Non
2336 2953 2372 2985 fit
2391 2964 2467 2995 ergo

1395 2996 1537 3037 exceptio
1562 2995 1593 3027 in
1618 2995 1748 3027 materia
1776 2996 1834 3028 hac
1865 3007 1884 3028 a
1907 2997 2014 3038 regula
2045 2997 2204 3040 praecepti
2227 2998 2379 3038 negativi:
2413 2999 2467 3030 sed

1366 3077 1368 3081 Δ
1395 3041 1571 3072 declaratur
1601 3041 1660 3071 sub
1689 3051 1753 3082 qua
1777 3041 1899 3072 ratione
1929 3041 2116 3073 huiusmodi
2139 3042 2322 3083 negationes
2351 3043 2469 3074 cadunt

1395 3085 1454 3116 sub
1478 3092 1659 3126 praecepte,
1683 3085 1800 3116 scilicet
1823 3092 1859 3117 ut
1873 3093 1949 3117 suut
1971 3085 2172 3118 conditiones
2186 3085 2307 3117 ieiunii.
2333 3087 2374 3118 Et
2392 3087 2468 3129 quia

1395 3130 1498 3170 prima
1521 3129 1640 3160 solutio
1665 3129 1775 3161 ieiunii
1798 3130 1872 3162 facit
1895 3130 1951 3162 has
1974 3130 2174 3162 conditiones
2197 3141 2264 3162 non
2289 3141 2383 3172 posse
2407 3141 2466 3172 pro

1366 3194 1367 3226 ἢ
1393 3175 1450 3206 illo
1474 3174 1525 3206 die
1548 3174 1679 3205 induere
1703 3174 1921 3206 conditionem
1943 3174 2064 3211 ieiunii,
2088 3174 2162 3206 ideo
2182 3185 2248 3206 non
2263 3176 2381 3208 cadunt
2400 3187 2467 3211 am-

1366 3250 1367 3263 }
1395 3219 1479 3260 plius
1503 3219 1562 3249 sub
1587 3226 1755 3260 praecepto
1779 3218 1897 3251 ieiunii.
1928 3218 2004 3250 Non
2028 3218 2072 3250 sic
2095 3226 2203 3251 autem
2228 3230 2294 3251 esse
2318 3228 2404 3261 patet
2428 3221 2467 3252 de

1395 3263 1563 3304 negatione
1587 3273 1659 3295 esus
1674 3263 1817 3294 carnium
1841 3270 1872 3295 et
1894 3262 2147 3304 prohibitorum:
2172 3265 2247 3306 quia
2264 3265 2418 3302 absolute,
2436 3273 2468 3297 et

1394 3352 1558 3394 temporis.
1591 3351 1684 3383 Unde
1707 3358 1738 3382 et
1761 3351 1872 3382 diebus
1907 3351 2077 3383 dominicis
2100 3353 2360 3394 quadragesimae
2382 3354 2467 3395 viget

1365 3421 1366 3428 ,
1394 3403 1600 3438 praeceptum
1623 3396 1713 3427 illud.

1448 3441 1490 3472 Et
1513 3451 1568 3481 per
1592 3440 1668 3470 haec
1691 3447 1777 3480 patet
1800 3440 1982 3471 communis
2006 3441 2170 3481 opinionis
2194 3442 2307 3475 veritas
2323 3450 2354 3475 et
2372 3442 2464 3476 ratio.

1188 3569 1880 3607 —W-—ss-c*
1893 3589 2005 3592 css—.—

1363 3603 1370 3610 ι

2497 1460 2526 1483 31.

2497 1487 2576 1510 [adn.

2594 1159 2610 1189 Ν

2593 1433 2712 1487 vmuffl
