2768 4198
65 1479 74 1488 ⁸
87 1478 143 1505 Sap.
164 1483 214 1505 cap.
234 1483 277 1504 ιιι,

64 1511 121 1526 vers.
138 1504 168 1526 ¹8.

63 1745 72 1754 ⁸
87 1743 136 1765 Lib.
153 1744 171 1769 Ι,
187 1749 236 1770 cap.
254 1749 277 1764 tx

63 1776 114 1798 sqq.

64 1908 72 1917 '¹
87 1907 122 1928 De
134 1907 186 1928 Diu.
197 1907 274 1933 Nom„

63 1940 112 1961 cap.
129 1940 158 1955 ιν.
169 1944 180 1948 -
190 1934 214 1955 S.
229 1933 273 1955 Th.

63 1962 113 1982 lect.
129 1966 184 1982 xxn.

316 310 392 356 284

950 304 1217 353 QUAESTIO
1248 303 1420 349 CLVIII,
1450 302 1749 340 ARTICULUS
1777 302 1864 339 VIII

313 389 411 430 quod,
437 398 495 429 pro
519 393 639 428 quanto
664 387 848 417 huiusmodi
873 383 1083 424 magnificatio
1106 382 1238 412 iniuriae
1262 382 1294 411 in
1311 391 1379 421 per·
1405 379 1407 416 1
1433 382 1637 421 ponderatur,
1662 380 1819 420 praecedit
1841 380 1929 412 iram.
1954 382 1996 412 Et
2018 382 2089 413 vide
2114 383 2153 414 de
2175 383 2240 420 his,
2264 383 2289 413 si
2313 384 2377 420 vis,
2402 391 2458 415 art.
2487 385 2502 414 5

314 443 445 469 sonam,
470 442 551 473 quae
575 431 699 471 respicit
730 440 898 471 personam
923 437 1004 468 quae
1033 426 1178 462 offendit,
1203 425 1378 465 indignatio

313 477 524 513 constituitur,
540 475 673 516 respicit,
692 475 772 510 dico,
791 480 821 503 et
836 472 943 513 quoad
962 478 1084 511 partem
1104 470 1377 510 apprehensivam‚
1405 474 1407 512 ᾗ

1404 517 1407 557 ζ
1431 513 1545 543 harum
1562 513 1753 553 dignitatum
1767 515 1945 545 secundum
1961 525 2003 546 se.
2028 516 2184 546 Nostrum
2199 523 2245 547 est
2261 516 2348 547 enim
2363 527 2401 547 ex
2417 524 2504 557 parte

312 573 343 596 et
366 566 473 606 quoad
496 571 618 604 partem
646 562 865 602 appetitivam,
891 559 1070 599 appetendo
1095 558 1140 588 illi
1168 564 1203 588 ut
1226 557 1290 588 tali.
1322 558 1379 588 Est
1404 559 1406 592 ξ

313 521 508 552 aestimando
532 529 701 560 personam
724 518 885 556 indignam
905 523 940 546 ut
963 514 1128 545 offenderit
1151 524 1202 543 me
1224 514 1277 549 sic,
1301 521 1376 549 etc.;

1405 418 1407 459 l
1433 435 1488 465 qu.
1513 435 1556 455 x1r
1580 425 1620 455 de
1643 426 1745 456 Malo.

1488 471 1726 508 Argumentum
1749 477 1857 500 autem
1880 470 1914 500 in
1944 471 2133 511 oppositum
2163 472 2307 512 procedit
2331 473 2369 502 de
2393 473 2504 504 ordine

1431 557 1500 587 irati
1525 557 1724 589 considerare
1746 558 1833 590 haec.
1858 576 1879 582 -
1903 559 2059 597 Quamvis
2093 560 2154 590 dici
2177 561 2278 601 possit
2305 562 2394 601 quod
2424 561 2503 591 indi-

312 617 417 640 autem
450 607 634 639 huiusmodi
664 605 838 645 indignatio
870 610 900 634 et
929 603 1037 643 quoad
1067 602 1313 641 cogitationem,
1348 608 1378 632 et
1404 594 1405 625 l
1431 601 1533 641 gnitas
1549 612 1704 642 personae
1720 604 1760 633 ad
1775 603 1993 634 iniuriandum
2009 605 2206 636 considerata
2220 605 2253 635 in
2271 605 2416 641 confuso,
2434 616 2503 646 spe-

312 654 418 694 quoad
447 652 641 692 appetitum,
666 649 729 679 filia
752 649 830 678 irae:
858 647 932 688 quia
961 648 999 677 ad
1023 646 1120 676 finem
1148 646 1304 676 vindictae
1328 655 1377 676 or-
1403 670 1405 677 ,

311 698 436 728 dinatur
467 694 650 726 huiusmodi
683 692 859 723 aestimatio
890 698 921 722 et
951 691 1121 731 appetitus.
1155 691 1216 721 Sed
1247 697 1378 730 apparet

310 742 397 783 quod
422 740 584 780 praecedat
608 738 704 768 iram:
730 736 803 777 quia
819 746 912 766 causa
929 745 995 771 sua,
1014 735 1075 765 hoc
1099 742 1146 766 est
1160 734 1275 764 iniuria
1293 744 1375 775 quae
1402 752 1405 762 i

1431 652 1493 677 ctat
1509 646 1548 676 ad
1573 657 1711 684 causam,
1729 657 1795 678 non
1811 647 1911 678 filiam
1926 648 2007 679 irae:
2032 649 2087 679 sed
2103 650 2216 680 eadem
2231 649 2400 689 indignitas
2417 659 2503 690 post-

1431 691 1568 721 modum
1583 691 1727 723 distincte
1744 693 1950 729 considerata,
1964 700 2084 733 spectat
2100 694 2140 724 ad
2156 694 2408 734 indignationem
2421 705 2503 736 quae

1431 742 1478 766 est
1499 735 1565 766 filia
1588 736 1662 773 irae,
1687 737 1788 767 modo
1812 737 1907 768 dicto.

1086 889 1407 932 ARTICULUS
1438 890 1714 933 OCTAVUS

434 975 589 1019 UTRUM
613 986 680 1017 SIT
703 985 901 1023 ALIQUOD
926 985 1082 1016 VITIUM
1106 985 1354 1016 OPPOSITUM
1380 984 1658 1022 1RACUND1AE,
1682 984 1953 1017 PROVENIENS
1977 986 2034 1016 Ex
2058 986 2263 1018 DEFECTU
2286 987 2386 1020 IRAE

996 1065 1038 1089 De
1055 1063 1140 1094 Malo,
1160 1071 1203 1096 qu.
1223 1071 1267 1094 xn,
1287 1069 1333 1090 art.
1355 1063 1379 1096 5,
1398 1064 1430 1089 ad
1452 1063 1481 1094 3;
1501 1064 1535 1088 IV
1556 1063 1655 1094 Ethic.,
1676 1064 1733 1090 lect.
1752 1071 1806 1090 ¹111.

425 1168 493 1210 pt«
516 1160 539 1186 D
561 1159 736 1185 oc’rAvum
757 1159 810 1184 stc
831 1158 1073 1184 nocam-run.
1090 1146 1251 1183 Videtur
1269 1146 1375 1195 quod

334 1190 596 1261 &¹21⁴
625 1201 672 1238 sit
700 1201 856 1250 aliquod
883 1200 1020 1237 vitium
1055 1200 1276 1249 oppositum
1305 1199 1376 1236 ira-

325 1258 370 1303 ty,
420 1272 441 1310 «¹-
460 1260 485 1295 „¹

362 1322 373 1335 κ
396 1308 452 1334 ’ἶν’
476 1299 567 1346 hil
597 1309 701 1346 enirn
731 1316 786 1346 est
813 1307 996 1346 vitiosum
1020 1320 1090 1356 per
1118 1308 1225 1355 quod
1253 1308 1374 1344 homo

304 1365 389 1400 Deo
419 1363 613 1400 similatur.
645 1362 723 1400 Sed
742 1374 812 1411 per
840 1362 915 1398 hoc
935 1361 1041 1411 quod
1070 1362 1191 1398 homo
1217 1361 1375 1398 omnino
1402 1397 1404 1419 ἰ

305 1425 360 1454 est
388 1417 467 1454 sine
496 1417 562 1464 ira,
583 1416 768 1453 similatur
787 1417 886 1463 Deo,
908 1415 973 1464 qui
993 1427 1079 1452 cum
1109 1415 1378 1463 tranquillitate

303 1471 444 1507 iudicat
464 1470 495 1507 *.
534 1471 637 1518 Ergo
675 1482 754 1507 non
782 1470 935 1507 videtur
970 1470 1075 1518 quod
1114 1468 1159 1505 sit
1194 1468 1374 1505 vitiosum
1402 1493 1404 1504 .

304 1524 464 1562 omnino
493 1524 548 1560 ira
577 1536 718 1560 carere.

359 1590 394 1614 2.
415 1579 650 1625 PRAETEREA,
673 1577 844 1614 defectus
874 1576 955 1613 eius
983 1575 1088 1625 quod
1122 1575 1170 1612 ad
1199 1574 1291 1612 nihil
1321 1581 1377 1611 est

304 1631 403 1679 utile,
425 1643 504 1668 non
535 1639 590 1668 est
617 1631 788 1668 vitiosus.
825 1630 903 1667 Sed
931 1637 1060 1667 motus
1095 1629 1172 1666 irae
1202 1628 1252 1665 ad
1284 1628 1375 1665 nihil

305 1693 360 1721 est
387 1685 504 1722 utilis:
534 1693 575 1722 ut
603 1685 740 1734 probat
770 1685 917 1721 Seneca
945 1683 983 1720 in
1012 1683 1108 1720 libro
1143 1694 1259 1731 quem
1289 1681 1376 1718 fecit

302 1738 348 1775 de
375 1739 443 1775 Ira
461 1738 492 1775 ³¹³.
523 1739 625 1786 Ergo
665 1738 815 1775 videtur
850 1737 956 1785 quod
986 1736 1156 1773 defectus
1184 1735 1260 1772 irae
1294 1747 1372 1772 non

303 1799 349 1829 stt
375 1800 549 1829 vinosus.

358 1846 392 1882 3.
415 1846 649 1891 PRAETEREA,
670 1845 815 1880 malum
835 1842 1014 1890 hominis,
1036 1842 1251 1879 secundum
1281 1841 1373 1878 Dio-
1399 1864 1401 1891 3

303 1899 455 1947 nysium
476 1898 507 1946 ²¹⁸,
531 1906 584 1935 est
606 1903 763 1946 praeter
782 1898 966 1934 rationem
996 1908 1084 1933 esse.
1116 1895 1206 1942 Sed,
1227 1895 1373 1932 subtra-
1399 1917 1400 1931 ÷

303 1959 362 1988 cto
392 1952 497 1989 omni
516 1958 624 1988 motu
652 1951 741 1999 irae,
763 1951 889 1988 adhuc
909 1957 1080 1987 remanet
1109 1949 1297 1997 integrum
1318 1948 1373 1985 iu-

302 2005 443 2042 dicium
472 2005 639 2042 rationis.
670 2006 773 2053 Ergo
793 2005 919 2042 nullus
941 2004 1109 2041 defectus
1138 2003 1216 2040 irae
1235 2002 1371 2040 vitium

302 2067 441 2096 causat.

357 2114 430 2150 SED
460 2123 607 2149 CONTRA
631 2123 697 2148 EST
725 2111 832 2161 quod
860 2111 1162 2159 Chrysostomus
1191 2109 1291 2156 dicit,
1311 2121 1371 2146 su-

62 2174 274 2206 ‘Ov-Impevf·f'n
295 2178 368 2215 per
395 2166 532 2203 Matth.
561 2165 600 2202 *z
642 2165 716 2207 Qui
751 2177 837 2202 cum
876 2176 991 2202 causa
1030 2176 1104 2201 non
1131 2168 1148 2184 '²
1177 2163 1371 2208 irascitur,

62 2201 146 2223 Matth.
153 2218 160 2227 ,
193 2202 274 2224 homil.

62 2228 196 2250 xl--lnter
211 2229 274 2256 opp.
297 2225 441 2268 peccat.
470 2219 655 2256 Patientia
679 2219 779 2255 enim
800 2217 1071 2255 irrationabilis
1089 2217 1180 2254 vitia
1199 2217 1371 2262 seminat,

63 2255 144 2282 Chrys.

160 2290 177 2307 α

66 3134 75 3143 ”
94 3134 143 3154 Art.
166 3139 181 3160 1,
203 3132 274 3155 Com-

66 3163 136 3181 ment.
147 3170 157 3174 -
174 3159 209 3181 Cf.
226 3160 274 3181 loca

66 3186 97 3207 ibi
113 3186 188 3207 citata.

303 2273 575 2323 negligentiam
595 2273 722 2318 nutrit,
739 2277 774 2308 et
792 2284 866 2309 non
885 2272 1008 2309 solum
1028 2270 1160 2316 malos,
1176 2270 1242 2307 sed
1259 2270 1371 2307 etiam

303 2328 419 2364 honos
447 2326 580 2363 invitat
605 2326 657 2362 ad
682 2325 838 2362 malum.

357 2381 583 2417 RESPONDEO
603 2390 790 2416 DlCENDUM
818 2377 925 2426 quod
954 2377 1010 2414 ira
1032 2376 1229 2425 dupliciter
1248 2383 1374 2425 potest

302 2433 466 2482 intelligi.
486 2433 574 2470 Uno
595 2432 727 2479 modo,
745 2432 906 2480 simplex
925 2438 1054 2467 motus
1068 2430 1273 2467 voluntatis
1293 2442 1371 2478 quo

303 2486 437 2535 aliquis
467 2499 545 2523 non
575 2498 619 2522 ex
647 2485 848 2535 passione,
877 2484 944 2522 sed
975 2496 1019 2521 ex
1046 2483 1187 2520 iudicio
1218 2483 1372 2520 rationis

302 2553 468 2589 poenam
498 2539 640 2587 infligit.
673 2540 721 2576 Et
750 2539 802 2576 sic
832 2538 1001 2575 defectus
1020 2537 1098 2574 irae
1127 2538 1274 2584 absque
1304 2537 1372 2574 du—

302 2593 366 2630 bio
398 2601 453 2630 est
480 2601 693 2642 peccatum.
725 2593 774 2629 Et
800 2593 875 2628 hoc
901 2591 1021 2629 modo
1050 2591 1105 2628 ira
1133 2590 1314 2640 accipitur
1333 2590 1371 2627 in

301 2646 425 2684 verbis
455 2646 734 2695 Chrysostomi,
764 2645 829 2694 qui
859 2645 947 2682 dicit
973 2644 1135 2682 ibidem:
1165 2644 1372 2681 Iracundia

301 2712 398 2749 quae
426 2712 511 2737 cum
541 2711 656 2737 causa
685 2705 757 2746 est,
787 2712 862 2736 non
898 2704 953 2736 est
979 2698 1196 2744 iracundia,
1225 2698 1291 2735 sed
1317 2698 1372 2735 iu-

301 2754 451 2791 dicium.
482 2753 688 2791 Iracundia
715 2753 815 2790 enim
838 2752 997 2801 proprie
1025 2751 1245 2802 intelligitur
1270 2763 1370 2789 com-

301 2807 415 2844 motio
439 2807 649 2856 passionis:
679 2806 744 2855 qui
771 2812 896 2844 autem
926 2818 1012 2843 cum
1037 2817 1154 2843 causa
1183 2806 1370 2851 irascitur,

355 2938 382 2971 α)
402 2946 484 2964 causa
507 2946 599 2964 nom·
617 2938 757 2964 causativo
782 2938 908 2970 BFHpA,
928 2938 994 2963 vitio
1020 2946 1072 2963 non
1097 2937 1133 2969 1),
1153 2943 1219 2971 spat.
1244 2945 1300 2964 vac.
1324 2938 1372 2971 pE.

517 1255 692 1303 cundiae,
709 1254 942 1304 proveniens
963 1267 1007 1291 ex
1028 1254 1177 1291 defectu
1198 1253 1287 1291 irae.
1309 1253 1375 1290 Ni·
1402 1254 1404 1275 ³

1402 1146 1404 1156 '
1430 1145 1489 1182 ira
1518 1145 1616 1182 illius
1645 1158 1720 1183 non
1750 1152 1804 1183 est
1830 1158 1881 1183 ex
1903 1147 2092 1196 passione.
2127 1148 2220 1185 Ideo
2253 1148 2422 1185 iudicare
2449 1149 2502 1186 di—

1430 1200 1539 1245 citur,
1560 1211 1635 1236 non
1665 1200 1789 1237 irasci.

1482 1252 1569 1289 Alio
1599 1253 1720 1290 modo
1755 1253 1940 1302 accipitur
1976 1253 2031 1290 ira
2060 1266 2130 1302 pro
2166 1261 2276 1291 motu
2313 1255 2502 1303 appetitus

1431 1306 1612 1354 sensitivi,
1633 1307 1699 1355 qui
1729 1315 1784 1344 est
1808 1319 1895 1344 curn
1921 1307 2101 1356 passione
2122 1314 2158 1344 et
2185 1308 2502 1347 transmutatione

1431 1360 1632 1409 corporali.
1670 1361 1719 1397 Et
1746 1360 1808 1397 hic
1841 1361 1999 1409 quidem
2036 1368 2166 1398 motus
2199 1373 2246 1398 ex
2279 1362 2502 1399 necessitate

1431 1414 1678 1462 consequitur
1697 1414 1735 1451 in
1763 1414 1922 1451 homine
1951 1415 2000 1452 ad
2020 1414 2234 1464 simplicem
2262 1422 2414 1453 motum
2433 1427 2503 1453 vo-

1430 1467 1600 1505 luntatis:
1631 1467 1721 1517 quia
1741 1468 1960 1520 naturaliter
1988 1469 2176 1517 appetitus
2196 1468 2351 1506 inferior
2379 1469 2503 1519 sequi-

1430 1529 1490 1558 tur
1509 1529 1660 1558 motum
1680 1521 1869 1570 appetitus
1889 1522 2107 1571 superioris,
2129 1522 2200 1560 nisi
2220 1522 2362 1571 aliquid
2391 1535 2502 1572 repu-

1429 1583 1530 1623 gnet.
1562 1576 1611 1612 Et
1637 1575 1726 1612 ideo
1747 1587 1826 1612 non
1854 1583 1979 1624 potest
1997 1575 2160 1613 totaliter
2188 1576 2354 1613 deficere
2373 1584 2502 1615 motus

1401 1626 1403 1673 j
1429 1629 1507 1666 irae
1527 1629 1565 1665 in
1594 1629 1762 1677 appetitu
1791 1629 1986 1677 sensitivo,
2007 1629 2078 1666 nisi
2105 1641 2175 1678 per
2202 1630 2501 1668 subtractionem

1429 1683 1490 1719 vel
1511 1682 1744 1719 debilitatem
1764 1683 1967 1720 voluntarii
1989 1690 2128 1720 motus.
2159 1683 2208 1720 Et
2229 1683 2316 1720 ideo
2347 1695 2392 1720 ex
2413 1696 2502 1722 con-

1430 1736 1604 1784 sequenti
1642 1736 1758 1773 etiam
1796 1736 1965 1774 defectus
2002 1736 2190 1786 passionis
2228 1737 2305 1774 irae
2341 1737 2502 1776 vitiosus

1430 1797 1505 1826 est:
1535 1789 1632 1826 sicut
1652 1797 1688 1826 et
1707 1789 1877 1826 defectus
1900 1789 2106 1827 voluntarii
2125 1798 2254 1828 motus
2273 1791 2320 1828 ad
2340 1790 2502 1840 punien-

1429 1843 1521 1879 dum
1551 1842 1765 1879 secundum
1795 1842 1979 1880 iudicium
2008 1843 2173 1881 rationis.

1481 1898 1541 1932 An
1566 1907 1703 1933 PRIMUM
1724 1907 1823 1932 ERGO
1843 1908 2030 1934 malannum
2050 1897 2155 1945 quod
2175 1896 2236 1933 ille
2256 1897 2321 1945 qui
2339 1897 2502 1935 totaliter

1428 1961 1507 1986 non
1537 1948 1708 1986 irascitur
1737 1961 1825 1986 cum
1857 1949 1971 1986 debet
1999 1949 2120 1996 irasci,
2151 1949 2319 1988 imitatur
2347 1950 2502 2000 quidem

1427 2004 1556 2040 Deum
1599 2009 1787 2052 quantum
1830 2003 1878 2040 ad
1922 2002 2129 2040 carentiam
2171 2003 2379 2052 passionis:
2422 2016 2502 2043 non

1427 2065 1556 2094 autern
1593 2063 1780 2106 quantum
1818 2056 1866 2094 ad
1895 2057 1970 2094 hoc
2004 2057 2111 2106 quod
2139 2057 2246 2094 Deus
2283 2069 2329 2095 ex
2361 2057 2501 2096 iudicio

1426 2110 1547 2159 punit.

1481 2166 1540 2201 An
1569 2174 1762 2201 SECUNDUM
1791 2174 1977 2200 morannum
2006 2164 2111 2212 quod
2139 2163 2268 2212 passio
2297 2163 2374 2201 irae
2401 2163 2502 2202 utilis

1428 2225 1494 2265 est,
1516 2217 1612 2254 sicut
1641 2224 1677 2253 et
1697 2228 1833 2253 omnes
1862 2216 1933 2266 alii⁴
1952 2224 2080 2254 motus
2100 2217 2290 2267 appetitus
2318 2217 2499 2266 sensitivi,

1427 2271 1476 2308 ad
1494 2271 1569 2307 hoc
1598 2270 1703 2319 quod
1722 2270 1843 2307 homo
1871 2269 2089 2320 promptius
2109 2278 2318 2320 exequatur
2336 2271 2375 2309 id
2394 2271 2500 2322 quod

1427 2323 1521 2360 ratio
1543 2323 1669 2360 dictat.
1699 2323 1895 2372 Alioquin,
1915 2323 2052 2361 frustra
2072 2332 2171 2362 esset
2196 2324 2235 2361 in
2254 2324 2412 2362 homine
2433 2337 2499 2375 ap-

1427 2377 1565 2426 petitus
1585 2377 1811 2414 sensitivus:
1842 2388 1930 2413 curn
1950 2384 2082 2414 tamen
2111 2383 2249 2414 natura
2269 2378 2361 2415 nihil
2372 2379 2503 2426 faciat

1422 2431 1570 2477 frustra
1589 2429 1620 2466 ²⁸.

1480 2486 1539 2521 AD
1558 2494 1719 2520 ‘rt-:mum
1747 2494 1932 2520 mcENDuM
1953 2483 2058 2532 quod
2087 2483 2125 2520 in
2154 2495 2201 2521 eo
2230 2483 2296 2533 qui
2325 2483 2498 2522 ordinate

1427 2537 1512 2586 agit,
1533 2537 1717 2574 iudicium
1746 2536 1901 2574 rationis
1930 2549 2009 2574 non
2033 2537 2159 2574 solum
2190 2544 2246 2574 est
2274 2549 2388 2574 causa
2408 2537 2498 2575 sim-

1426 2591 1533 2640 plicis
1567 2598 1694 2628 motus
1723 2590 1946 2638 voluntatis,
1976 2589 2044 2628 sed
2073 2589 2188 2627 etiam
2217 2590 2404 2640 passionis
2433 2602 2499 2641 ap-

1426 2644 1564 2694 petitus
1593 2643 1780 2691 sensitivi,
1809 2651 1851 2681 ut
1880 2643 2026 2681 dictum
2056 2651 2111 2681 est
2128 2643 2160 2681 *.
2190 2644 2239 2681 Et
2266 2643 2376 2692 ideo,
2403 2643 2498 2682 sicut

1427 2698 1588 2735 remotio
1624 2697 1781 2735 effectus
1811 2705 1866 2735 est
1894 2697 2045 2746 signum
2079 2697 2303 2735 remotionis
2336 2709 2495 2745 causae,

1425 2751 1476 2789 ita
1505 2751 1619 2788 etiam
1641 2751 1803 2804 remotio
1832 2751 1910 2789 irae
1936 2758 1991 2788 est
2019 2751 2168 2800 signum
2199 2750 2422 2789 remotionis
2442 2751 2496 2788 iu-

1426 2804 1511 2843 dicii
1540 2805 1705 2842 rationis.

980 3017 1316 3050 Commentarius
1338 3016 1592 3050 Oardinalis
1614 3016 1820 3050 Caietam

305 3109 351 3170 IN
375 3099 507 3129 articulo
540 3105 654 3129 octavo
688 3097 830 3128 eiusdem
858 3097 1053 3138 quaestionis
1083 3096 1367 3138 centesimaequin-

1422 3096 1495 3128 licet
1518 3097 1607 3138 quod
1631 3097 1740 3138 quoad
1759 3096 1979 3127 executionem
1996 3094 2182 3137 punitionis,
2199 3105 2266 3126 non
2285 3095 2379 3127 debet
2394 3096 2495 3127 homo
2523 3119 2532 3128 .

2527 2436 2537 2447 ⁶
2569 2435 2667 2459 Ari-tot.
2703 2435 2741 2458 De

2527 2462 2610 2490 Caelo,
2615 2463 2656 2485 lib.
2688 2468 2739 2512 ςκ-

2525 2495 2556 2516 rv,
2571 2495 2594 2511 u.
2605 2489 2627 2512 8.
2637 2500 2649 2506 ·
2679 2506 2684 2510 .

2526 2516 2578 2538 leot.
2593 2521 2639 2538 vm.

2525 2657 2575 2680 ’ln
2589 2662 2695 2686 corpote.

2657 3117 2734 3144 ku,

333 3143 682 3183 quagesimaeoctavae‚
707 3142 786 3172 nihil
810 3142 848 3172 ad
873 3141 1075 3172 scribendum
1099 3141 1236 3172 occurrit
1259 3147 1369 3172 contra
1424 3151 1490 3172 esse
1506 3141 1588 3172 sicut
1608 3141 1657 3172 lex
1673 3148 1818 3178 mortua;
1844 3141 1899 3172 sed
1917 3141 2039 3172 iustitia
2054 3140 2200 3171 animata
2213 3139 2241 3177 ¹⁸⁸,
2258 3146 2350 3171 utens
2369 3140 2495 3181 organis
2520 3143 2562 3194 ffb·
2609 3161 2616 3174 .
2630 3149 2681 3175 etp·
2702 3149 2734 3166 n.

303 3187 453 3218 Senecam
477 3195 506 3218 et
520 3187 677 3223 Tullium,
698 3186 756 3218 nisi
780 3186 929 3227 replicare
953 3185 1096 3227 superius
1111 3186 1129 3205 '⁸¹
1152 3186 1286 3217 dictum:
1311 3185 1368 3217 sci-

1422 3185 1603 3217 iuvantibus
1627 3195 1644 3216 a
1668 3192 1781 3217 natura
1803 3185 1843 3216 ad
1865 3185 1928 3216 hoc
1951 3184 2046 3222 datis,
2070 3191 2107 3216 ut
2129 3191 2176 3216 est
2197 3184 2252 3216 ira.

2568 3169 2725 3200 7-s.n

2520 3188 2573 3221 ιοά.
2583 3187 2619 3222 ἠ
2643 3200 2645 3202 ·
