2768 4198
265 251 338 287 530

851 247 1119 294 QUAESTIO
1149 247 1434 293 CLXXXVIII,
1463 247 1764 284 ARTICULUS
1793 247 1861 284 VII

1046 390 1368 433 ARTICULUS
1398 391 1669 435 SEPTIMUS

493 487 648 517 UTRUM
673 485 845 516 HABERE
871 485 1050 521 AL1QU1D
1076 485 1118 514 IN
1143 484 1349 515 COMMUNI
1374 485 1591 516 DIMINUAT
1616 486 1955 518 PERFECTIONEM
1979 487 2225 519 REL1G10N1s

754 563 784 587 111
807 563 882 588 Cont.
905 563 992 592 Gent„
1012 570 1067 594 cap.
1086 569 1181 593 cxxxv;
1204 563 1280 588 Cont.
1300 563 1449 588 retrahent.
1469 563 1503 587 ab
1523 563 1635 596 ingress.
1656 563 1752 597 Retig„
1773 572 1829 597 cap.
1848 572 1888 595 xv,
1907 573 1959 590 xvx.

383 669 432 685 s
469 658 490 682 D
510 656 691 681 SEPT1MUM
711 656 764 680 εις
781 655 1024 680 PROOEDrrUR.
1046 643 1207 680 Videtur
1223 643 1327 691 quod

306 690 315 697 ⁸
324 689 439 819 49ξῖ
467 699 609 735 habere
647 698 790 746 aliquid
829 698 867 734 in
902 697 1100 757 communi
1139 697 1329 734 diminuat

252 870 341 903 esse,
371 858 468 894 vade
495 864 531 895 et
547 859 668 895 vende
686 859 815 895 omnia
836 871 934 907 quae
922 818 1068 896 ’habes
1095 865 1133 895 et
1157 859 1206 896 da
1229 871 1327 907 pau-

245 912 419 960 perihus:
449 924 494 948 ex
519 924 596 960 quo
626 920 729 960 patet
758 913 863 961 quod
894 925 1024 949 carere
1044 913 1250 950 mundanis
1272 912 1326 950 di-

250 965 349 1001 vitiis
377 965 565 1013 pertineat
586 966 634 1002 ad
658 966 934 1015 perfectionem
953 966 1054 1003 vitae
1075 966 1325 1004 Christianae.

251 1019 328 1055 Sed
356 1018 405 1055 illi
436 1019 499 1067 qui
529 1020 672 1056 habent
700 1019 842 1068 aliquid
862 1020 899 1056 in
922 1021 1133 1066 communi,
1164 1033 1242 1057 non
1265 1033 1325 1057 ca-

249 1080 332 1109 rent
351 1073 557 1110 mundanis
578 1073 729 1110 divitiis.
753 1074 856 1121 Ergo
876 1073 1028 1111 videtur
1048 1076 1152 1123 quod
1173 1087 1252 1111 non
1273 1082 1325 1111 at-

249 1126 393 1173 tingant
409 1126 570 1163 omnino
591 1128 639 1164 ad
662 1127 937 1176 perfectionem
955 1128 1194 1165 Christianae
1209 1129 1324 1166 vitae.

303 1192 338 1217 2.
379 1181 623 1227 PRAETEREA,
667 1181 716 1218 ad
759 1182 1036 1230 perfectionem
1075 1182 1324 1219 consiliorum

248 1234 413 1282 pertinet
449 1242 490 1271 ut
518 1235 639 1272 homo
669 1235 867 1272 mundana
897 1236 1148 1272 sollicitudine
1179 1244 1324 1273 careat·

248 1288 350 1324 unde
371 1295 407 1324 et
426 1289 648 1336 Apostolus,
671 1290 683 1325 Ι
704 1289 757 1326 ad
778 1290 866 1326 Cor.
877 1301 927 1326 vu
941 1289 972 1336 ²¹⁸,
1003 1290 1099 1327 dans
1119 1290 1322 1327 consilium

248 1341 295 1378 de
325 1341 559 1390 virginitate,
591 1342 698 1380 dicit:
736 1343 828 1380 Volo
861 1355 929 1380 vos
963 1344 1046 1381 sine
1076 1344 1326 1382 sollicitudine

247 1407 335 1432 esse.
368 1396 445 1433 Sed
473 1396 523 1433 ad
552 1396 847 1434 sollicitudinem
877 1397 1087 1445 praesentis
1108 1397 1209 1435 vitae
1238 1410 1324 1447 per-

247 1449 338 1486 tinet
371 1450 478 1497 quod
507 1449 623 1499 aliqui
658 1458 855 1487 reservent
883 1450 954 1487 sibi
982 1451 1125 1500 aliquid
1159 1451 1198 1488 in
1226 1452 1325 1489 futu-

248 1515 352 1540 rum:
384 1515 502 1552 quarn
532 1504 688 1551 quidem
720 1504 1016 1542 sollicitudinem
1046 1505 1240 1543 Dominus
1269 1506 1323 1543 di-

247 1556 401 1605 scipulis
429 1557 620 1606 prohibet,
647 1558 782 1595 Matth.
804 1570 839 1595 v¹
859 1557 889 1604 *,
913 1557 1064 1595 dicens:
1093 1559 1224 1596 Nolite
1249 1561 1323 1598 sol-

8 1294 17 1305 ·
31 1293 99 1315 Vera.
113 1299 146 1322 3²·

6 1565 17 1575 ⁸
30 1564 98 1586 Vere.
113 1570 150 1593 34.

246 1611 338 1647 liciti
355 1623 434 1647 esse
452 1611 489 1647 in
510 1612 730 1648 crastinum.
757 1612 860 1659 Ergo
879 1612 1034 1649 videtur
1052 1614 1159 1660 quod
1178 1613 1323 1651 habere
1349 1660 1351 1668 .

247 1664 388 1712 aliquid
409 1665 447 1701 in
469 1665 668 1702 communi
698 1665 886 1702 diminuat
913 1666 1190 1714 perfectionem
1213 1667 1322 1704 Chri-

246 1726 390 1755 stianae
418 1725 530 1754 Vitae.

302 1774 335 1808 3.
354 1773 590 1817 PRAETEREA,
609 1770 763 1807 divitiae
780 1783 1009 1808 communes
1025 1773 1322 1820 quodammodo

245 1825 434 1874 pertinent
462 1825 510 1862 ad
540 1824 709 1872 singulos
743 1825 808 1873 qui
837 1833 926 1862 sunt
953 1825 991 1862 in
1021 1827 1321 1864 communitate:

4 1916 47 1938 E
99 1890 172 1943 “LX
187 1916 217 1937 Ι
245 1879 347 1916 unde
369 1879 644 1926 Hieronymus,
665 1879 718 1915 ad
733 1878 989 1916 Heliodorum
1009 1880 1239 1928 Episcopum
1257 1886 1275 1902 ²
1289 1880 1320 1928 ³¹²,

2 1943 43 1965 111
49 1915 96 1944 ΡΗ
246 1933 334 1970 dicit
363 1933 410 1970 de
430 1932 685 1982 quibusdam:
715 1933 812 1969 Sunt
828 1933 980 1969 ditiores
999 1935 1180 1971 monachi
1205 1946 1321 1983 quam

232 1988 398 2036 fuerant
432 1986 670 2030 saeculares;
702 1987 897 2034 possident
932 1998 1020 2036 opes
1060 1988 1131 2024 sub
1173 1989 1321 2026 Christo

238 2052 423 2089 paupere,
452 2052 547 2088 quas
574 2041 644 2077 sub
671 2039 855 2088 locuplete
882 2040 1033 2078 diabolo
1073 2053 1148 2078 non
1180 2043 1322 2080 hahue-

245 2100 358 2139 rant,·
398 2094 565 2142 suspirat
598 2105 661 2130 eos
697 2093 868 2131 Ecclesia
897 2094 1045 2141 divites,
1075 2107 1169 2143 quos
1206 2097 1325 2134 tenuit

244 2148 408 2185 mundus
430 2153 518 2184 ante
537 2147 739 2184 mendicos.
772 2148 849 2184 Sed
880 2148 987 2195 quod
1016 2148 1152 2198 aliquis
1181 2150 1322 2188 habeat

245 2202 396 2240 divitias
434 2202 609 2250 proprias
653 2201 811 2249 derogat
853 2201 1078 2250 perfectioni
1117 2203 1321 2252 religionis.

246 2257 347 2304 Ergo
387 2255 502 2292 etiarn
539 2254 763 2303 perfectioni
794 2254 986 2302 religionis
1020 2256 1179 2304 derogat
1216 2258 1323 2306 quod

245 2308 386 2358 aliquid
414 2308 451 2345 in
483 2308 683 2345 communi
711 2308 908 2345 habeatur.

299 2374 336 2410 4.
358 2362 595 2408 PRAETEREA,
617 2360 825 2409 Gregorius
846 2369 983 2408 narrat,
1002 2361 1042 2398 in
1058 2363 1106 2398 III
1123 2362 1310 2413 Dialogu*
1312 2393 1321 2411 ,

247 2415 294 2453 de
323 2415 496 2464 quodam
533 2414 771 2451 sanctissimo
801 2413 884 2451 viro
916 2415 1037 2462 Isaac,
1068 2415 1194 2464 quod,
1234 2428 1321 2454 cum

247 2470 282 2507 ei
308 2469 481 2517 discipuli
506 2467 698 2505 humiliter
735 2468 936 2505 innuerent
972 2474 1014 2505 ut
1032 2480 1108 2517 pro
1144 2481 1213 2506 usu
1242 2482 1323 2507 mo-

246 2523 403 2560 nasterii
422 2522 677 2570 possessiones
705 2532 803 2569 quae
830 2521 1092 2571 offerebantur
1117 2523 1320 2571 acciperet,

246 2569 317 2622 ille,
346 2575 525 2612 sollicitus
552 2587 645 2612 suae
662 2575 901 2624 paupertatis
928 2580 1051 2612 custos
1053 2576 1220 2624 ,sortem
1241 2589 1323 2615 sen-

247 2630 399 2667 tentiam
427 2630 585 2675 tenebat,
606 2629 754 2666 dicens:
786 2644 804 2662 «
823 2628 1044 2666 Monachus
1067 2629 1188 2678 quiin
1218 2635 1321 2669 terra

240 2683 493 2732 possessiones
521 2682 684 2731 quaerit,
716 2683 925 2719 monachus
953 2695 1028 2720 non
1058 2688 1113 2720 est
1134 2699 1168 2720 ι.

246 2737 460 2785 intelligitur
496 2736 544 2773 de
573 2735 848 2773 communibus
874 2736 1197 2784 possessionibus,
1222 2750 1321 2786 quae

246 2803 316 2840 pro
355 2789 552 2827 communi
594 2802 667 2826 usu
710 2789 933 2826 monasterii
975 2790 1007 2827 ei
1047 2790 1319 2829 offerebantur.

247 2846 349 2893 Ergo
379 2844 530 2880 videtur
562 2843 668 2892 quod
702 2843 844 2880 habere
873 2843 1017 2893 aliquid
1055 2844 1092 2881 in
1123 2845 1320 2883 communi

246 2899 352 2936 tollat
380 2896 656 2947 perfectionem
687 2896 888 2945 religionis.

303 2952 336 2989 5.
363 2952 597 2997 Pium-mm,
613 2950 819 2997 Dominus,
835 2949 1110 2999 perfectionem
1129 2950 1321 2999 religionis

247 3005 439 3054 discipulis
460 3004 627 3050 tradens,
658 3004 795 3041 Matth.
815 3015 839 3040 x
857 3002 889 3050 ²⁸,
920 3003 1026 3041 dicit.
1055 3004 1186 3041 Nolite
1201 3006 1320 3066 possi-

246 3059 335 3096 dere
361 3070 502 3096 aurum
531 3068 652 3106 neque
679 3062 897 3107 argentum,
918 3069 1040 3106 neque
1053 3059 1259 3106 pecuniam
1281 3059 1318 3096 in

248 3112 349 3161 zonis
375 3112 526 3157 vestris,
567 3122 642 3147 non
674 3122 812 3159 peram
842 3111 879 3147 in
908 3111 990 3148 via:
1028 3123 1098 3160 per
1126 3113 1249 3161 quod,
1279 3120 1322 3150 ut

7 3173 201 3223 Τυᾱιδιὶοω-
248 3165 506 3214 Hieronymus
531 3163 619 3201 dicit
637 3163 668 3211 *,
697 3164 830 3214 arguit
848 3163 1093 3214 philosophos
1111 3166 1178 3214 qui
1202 3165 1319 3216 vulgo

7 3203 71 3224 ’m‘
106 3235 121 3269 β
248 3218 485 3268 appellantur
520 3218 807 3266 Bactroperitae
835 3215 868 3254 βε
906 3218 1018 3266 quod,
1047 3225 1322 3268 contemptores

247 3273 390 3309 saeculi
422 3277 459 3309 et
491 3272 619 3308 omnia
643 3283 717 3320 pro
755 3270 870 3308 nihilo
899 3271 1093 3318 ducentes,
1123 3272 1320 3311 cellarium

248 3337 374 3362 secum
402 3326 550 3362 vehant.
582 3325 684 3373 Ergo
712 3324 866 3362 videtur
893 3325 999 3374 quod
1033 3338 1228 3363 reservare
1258 3327 1321 3364 ali-

6 3017 16 3027 ·
30 3015 97 3037 Ven.
112 3021 135 3043 9.
150 3020 181 3036 ιο.

305 3439 332 3472 α)
349 3439 387 3464 ad
400 3439 577 3465 Heliodorum
593 3440 764 3473 Episcopum.
775 3439 867 3466 -Om.
881 3440 915 3471 Ρ;
929 3445 991 3473 post
1003 3441 1163 3473 quibusdam
1177 3441 1215 3465 Pa
1225 3441 1325 3466 addunt

251 3475 564 3543 Iovffinssumperfme,
575 3524 594 3530 -
609 3511 797 3543 Bacchoperitt'
809 3511 861 3540 Pas
874 3518 922 3544 pro
935 3511 1014 3544 quod,
1029 3511 1107 3544 quasi
1118 3510 1237 3536 vemat<
1250 3516 1276 3536 et
1288 3518 1321 3540 a.-

251 3554 300 3579 pro
318 3546 424 3575 vehant,
443 3546 572 3571 vehebant
589 3546 607 3572 l.

1351 1145 1353 1148 -
1380 1136 1448 1174 est,
1469 1128 1654 1177 perfectio
1675 1141 1754 1165 non
1777 1129 1948 1166 consistit
1967 1129 2216 1167 essentialiter
2235 1130 2273 1167 in
2293 1143 2458 1181 pauper-

1203 2684 1321 2731 Quod
1347 2683 1349 2696 ⁸

1382 644 1488 692 quid,
1519 644 1601 681 sive
1630 646 1668 681 in
1688 645 1846 694 proprio
1867 646 1948 682 sive
1969 646 2007 684 in
2029 649 2240 697 communi,
2272 649 2461 688 diminuat

1381 698 1659 746 perfectionem
1690 698 1895 746 religionis.

1436 752 1511 788 Sat>
1531 763 1681 788 CONTRA
1700 763 1767 788 EST
1795 753 1903 800 quod
1932 753 2098 802 Prosper
2115 754 2136 776 *⁸
2165 755 2264 803 dicit,
2295 756 2331 794 in
2361 757 2458 794 libro
2487 766 2546 788 1¹1¹
2547 767 2703 789 unu-Pome-

1381 806 1427 842 de
1448 806 1530 842 Vita
1551 806 1759 854 Contempl
1775 805 1807 853 *,
1829 814 1866 842 et
1884 807 2047 844 habetur
2063 785 2331 857 X11,qu.1⁷:**
2361 812 2459 848 Satis
2486 799 2642 872 ·¹Llf‚.11‚..p„

1381 859 1589 896 ostenditur
1607 866 1643 896 et
1656 860 1817 908 propria
1837 860 1973 897 debere
1986 866 2146 909 propter
2158 864 2431 910 perfectionem
2442 870 2458 893 ἵ
2486 829 2702 906 ¹932?ssAE

1380 914 1591 950 contemni:
1620 920 1657 950 et
1675 914 1756 950 sine
1776 914 2040 962 impedimento
2064 916 2320 964 perfectionis,
2343 918 2458 955 eccle·
2584 913 2602 941 Υ

1352 961 1354 971 ’
1378 967 1459 1003 siae
1481 978 1595 1015 posse
1607 968 1831 1016 facultates,
1851 979 1950 1016 quae
1971 974 2061 1006 sunt
2084 971 2260 1018 profecto
2288 982 2458 1008 commu-

1380 1021 1457 1066 nia,
1481 1022 1690 1068 possidere.

1433 1075 1663 1112 Responnzo
1684 1086 1872 1112 DICENDUM
1892 1075 2012 1123 quod,
2034 1075 2129 1112 sicut
2148 1076 2294 1125 supra*
2313 1077 2495 1115 dictum
2519 1081 2568 1109 Qu.
2591 1087 2700 1108 m·

2485 1107 2653 1162 &¹3:⁴42
2660 1114 2701 1162 ’ἓ

2485 1161 2514 1183 ad
2529 1167 2546 1183 1.

1379 1189 1467 1229 tate,
1484 1183 1554 1220 sed
1574 1182 1613 1219 in
1642 1183 1781 1220 Christi
1803 1183 1972 1232 sequela,
1998 1183 2212 1220 secundum
2232 1184 2325 1222 illud
2347 1185 2458 1223 Hier·

1380 1236 1527 1284 onymi,
1546 1248 1660 1285 super
1687 1237 1826 1274 Matth.
1930 1237 2028 1279 Quia
2057 1248 2133 1274 non
2161 1239 2302 1286 sufficit
2327 1240 2458 1277 omnia
2487 1247 2495 1256 ·

1378 1290 1603 1338 relinquere,
1620 1291 1765 1327 addidit
1777 1291 1910 1327 Petrus
1929 1291 2032 1339 quod
2037 1292 2251 1340 perfectum
2267 1298 2332 1339 est,
2347 1292 2457 1341 idest,
2485 1299 2495 1321 ¹

1378 1344 1504 1380 Secuti
1520 1356 1652 1381 sumus
1670 1350 1726 1381 te:
1759 1352 1964 1393 paupertas
1985 1352 2112 1381 autem
2136 1353 2192 1382 est
2210 1345 2306 1383 sicut
2323 1346 2458 1384 instru-

1379 1405 1554 1435 mentum
1579 1399 1642 1434 vel
1667 1398 1889 1435 exercitium
1918 1397 2170 1447 perveniendi
2189 1399 2238 1436 ad
2257 1401 2458 1448 perfectio-

1379 1463 1482 1488 nem.
1523 1452 1636 1489 Unde
1674 1452 1713 1489 in
1755 1452 2028 1489 Collationibus
2066 1453 2227 1489 Patrum
2254 1452 2295 1500 ³¹⁸,
2324 1454 2458 1492 Abbas
2485 1459 2698 1508 ;ξ·“ο”“ῐό·ν-

1378 1505 1538 1553 Moyses
1567 1505 1674 1543 dicit:
1704 1506 1867 1552 Ieiunia,
1888 1506 2055 1555 vigiliae,
2077 1506 2268 1544 meditatio
2292 1508 2460 1557 Scriptu-

1377 1571 1526 1604 rarum,
1556 1560 1722 1605 nuditas,
1752 1571 1800 1597 ac
1822 1559 1989 1608 privatio
2019 1559 2190 1596 omnium
2205 1561 2461 1610 facultatum,

1377 1625 1452 1649 non
1467 1613 1665 1661 perfectio,
1685 1613 1752 1650 sed
1771 1613 2017 1662 perfectionis
2036 1613 2285 1651 instrumenta
2305 1622 2402 1654 sunt.

1431 1667 1501 1702 Est
1533 1674 1663 1703 autem
1696 1667 1861 1715 privatio
1896 1667 2072 1704 omnium
2102 1667 2344 1717 facultatum,
2375 1670 2457 1707 sive

1348 1735 1350 1770 {
1375 1727 1594 1768 paupertas,
1625 1719 1870 1768 perfectionis
1890 1721 2202 1767 instrumentum,
2224 1721 2456 1770 inquantum

1376 1785 1446 1821 per
1485 1773 1744 1810 remotionem
1785 1773 2003 1811 divitiarum
2042 1774 2226 1811 tolluntur
2263 1778 2456 1825 quaedam

1348 1833 1350 1840 ’
1377 1827 1539 1863 caritatis
1568 1826 1858 1875 impedimenta.
1889 1828 2001 1874 Quae
2030 1836 2119 1864 sunt
2146 1829 2354 1878 praecipue
2373 1831 2455 1869 tria.

1377 1880 1557 1927 Quorum
1578 1880 1748 1929 primum
1775 1889 1832 1918 est
1858 1881 2087 1927 sollicitudo.
2109 1892 2227 1929 quam
2247 1895 2380 1921 secum
2402 1884 2458 1922 di-

1375 1933 1490 1971 vitiae
1511 1933 1688 1971 afferunt.
1719 1934 1832 1972 Unde
1853 1935 2047 1972 Dominus
2072 1934 2173 1982 dicit,
2189 1935 2325 1974 Matth.
2341 1949 2402 1975 xm
2416 1937 2456 1976 ἐ

1381 1987 1457 2030 Qui
1487 1993 1615 2025 autem
1648 1993 1703 2025 est
1727 1988 1934 2026 seminatus
1951 1986 1966 2011 ⁸
1994 1990 2032 2026 in
2060 1988 2195 2036 spinis,
2223 1990 2285 2026 hic
2311 1995 2368 2028 est
2391 1992 2460 2041 qui
2582 1992 2598 2019 ⁸

1375 2042 1535 2079 verbum
1564 2042 1688 2088 audit,
1717 2047 1754 2078 et
1779 2042 1990 2079 sollicitudo
2018 2041 2162 2079 saeculi
2187 2041 2292 2080 istim
2318 2049 2355 2081 et
2373 2045 2456 2094 fal-

1374 2095 1474 2133 lacia
1509 2096 1730 2133 divitiarum
1767 2095 1931 2146 suffocat
1964 2095 2135 2132 verbum.
2170 2115 2196 2123 -
2229 2097 2455 2137 Secundum

1376 2157 1505 2186 autem
1536 2157 1592 2186 est
1621 2149 1841 2187 divitiarum
1871 2161 2003 2196 amor,
2034 2148 2101 2197 qui
2131 2160 2176 2186 ex
2197 2148 2338 2189 divitiis
2365 2164 2455 2202 pos-

1377 2203 1490 2240 sessis
1527 2211 1699 2251 augetur.
1743 2203 1856 2240 Unde
1895 2202 2160 2252 Hieronymus
2194 2203 2303 2252 dicit,
2341 2217 2457 2257 super

2486 1941 2495 1950 ·
2508 1938 2578 1962 ven.
2591 1945 2626 1962 aa.

1375 2257 1515 2294 Matth.
1536 2256 1567 2303 *,
1599 2257 1706 2304 quod
1734 2257 1824 2305 quia
1851 2257 2005 2293 divitiae
2023 2255 2174 2293 habitae
2196 2257 2351 2306 difficile
2367 2268 2492 2298 con-⁸
2482 2266 2697 2318 cdsshss'm'ffi

1375 2315 1606 2356 temnuntur,
1627 2322 1703 2347 non
1726 2310 1824 2347 dixit
1844 2311 2046 2371 Dominus,
2064 2310 2198 2346 Matth.
2214 2323 2276 2351 xix
2289 2312 2320 2359 ¹¹²,
2344 2328 2363 2347 ‹
2376 2315 2455 2352 Im-
2483 2347 2574 2371 v«-
2587 2353 2622 2378 ῃ

1370 2363 1548 2412 possibile
1566 2369 1620 2400 est
1636 2363 1788 2400 divitem
1808 2364 1953 2401 intrare
1966 2364 2004 2400 in
2025 2374 2189 2412 regnum
2209 2365 2404 2405 caelorum
2418 2383 2453 2421 »

1373 2417 1450 2462 sed,
1470 2432 1488 2450 α
1507 2416 1662 2466 difficile
1680 2432 1714 2454 ›.
1731 2439 1755 2446 -
1771 2417 1948 2454 Tertium
1964 2424 2095 2454 autem
2116 2423 2173 2453 est
2191 2415 2314 2457 inanis
2333 2397 2454 2468 gloria

1374 2471 1437 2507 vel
1468 2470 1602 2516 elatio,
1633 2482 1732 2519 quae
1769 2482 1815 2507 ex
1845 2470 1984 2508 divitiis
2013 2469 2200 2508 nascitur.
2236 2475 2453 2513 secundum

1375 2523 1466 2561 illud
1498 2523 1640 2560 Psalmi
1660 2523 1701 2560 *ε
1738 2523 1815 2566 Qui
1841 2525 2038 2572 confidunt
2063 2525 2101 2561 in
2130 2524 2268 2562 virtute
2293 2538 2385 2575 sua,
2419 2532 2456 2566 et
2481 2532 2695 2561 mmmmm

1375 2577 1412 2614 in
1442 2577 1678 2614 multitudine
1705 2577 1923 2614 divitiarum
1952 2589 2111 2616 suarum
2138 2577 2370 2632 gloriantur.

1430 2631 1582 2668 Horum
1613 2642 1704 2678 ergo
1733 2630 1847 2668 trium
1876 2631 2047 2680 primum
2073 2645 2096 2670 a
2117 2631 2256 2670 divitiis
2285 2634 2455 2683 separari

1376 2697 1454 2721 non
1483 2692 1608 2733 potest
1636 2683 1818 2731 totaliter,
1852 2684 1934 2723 sive
1963 2685 2037 2723 sint
2065 2698 2228 2735 magnae
2257 2686 2339 2724 sive
2366 2700 2454 2738 par-

1376 2749 1467 2775 vae:
1507 2749 1664 2775 necesse
1694 2745 1750 2774 est
1778 2737 1881 2775 enim
1910 2738 2111 2778 hominem
2140 2739 2351 2790 aliqualiter
2378 2742 2453 2780 sol-

1375 2791 1505 2828 licitari
1545 2791 1592 2828 de
1622 2791 1865 2840 acquirendis
1892 2793 1954 2829 vel
1989 2794 2263 2832 conservandis
2293 2794 2452 2832 exterio·

1374 2845 1479 2882 ribus
1503 2845 1631 2882 rebus.
1663 2844 1740 2882 Sed
1761 2844 1791 2882 si
1812 2857 1871 2883 res
1893 2845 2098 2885 exteriores
2118 2860 2198 2886 non
2217 2855 2453 2896 quaerantur

1373 2899 1435 2936 vel
1464 2899 1681 2936 habeantur
1699 2898 1769 2936 nisi
1789 2898 1827 2936 in
1849 2899 2002 2938 modica
2021 2901 2241 2951 quantitate,
2263 2909 2451 2950 quantum

1374 2952 1570 2990 sufficiunt
1597 2954 1646 2990 ad
1675 2952 1890 3002 simplicem
1918 2953 2084 3002 victum,
2122 2955 2205 2993 talis
2232 2953 2450 2993 sellicitudo

1376 3018 1454 3042 non
1483 3006 1648 3043 multum
1676 3005 1837 3054 impedit
1864 3006 2078 3045 hominem.
2117 3008 2230 3046 Unde
2265 3019 2337 3044 nec
2365 3020 2450 3058 per·

1374 3059 1527 3096 fectioni
1562 3067 1750 3108 repugnat
1787 3059 2022 3097 Christianae
2059 3060 2174 3098 vitae.
2214 3061 2306 3097 Non
2344 3061 2448 3100 enim

1375 3113 1501 3150 omnis
1531 3112 1744 3151 sollicitudo
1774 3124 1795 3150 a
1824 3113 1996 3151 Domino
2025 3113 2269 3161 interdicitur,
2299 3115 2368 3152 sed
2387 3115 2449 3154 su-'

1374 3167 1523 3216 perflua
1552 3174 1588 3204 et
1616 3165 1776 3204 nociva:
1811 3167 1914 3205 unde
1943 3164 2059 3215 super
2087 3166 2178 3205 illud
2208 3167 2344 3206 Matth.
2364 3167 2448 3217 ιη’,

1373 3220 1504 3258 Nolite
1529 3220 1678 3258 solliciti
1703 3231 1782 3258 esse
1809 3219 1963 3259 animae
1987 3225 2146 3266 vestrae,
2176 3221 2268 3270 quid
2289 3222 2449 3260 mandu-

1374 3274 1474 3319 cetis,
1488 3281 1571 3320 etc.,
1588 3273 1677 3311 dicit
1691 3272 1962 3321 Augustinus,·
1953 3284 1990 3309 in
2011 3273 2108 3311 libro
2127 3274 2174 3311 de
2192 3275 2314 3312 Serm.
2331 3275 2447 3314 Dom.
2476 3283 2545 3306 Ὀ·
2568 3283 2614 3314 ⁰1·
2636 3284 2690 3308 ¹¹⁰-

1375 3327 1412 3364 in
1432 3327 1569 3364 Monte
1581 3326 1622 3349 ⁸⁸·
1651 3325 1744 3364 Non
1763 3327 1836 3364 hoc
1853 3325 1952 3372 dicit,
1973 3332 2013 3363 ut
2032 3327 2102 3364 ista
2121 3339 2196 3364 non
2210 3333 2447 3378 procurent·
2474 3310 2553 3338 ''⁴⁶⁶''
2544 3316 2615 3365 ’Ὺ
2626 3317 2689 3334 ⁸⁸⁹¹

2475 3173 2484 3181 ·
2500 3170 2568 3194 Vm.
2582 3177 2616 3202 ⁸3·

1428 3443 1455 3475 γ)
1470 3441 1704 3474 perfectionem-
1721 3439 1895 3472 desectionem
1916 3440 2108 3474 BCDFLpAK;
2127 3449 2175 3475 pro
2187 3443 2346 3478 facultates,
2356 3444 2448 3479 sacul-

1374 3449 1444 3502 tateY
1450 3475 1625 3506 ACDEFKL·
1644 3481 1692 3508 pro
1707 3473 1855 3508 possidere,
1871 3476 2009 3508 possideri
2027 3476 2055 3503 Ρ.

1427 3510 1452 3544 δ)
1474 3510 1528 3542 Qut
1545 3513 1635 3536 autem
1654 3513 1694 3536 ese
1711 3510 1898 3536 seminatus.-
1912 3511 1992 3542 Quod
2009 3516 2099 3538 autem
2118 3517 2159 3539 m
2175 3513 2338 3540 seminatum
2355 3512 2448 3548 (sent-

1375 3550 1468 3572 natmn
1485 3549 1527 3572 est
1544 3545 1593 3578 Pa)
1614 3543 1721 3571 1²1)st
1741 3550 1767 3571 et
1783 3553 1809 3571 a.

1427 3582 1450 3613 a)
1465 3584 1654 3614 procurent.-
1667 3585 1850 3614 procurentur
1868 3582 1983 3610 PCGtK.
