<?xml version="1.0" encoding="UTF-8"?>
<!DOCTYPE html PUBLIC "-//W3C//DTD XHTML 1.0 Transitional//EN"
    "http://www.w3.org/TR/xhtml1/DTD/xhtml1-transitional.dtd">
<html xmlns="http://www.w3.org/1999/xhtml" xml:lang="en" lang="en">
 <head>
  <title>
</title>
<meta http-equiv="Content-Type" content="text/html;charset=utf-8" />
  <meta name='ocr-system' content='tesseract 3.04.00' />
  <meta name='ocr-capabilities' content='ocr_page ocr_carea ocr_par ocr_line ocrx_word'/>
</head>
<body>
  <div class='ocr_page' id='page_1' title='image "./operaomniaiussui10thom_0181.png"; bbox 0 0 2768 4198; ppageno 0'>
   <div class='ocr_carea' id='block_1_1' title="bbox 0 1325 69 1877">
    <p class='ocr_par' dir='ltr' id='par_1_1' title="bbox 0 1325 69 1877">
     <span class='ocr_line' id='line_1_1' title="bbox 0 1325 9 1877; textangle 90"><span class='ocrx_word' id='word_1_1' title='bbox 0 1846 2 1877; x_wconf 41' lang='grc' dir='ltr'>-ψ</span> <span class='ocrx_word' id='word_1_2' title='bbox 0 1686 7 1833; x_wconf 32' lang='grc' dir='ltr'>Α--Ἷ-νπν</span> <span class='ocrx_word' id='word_1_3' title='bbox 0 1587 9 1678; x_wconf 55' lang='lat' dir='ltr'>qv--v—</span> <span class='ocrx_word' id='word_1_4' title='bbox 0 1471 7 1578; x_wconf 62' lang='lat'>———-—-.-</span> <span class='ocrx_word' id='word_1_5' title='bbox 0 1450 1 1455; x_wconf 35' lang='grc' dir='ltr'><em>Α</em></span> <span class='ocrx_word' id='word_1_6' title='bbox 0 1426 2 1431; x_wconf 91' lang='grc'>-</span> <span class='ocrx_word' id='word_1_7' title='bbox 0 1370 7 1415; x_wconf 64' lang='lat' dir='ltr'>vv.-</span> <span class='ocrx_word' id='word_1_8' title='bbox 0 1343 1 1346; x_wconf 62' lang='lat'><em>„</em></span> <span class='ocrx_word' id='word_1_9' title='bbox 0 1325 2 1328; x_wconf 64' lang='lat'>&lt;</span> 
     </span>
     <span class='ocr_line' id='line_1_2' title="bbox 62 1454 69 1562; textangle 90"><span class='ocrx_word' id='word_1_10' title='bbox 62 1559 69 1562; x_wconf 85' lang='grc' dir='ltr'>ι</span> <span class='ocrx_word' id='word_1_11' title='bbox 62 1454 67 1458; x_wconf 53' lang='grc' dir='ltr'>ι</span> 
     </span>
    </p>
   </div>
   <div class='ocr_carea' id='block_1_2' title="bbox 895 306 2504 353">
    <p class='ocr_par' dir='ltr' id='par_1_2' title="bbox 895 306 2504 353">
     <span class='ocr_line' id='line_1_3' title="bbox 895 306 2504 353; baseline -0.002 -9"><span class='ocrx_word' id='word_1_12' title='bbox 895 306 1164 353; x_wconf 84' lang='lat' dir='ltr'>QUAEsT1o</span> <span class='ocrx_word' id='word_1_13' title='bbox 1196 306 1369 353; x_wconf 73' lang='lat' dir='ltr'>cxmli,</span> <span class='ocrx_word' id='word_1_14' title='bbox 1398 307 1696 344; x_wconf 76' lang='lat' dir='ltr'>ARTicuLus</span> <span class='ocrx_word' id='word_1_15' title='bbox 1725 306 1918 344; x_wconf 81' lang='lat' dir='ltr'>UNicus</span> <span class='ocrx_word' id='word_1_16' title='bbox 2435 306 2504 352; x_wconf 83' lang='lat'>139</span> 
     </span>
    </p>
   </div>
   <div class='ocr_carea' id='block_1_3' title="bbox 159 384 2511 813">
    <p class='ocr_par' dir='ltr' id='par_1_3' title="bbox 159 384 2511 813">
     <span class='ocr_line' id='line_1_4' title="bbox 159 384 2506 445; baseline -0.004 -16"><span class='ocrx_word' id='word_1_17' title='bbox 159 394 174 423; x_wconf 79' lang='lat' dir='ltr'>t:</span> <span class='ocrx_word' id='word_1_18' title='bbox 307 399 344 428; x_wconf 88' lang='lat' dir='ltr'>et</span> <span class='ocrx_word' id='word_1_19' title='bbox 362 390 454 440; x_wconf 90' lang='lat' dir='ltr'>quid</span> <span class='ocrx_word' id='word_1_20' title='bbox 473 401 551 440; x_wconf 93' lang='lat' dir='ltr'>quo</span> <span class='ocrx_word' id='word_1_21' title='bbox 573 387 704 426; x_wconf 85' lang='lat' dir='ltr'>ordine</span> <span class='ocrx_word' id='word_1_22' title='bbox 721 388 766 424; x_wconf 90' lang='lat' dir='ltr'>sit</span> <span class='ocrx_word' id='word_1_23' title='bbox 782 388 988 436; x_wconf 86' lang='lat' dir='ltr'>agendum,</span> <span class='ocrx_word' id='word_1_24' title='bbox 1006 394 1042 423; x_wconf 91' lang='lat' dir='ltr'>et</span> <span class='ocrx_word' id='word_1_25' title='bbox 1056 387 1095 423; x_wconf 92' lang='lat' dir='ltr'>in</span> <span class='ocrx_word' id='word_1_26' title='bbox 1110 387 1185 423; x_wconf 94' lang='lat' dir='ltr'>hoc</span> <span class='ocrx_word' id='word_1_27' title='bbox 1200 384 1380 422; x_wconf 54' lang='lat' dir='ltr'>firmum(</span> <span class='ocrx_word' id='word_1_28' title='bbox 1406 385 1409 445; x_wconf 51' lang='lat' dir='ltr'>l</span> <span class='ocrx_word' id='word_1_29' title='bbox 1436 386 1605 432; x_wconf 84' lang='lat' dir='ltr'>materia,</span> <span class='ocrx_word' id='word_1_30' title='bbox 1636 387 1724 435; x_wconf 91' lang='lat' dir='ltr'>quia</span> <span class='ocrx_word' id='word_1_31' title='bbox 1746 394 1802 423; x_wconf 89' lang='lat' dir='ltr'>est</span> <span class='ocrx_word' id='word_1_32' title='bbox 1827 386 1925 422; x_wconf 90' lang='lat' dir='ltr'>circa</span> <span class='ocrx_word' id='word_1_33' title='bbox 1946 384 2217 422; x_wconf 84' lang='lat' dir='ltr'>delectationes</span> <span class='ocrx_word' id='word_1_34' title='bbox 2237 392 2374 430; x_wconf 80' lang='lat' dir='ltr'>tactus3</span> <span class='ocrx_word' id='word_1_35' title='bbox 2405 393 2440 421; x_wconf 91' lang='lat' dir='ltr'>et</span> <span class='ocrx_word' id='word_1_36' title='bbox 2469 385 2506 421; x_wconf 92' lang='lat' dir='ltr'>in</span> 
     </span>
     <span class='ocr_line' id='line_1_5' title="bbox 306 437 2508 494; baseline -0.003 -13"><span class='ocrx_word' id='word_1_37' title='bbox 306 443 527 494; x_wconf 85' lang='lat' dir='ltr'>persistere:</span> <span class='ocrx_word' id='word_1_38' title='bbox 559 450 594 479; x_wconf 91' lang='lat' dir='ltr'>et</span> <span class='ocrx_word' id='word_1_39' title='bbox 622 449 809 490; x_wconf 90' lang='lat' dir='ltr'>quantum</span> <span class='ocrx_word' id='word_1_40' title='bbox 839 441 887 478; x_wconf 90' lang='lat' dir='ltr'>ad</span> <span class='ocrx_word' id='word_1_41' title='bbox 916 441 991 478; x_wconf 91' lang='lat' dir='ltr'>hoc</span> <span class='ocrx_word' id='word_1_42' title='bbox 1020 440 1127 489; x_wconf 91' lang='lat' dir='ltr'>ponit</span> <span class='ocrx_word' id='word_1_43' title='bbox 1156 441 1295 476; x_wconf 83' lang='lat' dir='ltr'>bonam</span> <span class='ocrx_word' id='word_1_44' title='bbox 1321 450 1382 474; x_wconf 90' lang='lat' dir='ltr'>or-</span> <span class='ocrx_word' id='word_1_45' title='bbox 1408 448 1409 453; x_wconf 59' lang='lat'>¹</span> <span class='ocrx_word' id='word_1_46' title='bbox 1436 439 1568 486; x_wconf 87' lang='lat' dir='ltr'>modo,</span> <span class='ocrx_word' id='word_1_47' title='bbox 1591 440 1679 488; x_wconf 90' lang='lat' dir='ltr'>quia</span> <span class='ocrx_word' id='word_1_48' title='bbox 1709 439 1745 476; x_wconf 89' lang='lat' dir='ltr'>in</span> <span class='ocrx_word' id='word_1_49' title='bbox 1767 439 1934 489; x_wconf 90' lang='lat' dir='ltr'>quadam</span> <span class='ocrx_word' id='word_1_50' title='bbox 1974 438 2226 475; x_wconf 86' lang='lat' dir='ltr'>refrenatione</span> <span class='ocrx_word' id='word_1_51' title='bbox 2249 437 2428 474; x_wconf 89' lang='lat' dir='ltr'>consistit.</span> <span class='ocrx_word' id='word_1_52' title='bbox 2459 439 2508 474; x_wconf 92' lang='lat' dir='ltr'>Et</span> 
     </span>
     <span class='ocr_line' id='line_1_6' title="bbox 307 491 2507 543; baseline -0.003 -8"><span class='ocrx_word' id='word_1_53' title='bbox 307 497 550 535; x_wconf 84' lang='lat' dir='ltr'>dinationem.</span> <span class='ocrx_word' id='word_1_54' title='bbox 586 496 703 533; x_wconf 90' lang='lat' dir='ltr'>Aliud</span> <span class='ocrx_word' id='word_1_55' title='bbox 739 502 868 532; x_wconf 91' lang='lat' dir='ltr'>autem</span> <span class='ocrx_word' id='word_1_56' title='bbox 899 502 954 531; x_wconf 89' lang='lat' dir='ltr'>est</span> <span class='ocrx_word' id='word_1_57' title='bbox 982 494 1088 543; x_wconf 91' lang='lat' dir='ltr'>quod</span> <span class='ocrx_word' id='word_1_58' title='bbox 1116 494 1237 530; x_wconf 94' lang='lat' dir='ltr'>homo</span> <span class='ocrx_word' id='word_1_59' title='bbox 1267 492 1305 528; x_wconf 92' lang='lat' dir='ltr'>in</span> <span class='ocrx_word' id='word_1_60' title='bbox 1335 504 1381 528; x_wconf 91' lang='lat' dir='ltr'>eo</span> <span class='ocrx_word' id='word_1_61' title='bbox 1408 494 1410 525; x_wconf 66' lang='lat' dir='ltr'>l</span> <span class='ocrx_word' id='word_1_62' title='bbox 1436 492 1523 528; x_wconf 90' lang='lat' dir='ltr'>ideo</span> <span class='ocrx_word' id='word_1_63' title='bbox 1560 492 1834 530; x_wconf 89' lang='lat' dir='ltr'>convenienter</span> <span class='ocrx_word' id='word_1_64' title='bbox 1859 498 1878 520; x_wconf 68' lang='grc' dir='ltr'><strong>η</strong></span> <span class='ocrx_word' id='word_1_65' title='bbox 1907 492 2062 541; x_wconf 89' lang='lat' dir='ltr'>ponitur</span> <span class='ocrx_word' id='word_1_66' title='bbox 2094 504 2183 541; x_wconf 89' lang='lat' dir='ltr'>pars</span> <span class='ocrx_word' id='word_1_67' title='bbox 2220 491 2507 541; x_wconf 87' lang='lat' dir='ltr'>temperantiae.</span> 
     </span>
     <span class='ocr_line' id='line_1_7' title="bbox 307 545 2509 600; baseline -0.003 -12"><span class='ocrx_word' id='word_1_68' title='bbox 307 550 414 600; x_wconf 91' lang='lat' dir='ltr'>quod</span> <span class='ocrx_word' id='word_1_69' title='bbox 434 549 510 598; x_wconf 86' lang='lat' dir='ltr'>agit</span> <span class='ocrx_word' id='word_1_70' title='bbox 529 549 744 587; x_wconf 87' lang='lat' dir='ltr'>decentiam</span> <span class='ocrx_word' id='word_1_71' title='bbox 765 548 959 585; x_wconf 90' lang='lat' dir='ltr'>observet:</span> <span class='ocrx_word' id='word_1_72' title='bbox 982 556 1018 584; x_wconf 91' lang='lat' dir='ltr'>et</span> <span class='ocrx_word' id='word_1_73' title='bbox 1039 554 1225 596; x_wconf 88' lang='lat' dir='ltr'>quantum</span> <span class='ocrx_word' id='word_1_74' title='bbox 1243 545 1291 582; x_wconf 91' lang='lat' dir='ltr'>ad</span> <span class='ocrx_word' id='word_1_75' title='bbox 1307 545 1383 581; x_wconf 90' lang='lat' dir='ltr'>hoc</span> <span class='ocrx_word' id='word_1_76' title='bbox 1409 590 1411 594; x_wconf 25' lang='grc' dir='ltr'>Ι</span> <span class='ocrx_word' id='word_1_77' title='bbox 1490 547 1549 580; x_wconf 82' lang='lat' dir='ltr'>An</span> <span class='ocrx_word' id='word_1_78' title='bbox 1585 557 1776 583; x_wconf 75' lang='lat' dir='ltr'>SECUNDUM</span> <span class='ocrx_word' id='word_1_79' title='bbox 1813 558 1999 583; x_wconf 78' lang='lat' dir='ltr'>mCENDUM</span> <span class='ocrx_word' id='word_1_80' title='bbox 2037 545 2143 593; x_wconf 93' lang='lat' dir='ltr'>quod</span> <span class='ocrx_word' id='word_1_81' title='bbox 2178 545 2397 592; x_wconf 90' lang='lat' dir='ltr'>clementia,</span> <span class='ocrx_word' id='word_1_82' title='bbox 2428 545 2509 582; x_wconf 87' lang='lat' dir='ltr'>sive</span> 
     </span>
     <span class='ocr_line' id='line_1_8' title="bbox 307 597 2510 654; baseline -0.003 -13"><span class='ocrx_word' id='word_1_83' title='bbox 307 604 416 654; x_wconf 92' lang='lat' dir='ltr'>ponit</span> <span class='ocrx_word' id='word_1_84' title='bbox 443 609 633 640; x_wconf 86' lang='lat' dir='ltr'>ornatum.</span> <span class='ocrx_word' id='word_1_85' title='bbox 666 602 842 639; x_wconf 91' lang='lat' dir='ltr'>Tertium</span> <span class='ocrx_word' id='word_1_86' title='bbox 872 609 1001 638; x_wconf 87' lang='lat' dir='ltr'>autern</span> <span class='ocrx_word' id='word_1_87' title='bbox 1033 609 1088 637; x_wconf 92' lang='lat' dir='ltr'>est</span> <span class='ocrx_word' id='word_1_88' title='bbox 1116 600 1152 637; x_wconf 91' lang='lat' dir='ltr'>in</span> <span class='ocrx_word' id='word_1_89' title='bbox 1184 597 1384 647; x_wconf 89' lang='lat' dir='ltr'>colloquiis</span> <span class='ocrx_word' id='word_1_90' title='bbox 1437 600 1706 644; x_wconf 88' lang='lat' dir='ltr'>mansuetudo,</span> <span class='ocrx_word' id='word_1_91' title='bbox 1728 612 1805 635; x_wconf 90' lang='lat' dir='ltr'>non</span> <span class='ocrx_word' id='word_1_92' title='bbox 1828 599 1983 648; x_wconf 89' lang='lat' dir='ltr'>ponitur</span> <span class='ocrx_word' id='word_1_93' title='bbox 2010 611 2099 647; x_wconf 89' lang='lat' dir='ltr'>pars</span> <span class='ocrx_word' id='word_1_94' title='bbox 2127 599 2403 647; x_wconf 88' lang='lat' dir='ltr'>temperantiae</span> <span class='ocrx_word' id='word_1_95' title='bbox 2422 611 2510 647; x_wconf 93' lang='lat' dir='ltr'>pro-</span> 
     </span>
     <span class='ocr_line' id='line_1_9' title="bbox 308 652 2511 704; baseline -0.002 -10"><span class='ocrx_word' id='word_1_96' title='bbox 308 657 536 703; x_wconf 89' lang='lat' dir='ltr'>amicorum,</span> <span class='ocrx_word' id='word_1_97' title='bbox 565 657 628 692; x_wconf 90' lang='lat' dir='ltr'>vel</span> <span class='ocrx_word' id='word_1_98' title='bbox 658 655 967 704; x_wconf 87' lang='lat' dir='ltr'>quibuscumque</span> <span class='ocrx_word' id='word_1_99' title='bbox 997 655 1098 691; x_wconf 91' lang='lat' dir='ltr'>aliis:</span> <span class='ocrx_word' id='word_1_100' title='bbox 1130 661 1167 690; x_wconf 93' lang='lat' dir='ltr'>et</span> <span class='ocrx_word' id='word_1_101' title='bbox 1195 660 1382 702; x_wconf 86' lang='lat' dir='ltr'>quantum</span> <span class='ocrx_word' id='word_1_102' title='bbox 1410 679 1412 681; x_wconf 83' lang='lat'>-</span> <span class='ocrx_word' id='word_1_103' title='bbox 1438 658 1522 699; x_wconf 92' lang='lat' dir='ltr'>pter</span> <span class='ocrx_word' id='word_1_104' title='bbox 1551 652 1858 689; x_wconf 86' lang='lat' dir='ltr'>convenientiam</span> <span class='ocrx_word' id='word_1_105' title='bbox 1889 653 2091 690; x_wconf 87' lang='lat' dir='ltr'>materiae:</span> <span class='ocrx_word' id='word_1_106' title='bbox 2122 654 2189 690; x_wconf 87' lang='lat' dir='ltr'>sed</span> <span class='ocrx_word' id='word_1_107' title='bbox 2219 652 2308 701; x_wconf 90' lang='lat' dir='ltr'>quia</span> <span class='ocrx_word' id='word_1_108' title='bbox 2331 652 2511 689; x_wconf 87' lang='lat' dir='ltr'>convenit</span> 
     </span>
     <span class='ocr_line' id='line_1_10' title="bbox 308 705 2511 759; baseline -0.002 -12"><span class='ocrx_word' id='word_1_109' title='bbox 308 711 358 748; x_wconf 91' lang='lat' dir='ltr'>ad</span> <span class='ocrx_word' id='word_1_110' title='bbox 378 711 453 747; x_wconf 91' lang='lat' dir='ltr'>hoc</span> <span class='ocrx_word' id='word_1_111' title='bbox 480 710 636 759; x_wconf 93' lang='lat' dir='ltr'>ponitur</span> <span class='ocrx_word' id='word_1_112' title='bbox 663 709 873 746; x_wconf 84' lang='lat' dir='ltr'>austeritas.</span> <span class='ocrx_word' id='word_1_113' title='bbox 894 729 918 736; x_wconf 97' lang='lat'><em>-</em></span> <span class='ocrx_word' id='word_1_114' title='bbox 941 708 1052 745; x_wconf 89' lang='lat' dir='ltr'>Circa</span> <span class='ocrx_word' id='word_1_115' title='bbox 1082 706 1269 744; x_wconf 85' lang='lat' dir='ltr'>exteriora</span> <span class='ocrx_word' id='word_1_116' title='bbox 1289 717 1383 742; x_wconf 88' lang='lat' dir='ltr'>vero</span> <span class='ocrx_word' id='word_1_117' title='bbox 1440 716 1526 740; x_wconf 89' lang='lat' dir='ltr'>cum</span> <span class='ocrx_word' id='word_1_118' title='bbox 1565 716 1609 741; x_wconf 91' lang='lat' dir='ltr'>ea</span> <span class='ocrx_word' id='word_1_119' title='bbox 1646 705 1683 741; x_wconf 91' lang='lat' dir='ltr'>in</span> <span class='ocrx_word' id='word_1_120' title='bbox 1719 706 1838 742; x_wconf 89' lang='lat' dir='ltr'>modo</span> <span class='ocrx_word' id='word_1_121' title='bbox 1876 706 2091 743; x_wconf 88' lang='lat' dir='ltr'>refrenandi</span> <span class='ocrx_word' id='word_1_122' title='bbox 2126 714 2163 743; x_wconf 90' lang='lat' dir='ltr'>et</span> <span class='ocrx_word' id='word_1_123' title='bbox 2195 706 2441 754; x_wconf 81' lang='lat' dir='ltr'>moderandi,</span> <span class='ocrx_word' id='word_1_124' title='bbox 2470 714 2511 742; x_wconf 84' lang='lat' dir='ltr'>ut</span> 
     </span>
     <span class='ocr_line' id='line_1_11' title="bbox 309 756 1720 813; baseline -0.004 -12"><span class='ocrx_word' id='word_1_125' title='bbox 309 764 450 813; x_wconf 86' lang='lat' dir='ltr'>duplex</span> <span class='ocrx_word' id='word_1_126' title='bbox 479 763 694 800; x_wconf 83' lang='lat' dir='ltr'>moderatio</span> <span class='ocrx_word' id='word_1_127' title='bbox 717 770 772 799; x_wconf 90' lang='lat' dir='ltr'>est</span> <span class='ocrx_word' id='word_1_128' title='bbox 791 762 1021 799; x_wconf 87' lang='lat' dir='ltr'>adhibenda.</span> <span class='ocrx_word' id='word_1_129' title='bbox 1051 761 1182 798; x_wconf 91' lang='lat' dir='ltr'>Primo</span> <span class='ocrx_word' id='word_1_130' title='bbox 1212 758 1383 808; x_wconf 91' lang='lat' dir='ltr'>quidem,</span> <span class='ocrx_word' id='word_1_131' title='bbox 1411 761 1413 769; x_wconf 66' lang='lat'>²</span> <span class='ocrx_word' id='word_1_132' title='bbox 1441 756 1584 794; x_wconf 90' lang='lat' dir='ltr'>dictum</span> <span class='ocrx_word' id='word_1_133' title='bbox 1615 766 1671 794; x_wconf 90' lang='lat' dir='ltr'>est</span> <span class='ocrx_word' id='word_1_134' title='bbox 1689 757 1720 795; x_wconf 83' lang='lat'>*.</span> 
     </span>
    </p>
   </div>
   <div class='ocr_carea' id='block_1_4' title="bbox 2541 758 2711 785">
    <p class='ocr_par' dir='ltr' id='par_1_4' title="bbox 2541 758 2711 785">
     <span class='ocr_line' id='line_1_12' title="bbox 2541 758 2711 785; baseline -0.006 -6"><span class='ocrx_word' id='word_1_135' title='bbox 2541 759 2550 767; x_wconf 75' lang='lat'>⁸</span> <span class='ocrx_word' id='word_1_136' title='bbox 2564 758 2589 779; x_wconf 85' lang='lat' dir='ltr'>ln</span> <span class='ocrx_word' id='word_1_137' title='bbox 2606 762 2711 785; x_wconf 81' lang='lat' dir='ltr'>corpore.</span> 
     </span>
    </p>
   </div>
   <div class='ocr_carea' id='block_1_5' title="bbox 308 812 2555 866">
    <p class='ocr_par' dir='ltr' id='par_1_5' title="bbox 308 812 2555 866">
     <span class='ocr_line' id='line_1_13' title="bbox 308 812 2555 866; baseline -0.002 -11"><span class='ocrx_word' id='word_1_138' title='bbox 308 825 351 855; x_wconf 88' lang='lat' dir='ltr'>ut</span> <span class='ocrx_word' id='word_1_139' title='bbox 370 817 565 866; x_wconf 81' lang='lat' dir='ltr'>superflua</span> <span class='ocrx_word' id='word_1_140' title='bbox 589 829 668 854; x_wconf 92' lang='lat' dir='ltr'>non</span> <span class='ocrx_word' id='word_1_141' title='bbox 683 816 947 865; x_wconf 79' lang='lat' dir='ltr'>requirantur:</span> <span class='ocrx_word' id='word_1_142' title='bbox 978 823 1015 852; x_wconf 90' lang='lat' dir='ltr'>et</span> <span class='ocrx_word' id='word_1_143' title='bbox 1034 821 1221 863; x_wconf 91' lang='lat' dir='ltr'>quantum</span> <span class='ocrx_word' id='word_1_144' title='bbox 1242 812 1292 850; x_wconf 93' lang='lat' dir='ltr'>ad</span> <span class='ocrx_word' id='word_1_145' title='bbox 1310 812 1386 849; x_wconf 92' lang='lat' dir='ltr'>hoc</span> <span class='ocrx_word' id='word_1_146' title='bbox 1412 815 1414 858; x_wconf 57' lang='lat' dir='ltr'>l</span> <span class='ocrx_word' id='word_1_147' title='bbox 1494 812 1553 847; x_wconf 85' lang='lat' dir='ltr'>AD</span> <span class='ocrx_word' id='word_1_148' title='bbox 1579 822 1741 848; x_wconf 81' lang='lat' dir='ltr'>TERTlUM</span> <span class='ocrx_word' id='word_1_149' title='bbox 1761 823 1946 849; x_wconf 59' lang='lat' dir='ltr'>meramnum</span> <span class='ocrx_word' id='word_1_150' title='bbox 1975 813 2080 861; x_wconf 92' lang='lat' dir='ltr'>quod</span> <span class='ocrx_word' id='word_1_151' title='bbox 2101 813 2201 850; x_wconf 89' lang='lat' dir='ltr'>circa</span> <span class='ocrx_word' id='word_1_152' title='bbox 2227 821 2332 851; x_wconf 91' lang='lat' dir='ltr'>actus</span> <span class='ocrx_word' id='word_1_153' title='bbox 2354 813 2512 850; x_wconf 88' lang='lat' dir='ltr'>exterio·</span> <span class='ocrx_word' id='word_1_154' title='bbox 2553 820 2555 822; x_wconf 82' lang='lat'>&#39;</span> 
     </span>
    </p>
   </div>
   <div class='ocr_carea' id='block_1_6' title="bbox 67 863 2514 1241">
    <p class='ocr_par' dir='ltr' id='par_1_6' title="bbox 67 863 2514 1134">
     <span class='ocr_line' id='line_1_14' title="bbox 67 863 2511 920; baseline -0.001 -14"><span class='ocrx_word' id='word_1_155' title='bbox 67 883 128 906; x_wconf 70' lang='grc' dir='ltr'>ἀ.</span> <span class='ocrx_word' id='word_1_156' title='bbox 143 883 200 905; x_wconf 82' lang='lat' dir='ltr'>ibid.</span> <span class='ocrx_word' id='word_1_157' title='bbox 309 871 464 920; x_wconf 90' lang='lat' dir='ltr'>ponitur</span> <span class='ocrx_word' id='word_1_158' title='bbox 494 883 516 918; x_wconf 86' lang='lat' dir='ltr'>a</span> <span class='ocrx_word' id='word_1_159' title='bbox 546 870 748 907; x_wconf 91' lang='lat' dir='ltr'>Macrobio</span> <span class='ocrx_word' id='word_1_160' title='bbox 766 869 787 892; x_wconf 86' lang='grc'>*</span> <span class='ocrx_word' id='word_1_161' title='bbox 810 869 991 918; x_wconf 83' lang='lat' dir='ltr'>parcitas,</span> <span class='ocrx_word' id='word_1_162' title='bbox 1013 876 1049 905; x_wconf 87' lang='lat' dir='ltr'>et</span> <span class='ocrx_word' id='word_1_163' title='bbox 1083 868 1132 905; x_wconf 94' lang='lat' dir='ltr'>ab</span> <span class='ocrx_word' id='word_1_164' title='bbox 1161 865 1386 904; x_wconf 89' lang='lat' dir='ltr'>Andronico</span> <span class='ocrx_word' id='word_1_165' title='bbox 1413 874 1414 914; x_wconf 48' lang='grc' dir='ltr'>Τ</span> <span class='ocrx_word' id='word_1_166' title='bbox 1442 876 1501 900; x_wconf 88' lang='lat' dir='ltr'>res</span> <span class='ocrx_word' id='word_1_167' title='bbox 1535 863 1673 900; x_wconf 87' lang='lat' dir='ltr'>iustitia</span> <span class='ocrx_word' id='word_1_168' title='bbox 1708 865 1865 901; x_wconf 89' lang='lat' dir='ltr'>attendit</span> <span class='ocrx_word' id='word_1_169' title='bbox 1893 865 1931 902; x_wconf 94' lang='lat' dir='ltr'>id</span> <span class='ocrx_word' id='word_1_170' title='bbox 1960 868 2065 914; x_wconf 91' lang='lat' dir='ltr'>quod</span> <span class='ocrx_word' id='word_1_171' title='bbox 2099 875 2155 903; x_wconf 89' lang='lat' dir='ltr'>est</span> <span class='ocrx_word' id='word_1_172' title='bbox 2188 867 2360 904; x_wconf 90' lang='lat' dir='ltr'>debitum</span> <span class='ocrx_word' id='word_1_173' title='bbox 2394 867 2511 904; x_wconf 90' lang='lat' dir='ltr'>alteri.</span> 
     </span>
     <span class='ocr_line' id='line_1_15' title="bbox 303 917 2512 974; baseline -0.002 -13"><span class='ocrx_word' id='word_1_174' title='bbox 303 936 377 974; x_wconf 82' lang='lat' dir='ltr'>per</span> <span class='ocrx_word' id='word_1_175' title='bbox 403 936 444 961; x_wconf 82' lang='lat' dir='ltr'>se</span> <span class='ocrx_word' id='word_1_176' title='bbox 470 924 708 973; x_wconf 83' lang='lat' dir='ltr'>sufficientia.</span> <span class='ocrx_word' id='word_1_177' title='bbox 740 923 921 961; x_wconf 89' lang='lat' dir='ltr'>Secundo</span> <span class='ocrx_word' id='word_1_178' title='bbox 949 934 1058 968; x_wconf 88' lang='lat' dir='ltr'>vero,</span> <span class='ocrx_word' id='word_1_179' title='bbox 1086 929 1129 958; x_wconf 94' lang='lat' dir='ltr'>ut</span> <span class='ocrx_word' id='word_1_180' title='bbox 1157 921 1278 957; x_wconf 92' lang='lat' dir='ltr'>homo</span> <span class='ocrx_word' id='word_1_181' title='bbox 1307 931 1386 955; x_wconf 92' lang='lat' dir='ltr'>non</span> <span class='ocrx_word' id='word_1_182' title='bbox 1413 944 1415 963; x_wconf 22' lang='grc' dir='ltr'>ξ</span> <span class='ocrx_word' id='word_1_183' title='bbox 1442 917 1529 953; x_wconf 91' lang='lat' dir='ltr'>Hoc</span> <span class='ocrx_word' id='word_1_184' title='bbox 1568 924 1696 953; x_wconf 91' lang='lat' dir='ltr'>autem</span> <span class='ocrx_word' id='word_1_185' title='bbox 1736 918 1925 955; x_wconf 90' lang='lat' dir='ltr'>modestia</span> <span class='ocrx_word' id='word_1_186' title='bbox 1963 931 2041 966; x_wconf 81' lang='lat' dir='ltr'>non</span> <span class='ocrx_word' id='word_1_187' title='bbox 2078 920 2251 967; x_wconf 84' lang='lat' dir='ltr'>attendit,</span> <span class='ocrx_word' id='word_1_188' title='bbox 2283 921 2350 957; x_wconf 88' lang='lat' dir='ltr'>sed</span> <span class='ocrx_word' id='word_1_189' title='bbox 2387 921 2512 957; x_wconf 89' lang='lat' dir='ltr'>solum</span> 
     </span>
     <span class='ocr_line' id='line_1_16' title="bbox 310 969 2514 1027; baseline -0.002 -12"><span class='ocrx_word' id='word_1_190' title='bbox 310 977 424 1016; x_wconf 91' lang='lat' dir='ltr'>nimis</span> <span class='ocrx_word' id='word_1_191' title='bbox 445 977 629 1027; x_wconf 86' lang='lat' dir='ltr'>exquisita</span> <span class='ocrx_word' id='word_1_192' title='bbox 650 977 832 1025; x_wconf 88' lang='lat' dir='ltr'>requirat:</span> <span class='ocrx_word' id='word_1_193' title='bbox 855 983 891 1013; x_wconf 91' lang='lat' dir='ltr'>et</span> <span class='ocrx_word' id='word_1_194' title='bbox 906 983 1095 1025; x_wconf 87' lang='lat' dir='ltr'>quantum</span> <span class='ocrx_word' id='word_1_195' title='bbox 1116 974 1164 1011; x_wconf 89' lang='lat' dir='ltr'>ad</span> <span class='ocrx_word' id='word_1_196' title='bbox 1184 974 1260 1010; x_wconf 90' lang='lat' dir='ltr'>hoc</span> <span class='ocrx_word' id='word_1_197' title='bbox 1278 972 1388 1022; x_wconf 90' lang='lat' dir='ltr'>ponit</span> <span class='ocrx_word' id='word_1_198' title='bbox 1414 978 1415 1023; x_wconf 56' lang='grc' dir='ltr'><strong><em>ᾖ</em></strong></span> <span class='ocrx_word' id='word_1_199' title='bbox 1443 969 1751 1007; x_wconf 88' lang='lat' dir='ltr'>moderationem</span> <span class='ocrx_word' id='word_1_200' title='bbox 1791 972 1997 1019; x_wconf 90' lang='lat' dir='ltr'>quandam.</span> <span class='ocrx_word' id='word_1_201' title='bbox 2037 974 2085 1009; x_wconf 90' lang='lat' dir='ltr'>Et</span> <span class='ocrx_word' id='word_1_202' title='bbox 2119 973 2206 1010; x_wconf 90' lang='lat' dir='ltr'>ideo</span> <span class='ocrx_word' id='word_1_203' title='bbox 2243 986 2321 1011; x_wconf 89' lang='lat' dir='ltr'>non</span> <span class='ocrx_word' id='word_1_204' title='bbox 2359 974 2514 1023; x_wconf 89' lang='lat' dir='ltr'>ponitur</span> 
     </span>
     <span class='ocr_line' id='line_1_17' title="bbox 311 1023 2146 1078; baseline -0.003 -10"><span class='ocrx_word' id='word_1_205' title='bbox 311 1031 536 1069; x_wconf 87' lang='lat' dir='ltr'>Macrobius</span> <span class='ocrx_word' id='word_1_206' title='bbox 564 1031 876 1076; x_wconf 86' lang='lat' dir='ltr'>moderationem,</span> <span class='ocrx_word' id='word_1_207' title='bbox 906 1027 1152 1067; x_wconf 90' lang='lat' dir='ltr'>Andronicus</span> <span class='ocrx_word' id='word_1_208' title='bbox 1179 1039 1275 1063; x_wconf 90' lang='lat' dir='ltr'>vero</span> <span class='ocrx_word' id='word_1_209' title='bbox 1299 1026 1388 1063; x_wconf 82' lang='lat' dir='ltr'>sim·</span> <span class='ocrx_word' id='word_1_210' title='bbox 1414 1041 1416 1078; x_wconf 29' lang='grc' dir='ltr'>ζ</span> <span class='ocrx_word' id='word_1_211' title='bbox 1442 1036 1531 1073; x_wconf 89' lang='lat' dir='ltr'>pars</span> <span class='ocrx_word' id='word_1_212' title='bbox 1559 1023 1732 1069; x_wconf 90' lang='lat' dir='ltr'>iustitiae,</span> <span class='ocrx_word' id='word_1_213' title='bbox 1763 1024 1831 1061; x_wconf 91' lang='lat' dir='ltr'>sed</span> <span class='ocrx_word' id='word_1_214' title='bbox 1859 1026 2146 1074; x_wconf 86' lang='lat' dir='ltr'>temperantiae.</span> 
     </span>
     <span class='ocr_line' id='line_1_18' title="bbox 306 1079 2514 1134; baseline 0.001 -19"><span class='ocrx_word' id='word_1_215' title='bbox 306 1085 526 1134; x_wconf 72' lang='lat' dir='ltr'>plicitatem‚</span> <span class='ocrx_word' id='word_1_216' title='bbox 1415 1102 1416 1119; x_wconf 56' lang='lat'>2</span> <span class='ocrx_word' id='word_1_217' title='bbox 1496 1079 1556 1114; x_wconf 82' lang='lat' dir='ltr'>An</span> <span class='ocrx_word' id='word_1_218' title='bbox 1586 1088 1761 1119; x_wconf 74' lang='lat' dir='ltr'><strong>QUARTUM</strong></span> <span class='ocrx_word' id='word_1_219' title='bbox 1797 1090 1981 1116; x_wconf 76' lang='lat' dir='ltr'>mci—:NDUM</span> <span class='ocrx_word' id='word_1_220' title='bbox 2019 1080 2123 1127; x_wconf 92' lang='lat' dir='ltr'>quod</span> <span class='ocrx_word' id='word_1_221' title='bbox 2153 1081 2302 1117; x_wconf 83' lang='lat' dir='ltr'>Tullius</span> <span class='ocrx_word' id='word_1_222' title='bbox 2331 1082 2402 1118; x_wconf 92' lang='lat' dir='ltr'>sub</span> <span class='ocrx_word' id='word_1_223' title='bbox 2432 1094 2514 1118; x_wconf 90' lang='lat' dir='ltr'>mo-</span> 
     </span>
    </p>

    <p class='ocr_par' dir='ltr' id='par_1_7' title="bbox 312 1130 2514 1241">
     <span class='ocr_line' id='line_1_19' title="bbox 365 1130 2514 1183; baseline -0.002 -8"><span class='ocrx_word' id='word_1_224' title='bbox 365 1141 424 1175; x_wconf 83' lang='lat' dir='ltr'>An</span> <span class='ocrx_word' id='word_1_225' title='bbox 452 1150 591 1175; x_wconf 70' lang='lat' dir='ltr'>ramum</span> <span class='ocrx_word' id='word_1_226' title='bbox 612 1149 711 1174; x_wconf 82' lang='lat' dir='ltr'>ERGO</span> <span class='ocrx_word' id='word_1_227' title='bbox 731 1147 917 1174; x_wconf 66' lang='lat' dir='ltr'>memnon</span> <span class='ocrx_word' id='word_1_228' title='bbox 938 1134 1044 1183; x_wconf 93' lang='lat' dir='ltr'>quod</span> <span class='ocrx_word' id='word_1_229' title='bbox 1066 1132 1299 1170; x_wconf 91' lang='lat' dir='ltr'>continentia</span> <span class='ocrx_word' id='word_1_230' title='bbox 1321 1131 1388 1169; x_wconf 91' lang='lat' dir='ltr'>dif-</span> <span class='ocrx_word' id='word_1_231' title='bbox 1415 1152 1416 1181; x_wconf 64' lang='lat' dir='ltr'>l</span> <span class='ocrx_word' id='word_1_232' title='bbox 1445 1130 1564 1167; x_wconf 90' lang='lat' dir='ltr'>destia</span> <span class='ocrx_word' id='word_1_233' title='bbox 1594 1131 1886 1179; x_wconf 90' lang='lat' dir='ltr'>comprehendit</span> <span class='ocrx_word' id='word_1_234' title='bbox 1908 1132 2038 1169; x_wconf 91' lang='lat' dir='ltr'>omnia</span> <span class='ocrx_word' id='word_1_235' title='bbox 2058 1133 2118 1170; x_wconf 86' lang='lat' dir='ltr'>illa</span> <span class='ocrx_word' id='word_1_236' title='bbox 2139 1145 2238 1181; x_wconf 91' lang='lat' dir='ltr'>quae</span> <span class='ocrx_word' id='word_1_237' title='bbox 2258 1134 2446 1182; x_wconf 86' lang='lat' dir='ltr'>pertinent</span> <span class='ocrx_word' id='word_1_238' title='bbox 2466 1135 2514 1172; x_wconf 93' lang='lat' dir='ltr'>ad</span> 
     </span>
     <span class='ocr_line' id='line_1_20' title="bbox 312 1183 2514 1241; baseline -0.002 -12"><span class='ocrx_word' id='word_1_239' title='bbox 312 1192 383 1229; x_wconf 86' lang='lat' dir='ltr'>fert</span> <span class='ocrx_word' id='word_1_240' title='bbox 410 1192 567 1241; x_wconf 91' lang='lat' dir='ltr'>quidem</span> <span class='ocrx_word' id='word_1_241' title='bbox 596 1203 618 1227; x_wconf 92' lang='lat' dir='ltr'>a</span> <span class='ocrx_word' id='word_1_242' title='bbox 645 1190 785 1227; x_wconf 92' lang='lat' dir='ltr'>virtute</span> <span class='ocrx_word' id='word_1_243' title='bbox 806 1189 902 1226; x_wconf 91' lang='lat' dir='ltr'>sicut</span> <span class='ocrx_word' id='word_1_244' title='bbox 930 1187 1197 1237; x_wconf 87' lang='lat' dir='ltr'>imperfectum</span> <span class='ocrx_word' id='word_1_245' title='bbox 1224 1198 1247 1222; x_wconf 89' lang='lat' dir='ltr'>a</span> <span class='ocrx_word' id='word_1_246' title='bbox 1266 1186 1388 1234; x_wconf 85' lang='lat' dir='ltr'>perse·</span> <span class='ocrx_word' id='word_1_247' title='bbox 1415 1185 1417 1227; x_wconf 67' lang='grc' dir='ltr'>ᾗ</span> <span class='ocrx_word' id='word_1_248' title='bbox 1443 1183 1750 1221; x_wconf 91' lang='lat' dir='ltr'>moderationem</span> <span class='ocrx_word' id='word_1_249' title='bbox 1788 1186 2042 1234; x_wconf 92' lang='lat' dir='ltr'>corporalium</span> <span class='ocrx_word' id='word_1_250' title='bbox 2078 1195 2256 1223; x_wconf 89' lang='lat' dir='ltr'>motuum</span> <span class='ocrx_word' id='word_1_251' title='bbox 2292 1195 2327 1223; x_wconf 91' lang='lat' dir='ltr'>et</span> <span class='ocrx_word' id='word_1_252' title='bbox 2356 1188 2514 1224; x_wconf 84' lang='lat' dir='ltr'>exterio-</span> 
     </span>
    </p>
   </div>
   <div class='ocr_carea' id='block_1_7' title="bbox 70 1235 2515 1306">
    <p class='ocr_par' dir='ltr' id='par_1_8' title="bbox 70 1235 2515 1306">
     <span class='ocr_line' id='line_1_21' title="bbox 70 1235 2515 1306; baseline -0.001 -26"><span class='ocrx_word' id='word_1_253' title='bbox 70 1250 208 1306; x_wconf 46' lang='lat'>2133223.</span> <span class='ocrx_word' id='word_1_254' title='bbox 218 1280 285 1299; x_wconf 69' lang='lat' dir='ltr'>mn.</span> <span class='ocrx_word' id='word_1_255' title='bbox 313 1253 373 1282; x_wconf 91' lang='lat' dir='ltr'>cto</span> <span class='ocrx_word' id='word_1_256' title='bbox 393 1244 426 1292; x_wconf 77' lang='lat'>²¹⁸,</span> <span class='ocrx_word' id='word_1_257' title='bbox 447 1252 488 1281; x_wconf 94' lang='lat' dir='ltr'>ut</span> <span class='ocrx_word' id='word_1_258' title='bbox 506 1244 606 1290; x_wconf 66' lang='lat' dir='ltr'>infra</span> <span class='ocrx_word' id='word_1_259' title='bbox 621 1243 663 1265; x_wconf 70' lang='lat'>*³¹²</span> <span class='ocrx_word' id='word_1_260' title='bbox 683 1243 846 1280; x_wconf 86' lang='lat' dir='ltr'>dicetur:</span> <span class='ocrx_word' id='word_1_261' title='bbox 877 1250 914 1279; x_wconf 92' lang='lat' dir='ltr'>et</span> <span class='ocrx_word' id='word_1_262' title='bbox 932 1242 1007 1279; x_wconf 93' lang='lat' dir='ltr'>hoc</span> <span class='ocrx_word' id='word_1_263' title='bbox 1029 1240 1148 1278; x_wconf 91' lang='lat' dir='ltr'>modo</span> <span class='ocrx_word' id='word_1_264' title='bbox 1177 1238 1389 1276; x_wconf 89' lang='lat' dir='ltr'>condividi-</span> <span class='ocrx_word' id='word_1_265' title='bbox 1415 1235 1417 1263; x_wconf 50' lang='grc' dir='ltr'>ἵ</span> <span class='ocrx_word' id='word_1_266' title='bbox 1446 1249 1531 1274; x_wconf 89' lang='lat' dir='ltr'>rum</span> <span class='ocrx_word' id='word_1_267' title='bbox 1562 1249 1708 1283; x_wconf 90' lang='lat' dir='ltr'>rerum;</span> <span class='ocrx_word' id='word_1_268' title='bbox 1740 1245 1776 1274; x_wconf 91' lang='lat' dir='ltr'>et</span> <span class='ocrx_word' id='word_1_269' title='bbox 1805 1238 1917 1275; x_wconf 91' lang='lat' dir='ltr'>etiam</span> <span class='ocrx_word' id='word_1_270' title='bbox 1949 1240 2255 1277; x_wconf 88' lang='lat' dir='ltr'>moderationem</span> <span class='ocrx_word' id='word_1_271' title='bbox 2285 1241 2376 1289; x_wconf 87' lang='lat' dir='ltr'>spei,</span> <span class='ocrx_word' id='word_1_272' title='bbox 2398 1254 2515 1291; x_wconf 88' lang='lat' dir='ltr'>quam</span> 
     </span>
    </p>
   </div>
   <div class='ocr_carea' id='block_1_8' title="bbox 269 1279 2238 1343">
    <p class='ocr_par' dir='ltr' id='par_1_9' title="bbox 269 1279 2238 1343">
     <span class='ocr_line' id='line_1_22' title="bbox 269 1279 2238 1343; baseline -0.003 -8"><span class='ocrx_word' id='word_1_273' title='bbox 269 1334 274 1335; x_wconf 22' lang='lat' dir='ltr'>e</span> <span class='ocrx_word' id='word_1_274' title='bbox 304 1306 372 1337; x_wconf 71' lang='lat' dir='ltr'>tur</span> <span class='ocrx_word' id='word_1_275' title='bbox 390 1297 529 1335; x_wconf 65' lang='lat' dir='ltr'>virtuti.</span> <span class='ocrx_word' id='word_1_276' title='bbox 553 1297 747 1334; x_wconf 89' lang='lat' dir='ltr'>Convenit</span> <span class='ocrx_word' id='word_1_277' title='bbox 765 1304 895 1335; x_wconf 87' lang='lat' dir='ltr'>tamen</span> <span class='ocrx_word' id='word_1_278' title='bbox 913 1307 1001 1332; x_wconf 92' lang='lat' dir='ltr'>cum</span> <span class='ocrx_word' id='word_1_279' title='bbox 1021 1293 1275 1343; x_wconf 89' lang='lat' dir='ltr'>temperantia</span> <span class='ocrx_word' id='word_1_280' title='bbox 1295 1300 1331 1329; x_wconf 90' lang='lat' dir='ltr'>et</span> <span class='ocrx_word' id='word_1_281' title='bbox 1350 1291 1388 1329; x_wconf 91' lang='lat' dir='ltr'>in</span> <span class='ocrx_word' id='word_1_282' title='bbox 1415 1279 1418 1327; x_wconf 70' lang='lat' dir='ltr'>l</span> <span class='ocrx_word' id='word_1_283' title='bbox 1446 1290 1610 1328; x_wconf 86' lang='lat' dir='ltr'>diximus</span> <span class='ocrx_word' id='word_1_284' title='bbox 1628 1290 1648 1312; x_wconf 75' lang='lat'>’¹‘</span> <span class='ocrx_word' id='word_1_285' title='bbox 1677 1291 1727 1328; x_wconf 90' lang='lat' dir='ltr'>ad</span> <span class='ocrx_word' id='word_1_286' title='bbox 1755 1292 2007 1330; x_wconf 88' lang='lat' dir='ltr'>humilitatem</span> <span class='ocrx_word' id='word_1_287' title='bbox 2036 1293 2238 1342; x_wconf 89' lang='lat' dir='ltr'>pertinere.</span> 
     </span>
    </p>
   </div>
   <div class='ocr_carea' id='block_1_9' title="bbox 365 1447 2519 1490">
    <p class='ocr_par' dir='ltr' id='par_1_10' title="bbox 365 1447 2519 1490">
     <span class='ocr_line' id='line_1_23' title="bbox 365 1447 2519 1490; baseline 0.001 -14"><span class='ocrx_word' id='word_1_288' title='bbox 365 1455 395 1489; x_wconf 78' lang='grc' dir='ltr'>ζ)</span> <span class='ocrx_word' id='word_1_289' title='bbox 405 1457 528 1490; x_wconf 67' lang='lat' dir='ltr'>firmum,</span> <span class='ocrx_word' id='word_1_290' title='bbox 540 1470 558 1475; x_wconf 83' lang='lat'><em>-</em></span> <span class='ocrx_word' id='word_1_291' title='bbox 571 1456 692 1487; x_wconf 64' lang='lat' dir='ltr'>firmiter</span> <span class='ocrx_word' id='word_1_292' title='bbox 711 1455 785 1481; x_wconf 68' lang='lat' dir='ltr'>psa,</span> <span class='ocrx_word' id='word_1_293' title='bbox 1495 1447 1526 1482; x_wconf 86' lang='grc' dir='ltr'>η)</span> <span class='ocrx_word' id='word_1_294' title='bbox 1542 1449 1741 1475; x_wconf 82' lang='lat' dir='ltr'>convenienter.</span> <span class='ocrx_word' id='word_1_295' title='bbox 1753 1463 1771 1469; x_wconf 95' lang='lat'>-</span> <span class='ocrx_word' id='word_1_296' title='bbox 1791 1450 2007 1475; x_wconf 81' lang='lat' dir='ltr'>inconvenienter</span> <span class='ocrx_word' id='word_1_297' title='bbox 2026 1451 2186 1484; x_wconf 84' lang='lat' dir='ltr'>BEFKLpC,</span> <span class='ocrx_word' id='word_1_298' title='bbox 2203 1460 2255 1477; x_wconf 87' lang='lat' dir='ltr'>non</span> <span class='ocrx_word' id='word_1_299' title='bbox 2271 1453 2486 1478; x_wconf 77' lang='lat' dir='ltr'>inconvenienter</span> <span class='ocrx_word' id='word_1_300' title='bbox 2501 1453 2519 1478; x_wconf 90' lang='lat'>1.</span> 
     </span>
    </p>
   </div>
   <div class='ocr_carea' id='block_1_10' title="bbox 991 1545 1834 1584">
    <p class='ocr_par' dir='ltr' id='par_1_11' title="bbox 991 1545 1834 1584">
     <span class='ocr_line' id='line_1_24' title="bbox 991 1545 1834 1584; baseline -0.005 0"><span class='ocrx_word' id='word_1_301' title='bbox 991 1548 1330 1584; x_wconf 70' lang='lat' dir='ltr'>commentaria</span> <span class='ocrx_word' id='word_1_302' title='bbox 1352 1545 1608 1579; x_wconf 74' lang='lat' dir='ltr'>Cardinalis</span> <span class='ocrx_word' id='word_1_303' title='bbox 1630 1546 1834 1580; x_wconf 66' lang='lat' dir='ltr'>Caieeani</span> 
     </span>
    </p>
   </div>
   <div class='ocr_carea' id='block_1_11' title="bbox 71 1641 2526 3112">
    <p class='ocr_par' dir='ltr' id='par_1_12' title="bbox 71 1641 2526 3112">
     <span class='ocr_line' id='line_1_25' title="bbox 345 1641 2520 1689; baseline -0.001 -9"><span class='ocrx_word' id='word_1_304' title='bbox 345 1658 365 1680; x_wconf 71' lang='lat' dir='ltr'>u</span> <span class='ocrx_word' id='word_1_305' title='bbox 388 1647 522 1680; x_wconf 85' lang='lat' dir='ltr'>articulo</span> <span class='ocrx_word' id='word_1_306' title='bbox 540 1647 636 1678; x_wconf 89' lang='lat' dir='ltr'>unico</span> <span class='ocrx_word' id='word_1_307' title='bbox 653 1646 849 1689; x_wconf 81' lang='lat' dir='ltr'>quaestionis</span> <span class='ocrx_word' id='word_1_308' title='bbox 873 1643 1388 1687; x_wconf 86' lang='lat' dir='ltr'>centesimaequadragesimaeter-</span> <span class='ocrx_word' id='word_1_309' title='bbox 1416 1641 1418 1665; x_wconf 69' lang='grc' dir='ltr'>ἕ</span> <span class='ocrx_word' id='word_1_310' title='bbox 1444 1649 1491 1673; x_wconf 89' lang='lat' dir='ltr'>est</span> <span class='ocrx_word' id='word_1_311' title='bbox 1514 1642 1721 1683; x_wconf 83' lang='lat' dir='ltr'>principalior</span> <span class='ocrx_word' id='word_1_312' title='bbox 1744 1653 1843 1684; x_wconf 90' lang='lat' dir='ltr'>quam</span> <span class='ocrx_word' id='word_1_313' title='bbox 1868 1644 2016 1675; x_wconf 86' lang='lat' dir='ltr'>materiae</span> <span class='ocrx_word' id='word_1_314' title='bbox 2040 1643 2183 1681; x_wconf 87' lang='lat' dir='ltr'>istarum,</span> <span class='ocrx_word' id='word_1_315' title='bbox 2201 1652 2231 1676; x_wconf 90' lang='lat' dir='ltr'>et</span> <span class='ocrx_word' id='word_1_316' title='bbox 2250 1646 2428 1677; x_wconf 87' lang='lat' dir='ltr'>moderatio</span> <span class='ocrx_word' id='word_1_317' title='bbox 2453 1647 2520 1677; x_wconf 91' lang='lat' dir='ltr'>eius</span> 
     </span>
     <span class='ocr_line' id='line_1_26' title="bbox 319 1661 2167 1734; baseline -0.002 -11"><span class='ocrx_word' id='word_1_318' title='bbox 319 1661 419 1729; x_wconf 74' lang='lat' dir='ltr'>ltiae,</span> <span class='ocrx_word' id='word_1_319' title='bbox 436 1693 475 1724; x_wconf 91' lang='lat' dir='ltr'>de</span> <span class='ocrx_word' id='word_1_320' title='bbox 499 1691 641 1733; x_wconf 86' lang='lat' dir='ltr'>partibus</span> <span class='ocrx_word' id='word_1_321' title='bbox 665 1691 903 1734; x_wconf 79' lang='lat' dir='ltr'>temperantiae,</span> <span class='ocrx_word' id='word_1_322' title='bbox 920 1690 1018 1721; x_wconf 84' lang='lat' dir='ltr'>dubia</span> <span class='ocrx_word' id='word_1_323' title='bbox 1042 1690 1144 1720; x_wconf 85' lang='lat' dir='ltr'>multa</span> <span class='ocrx_word' id='word_1_324' title='bbox 1161 1699 1198 1720; x_wconf 87' lang='lat' dir='ltr'>ex</span> <span class='ocrx_word' id='word_1_325' title='bbox 1218 1687 1356 1719; x_wconf 82' lang='lat' dir='ltr'>Martino</span> <span class='ocrx_word' id='word_1_326' title='bbox 1372 1686 1390 1705; x_wconf 87' lang='lat'><strong><em>*</em></strong></span> <span class='ocrx_word' id='word_1_327' title='bbox 1417 1691 1418 1726; x_wconf 71' lang='lat' dir='ltr'><strong>j</strong></span> <span class='ocrx_word' id='word_1_328' title='bbox 1445 1694 1492 1718; x_wconf 90' lang='lat' dir='ltr'>est</span> <span class='ocrx_word' id='word_1_329' title='bbox 1516 1686 1674 1718; x_wconf 90' lang='lat' dir='ltr'>difficilior</span> <span class='ocrx_word' id='word_1_330' title='bbox 1697 1698 1796 1728; x_wconf 88' lang='lat' dir='ltr'>quam</span> <span class='ocrx_word' id='word_1_331' title='bbox 1821 1689 1999 1719; x_wconf 86' lang='lat' dir='ltr'>moderatio</span> <span class='ocrx_word' id='word_1_332' title='bbox 2024 1688 2167 1719; x_wconf 87' lang='lat' dir='ltr'>istarum.</span> 
     </span>
     <span class='ocr_line' id='line_1_27' title="bbox 165 1731 2521 1778; baseline -0.001 -9"><span class='ocrx_word' id='word_1_333' title='bbox 165 1771 171 1777; x_wconf 67' lang='grc'><strong>,</strong></span> <span class='ocrx_word' id='word_1_334' title='bbox 315 1744 504 1774; x_wconf 89' lang='lat' dir='ltr'>occurrunt,</span> <span class='ocrx_word' id='word_1_335' title='bbox 536 1737 568 1767; x_wconf 92' lang='lat' dir='ltr'>in</span> <span class='ocrx_word' id='word_1_336' title='bbox 603 1746 657 1778; x_wconf 91' lang='lat' dir='ltr'>qu.</span> <span class='ocrx_word' id='word_1_337' title='bbox 682 1747 727 1767; x_wconf 87' lang='lat'>111.</span> <span class='ocrx_word' id='word_1_338' title='bbox 758 1736 905 1767; x_wconf 88' lang='lat' dir='ltr'>Primum</span> <span class='ocrx_word' id='word_1_339' title='bbox 936 1735 1073 1766; x_wconf 88' lang='lat' dir='ltr'>dubium</span> <span class='ocrx_word' id='word_1_340' title='bbox 1103 1740 1149 1764; x_wconf 91' lang='lat' dir='ltr'>est</span> <span class='ocrx_word' id='word_1_341' title='bbox 1178 1733 1216 1763; x_wconf 90' lang='lat' dir='ltr'>de</span> <span class='ocrx_word' id='word_1_342' title='bbox 1248 1731 1390 1773; x_wconf 85' lang='lat' dir='ltr'>partibus</span> <span class='ocrx_word' id='word_1_343' title='bbox 1417 1739 1418 1742; x_wconf 77' lang='grc'>’</span> <span class='ocrx_word' id='word_1_344' title='bbox 1502 1731 1554 1762; x_wconf 87' lang='lat'>111.</span> <span class='ocrx_word' id='word_1_345' title='bbox 1579 1732 1727 1762; x_wconf 86' lang='lat' dir='ltr'>Tertium</span> <span class='ocrx_word' id='word_1_346' title='bbox 1753 1732 1888 1763; x_wconf 88' lang='lat' dir='ltr'>dubium</span> <span class='ocrx_word' id='word_1_347' title='bbox 1908 1733 1926 1752; x_wconf 78' lang='lat'>‘⁸‘</span> <span class='ocrx_word' id='word_1_348' title='bbox 1950 1733 2051 1764; x_wconf 87' lang='lat' dir='ltr'>multa</span> <span class='ocrx_word' id='word_1_349' title='bbox 2076 1734 2235 1765; x_wconf 90' lang='lat' dir='ltr'>continet:</span> <span class='ocrx_word' id='word_1_350' title='bbox 2262 1742 2309 1765; x_wconf 87' lang='lat' dir='ltr'>est</span> <span class='ocrx_word' id='word_1_351' title='bbox 2323 1745 2463 1776; x_wconf 88' lang='lat' dir='ltr'>namque</span> <span class='ocrx_word' id='word_1_352' title='bbox 2482 1736 2521 1766; x_wconf 89' lang='lat' dir='ltr'>de</span> 
     </span>
     <span class='ocr_line' id='line_1_28' title="bbox 74 1775 2520 1823; baseline -0.003 -6"><span class='ocrx_word' id='word_1_353' title='bbox 74 1793 85 1807; x_wconf 84' lang='lat'><strong>·</strong></span> <span class='ocrx_word' id='word_1_354' title='bbox 97 1792 135 1817; x_wconf 76' lang='lat' dir='ltr'>et.</span> <span class='ocrx_word' id='word_1_355' title='bbox 149 1798 214 1817; x_wconf 75' lang='lat' dir='ltr'>mn.</span> <span class='ocrx_word' id='word_1_356' title='bbox 228 1798 260 1815; x_wconf 79' lang='lat' dir='ltr'>w.</span> <span class='ocrx_word' id='word_1_357' title='bbox 314 1782 520 1823; x_wconf 81' lang='lat' dir='ltr'>integralibus</span> <span class='ocrx_word' id='word_1_358' title='bbox 535 1781 562 1812; x_wconf 86' lang='grc'>*.</span> <span class='ocrx_word' id='word_1_359' title='bbox 588 1780 673 1818; x_wconf 81' lang='lat' dir='ltr'>Quia</span> <span class='ocrx_word' id='word_1_360' title='bbox 697 1781 783 1812; x_wconf 87' lang='lat' dir='ltr'>enirn</span> <span class='ocrx_word' id='word_1_361' title='bbox 799 1780 892 1822; x_wconf 90' lang='lat' dir='ltr'>ponit</span> <span class='ocrx_word' id='word_1_362' title='bbox 906 1782 1029 1811; x_wconf 88' lang='lat' dir='ltr'>Auctor</span> <span class='ocrx_word' id='word_1_363' title='bbox 1047 1777 1270 1809; x_wconf 90' lang='lat' dir='ltr'>verecundiam</span> <span class='ocrx_word' id='word_1_364' title='bbox 1286 1783 1316 1807; x_wconf 88' lang='lat' dir='ltr'>et</span> <span class='ocrx_word' id='word_1_365' title='bbox 1333 1775 1391 1806; x_wconf 89' lang='lat' dir='ltr'>ho-</span> <span class='ocrx_word' id='word_1_366' title='bbox 1446 1776 1555 1807; x_wconf 88' lang='lat' dir='ltr'>multis</span> <span class='ocrx_word' id='word_1_367' title='bbox 1570 1776 1603 1806; x_wconf 87' lang='lat' dir='ltr'>in</span> <span class='ocrx_word' id='word_1_368' title='bbox 1619 1776 1762 1807; x_wconf 88' lang='lat' dir='ltr'>doctrina</span> <span class='ocrx_word' id='word_1_369' title='bbox 1785 1777 1881 1808; x_wconf 89' lang='lat' dir='ltr'>huius</span> <span class='ocrx_word' id='word_1_370' title='bbox 1898 1778 2020 1808; x_wconf 85' lang='lat' dir='ltr'>articuli</span> <span class='ocrx_word' id='word_1_371' title='bbox 2044 1778 2204 1819; x_wconf 83' lang='lat' dir='ltr'>expositis.</span> <span class='ocrx_word' id='word_1_372' title='bbox 2234 1779 2341 1810; x_wconf 88' lang='lat' dir='ltr'>Refert</span> <span class='ocrx_word' id='word_1_373' title='bbox 2362 1779 2520 1820; x_wconf 88' lang='lat' dir='ltr'>siquidem</span> 
     </span>
     <span class='ocr_line' id='line_1_29' title="bbox 71 1820 2520 1868; baseline -0.001 -10"><span class='ocrx_word' id='word_1_374' title='bbox 71 1840 73 1842; x_wconf 89' lang='lat'>·</span> <span class='ocrx_word' id='word_1_375' title='bbox 315 1833 471 1866; x_wconf 70' lang='lat' dir='ltr'>aestatem</span> <span class='ocrx_word' id='word_1_376' title='bbox 501 1833 604 1868; x_wconf 86' lang='lat' dir='ltr'>partes</span> <span class='ocrx_word' id='word_1_377' title='bbox 635 1825 802 1866; x_wconf 85' lang='lat' dir='ltr'>integrales</span> <span class='ocrx_word' id='word_1_378' title='bbox 834 1824 1072 1865; x_wconf 81' lang='lat' dir='ltr'>temperantiae,</span> <span class='ocrx_word' id='word_1_379' title='bbox 1096 1822 1200 1863; x_wconf 88' lang='lat' dir='ltr'>arguit</span> <span class='ocrx_word' id='word_1_380' title='bbox 1223 1820 1392 1861; x_wconf 88' lang='lat' dir='ltr'>dupliciter</span> <span class='ocrx_word' id='word_1_381' title='bbox 1445 1821 1556 1857; x_wconf 87' lang='lat' dir='ltr'>illum,</span> <span class='ocrx_word' id='word_1_382' title='bbox 1581 1820 1701 1851; x_wconf 87' lang='lat' dir='ltr'>ibidem</span> <span class='ocrx_word' id='word_1_383' title='bbox 1716 1821 1747 1857; x_wconf 85' lang='lat'>*‚</span> <span class='ocrx_word' id='word_1_384' title='bbox 1771 1821 1928 1853; x_wconf 82' lang='lat' dir='ltr'>Martinus</span> <span class='ocrx_word' id='word_1_385' title='bbox 1958 1823 1996 1852; x_wconf 92' lang='lat' dir='ltr'>de</span> <span class='ocrx_word' id='word_1_386' title='bbox 2025 1823 2122 1854; x_wconf 89' lang='lat' dir='ltr'>verbo</span> <span class='ocrx_word' id='word_1_387' title='bbox 2152 1824 2191 1854; x_wconf 87' lang='lat' dir='ltr'>ad</span> <span class='ocrx_word' id='word_1_388' title='bbox 2221 1825 2371 1854; x_wconf 91' lang='lat' dir='ltr'>verbum:</span> <span class='ocrx_word' id='word_1_389' title='bbox 2407 1824 2520 1855; x_wconf 91' lang='lat' dir='ltr'>deinde</span> 
     </span>
     <span class='ocr_line' id='line_1_30' title="bbox 74 1865 2519 1909; baseline -0.002 -6"><span class='ocrx_word' id='word_1_390' title='bbox 74 1874 209 1899; x_wconf 68' lang='lat' dir='ltr'>000aetm.</span> <span class='ocrx_word' id='word_1_391' title='bbox 223 1881 244 1897; x_wconf 82' lang='lat'>²-</span> <span class='ocrx_word' id='word_1_392' title='bbox 315 1870 503 1903; x_wconf 80' lang='lat' dir='ltr'>Martinus*</span> <span class='ocrx_word' id='word_1_393' title='bbox 526 1877 636 1901; x_wconf 87' lang='lat' dir='ltr'>contra</span> <span class='ocrx_word' id='word_1_394' title='bbox 659 1870 731 1901; x_wconf 91' lang='lat' dir='ltr'>hoc.</span> <span class='ocrx_word' id='word_1_395' title='bbox 761 1870 881 1906; x_wconf 85' lang='lat' dir='ltr'>Primo,</span> <span class='ocrx_word' id='word_1_396' title='bbox 906 1869 981 1900; x_wconf 89' lang='lat' dir='ltr'>Non</span> <span class='ocrx_word' id='word_1_397' title='bbox 1006 1868 1079 1909; x_wconf 90' lang='lat' dir='ltr'>plus</span> <span class='ocrx_word' id='word_1_398' title='bbox 1103 1873 1223 1908; x_wconf 90' lang='lat' dir='ltr'>spectat</span> <span class='ocrx_word' id='word_1_399' title='bbox 1246 1866 1286 1896; x_wconf 87' lang='lat' dir='ltr'>ad</span> <span class='ocrx_word' id='word_1_400' title='bbox 1311 1873 1390 1896; x_wconf 91' lang='lat' dir='ltr'>tem·</span> <span class='ocrx_word' id='word_1_401' title='bbox 1446 1865 1571 1896; x_wconf 85' lang='lat' dir='ltr'>subdit:</span> <span class='ocrx_word' id='word_1_402' title='bbox 1596 1882 1618 1888; x_wconf 93' lang='lat'>-</span> <span class='ocrx_word' id='word_1_403' title='bbox 1641 1865 1728 1896; x_wconf 89' lang='lat' dir='ltr'>Haec</span> <span class='ocrx_word' id='word_1_404' title='bbox 1752 1866 1864 1906; x_wconf 90' lang='lat' dir='ltr'>opinio</span> <span class='ocrx_word' id='word_1_405' title='bbox 1889 1866 1922 1897; x_wconf 92' lang='lat' dir='ltr'>in</span> <span class='ocrx_word' id='word_1_406' title='bbox 1947 1866 2055 1898; x_wconf 87' lang='lat' dir='ltr'>multis</span> <span class='ocrx_word' id='word_1_407' title='bbox 2081 1867 2195 1898; x_wconf 87' lang='lat' dir='ltr'>deficit.</span> <span class='ocrx_word' id='word_1_408' title='bbox 2227 1868 2347 1905; x_wconf 85' lang='lat' dir='ltr'>Primo,</span> <span class='ocrx_word' id='word_1_409' title='bbox 2378 1869 2410 1899; x_wconf 91' lang='lat' dir='ltr'>in</span> <span class='ocrx_word' id='word_1_410' title='bbox 2438 1869 2519 1900; x_wconf 89' lang='lat' dir='ltr'>hoc:</span> 
     </span>
     <span class='ocr_line' id='line_1_31' title="bbox 315 1910 2522 1958; baseline -0.001 -11"><span class='ocrx_word' id='word_1_411' title='bbox 315 1915 494 1958; x_wconf 87' lang='lat' dir='ltr'>perantiam</span> <span class='ocrx_word' id='word_1_412' title='bbox 525 1914 634 1955; x_wconf 83' lang='lat' dir='ltr'>fugere</span> <span class='ocrx_word' id='word_1_413' title='bbox 666 1914 900 1955; x_wconf 89' lang='lat' dir='ltr'>turpitudinem</span> <span class='ocrx_word' id='word_1_414' title='bbox 932 1913 978 1943; x_wconf 90' lang='lat' dir='ltr'>illi</span> <span class='ocrx_word' id='word_1_415' title='bbox 1009 1912 1193 1952; x_wconf 88' lang='lat' dir='ltr'>oppositam</span> <span class='ocrx_word' id='word_1_416' title='bbox 1224 1917 1254 1941; x_wconf 91' lang='lat' dir='ltr'>et</span> <span class='ocrx_word' id='word_1_417' title='bbox 1285 1919 1391 1940; x_wconf 88' lang='lat' dir='ltr'>amare</span> <span class='ocrx_word' id='word_1_418' title='bbox 1446 1910 1535 1951; x_wconf 89' lang='lat' dir='ltr'>quod</span> <span class='ocrx_word' id='word_1_419' title='bbox 1561 1919 1781 1951; x_wconf 85' lang='lat' dir='ltr'>quaecumque</span> <span class='ocrx_word' id='word_1_420' title='bbox 1805 1912 1909 1942; x_wconf 79' lang='lat' dir='ltr'>virtus</span> <span class='ocrx_word' id='word_1_421' title='bbox 1933 1911 2122 1942; x_wconf 85' lang='lat' dir='ltr'>moderatur</span> <span class='ocrx_word' id='word_1_422' title='bbox 2152 1913 2184 1942; x_wconf 86' lang='lat' dir='ltr'>in</span> <span class='ocrx_word' id='word_1_423' title='bbox 2210 1913 2276 1943; x_wconf 88' lang='lat' dir='ltr'>alia</span> <span class='ocrx_word' id='word_1_424' title='bbox 2301 1914 2449 1951; x_wconf 85' lang='lat' dir='ltr'>materia,</span> <span class='ocrx_word' id='word_1_425' title='bbox 2476 1919 2522 1944; x_wconf 86' lang='lat' dir='ltr'>est</span> 
     </span>
     <span class='ocr_line' id='line_1_32' title="bbox 316 1953 2522 2002; baseline -0.001 -11"><span class='ocrx_word' id='word_1_426' title='bbox 316 1959 589 2002; x_wconf 88' lang='lat' dir='ltr'>pulchritudinem</span> <span class='ocrx_word' id='word_1_427' title='bbox 613 1958 690 1995; x_wconf 85' lang='lat' dir='ltr'>eius,</span> <span class='ocrx_word' id='word_1_428' title='bbox 709 1969 807 2000; x_wconf 90' lang='lat' dir='ltr'>quam</span> <span class='ocrx_word' id='word_1_429' title='bbox 824 1959 865 1989; x_wconf 86' lang='lat' dir='ltr'>ad</span> <span class='ocrx_word' id='word_1_430' title='bbox 885 1957 1107 1988; x_wconf 87' lang='lat' dir='ltr'>fortitudinem</span> <span class='ocrx_word' id='word_1_431' title='bbox 1130 1955 1274 1996; x_wconf 87' lang='lat' dir='ltr'>refugere</span> <span class='ocrx_word' id='word_1_432' title='bbox 1292 1953 1392 1994; x_wconf 86' lang='lat' dir='ltr'>turpi·</span> <span class='ocrx_word' id='word_1_433' title='bbox 1440 1963 1524 1995; x_wconf 82' lang='lat' dir='ltr'>pars</span> <span class='ocrx_word' id='word_1_434' title='bbox 1554 1955 1795 1994; x_wconf 80' lang='lat' dir='ltr'>temperantiae.</span> <span class='ocrx_word' id='word_1_435' title='bbox 1829 1955 1914 1992; x_wconf 89' lang='lat' dir='ltr'>Quia</span> <span class='ocrx_word' id='word_1_436' title='bbox 1938 1955 1981 1986; x_wconf 87' lang='lat' dir='ltr'>sic</span> <span class='ocrx_word' id='word_1_437' title='bbox 2012 1956 2118 1987; x_wconf 91' lang='lat' dir='ltr'>omnis</span> <span class='ocrx_word' id='word_1_438' title='bbox 2148 1956 2247 1987; x_wconf 86' lang='lat' dir='ltr'>virtus</span> <span class='ocrx_word' id='word_1_439' title='bbox 2281 1957 2411 1988; x_wconf 92' lang='lat' dir='ltr'>moralis</span> <span class='ocrx_word' id='word_1_440' title='bbox 2442 1966 2522 1989; x_wconf 86' lang='lat' dir='ltr'>esset</span> 
     </span>
     <span class='ocr_line' id='line_1_33' title="bbox 317 1998 2523 2044; baseline -0.001 -8"><span class='ocrx_word' id='word_1_441' title='bbox 317 2004 462 2036; x_wconf 87' lang='lat' dir='ltr'>tudinem</span> <span class='ocrx_word' id='word_1_442' title='bbox 494 2010 525 2034; x_wconf 90' lang='lat' dir='ltr'>et</span> <span class='ocrx_word' id='word_1_443' title='bbox 552 2013 658 2033; x_wconf 88' lang='lat' dir='ltr'>amare</span> <span class='ocrx_word' id='word_1_444' title='bbox 685 2002 958 2044; x_wconf 89' lang='lat' dir='ltr'>pulchritudinem</span> <span class='ocrx_word' id='word_1_445' title='bbox 982 2001 1059 2032; x_wconf 88' lang='lat' dir='ltr'>eius.</span> <span class='ocrx_word' id='word_1_446' title='bbox 1091 2000 1153 2031; x_wconf 92' lang='lat' dir='ltr'>Sed</span> <span class='ocrx_word' id='word_1_447' title='bbox 1177 2006 1307 2041; x_wconf 89' lang='lat' dir='ltr'>propter</span> <span class='ocrx_word' id='word_1_448' title='bbox 1330 1998 1392 2029; x_wconf 90' lang='lat' dir='ltr'>hoc</span> <span class='ocrx_word' id='word_1_449' title='bbox 1447 2009 1518 2039; x_wconf 89' lang='lat' dir='ltr'>pars</span> <span class='ocrx_word' id='word_1_450' title='bbox 1543 1999 1786 2039; x_wconf 82' lang='lat' dir='ltr'>temperantiae:</span> <span class='ocrx_word' id='word_1_451' title='bbox 1812 2000 1967 2040; x_wconf 89' lang='lat' dir='ltr'>quoniam</span> <span class='ocrx_word' id='word_1_452' title='bbox 1992 2000 2097 2031; x_wconf 88' lang='lat' dir='ltr'>omnis</span> <span class='ocrx_word' id='word_1_453' title='bbox 2122 2009 2272 2041; x_wconf 87' lang='lat' dir='ltr'>operatur</span> <span class='ocrx_word' id='word_1_454' title='bbox 2288 2009 2318 2032; x_wconf 93' lang='lat' dir='ltr'>et</span> <span class='ocrx_word' id='word_1_455' title='bbox 2338 2003 2523 2034; x_wconf 82' lang='lat' dir='ltr'>moderatur</span> 
     </span>
     <span class='ocr_line' id='line_1_34' title="bbox 317 2043 1730 2088; baseline -0.005 -8"><span class='ocrx_word' id='word_1_456' title='bbox 317 2047 507 2080; x_wconf 83' lang='lat' dir='ltr'>verecundia</span> <span class='ocrx_word' id='word_1_457' title='bbox 532 2054 562 2078; x_wconf 91' lang='lat' dir='ltr'>et</span> <span class='ocrx_word' id='word_1_458' title='bbox 585 2047 736 2088; x_wconf 83' lang='lat' dir='ltr'>honestas</span> <span class='ocrx_word' id='word_1_459' title='bbox 765 2057 831 2078; x_wconf 91' lang='lat' dir='ltr'>non</span> <span class='ocrx_word' id='word_1_460' title='bbox 861 2053 1028 2087; x_wconf 87' lang='lat' dir='ltr'>ponuntur</span> <span class='ocrx_word' id='word_1_461' title='bbox 1056 2051 1160 2086; x_wconf 88' lang='lat' dir='ltr'>partes</span> <span class='ocrx_word' id='word_1_462' title='bbox 1185 2043 1391 2075; x_wconf 85' lang='lat' dir='ltr'>fortitudinis.</span> <span class='ocrx_word' id='word_1_463' title='bbox 1446 2043 1479 2074; x_wconf 90' lang='lat' dir='ltr'>in</span> <span class='ocrx_word' id='word_1_464' title='bbox 1504 2043 1565 2073; x_wconf 88' lang='lat' dir='ltr'>alia</span> <span class='ocrx_word' id='word_1_465' title='bbox 1589 2043 1730 2074; x_wconf 86' lang='lat' dir='ltr'>materia.</span> 
     </span>
     <span class='ocr_line' id='line_1_35' title="bbox 317 2087 2522 2134; baseline -0 -10"><span class='ocrx_word' id='word_1_466' title='bbox 317 2093 403 2134; x_wconf 87' lang='lat' dir='ltr'>Ergo</span> <span class='ocrx_word' id='word_1_467' title='bbox 429 2099 559 2134; x_wconf 89' lang='lat' dir='ltr'>propter</span> <span class='ocrx_word' id='word_1_468' title='bbox 573 2092 653 2122; x_wconf 90' lang='lat' dir='ltr'>illud</span> <span class='ocrx_word' id='word_1_469' title='bbox 669 2102 736 2122; x_wconf 91' lang='lat' dir='ltr'>non</span> <span class='ocrx_word' id='word_1_470' title='bbox 753 2099 827 2123; x_wconf 89' lang='lat' dir='ltr'>sunt</span> <span class='ocrx_word' id='word_1_471' title='bbox 842 2091 1010 2132; x_wconf 88' lang='lat' dir='ltr'>ponendae</span> <span class='ocrx_word' id='word_1_472' title='bbox 1027 2097 1131 2131; x_wconf 88' lang='lat' dir='ltr'>partes</span> <span class='ocrx_word' id='word_1_473' title='bbox 1153 2088 1391 2129; x_wconf 79' lang='lat' dir='ltr'>temperantiae.</span> <span class='ocrx_word' id='word_1_474' title='bbox 1420 2088 1421 2124; x_wconf 67' lang='lat' dir='ltr'>J</span> <span class='ocrx_word' id='word_1_475' title='bbox 1504 2088 1663 2123; x_wconf 92' lang='lat' dir='ltr'>Secundo,</span> <span class='ocrx_word' id='word_1_476' title='bbox 1685 2087 1790 2119; x_wconf 85' lang='lat' dir='ltr'>deficit</span> <span class='ocrx_word' id='word_1_477' title='bbox 1813 2088 1845 2119; x_wconf 89' lang='lat' dir='ltr'>in</span> <span class='ocrx_word' id='word_1_478' title='bbox 1869 2089 1931 2119; x_wconf 90' lang='lat' dir='ltr'>hoc</span> <span class='ocrx_word' id='word_1_479' title='bbox 1955 2089 2045 2130; x_wconf 93' lang='lat' dir='ltr'>quod</span> <span class='ocrx_word' id='word_1_480' title='bbox 2069 2090 2159 2121; x_wconf 90' lang='lat' dir='ltr'>dicit:</span> <span class='ocrx_word' id='word_1_481' title='bbox 2188 2090 2392 2122; x_wconf 83' lang='lat' dir='ltr'>Continentia</span> <span class='ocrx_word' id='word_1_482' title='bbox 2417 2092 2522 2123; x_wconf 83' lang='lat' dir='ltr'>mode-</span> 
     </span>
     <span class='ocr_line' id='line_1_36' title="bbox 374 2133 2521 2176; baseline -0 -8"><span class='ocrx_word' id='word_1_483' title='bbox 374 2137 532 2169; x_wconf 82' lang='lat' dir='ltr'>Secundo.</span> <span class='ocrx_word' id='word_1_484' title='bbox 557 2137 757 2167; x_wconf 87' lang='lat' dir='ltr'>Verecundia</span> <span class='ocrx_word' id='word_1_485' title='bbox 781 2144 812 2167; x_wconf 91' lang='lat' dir='ltr'>et</span> <span class='ocrx_word' id='word_1_486' title='bbox 834 2136 985 2167; x_wconf 88' lang='lat' dir='ltr'>honestas</span> <span class='ocrx_word' id='word_1_487' title='bbox 1006 2144 1196 2166; x_wconf 89' lang='lat' dir='ltr'>communes</span> <span class='ocrx_word' id='word_1_488' title='bbox 1225 2140 1299 2163; x_wconf 91' lang='lat' dir='ltr'>sunt</span> <span class='ocrx_word' id='word_1_489' title='bbox 1322 2143 1392 2163; x_wconf 90' lang='lat' dir='ltr'>om·</span> <span class='ocrx_word' id='word_1_490' title='bbox 1448 2138 1544 2164; x_wconf 87' lang='lat' dir='ltr'>ratur</span> <span class='ocrx_word' id='word_1_491' title='bbox 1574 2138 1694 2163; x_wconf 89' lang='lat' dir='ltr'>motum</span> <span class='ocrx_word' id='word_1_492' title='bbox 1727 2133 1902 2164; x_wconf 81' lang='lat' dir='ltr'>voluntatis</span> <span class='ocrx_word' id='word_1_493' title='bbox 1931 2139 2108 2165; x_wconf 87' lang='lat' dir='ltr'>commotae</span> <span class='ocrx_word' id='word_1_494' title='bbox 2135 2144 2177 2165; x_wconf 92' lang='lat' dir='ltr'>ex</span> <span class='ocrx_word' id='word_1_495' title='bbox 2200 2136 2318 2175; x_wconf 80' lang='lat' dir='ltr'>impetu</span> <span class='ocrx_word' id='word_1_496' title='bbox 2346 2137 2521 2176; x_wconf 80' lang='lat' dir='ltr'>passionis.</span> 
     </span>
     <span class='ocr_line' id='line_1_37' title="bbox 318 2177 2524 2222; baseline -0.001 -8"><span class='ocrx_word' id='word_1_497' title='bbox 318 2182 413 2214; x_wconf 88' lang='lat' dir='ltr'>nibus</span> <span class='ocrx_word' id='word_1_498' title='bbox 435 2180 620 2212; x_wconf 89' lang='lat' dir='ltr'>virtutibus:</span> <span class='ocrx_word' id='word_1_499' title='bbox 646 2181 722 2222; x_wconf 90' lang='lat' dir='ltr'>quia</span> <span class='ocrx_word' id='word_1_500' title='bbox 740 2181 774 2211; x_wconf 89' lang='lat' dir='ltr'>in</span> <span class='ocrx_word' id='word_1_501' title='bbox 794 2180 883 2211; x_wconf 90' lang='lat' dir='ltr'>omni</span> <span class='ocrx_word' id='word_1_502' title='bbox 907 2180 1039 2211; x_wconf 89' lang='lat' dir='ltr'>materia</span> <span class='ocrx_word' id='word_1_503' title='bbox 1062 2186 1156 2219; x_wconf 84' lang='lat' dir='ltr'>turpe</span> <span class='ocrx_word' id='word_1_504' title='bbox 1179 2184 1226 2209; x_wconf 89' lang='lat' dir='ltr'>est</span> <span class='ocrx_word' id='word_1_505' title='bbox 1249 2177 1393 2208; x_wconf 85' lang='lat' dir='ltr'>recedere</span> <span class='ocrx_word' id='word_1_506' title='bbox 1446 2178 1558 2208; x_wconf 84' lang='lat' dir='ltr'>Primo</span> <span class='ocrx_word' id='word_1_507' title='bbox 1583 2187 1732 2218; x_wconf 89' lang='lat' dir='ltr'>namque,</span> <span class='ocrx_word' id='word_1_508' title='bbox 1750 2177 1863 2218; x_wconf 86' lang='lat' dir='ltr'>inquit,</span> <span class='ocrx_word' id='word_1_509' title='bbox 1880 2178 1994 2208; x_wconf 90' lang='lat' dir='ltr'>vellem</span> <span class='ocrx_word' id='word_1_510' title='bbox 2013 2178 2090 2209; x_wconf 92' lang='lat' dir='ltr'>scire</span> <span class='ocrx_word' id='word_1_511' title='bbox 2107 2189 2190 2220; x_wconf 89' lang='lat' dir='ltr'>quos</span> <span class='ocrx_word' id='word_1_512' title='bbox 2207 2186 2316 2210; x_wconf 89' lang='lat' dir='ltr'>motus</span> <span class='ocrx_word' id='word_1_513' title='bbox 2340 2180 2524 2212; x_wconf 86' lang='lat' dir='ltr'>moderatur</span> 
     </span>
     <span class='ocr_line' id='line_1_38' title="bbox 318 2221 2523 2264; baseline -0.001 -6"><span class='ocrx_word' id='word_1_514' title='bbox 318 2237 336 2258; x_wconf 89' lang='lat' dir='ltr'>a</span> <span class='ocrx_word' id='word_1_515' title='bbox 353 2233 437 2258; x_wconf 90' lang='lat' dir='ltr'>recta</span> <span class='ocrx_word' id='word_1_516' title='bbox 460 2226 592 2262; x_wconf 88' lang='lat' dir='ltr'>ratione,</span> <span class='ocrx_word' id='word_1_517' title='bbox 611 2232 642 2256; x_wconf 91' lang='lat' dir='ltr'>et</span> <span class='ocrx_word' id='word_1_518' title='bbox 660 2225 834 2256; x_wconf 86' lang='lat' dir='ltr'>honesturn</span> <span class='ocrx_word' id='word_1_519' title='bbox 859 2224 1061 2256; x_wconf 88' lang='lat' dir='ltr'>conformare</span> <span class='ocrx_word' id='word_1_520' title='bbox 1085 2234 1118 2254; x_wconf 91' lang='lat' dir='ltr'>se</span> <span class='ocrx_word' id='word_1_521' title='bbox 1141 2222 1197 2254; x_wconf 88' lang='lat' dir='ltr'>illi.</span> <span class='ocrx_word' id='word_1_522' title='bbox 1222 2221 1309 2262; x_wconf 80' lang='lat' dir='ltr'>Ergo</span> <span class='ocrx_word' id='word_1_523' title='bbox 1326 2231 1393 2251; x_wconf 89' lang='lat' dir='ltr'>non</span> <span class='ocrx_word' id='word_1_524' title='bbox 1448 2221 1661 2252; x_wconf 86' lang='lat' dir='ltr'>continentia:</span> <span class='ocrx_word' id='word_1_525' title='bbox 1685 2221 1711 2251; x_wconf 88' lang='lat' dir='ltr'>si</span> <span class='ocrx_word' id='word_1_526' title='bbox 1735 2221 1786 2252; x_wconf 89' lang='lat' dir='ltr'>isti</span> <span class='ocrx_word' id='word_1_527' title='bbox 1810 2229 1884 2252; x_wconf 91' lang='lat' dir='ltr'>sunt</span> <span class='ocrx_word' id='word_1_528' title='bbox 1907 2222 1959 2252; x_wconf 89' lang='lat' dir='ltr'>alii</span> <span class='ocrx_word' id='word_1_529' title='bbox 1985 2223 2023 2253; x_wconf 88' lang='lat' dir='ltr'>ab</span> <span class='ocrx_word' id='word_1_530' title='bbox 2048 2222 2096 2253; x_wconf 87' lang='lat' dir='ltr'>his</span> <span class='ocrx_word' id='word_1_531' title='bbox 2121 2233 2204 2264; x_wconf 87' lang='lat' dir='ltr'>quos</span> <span class='ocrx_word' id='word_1_532' title='bbox 2233 2225 2417 2255; x_wconf 85' lang='lat' dir='ltr'>moderatur</span> <span class='ocrx_word' id='word_1_533' title='bbox 2445 2232 2523 2256; x_wconf 91' lang='lat' dir='ltr'>tem-</span> 
     </span>
     <span class='ocr_line' id='line_1_39' title="bbox 319 2266 2032 2312; baseline -0.003 -10"><span class='ocrx_word' id='word_1_534' title='bbox 319 2278 394 2303; x_wconf 90' lang='lat' dir='ltr'>sunt</span> <span class='ocrx_word' id='word_1_535' title='bbox 416 2277 521 2312; x_wconf 90' lang='lat' dir='ltr'>partes</span> <span class='ocrx_word' id='word_1_536' title='bbox 544 2270 692 2311; x_wconf 89' lang='lat' dir='ltr'>propriae</span> <span class='ocrx_word' id='word_1_537' title='bbox 716 2269 954 2310; x_wconf 84' lang='lat' dir='ltr'>temperantiae.</span> <span class='ocrx_word' id='word_1_538' title='bbox 1448 2266 1598 2307; x_wconf 87' lang='lat' dir='ltr'>perantia,</span> <span class='ocrx_word' id='word_1_539' title='bbox 1624 2273 1660 2296; x_wconf 92' lang='lat' dir='ltr'>ut</span> <span class='ocrx_word' id='word_1_540' title='bbox 1686 2269 1806 2296; x_wconf 84' lang='lat' dir='ltr'>Auctor</span> <span class='ocrx_word' id='word_1_541' title='bbox 1829 2273 2032 2306; x_wconf 86' lang='lat' dir='ltr'>protestatur.</span> 
     </span>
     <span class='ocr_line' id='line_1_40' title="bbox 375 2310 2524 2355; baseline -0 -9"><span class='ocrx_word' id='word_1_542' title='bbox 375 2315 412 2346; x_wconf 89' lang='lat'>11.</span> <span class='ocrx_word' id='word_1_543' title='bbox 430 2315 616 2346; x_wconf 89' lang='lat' dir='ltr'>Secundum</span> <span class='ocrx_word' id='word_1_544' title='bbox 633 2314 769 2345; x_wconf 91' lang='lat' dir='ltr'>dubium</span> <span class='ocrx_word' id='word_1_545' title='bbox 787 2321 834 2345; x_wconf 89' lang='lat' dir='ltr'>est</span> <span class='ocrx_word' id='word_1_546' title='bbox 850 2314 889 2344; x_wconf 91' lang='lat' dir='ltr'>de</span> <span class='ocrx_word' id='word_1_547' title='bbox 905 2312 1048 2354; x_wconf 88' lang='lat' dir='ltr'>partibus</span> <span class='ocrx_word' id='word_1_548' title='bbox 1067 2310 1297 2353; x_wconf 88' lang='lat' dir='ltr'>potentialibus</span> <span class='ocrx_word' id='word_1_549' title='bbox 1313 2317 1393 2341; x_wconf 88' lang='lat' dir='ltr'>tem·</span> <span class='ocrx_word' id='word_1_550' title='bbox 1505 2310 1663 2341; x_wconf 86' lang='lat' dir='ltr'>Secundo.</span> <span class='ocrx_word' id='word_1_551' title='bbox 1698 2311 1783 2342; x_wconf 90' lang='lat' dir='ltr'>Volo</span> <span class='ocrx_word' id='word_1_552' title='bbox 1816 2312 1906 2352; x_wconf 93' lang='lat' dir='ltr'>quod</span> <span class='ocrx_word' id='word_1_553' title='bbox 1939 2311 2148 2352; x_wconf 86' lang='lat' dir='ltr'>temperantia</span> <span class='ocrx_word' id='word_1_554' title='bbox 2180 2312 2364 2343; x_wconf 87' lang='lat' dir='ltr'>moderetur</span> <span class='ocrx_word' id='word_1_555' title='bbox 2396 2313 2524 2355; x_wconf 88' lang='lat' dir='ltr'>aliquos</span> 
     </span>
     <span class='ocr_line' id='line_1_41' title="bbox 78 2354 2525 2403; baseline -0.002 -9"><span class='ocrx_word' id='word_1_556' title='bbox 78 2372 88 2382; x_wconf 88' lang='lat'><em>·</em></span> <span class='ocrx_word' id='word_1_557' title='bbox 101 2372 138 2394; x_wconf 81' lang='lat' dir='ltr'>et.</span> <span class='ocrx_word' id='word_1_558' title='bbox 153 2377 218 2394; x_wconf 75' lang='lat' dir='ltr'>num.</span> <span class='ocrx_word' id='word_1_559' title='bbox 233 2378 255 2393; x_wconf 81' lang='lat' dir='ltr'>v.</span> <span class='ocrx_word' id='word_1_560' title='bbox 318 2359 479 2403; x_wconf 84' lang='lat' dir='ltr'>perantiae</span> <span class='ocrx_word' id='word_1_561' title='bbox 493 2358 520 2390; x_wconf 85' lang='grc'>*.</span> <span class='ocrx_word' id='word_1_562' title='bbox 541 2358 655 2399; x_wconf 87' lang='lat' dir='ltr'>Arguit</span> <span class='ocrx_word' id='word_1_563' title='bbox 671 2358 758 2390; x_wconf 90' lang='lat' dir='ltr'>enim</span> <span class='ocrx_word' id='word_1_564' title='bbox 772 2358 807 2378; x_wconf 62' lang='grc' dir='ltr'>*θ’*</span> <span class='ocrx_word' id='word_1_565' title='bbox 825 2359 915 2399; x_wconf 91' lang='lat' dir='ltr'>quod</span> <span class='ocrx_word' id='word_1_566' title='bbox 932 2364 1036 2399; x_wconf 86' lang='lat' dir='ltr'>partes</span> <span class='ocrx_word' id='word_1_567' title='bbox 1052 2356 1227 2397; x_wconf 85' lang='lat' dir='ltr'>assignatae</span> <span class='ocrx_word' id='word_1_568' title='bbox 1243 2355 1277 2386; x_wconf 88' lang='lat' dir='ltr'>in</span> <span class='ocrx_word' id='word_1_569' title='bbox 1293 2354 1395 2385; x_wconf 86' lang='lat' dir='ltr'>littera</span> <span class='ocrx_word' id='word_1_570' title='bbox 1449 2362 1568 2386; x_wconf 90' lang='lat' dir='ltr'>motus.</span> <span class='ocrx_word' id='word_1_571' title='bbox 1594 2355 1635 2386; x_wconf 88' lang='lat' dir='ltr'>Et</span> <span class='ocrx_word' id='word_1_572' title='bbox 1659 2365 1778 2396; x_wconf 89' lang='lat' dir='ltr'>quaero</span> <span class='ocrx_word' id='word_1_573' title='bbox 1803 2365 1843 2386; x_wconf 90' lang='lat' dir='ltr'>an</span> <span class='ocrx_word' id='word_1_574' title='bbox 1867 2356 2017 2387; x_wconf 90' lang='lat' dir='ltr'>voluntas</span> <span class='ocrx_word' id='word_1_575' title='bbox 2040 2363 2133 2393; x_wconf 85' lang='lat' dir='ltr'>tunc,</span> <span class='ocrx_word' id='word_1_576' title='bbox 2158 2357 2208 2387; x_wconf 89' lang='lat' dir='ltr'>vel</span> <span class='ocrx_word' id='word_1_577' title='bbox 2231 2367 2346 2397; x_wconf 91' lang='lat' dir='ltr'>parum</span> <span class='ocrx_word' id='word_1_578' title='bbox 2371 2365 2452 2395; x_wconf 89' lang='lat' dir='ltr'>ante,</span> <span class='ocrx_word' id='word_1_579' title='bbox 2479 2366 2525 2390; x_wconf 91' lang='lat' dir='ltr'>est</span> 
     </span>
     <span class='ocr_line' id='line_1_42' title="bbox 78 2398 2526 2445; baseline -0 -10"><span class='ocrx_word' id='word_1_580' title='bbox 78 2398 223 2441; x_wconf 65' lang='lat' dir='ltr'>“eondm.</span> <span class='ocrx_word' id='word_1_581' title='bbox 237 2404 258 2428; x_wconf 82' lang='lat'>³·</span> <span class='ocrx_word' id='word_1_582' title='bbox 307 2411 355 2436; x_wconf 77' lang='lat' dir='ltr'>&#39;ut</span> <span class='ocrx_word' id='word_1_583' title='bbox 378 2404 585 2445; x_wconf 84' lang='lat' dir='ltr'>potentiales,</span> <span class='ocrx_word' id='word_1_584' title='bbox 610 2410 688 2444; x_wconf 90' lang='lat' dir='ltr'>puta</span> <span class='ocrx_word' id='word_1_585' title='bbox 719 2403 877 2434; x_wconf 89' lang='lat' dir='ltr'>modestia</span> <span class='ocrx_word' id='word_1_586' title='bbox 905 2409 936 2433; x_wconf 89' lang='lat' dir='ltr'>et</span> <span class='ocrx_word' id='word_1_587' title='bbox 963 2401 1197 2437; x_wconf 85' lang='lat' dir='ltr'>mansuetudo,</span> <span class='ocrx_word' id='word_1_588' title='bbox 1223 2409 1290 2430; x_wconf 90' lang='lat' dir='ltr'>non</span> <span class='ocrx_word' id='word_1_589' title='bbox 1321 2406 1395 2430; x_wconf 88' lang='lat' dir='ltr'>sunt</span> <span class='ocrx_word' id='word_1_590' title='bbox 1449 2399 1607 2431; x_wconf 85' lang='lat' dir='ltr'>concitata</span> <span class='ocrx_word' id='word_1_591' title='bbox 1630 2399 1692 2430; x_wconf 90' lang='lat' dir='ltr'>illis</span> <span class='ocrx_word' id='word_1_592' title='bbox 1715 2400 1874 2438; x_wconf 87' lang='lat' dir='ltr'>motibus,</span> <span class='ocrx_word' id='word_1_593' title='bbox 1900 2401 1950 2431; x_wconf 90' lang='lat' dir='ltr'>vel</span> <span class='ocrx_word' id='word_1_594' title='bbox 1974 2411 2051 2431; x_wconf 90' lang='lat' dir='ltr'>non.</span> <span class='ocrx_word' id='word_1_595' title='bbox 2077 2401 2109 2431; x_wconf 91' lang='lat' dir='ltr'>Si</span> <span class='ocrx_word' id='word_1_596' title='bbox 2133 2411 2216 2438; x_wconf 89' lang='lat' dir='ltr'>non,</span> <span class='ocrx_word' id='word_1_597' title='bbox 2242 2412 2317 2442; x_wconf 87' lang='lat' dir='ltr'>ergo</span> <span class='ocrx_word' id='word_1_598' title='bbox 2342 2413 2408 2433; x_wconf 91' lang='lat' dir='ltr'>non</span> <span class='ocrx_word' id='word_1_599' title='bbox 2431 2403 2526 2434; x_wconf 85' lang='lat' dir='ltr'>habet</span> 
     </span>
     <span class='ocr_line' id='line_1_43' title="bbox 318 2444 2525 2491; baseline -0.001 -11"><span class='ocrx_word' id='word_1_600' title='bbox 318 2457 423 2491; x_wconf 88' lang='lat' dir='ltr'>partes</span> <span class='ocrx_word' id='word_1_601' title='bbox 446 2448 673 2489; x_wconf 84' lang='lat' dir='ltr'>temperantiae</span> <span class='ocrx_word' id='word_1_602' title='bbox 697 2448 900 2489; x_wconf 88' lang='lat' dir='ltr'>potentiales.</span> <span class='ocrx_word' id='word_1_603' title='bbox 922 2447 1044 2485; x_wconf 86' lang='lat' dir='ltr'>Primo,</span> <span class='ocrx_word' id='word_1_604' title='bbox 1067 2445 1144 2487; x_wconf 89' lang='lat' dir='ltr'>quia</span> <span class='ocrx_word' id='word_1_605' title='bbox 1167 2445 1193 2476; x_wconf 88' lang='lat' dir='ltr'>si</span> <span class='ocrx_word' id='word_1_606' title='bbox 1217 2451 1309 2481; x_wconf 87' lang='lat' dir='ltr'>esset,</span> <span class='ocrx_word' id='word_1_607' title='bbox 1332 2444 1395 2475; x_wconf 91' lang='lat' dir='ltr'>hoc</span> <span class='ocrx_word' id='word_1_608' title='bbox 1422 2447 1423 2462; x_wconf 69' lang='lat'><em>³</em></span> <span class='ocrx_word' id='word_1_609' title='bbox 1449 2451 1559 2476; x_wconf 89' lang='lat' dir='ltr'>motus</span> <span class='ocrx_word' id='word_1_610' title='bbox 1582 2444 1664 2475; x_wconf 92' lang='lat' dir='ltr'>illos.</span> <span class='ocrx_word' id='word_1_611' title='bbox 1690 2444 1723 2476; x_wconf 89' lang='lat' dir='ltr'>Si</span> <span class='ocrx_word' id='word_1_612' title='bbox 1743 2444 1798 2483; x_wconf 91' lang='lat' dir='ltr'>sic,</span> <span class='ocrx_word' id='word_1_613' title='bbox 1815 2455 1890 2486; x_wconf 87' lang='lat' dir='ltr'>ergo</span> <span class='ocrx_word' id='word_1_614' title='bbox 1911 2455 1977 2476; x_wconf 90' lang='lat' dir='ltr'>non</span> <span class='ocrx_word' id='word_1_615' title='bbox 2002 2446 2109 2476; x_wconf 90' lang='lat' dir='ltr'>solum</span> <span class='ocrx_word' id='word_1_616' title='bbox 2135 2446 2340 2483; x_wconf 85' lang='lat' dir='ltr'>continentia,</span> <span class='ocrx_word' id='word_1_617' title='bbox 2358 2447 2412 2478; x_wconf 92' lang='lat' dir='ltr'>sed</span> <span class='ocrx_word' id='word_1_618' title='bbox 2429 2448 2525 2478; x_wconf 85' lang='lat' dir='ltr'>etiam</span> 
     </span>
     <span class='ocr_line' id='line_1_44' title="bbox 318 2488 2525 2534; baseline -0 -10"><span class='ocrx_word' id='word_1_619' title='bbox 318 2493 392 2525; x_wconf 91' lang='lat' dir='ltr'>ideo</span> <span class='ocrx_word' id='word_1_620' title='bbox 417 2499 498 2524; x_wconf 86' lang='lat' dir='ltr'>esset</span> <span class='ocrx_word' id='word_1_621' title='bbox 522 2492 597 2534; x_wconf 85' lang='lat' dir='ltr'>quia</span> <span class='ocrx_word' id='word_1_622' title='bbox 621 2493 758 2523; x_wconf 89' lang='lat' dir='ltr'>modum</span> <span class='ocrx_word' id='word_1_623' title='bbox 783 2493 876 2523; x_wconf 87' lang='lat' dir='ltr'>illum</span> <span class='ocrx_word' id='word_1_624' title='bbox 893 2502 991 2534; x_wconf 88' lang='lat' dir='ltr'>quem</span> <span class='ocrx_word' id='word_1_625' title='bbox 1016 2491 1163 2522; x_wconf 87' lang='lat' dir='ltr'>observat</span> <span class='ocrx_word' id='word_1_626' title='bbox 1186 2488 1395 2530; x_wconf 85' lang='lat' dir='ltr'>temperantia</span> <span class='ocrx_word' id='word_1_627' title='bbox 1422 2488 1423 2492; x_wconf 74' lang='grc'>’</span> <span class='ocrx_word' id='word_1_628' title='bbox 1450 2489 1635 2520; x_wconf 90' lang='lat' dir='ltr'>moderatur</span> <span class='ocrx_word' id='word_1_629' title='bbox 1667 2490 1876 2530; x_wconf 86' lang='lat' dir='ltr'>temperantia</span> <span class='ocrx_word' id='word_1_630' title='bbox 1910 2498 2037 2521; x_wconf 88' lang='lat' dir='ltr'>motum</span> <span class='ocrx_word' id='word_1_631' title='bbox 2071 2490 2245 2522; x_wconf 88' lang='lat' dir='ltr'>voluntatis</span> <span class='ocrx_word' id='word_1_632' title='bbox 2279 2499 2459 2523; x_wconf 88' lang='lat' dir='ltr'>commotae</span> <span class='ocrx_word' id='word_1_633' title='bbox 2489 2503 2525 2523; x_wconf 88' lang='lat' dir='ltr'>ex</span> 
     </span>
     <span class='ocr_line' id='line_1_45' title="bbox 318 2533 1765 2578; baseline -0.003 -9"><span class='ocrx_word' id='word_1_634' title='bbox 318 2537 351 2569; x_wconf 89' lang='lat' dir='ltr'>in</span> <span class='ocrx_word' id='word_1_635' title='bbox 369 2538 500 2569; x_wconf 88' lang='lat' dir='ltr'>materia</span> <span class='ocrx_word' id='word_1_636' title='bbox 514 2537 691 2578; x_wconf 89' lang='lat' dir='ltr'>principali,</span> <span class='ocrx_word' id='word_1_637' title='bbox 707 2537 780 2568; x_wconf 90' lang='lat' dir='ltr'>illae</span> <span class='ocrx_word' id='word_1_638' title='bbox 796 2537 966 2568; x_wconf 90' lang='lat' dir='ltr'>observant</span> <span class='ocrx_word' id='word_1_639' title='bbox 981 2537 1014 2566; x_wconf 92' lang='lat' dir='ltr'>in</span> <span class='ocrx_word' id='word_1_640' title='bbox 1030 2535 1161 2567; x_wconf 85' lang='lat' dir='ltr'>materia</span> <span class='ocrx_word' id='word_1_641' title='bbox 1185 2534 1293 2565; x_wconf 87' lang='lat' dir='ltr'>minus</span> <span class='ocrx_word' id='word_1_642' title='bbox 1309 2533 1395 2575; x_wconf 88' lang='lat' dir='ltr'>prin-</span> <span class='ocrx_word' id='word_1_643' title='bbox 1422 2554 1423 2559; x_wconf 62' lang='lat'>,</span> <span class='ocrx_word' id='word_1_644' title='bbox 1449 2534 1573 2575; x_wconf 90' lang='lat' dir='ltr'>impetu</span> <span class='ocrx_word' id='word_1_645' title='bbox 1598 2534 1765 2574; x_wconf 85' lang='lat' dir='ltr'>passionis.</span> 
     </span>
     <span class='ocr_line' id='line_1_46' title="bbox 319 2578 2525 2624; baseline -0.001 -11"><span class='ocrx_word' id='word_1_646' title='bbox 319 2582 423 2624; x_wconf 88' lang='lat' dir='ltr'>cipali.</span> <span class='ocrx_word' id='word_1_647' title='bbox 455 2581 516 2613; x_wconf 90' lang='lat' dir='ltr'>Sed</span> <span class='ocrx_word' id='word_1_648' title='bbox 547 2582 609 2612; x_wconf 89' lang='lat' dir='ltr'>hoc</span> <span class='ocrx_word' id='word_1_649' title='bbox 634 2591 699 2612; x_wconf 93' lang='lat' dir='ltr'>non</span> <span class='ocrx_word' id='word_1_650' title='bbox 725 2588 781 2613; x_wconf 89' lang='lat' dir='ltr'>est.</span> <span class='ocrx_word' id='word_1_651' title='bbox 805 2581 904 2622; x_wconf 89' lang='lat' dir='ltr'>Ergo.</span> <span class='ocrx_word' id='word_1_652' title='bbox 927 2599 948 2604; x_wconf 95' lang='lat'>-</span> <span class='ocrx_word' id='word_1_653' title='bbox 971 2581 1128 2612; x_wconf 83' lang='lat' dir='ltr'>Probatur</span> <span class='ocrx_word' id='word_1_654' title='bbox 1157 2579 1274 2610; x_wconf 90' lang='lat' dir='ltr'>minor.</span> <span class='ocrx_word' id='word_1_655' title='bbox 1305 2579 1395 2608; x_wconf 89' lang='lat' dir='ltr'>Tum</span> <span class='ocrx_word' id='word_1_656' title='bbox 1511 2579 1628 2610; x_wconf 86' lang='lat' dir='ltr'>Tertio.</span> <span class='ocrx_word' id='word_1_657' title='bbox 1654 2578 1871 2615; x_wconf 87' lang='lat' dir='ltr'>Continentia,</span> <span class='ocrx_word' id='word_1_658' title='bbox 1896 2589 1953 2619; x_wconf 93' lang='lat' dir='ltr'>per</span> <span class='ocrx_word' id='word_1_659' title='bbox 1976 2586 2020 2615; x_wconf 90' lang='lat' dir='ltr'>te,</span> <span class='ocrx_word' id='word_1_660' title='bbox 2046 2586 2169 2619; x_wconf 86' lang='lat' dir='ltr'>praeter</span> <span class='ocrx_word' id='word_1_661' title='bbox 2199 2579 2271 2610; x_wconf 90' lang='lat' dir='ltr'>illos</span> <span class='ocrx_word' id='word_1_662' title='bbox 2302 2587 2411 2611; x_wconf 91' lang='lat' dir='ltr'>motus</span> <span class='ocrx_word' id='word_1_663' title='bbox 2442 2591 2525 2622; x_wconf 93' lang='lat' dir='ltr'>quos</span> 
     </span>
     <span class='ocr_line' id='line_1_47' title="bbox 319 2623 2525 2669; baseline -0.001 -12"><span class='ocrx_word' id='word_1_664' title='bbox 319 2626 396 2669; x_wconf 89' lang='lat' dir='ltr'>quia</span> <span class='ocrx_word' id='word_1_665' title='bbox 419 2626 549 2657; x_wconf 88' lang='lat' dir='ltr'>materia</span> <span class='ocrx_word' id='word_1_666' title='bbox 577 2626 804 2666; x_wconf 89' lang='lat' dir='ltr'>temperantiae</span> <span class='ocrx_word' id='word_1_667' title='bbox 828 2633 859 2656; x_wconf 90' lang='lat' dir='ltr'>et</span> <span class='ocrx_word' id='word_1_668' title='bbox 881 2625 1014 2656; x_wconf 87' lang='lat' dir='ltr'>istarum</span> <span class='ocrx_word' id='word_1_669' title='bbox 1041 2625 1195 2656; x_wconf 87' lang='lat' dir='ltr'>virtutum</span> <span class='ocrx_word' id='word_1_670' title='bbox 1225 2633 1292 2654; x_wconf 91' lang='lat' dir='ltr'>non</span> <span class='ocrx_word' id='word_1_671' title='bbox 1321 2629 1397 2654; x_wconf 89' lang='lat' dir='ltr'>sunt</span> <span class='ocrx_word' id='word_1_672' title='bbox 1450 2624 1637 2654; x_wconf 89' lang='lat' dir='ltr'>moderatur</span> <span class='ocrx_word' id='word_1_673' title='bbox 1659 2623 1882 2664; x_wconf 85' lang='lat' dir='ltr'>temperantia,</span> <span class='ocrx_word' id='word_1_674' title='bbox 1908 2624 2093 2654; x_wconf 89' lang='lat' dir='ltr'>moderatur</span> <span class='ocrx_word' id='word_1_675' title='bbox 2116 2631 2243 2654; x_wconf 92' lang='lat' dir='ltr'>motum</span> <span class='ocrx_word' id='word_1_676' title='bbox 2267 2625 2442 2655; x_wconf 88' lang='lat' dir='ltr'>voluntatis</span> <span class='ocrx_word' id='word_1_677' title='bbox 2466 2626 2525 2655; x_wconf 89' lang='lat' dir='ltr'>im-</span> 
     </span>
     <span class='ocr_line' id='line_1_48' title="bbox 320 2666 2524 2711; baseline -0.001 -8"><span class='ocrx_word' id='word_1_678' title='bbox 320 2679 498 2703; x_wconf 84' lang='lat' dir='ltr'>connexae:</span> <span class='ocrx_word' id='word_1_679' title='bbox 530 2680 605 2710; x_wconf 88' lang='lat' dir='ltr'>ergo</span> <span class='ocrx_word' id='word_1_680' title='bbox 637 2680 703 2701; x_wconf 91' lang='lat' dir='ltr'>non</span> <span class='ocrx_word' id='word_1_681' title='bbox 734 2679 780 2702; x_wconf 90' lang='lat' dir='ltr'>est</span> <span class='ocrx_word' id='word_1_682' title='bbox 811 2680 876 2701; x_wconf 87' lang='lat' dir='ltr'>una</span> <span class='ocrx_word' id='word_1_683' title='bbox 907 2669 1105 2711; x_wconf 87' lang='lat' dir='ltr'>principalis,</span> <span class='ocrx_word' id='word_1_684' title='bbox 1135 2675 1166 2699; x_wconf 91' lang='lat' dir='ltr'>et</span> <span class='ocrx_word' id='word_1_685' title='bbox 1196 2668 1257 2699; x_wconf 89' lang='lat' dir='ltr'>alia</span> <span class='ocrx_word' id='word_1_686' title='bbox 1287 2668 1395 2698; x_wconf 89' lang='lat' dir='ltr'>minus</span> <span class='ocrx_word' id='word_1_687' title='bbox 1450 2675 1526 2709; x_wconf 89' lang='lat' dir='ltr'>petu</span> <span class='ocrx_word' id='word_1_688' title='bbox 1551 2667 1709 2708; x_wconf 89' lang='lat' dir='ltr'>passionis</span> <span class='ocrx_word' id='word_1_689' title='bbox 1734 2667 1919 2699; x_wconf 89' lang='lat' dir='ltr'>concitatae.</span> <span class='ocrx_word' id='word_1_690' title='bbox 1939 2671 2006 2698; x_wconf 89' lang='lat' dir='ltr'>Aut</span> <span class='ocrx_word' id='word_1_691' title='bbox 2028 2678 2087 2709; x_wconf 92' lang='lat' dir='ltr'>pro</span> <span class='ocrx_word' id='word_1_692' title='bbox 2112 2675 2188 2699; x_wconf 92' lang='lat' dir='ltr'>tunc</span> <span class='ocrx_word' id='word_1_693' title='bbox 2207 2666 2266 2711; x_wconf 91' lang='lat' dir='ltr'>[in]</span> <span class='ocrx_word' id='word_1_694' title='bbox 2284 2668 2377 2699; x_wconf 90' lang='lat' dir='ltr'>illum</span> <span class='ocrx_word' id='word_1_695' title='bbox 2397 2677 2524 2700; x_wconf 89' lang='lat' dir='ltr'>motum</span> 
     </span>
     <span class='ocr_line' id='line_1_49' title="bbox 320 2712 2523 2757; baseline -0 -11"><span class='ocrx_word' id='word_1_696' title='bbox 320 2715 515 2757; x_wconf 58' lang='lat' dir='ltr'>principalis</span> <span class='ocrx_word' id='word_1_697' title='bbox 540 2715 629 2746; x_wconf 87' lang='lat' dir='ltr'>Tum</span> <span class='ocrx_word' id='word_1_698' title='bbox 654 2714 730 2756; x_wconf 84' lang='lat' dir='ltr'>quia</span> <span class='ocrx_word' id='word_1_699' title='bbox 753 2721 852 2752; x_wconf 87' lang='lat' dir='ltr'>actus,</span> <span class='ocrx_word' id='word_1_700' title='bbox 870 2721 948 2755; x_wconf 88' lang='lat' dir='ltr'>puta</span> <span class='ocrx_word' id='word_1_701' title='bbox 973 2713 1161 2750; x_wconf 86' lang='lat' dir='ltr'>moderatio,</span> <span class='ocrx_word' id='word_1_702' title='bbox 1177 2713 1304 2743; x_wconf 88' lang='lat' dir='ltr'>illarum</span> <span class='ocrx_word' id='word_1_703' title='bbox 1328 2722 1395 2743; x_wconf 87' lang='lat' dir='ltr'>non</span> <span class='ocrx_word' id='word_1_704' title='bbox 1451 2712 1660 2754; x_wconf 87' lang='lat' dir='ltr'>temperantia</span> <span class='ocrx_word' id='word_1_705' title='bbox 1689 2712 1873 2743; x_wconf 88' lang='lat' dir='ltr'>immediate</span> <span class='ocrx_word' id='word_1_706' title='bbox 1904 2712 2025 2753; x_wconf 87' lang='lat' dir='ltr'>aliquid</span> <span class='ocrx_word' id='word_1_707' title='bbox 2057 2719 2178 2753; x_wconf 88' lang='lat' dir='ltr'>potest:</span> <span class='ocrx_word' id='word_1_708' title='bbox 2204 2720 2258 2743; x_wconf 91' lang='lat' dir='ltr'>aut</span> <span class='ocrx_word' id='word_1_709' title='bbox 2282 2723 2358 2744; x_wconf 88' lang='lat' dir='ltr'>non.</span> <span class='ocrx_word' id='word_1_710' title='bbox 2390 2714 2423 2745; x_wconf 88' lang='lat' dir='ltr'>Si</span> <span class='ocrx_word' id='word_1_711' title='bbox 2447 2725 2523 2750; x_wconf 87' lang='lat' dir='ltr'>non,</span> 
     </span>
     <span class='ocr_line' id='line_1_50' title="bbox 320 2757 2524 2802; baseline -0.001 -11"><span class='ocrx_word' id='word_1_712' title='bbox 320 2761 439 2802; x_wconf 88' lang='lat' dir='ltr'>pendet</span> <span class='ocrx_word' id='word_1_713' title='bbox 462 2770 479 2790; x_wconf 87' lang='lat' dir='ltr'>a</span> <span class='ocrx_word' id='word_1_714' title='bbox 504 2759 726 2790; x_wconf 89' lang='lat' dir='ltr'>moderatione</span> <span class='ocrx_word' id='word_1_715' title='bbox 754 2759 982 2801; x_wconf 88' lang='lat' dir='ltr'>temperantiae</span> <span class='ocrx_word' id='word_1_716' title='bbox 1007 2766 1063 2790; x_wconf 89' lang='lat' dir='ltr'>aut</span> <span class='ocrx_word' id='word_1_717' title='bbox 1086 2768 1103 2788; x_wconf 88' lang='lat' dir='ltr'>e</span> <span class='ocrx_word' id='word_1_718' title='bbox 1127 2764 1256 2788; x_wconf 85' lang='lat' dir='ltr'>contra:</span> <span class='ocrx_word' id='word_1_719' title='bbox 1281 2767 1316 2788; x_wconf 88' lang='lat' dir='ltr'>ac</span> <span class='ocrx_word' id='word_1_720' title='bbox 1340 2767 1397 2798; x_wconf 88' lang='lat' dir='ltr'>per</span> <span class='ocrx_word' id='word_1_721' title='bbox 1451 2767 1526 2798; x_wconf 89' lang='lat' dir='ltr'>ergo</span> <span class='ocrx_word' id='word_1_722' title='bbox 1551 2757 1759 2798; x_wconf 87' lang='lat' dir='ltr'>temperantia</span> <span class='ocrx_word' id='word_1_723' title='bbox 1784 2767 1849 2787; x_wconf 89' lang='lat' dir='ltr'>non</span> <span class='ocrx_word' id='word_1_724' title='bbox 1874 2757 2091 2788; x_wconf 88' lang='lat' dir='ltr'>universaliter</span> <span class='ocrx_word' id='word_1_725' title='bbox 2122 2758 2306 2788; x_wconf 87' lang='lat' dir='ltr'>moderatur</span> <span class='ocrx_word' id='word_1_726' title='bbox 2334 2768 2446 2789; x_wconf 91' lang='lat' dir='ltr'>omnes</span> <span class='ocrx_word' id='word_1_727' title='bbox 2471 2759 2524 2789; x_wconf 87' lang='lat' dir='ltr'>de-</span> 
     </span>
     <span class='ocr_line' id='line_1_51' title="bbox 320 2801 2523 2845; baseline -0.001 -9"><span class='ocrx_word' id='word_1_728' title='bbox 320 2805 392 2842; x_wconf 92' lang='lat' dir='ltr'>hoc,</span> <span class='ocrx_word' id='word_1_729' title='bbox 419 2803 484 2835; x_wconf 89' lang='lat' dir='ltr'>non</span> <span class='ocrx_word' id='word_1_730' title='bbox 509 2812 555 2835; x_wconf 91' lang='lat' dir='ltr'>est</span> <span class='ocrx_word' id='word_1_731' title='bbox 578 2814 663 2835; x_wconf 89' lang='lat' dir='ltr'>unus</span> <span class='ocrx_word' id='word_1_732' title='bbox 687 2811 775 2835; x_wconf 91' lang='lat' dir='ltr'>actus</span> <span class='ocrx_word' id='word_1_733' title='bbox 799 2803 991 2845; x_wconf 88' lang='lat' dir='ltr'>principalis,</span> <span class='ocrx_word' id='word_1_734' title='bbox 1017 2810 1047 2833; x_wconf 90' lang='lat' dir='ltr'>et</span> <span class='ocrx_word' id='word_1_735' title='bbox 1070 2802 1150 2833; x_wconf 88' lang='lat' dir='ltr'>alius</span> <span class='ocrx_word' id='word_1_736' title='bbox 1178 2801 1395 2832; x_wconf 84' lang='lat' dir='ltr'>secundarius.</span> <span class='ocrx_word' id='word_1_737' title='bbox 1449 2802 1634 2833; x_wconf 90' lang='lat' dir='ltr'>lectationes</span> <span class='ocrx_word' id='word_1_738' title='bbox 1658 2808 1770 2832; x_wconf 89' lang='lat' dir='ltr'>tactus.</span> <span class='ocrx_word' id='word_1_739' title='bbox 1803 2801 1833 2832; x_wconf 91' lang='lat' dir='ltr'>Si</span> <span class='ocrx_word' id='word_1_740' title='bbox 1860 2801 1912 2838; x_wconf 89' lang='lat' dir='ltr'>sic,</span> <span class='ocrx_word' id='word_1_741' title='bbox 1938 2811 2012 2842; x_wconf 84' lang='lat' dir='ltr'>ergo</span> <span class='ocrx_word' id='word_1_742' title='bbox 2038 2812 2104 2832; x_wconf 91' lang='lat' dir='ltr'>non</span> <span class='ocrx_word' id='word_1_743' title='bbox 2129 2809 2176 2832; x_wconf 89' lang='lat' dir='ltr'>est</span> <span class='ocrx_word' id='word_1_744' title='bbox 2205 2812 2288 2842; x_wconf 93' lang='lat' dir='ltr'>opus</span> <span class='ocrx_word' id='word_1_745' title='bbox 2318 2803 2523 2834; x_wconf 90' lang='lat' dir='ltr'>continentia.</span> 
     </span>
     <span class='ocr_line' id='line_1_52' title="bbox 377 2846 2524 2890; baseline -0.001 -10"><span class='ocrx_word' id='word_1_746' title='bbox 377 2849 536 2887; x_wconf 82' lang='lat' dir='ltr'>Secundo,</span> <span class='ocrx_word' id='word_1_747' title='bbox 562 2849 638 2890; x_wconf 90' lang='lat' dir='ltr'>quia</span> <span class='ocrx_word' id='word_1_748' title='bbox 662 2855 847 2889; x_wconf 89' lang='lat' dir='ltr'>sequeretur</span> <span class='ocrx_word' id='word_1_749' title='bbox 870 2849 959 2889; x_wconf 93' lang='lat' dir='ltr'>quod</span> <span class='ocrx_word' id='word_1_750' title='bbox 982 2847 1101 2878; x_wconf 89' lang='lat' dir='ltr'>iustitia</span> <span class='ocrx_word' id='word_1_751' title='bbox 1125 2853 1156 2877; x_wconf 90' lang='lat' dir='ltr'>et</span> <span class='ocrx_word' id='word_1_752' title='bbox 1172 2846 1327 2877; x_wconf 91' lang='lat' dir='ltr'>fortitudo</span> <span class='ocrx_word' id='word_1_753' title='bbox 1348 2856 1396 2876; x_wconf 90' lang='lat' dir='ltr'>es-</span> <span class='ocrx_word' id='word_1_754' title='bbox 1509 2846 1645 2884; x_wconf 83' lang='lat' dir='ltr'>Quarto.</span> <span class='ocrx_word' id='word_1_755' title='bbox 1671 2846 1757 2877; x_wconf 92' lang='lat' dir='ltr'>Volo</span> <span class='ocrx_word' id='word_1_756' title='bbox 1780 2847 1870 2886; x_wconf 92' lang='lat' dir='ltr'>quod</span> <span class='ocrx_word' id='word_1_757' title='bbox 1894 2846 2102 2887; x_wconf 87' lang='lat' dir='ltr'>temperantia</span> <span class='ocrx_word' id='word_1_758' title='bbox 2126 2847 2337 2878; x_wconf 88' lang='lat' dir='ltr'>moderaverit</span> <span class='ocrx_word' id='word_1_759' title='bbox 2359 2847 2392 2878; x_wconf 90' lang='lat' dir='ltr'>in</span> <span class='ocrx_word' id='word_1_760' title='bbox 2416 2847 2524 2889; x_wconf 90' lang='lat' dir='ltr'>aliquo</span> 
     </span>
     <span class='ocr_line' id='line_1_53' title="bbox 320 2891 2525 2934; baseline -0.001 -9"><span class='ocrx_word' id='word_1_761' title='bbox 320 2901 391 2925; x_wconf 87' lang='lat' dir='ltr'>sent</span> <span class='ocrx_word' id='word_1_762' title='bbox 414 2902 518 2934; x_wconf 90' lang='lat' dir='ltr'>partes</span> <span class='ocrx_word' id='word_1_763' title='bbox 541 2893 732 2934; x_wconf 88' lang='lat' dir='ltr'>potentiales</span> <span class='ocrx_word' id='word_1_764' title='bbox 755 2892 993 2933; x_wconf 90' lang='lat' dir='ltr'>temperantiae.</span> <span class='ocrx_word' id='word_1_765' title='bbox 1019 2910 1039 2914; x_wconf 95' lang='lat'><em>-</em></span> <span class='ocrx_word' id='word_1_766' title='bbox 1062 2892 1220 2922; x_wconf 89' lang='lat' dir='ltr'>Probatur</span> <span class='ocrx_word' id='word_1_767' title='bbox 1250 2891 1395 2931; x_wconf 85' lang='lat' dir='ltr'>sequela:</span> <span class='ocrx_word' id='word_1_768' title='bbox 1451 2901 1564 2922; x_wconf 90' lang='lat' dir='ltr'>omnes</span> <span class='ocrx_word' id='word_1_769' title='bbox 1596 2900 1672 2921; x_wconf 88' lang='lat' dir='ltr'>suos</span> <span class='ocrx_word' id='word_1_770' title='bbox 1703 2894 1823 2921; x_wconf 88' lang='lat' dir='ltr'>motus.</span> <span class='ocrx_word' id='word_1_771' title='bbox 1857 2891 1930 2921; x_wconf 90' lang='lat' dir='ltr'>Hoc</span> <span class='ocrx_word' id='word_1_772' title='bbox 1960 2898 2078 2927; x_wconf 90' lang='lat' dir='ltr'>stante,</span> <span class='ocrx_word' id='word_1_773' title='bbox 2104 2901 2223 2932; x_wconf 89' lang='lat' dir='ltr'>quaero</span> <span class='ocrx_word' id='word_1_774' title='bbox 2247 2901 2287 2921; x_wconf 88' lang='lat' dir='ltr'>an</span> <span class='ocrx_word' id='word_1_775' title='bbox 2311 2892 2462 2932; x_wconf 89' lang='lat' dir='ltr'>possibile</span> <span class='ocrx_word' id='word_1_776' title='bbox 2486 2892 2525 2923; x_wconf 88' lang='lat' dir='ltr'>sit</span> 
     </span>
     <span class='ocr_line' id='line_1_54' title="bbox 321 2935 2524 2980; baseline -0.001 -11"><span class='ocrx_word' id='word_1_777' title='bbox 321 2938 396 2980; x_wconf 89' lang='lat' dir='ltr'>quia</span> <span class='ocrx_word' id='word_1_778' title='bbox 421 2938 599 2969; x_wconf 90' lang='lat' dir='ltr'>secundum</span> <span class='ocrx_word' id='word_1_779' title='bbox 622 2940 808 2974; x_wconf 90' lang='lat' dir='ltr'>Auctorem,</span> <span class='ocrx_word' id='word_1_780' title='bbox 829 2936 1007 2967; x_wconf 87' lang='lat' dir='ltr'>moderatio</span> <span class='ocrx_word' id='word_1_781' title='bbox 1032 2943 1079 2966; x_wconf 90' lang='lat' dir='ltr'>est</span> <span class='ocrx_word' id='word_1_782' title='bbox 1095 2935 1252 2966; x_wconf 86' lang='lat' dir='ltr'>difficilior</span> <span class='ocrx_word' id='word_1_783' title='bbox 1268 2935 1300 2965; x_wconf 91' lang='lat' dir='ltr'>in</span> <span class='ocrx_word' id='word_1_784' title='bbox 1317 2942 1395 2966; x_wconf 89' lang='lat' dir='ltr'>tem·</span> <span class='ocrx_word' id='word_1_785' title='bbox 1450 2937 1651 2967; x_wconf 87' lang='lat' dir='ltr'>voluntatem</span> <span class='ocrx_word' id='word_1_786' title='bbox 1683 2935 1833 2966; x_wconf 85' lang='lat' dir='ltr'>concitari</span> <span class='ocrx_word' id='word_1_787' title='bbox 1863 2935 1986 2976; x_wconf 91' lang='lat' dir='ltr'>impetu</span> <span class='ocrx_word' id='word_1_788' title='bbox 2016 2935 2149 2967; x_wconf 92' lang='lat' dir='ltr'>alicuius</span> <span class='ocrx_word' id='word_1_789' title='bbox 2178 2936 2336 2976; x_wconf 83' lang='lat' dir='ltr'>passionis</span> <span class='ocrx_word' id='word_1_790' title='bbox 2361 2937 2400 2966; x_wconf 88' lang='lat' dir='ltr'>ad</span> <span class='ocrx_word' id='word_1_791' title='bbox 2425 2936 2524 2967; x_wconf 91' lang='lat' dir='ltr'>conti-</span> 
     </span>
     <span class='ocr_line' id='line_1_55' title="bbox 320 2980 2523 3024; baseline -0.001 -10"><span class='ocrx_word' id='word_1_792' title='bbox 320 2983 462 3024; x_wconf 89' lang='lat' dir='ltr'>perantia</span> <span class='ocrx_word' id='word_1_793' title='bbox 486 2993 584 3024; x_wconf 88' lang='lat' dir='ltr'>quam</span> <span class='ocrx_word' id='word_1_794' title='bbox 609 2982 641 3013; x_wconf 91' lang='lat' dir='ltr'>in</span> <span class='ocrx_word' id='word_1_795' title='bbox 665 2982 783 3013; x_wconf 87' lang='lat' dir='ltr'>iustitia</span> <span class='ocrx_word' id='word_1_796' title='bbox 807 2989 838 3013; x_wconf 94' lang='lat' dir='ltr'>et</span> <span class='ocrx_word' id='word_1_797' title='bbox 861 2981 1058 3012; x_wconf 85' lang='lat' dir='ltr'>fortitudine.</span> <span class='ocrx_word' id='word_1_798' title='bbox 1451 2980 1592 3012; x_wconf 85' lang='lat' dir='ltr'>nentiam</span> <span class='ocrx_word' id='word_1_799' title='bbox 1616 2980 1796 3020; x_wconf 90' lang='lat' dir='ltr'>spectantis,</span> <span class='ocrx_word' id='word_1_800' title='bbox 1814 2987 1869 3010; x_wconf 90' lang='lat' dir='ltr'>aut</span> <span class='ocrx_word' id='word_1_801' title='bbox 1893 2990 1969 3010; x_wconf 88' lang='lat' dir='ltr'>non.</span> <span class='ocrx_word' id='word_1_802' title='bbox 1994 2980 2027 3011; x_wconf 84' lang='lat' dir='ltr'>Si</span> <span class='ocrx_word' id='word_1_803' title='bbox 2050 2981 2104 3017; x_wconf 89' lang='lat' dir='ltr'>sic,</span> <span class='ocrx_word' id='word_1_804' title='bbox 2130 2991 2204 3021; x_wconf 88' lang='lat' dir='ltr'>ergo</span> <span class='ocrx_word' id='word_1_805' title='bbox 2229 2981 2435 3021; x_wconf 86' lang='lat' dir='ltr'>temperantia</span> <span class='ocrx_word' id='word_1_806' title='bbox 2458 2991 2523 3011; x_wconf 91' lang='lat' dir='ltr'>non</span> 
     </span>
     <span class='ocr_line' id='line_1_56' title="bbox 382 3024 2522 3068; baseline -0.002 -9"><span class='ocrx_word' id='word_1_807' title='bbox 382 3028 499 3059; x_wconf 84' lang='lat' dir='ltr'>Tertio.</span> <span class='ocrx_word' id='word_1_808' title='bbox 525 3028 759 3068; x_wconf 87' lang='lat' dir='ltr'>Quaecumque</span> <span class='ocrx_word' id='word_1_809' title='bbox 778 3037 811 3057; x_wconf 92' lang='lat' dir='ltr'>se</span> <span class='ocrx_word' id='word_1_810' title='bbox 831 3026 948 3057; x_wconf 90' lang='lat' dir='ltr'>habent</span> <span class='ocrx_word' id='word_1_811' title='bbox 971 3033 1007 3056; x_wconf 92' lang='lat' dir='ltr'>ut</span> <span class='ocrx_word' id='word_1_812' title='bbox 1030 3032 1134 3066; x_wconf 82' lang='lat' dir='ltr'>partes</span> <span class='ocrx_word' id='word_1_813' title='bbox 1157 3024 1346 3065; x_wconf 88' lang='lat' dir='ltr'>potentiales</span> <span class='ocrx_word' id='word_1_814' title='bbox 1367 3032 1398 3056; x_wconf 92' lang='lat' dir='ltr'>et</span> <span class='ocrx_word' id='word_1_815' title='bbox 1451 3025 1629 3056; x_wconf 88' lang='lat' dir='ltr'>moderavit</span> <span class='ocrx_word' id='word_1_816' title='bbox 1645 3034 1758 3055; x_wconf 86' lang='lat' dir='ltr'>omnes</span> <span class='ocrx_word' id='word_1_817' title='bbox 1773 3031 1900 3055; x_wconf 88' lang='lat' dir='ltr'>motus:</span> <span class='ocrx_word' id='word_1_818' title='bbox 1926 3032 2035 3056; x_wconf 89' lang='lat' dir='ltr'>contra</span> <span class='ocrx_word' id='word_1_819' title='bbox 2051 3025 2267 3066; x_wconf 87' lang='lat' dir='ltr'>hypothesim.</span> <span class='ocrx_word' id='word_1_820' title='bbox 2293 3025 2324 3056; x_wconf 88' lang='lat' dir='ltr'>Si</span> <span class='ocrx_word' id='word_1_821' title='bbox 2342 3036 2418 3062; x_wconf 85' lang='lat' dir='ltr'>non,</span> <span class='ocrx_word' id='word_1_822' title='bbox 2437 3035 2522 3066; x_wconf 84' lang='lat' dir='ltr'>ergo,</span> 
     </span>
     <span class='ocr_line' id='line_1_57' title="bbox 321 3069 2349 3112; baseline -0.002 -8"><span class='ocrx_word' id='word_1_823' title='bbox 321 3079 438 3110; x_wconf 83' lang='lat' dir='ltr'>totum,</span> <span class='ocrx_word' id='word_1_824' title='bbox 463 3072 526 3103; x_wconf 92' lang='lat' dir='ltr'>hoc</span> <span class='ocrx_word' id='word_1_825' title='bbox 549 3072 622 3102; x_wconf 91' lang='lat' dir='ltr'>ideo</span> <span class='ocrx_word' id='word_1_826' title='bbox 648 3079 695 3102; x_wconf 91' lang='lat' dir='ltr'>est</span> <span class='ocrx_word' id='word_1_827' title='bbox 718 3078 773 3102; x_wconf 91' lang='lat' dir='ltr'>aut</span> <span class='ocrx_word' id='word_1_828' title='bbox 796 3071 871 3112; x_wconf 89' lang='lat' dir='ltr'>quia</span> <span class='ocrx_word' id='word_1_829' title='bbox 895 3078 1017 3101; x_wconf 90' lang='lat' dir='ltr'>certum</span> <span class='ocrx_word' id='word_1_830' title='bbox 1048 3070 1185 3099; x_wconf 90' lang='lat' dir='ltr'>modum</span> <span class='ocrx_word' id='word_1_831' title='bbox 1209 3069 1396 3100; x_wconf 85' lang='lat' dir='ltr'>subordina-</span> <span class='ocrx_word' id='word_1_832' title='bbox 1451 3077 1574 3111; x_wconf 85' lang='lat' dir='ltr'>praeter</span> <span class='ocrx_word' id='word_1_833' title='bbox 1597 3069 1850 3110; x_wconf 87' lang='lat' dir='ltr'>temperantiam,</span> <span class='ocrx_word' id='word_1_834' title='bbox 1875 3079 1941 3100; x_wconf 90' lang='lat' dir='ltr'>non</span> <span class='ocrx_word' id='word_1_835' title='bbox 1967 3077 2013 3100; x_wconf 91' lang='lat' dir='ltr'>est</span> <span class='ocrx_word' id='word_1_836' title='bbox 2036 3080 2119 3110; x_wconf 90' lang='lat' dir='ltr'>opus</span> <span class='ocrx_word' id='word_1_837' title='bbox 2145 3070 2349 3101; x_wconf 89' lang='lat' dir='ltr'>continentia.</span> 
     </span>
    </p>
   </div>
   <div class='ocr_carea' id='block_1_12' title="bbox 70 1701 286 1758">
    <p class='ocr_par' dir='ltr' id='par_1_13' title="bbox 70 1701 286 1758">
     <span class='ocr_line' id='line_1_58' title="bbox 70 1701 286 1758; baseline -0.009 -6"><span class='ocrx_word' id='word_1_838' title='bbox 70 1701 286 1758; x_wconf 51' lang='lat' dir='ltr'>imm·</span> 
     </span>
    </p>
   </div>
   <div class='ocr_carea' id='block_1_13' title="bbox 321 3113 2525 3333">
    <p class='ocr_par' dir='ltr' id='par_1_14' title="bbox 321 3113 2524 3199">
     <span class='ocr_line' id='line_1_59' title="bbox 321 3113 2524 3157; baseline -0.002 -9"><span class='ocrx_word' id='word_1_839' title='bbox 321 3117 418 3148; x_wconf 90' lang='lat' dir='ltr'>tionis</span> <span class='ocrx_word' id='word_1_840' title='bbox 442 3117 559 3148; x_wconf 90' lang='lat' dir='ltr'>habent</span> <span class='ocrx_word' id='word_1_841' title='bbox 583 3123 727 3157; x_wconf 89' lang='lat' dir='ltr'>respectu</span> <span class='ocrx_word' id='word_1_842' title='bbox 752 3116 848 3147; x_wconf 91' lang='lat' dir='ltr'>unius</span> <span class='ocrx_word' id='word_1_843' title='bbox 872 3122 977 3146; x_wconf 81' lang='lat' dir='ltr'>actus:</span> <span class='ocrx_word' id='word_1_844' title='bbox 1003 3121 1058 3145; x_wconf 87' lang='lat' dir='ltr'>aut</span> <span class='ocrx_word' id='word_1_845' title='bbox 1081 3121 1224 3154; x_wconf 90' lang='lat' dir='ltr'>respectu</span> <span class='ocrx_word' id='word_1_846' title='bbox 1253 3113 1395 3154; x_wconf 90' lang='lat' dir='ltr'>plurium</span> <span class='ocrx_word' id='word_1_847' title='bbox 1509 3115 1598 3150; x_wconf 86' lang='lat' dir='ltr'>Istae,</span> <span class='ocrx_word' id='word_1_848' title='bbox 1616 3113 1721 3155; x_wconf 91' lang='lat' dir='ltr'>inquit</span> <span class='ocrx_word' id='word_1_849' title='bbox 1744 3114 1887 3150; x_wconf 90' lang='lat' dir='ltr'>demum,</span> <span class='ocrx_word' id='word_1_850' title='bbox 1912 3114 2050 3145; x_wconf 88' lang='lat' dir='ltr'>rationes</span> <span class='ocrx_word' id='word_1_851' title='bbox 2077 3114 2226 3145; x_wconf 90' lang='lat' dir='ltr'>videntur</span> <span class='ocrx_word' id='word_1_852' title='bbox 2240 3114 2318 3144; x_wconf 89' lang='lat' dir='ltr'>mihi</span> <span class='ocrx_word' id='word_1_853' title='bbox 2335 3121 2524 3154; x_wconf 87' lang='lat' dir='ltr'>apparentes</span> 
     </span>
     <span class='ocr_line' id='line_1_60' title="bbox 322 3158 1949 3199; baseline -0.002 -7"><span class='ocrx_word' id='word_1_854' title='bbox 322 3168 454 3192; x_wconf 87' lang='lat' dir='ltr'>actuum</span> <span class='ocrx_word' id='word_1_855' title='bbox 481 3161 777 3192; x_wconf 89' lang='lat' dir='ltr'>subordinatorum.</span> <span class='ocrx_word' id='word_1_856' title='bbox 807 3160 869 3191; x_wconf 90' lang='lat' dir='ltr'>Sed</span> <span class='ocrx_word' id='word_1_857' title='bbox 892 3160 955 3190; x_wconf 88' lang='lat' dir='ltr'>hoc</span> <span class='ocrx_word' id='word_1_858' title='bbox 979 3166 1025 3190; x_wconf 89' lang='lat' dir='ltr'>est</span> <span class='ocrx_word' id='word_1_859' title='bbox 1048 3158 1175 3190; x_wconf 88' lang='lat' dir='ltr'>falsum.</span> <span class='ocrx_word' id='word_1_860' title='bbox 1207 3158 1296 3188; x_wconf 91' lang='lat' dir='ltr'>Tum</span> <span class='ocrx_word' id='word_1_861' title='bbox 1320 3158 1396 3199; x_wconf 92' lang='lat' dir='ltr'>quia</span> <span class='ocrx_word' id='word_1_862' title='bbox 1451 3159 1593 3189; x_wconf 89' lang='lat' dir='ltr'>multum</span> <span class='ocrx_word' id='word_1_863' title='bbox 1618 3166 1727 3189; x_wconf 88' lang='lat' dir='ltr'>contra</span> <span class='ocrx_word' id='word_1_864' title='bbox 1751 3159 1949 3198; x_wconf 90' lang='lat' dir='ltr'>opinantem.</span> 
     </span>
    </p>

    <p class='ocr_par' dir='ltr' id='par_1_15' title="bbox 322 3202 2525 3333">
     <span class='ocr_line' id='line_1_61' title="bbox 322 3202 2522 3245; baseline -0.002 -8"><span class='ocrx_word' id='word_1_865' title='bbox 322 3206 400 3236; x_wconf 78' lang='lat' dir='ltr'>haec</span> <span class='ocrx_word' id='word_1_866' title='bbox 430 3215 497 3236; x_wconf 90' lang='lat' dir='ltr'>non</span> <span class='ocrx_word' id='word_1_867' title='bbox 527 3205 700 3237; x_wconf 88' lang='lat' dir='ltr'>sufficiunt.</span> <span class='ocrx_word' id='word_1_868' title='bbox 731 3206 820 3236; x_wconf 90' lang='lat' dir='ltr'>Tum</span> <span class='ocrx_word' id='word_1_869' title='bbox 851 3204 927 3245; x_wconf 91' lang='lat' dir='ltr'>quia</span> <span class='ocrx_word' id='word_1_870' title='bbox 957 3203 1167 3244; x_wconf 83' lang='lat' dir='ltr'>temperantia</span> <span class='ocrx_word' id='word_1_871' title='bbox 1195 3210 1226 3233; x_wconf 90' lang='lat' dir='ltr'>et</span> <span class='ocrx_word' id='word_1_872' title='bbox 1253 3202 1325 3233; x_wconf 87' lang='lat' dir='ltr'>illae</span> <span class='ocrx_word' id='word_1_873' title='bbox 1356 3203 1395 3233; x_wconf 90' lang='lat' dir='ltr'>ad</span> <span class='ocrx_word' id='word_1_874' title='bbox 1424 3222 1425 3225; x_wconf 62' lang='lat'><em>=</em></span> <span class='ocrx_word' id='word_1_875' title='bbox 1508 3203 1560 3234; x_wconf 93' lang='lat' dir='ltr'>IV.</span> <span class='ocrx_word' id='word_1_876' title='bbox 1585 3203 1636 3233; x_wconf 92' lang='lat' dir='ltr'>Ad</span> <span class='ocrx_word' id='word_1_877' title='bbox 1660 3202 1802 3243; x_wconf 90' lang='lat' dir='ltr'>primum</span> <span class='ocrx_word' id='word_1_878' title='bbox 1826 3203 1962 3233; x_wconf 89' lang='lat' dir='ltr'>dubium</span> <span class='ocrx_word' id='word_1_879' title='bbox 1978 3202 1994 3222; x_wconf 89' lang='lat'>*</span> <span class='ocrx_word' id='word_1_880' title='bbox 2018 3203 2151 3233; x_wconf 91' lang='lat' dir='ltr'>habetur</span> <span class='ocrx_word' id='word_1_881' title='bbox 2175 3203 2341 3243; x_wconf 87' lang='lat' dir='ltr'>responsio</span> <span class='ocrx_word' id='word_1_882' title='bbox 2356 3202 2389 3233; x_wconf 92' lang='lat' dir='ltr'>in</span> <span class='ocrx_word' id='word_1_883' title='bbox 2406 3202 2522 3234; x_wconf 89' lang='lat' dir='ltr'>littera:</span> 
     </span>
     <span class='ocr_line' id='line_1_62' title="bbox 323 3247 2523 3289; baseline -0.002 -8"><span class='ocrx_word' id='word_1_884' title='bbox 323 3249 450 3280; x_wconf 88' lang='lat' dir='ltr'>nullum</span> <span class='ocrx_word' id='word_1_885' title='bbox 473 3260 577 3281; x_wconf 90' lang='lat' dir='ltr'>unum</span> <span class='ocrx_word' id='word_1_886' title='bbox 601 3257 710 3281; x_wconf 88' lang='lat' dir='ltr'>actum</span> <span class='ocrx_word' id='word_1_887' title='bbox 733 3249 992 3281; x_wconf 89' lang='lat' dir='ltr'>subordinantur.</span> <span class='ocrx_word' id='word_1_888' title='bbox 1017 3249 1105 3279; x_wconf 88' lang='lat' dir='ltr'>Tum</span> <span class='ocrx_word' id='word_1_889' title='bbox 1130 3247 1206 3289; x_wconf 87' lang='lat' dir='ltr'>quia</span> <span class='ocrx_word' id='word_1_890' title='bbox 1225 3254 1312 3278; x_wconf 90' lang='lat' dir='ltr'>actus</span> <span class='ocrx_word' id='word_1_891' title='bbox 1329 3247 1396 3278; x_wconf 85' lang='lat' dir='ltr'>illa·</span> <span class='ocrx_word' id='word_1_892' title='bbox 1452 3248 1560 3288; x_wconf 87' lang='lat' dir='ltr'>quoad</span> <span class='ocrx_word' id='word_1_893' title='bbox 1594 3247 1817 3278; x_wconf 88' lang='lat' dir='ltr'>verecundiam</span> <span class='ocrx_word' id='word_1_894' title='bbox 1852 3248 2000 3288; x_wconf 84' lang='lat' dir='ltr'>quidem,</span> <span class='ocrx_word' id='word_1_895' title='bbox 2026 3247 2059 3277; x_wconf 92' lang='lat' dir='ltr'>in</span> <span class='ocrx_word' id='word_1_896' title='bbox 2089 3257 2143 3287; x_wconf 89' lang='lat' dir='ltr'>qu.</span> <span class='ocrx_word' id='word_1_897' title='bbox 2169 3257 2245 3288; x_wconf 67' lang='lat' dir='ltr'>seq„</span> <span class='ocrx_word' id='word_1_898' title='bbox 2271 3255 2327 3279; x_wconf 87' lang='lat' dir='ltr'>art.</span> <span class='ocrx_word' id='word_1_899' title='bbox 2362 3258 2391 3284; x_wconf 85' lang='lat'>1,</span> <span class='ocrx_word' id='word_1_900' title='bbox 2417 3248 2455 3278; x_wconf 88' lang='lat' dir='ltr'>ad</span> <span class='ocrx_word' id='word_1_901' title='bbox 2487 3257 2523 3284; x_wconf 92' lang='lat'>2;</span> 
     </span>
     <span class='ocr_line' id='line_1_63' title="bbox 323 3291 2525 3333; baseline -0.001 -9"><span class='ocrx_word' id='word_1_902' title='bbox 323 3304 395 3324; x_wconf 91' lang='lat' dir='ltr'>rum</span> <span class='ocrx_word' id='word_1_903' title='bbox 420 3303 486 3324; x_wconf 90' lang='lat' dir='ltr'>non</span> <span class='ocrx_word' id='word_1_904' title='bbox 509 3295 760 3326; x_wconf 84' lang='lat' dir='ltr'>subordinantur</span> <span class='ocrx_word' id='word_1_905' title='bbox 783 3294 905 3325; x_wconf 88' lang='lat' dir='ltr'>actibus</span> <span class='ocrx_word' id='word_1_906' title='bbox 928 3292 1166 3333; x_wconf 88' lang='lat' dir='ltr'>temperantiae.</span> <span class='ocrx_word' id='word_1_907' title='bbox 1451 3292 1560 3333; x_wconf 90' lang='lat' dir='ltr'>quoad</span> <span class='ocrx_word' id='word_1_908' title='bbox 1584 3291 1784 3322; x_wconf 89' lang='lat' dir='ltr'>honestatem</span> <span class='ocrx_word' id='word_1_909' title='bbox 1808 3301 1895 3328; x_wconf 86' lang='lat' dir='ltr'>vero,</span> <span class='ocrx_word' id='word_1_910' title='bbox 1920 3302 1975 3332; x_wconf 92' lang='lat' dir='ltr'>qu.</span> <span class='ocrx_word' id='word_1_911' title='bbox 1994 3302 2083 3328; x_wconf 77' lang='lat' dir='ltr'>chv,</span> <span class='ocrx_word' id='word_1_912' title='bbox 2102 3298 2157 3322; x_wconf 89' lang='lat' dir='ltr'>art.</span> <span class='ocrx_word' id='word_1_913' title='bbox 2174 3301 2206 3331; x_wconf 84' lang='lat'>4,</span> <span class='ocrx_word' id='word_1_914' title='bbox 2227 3292 2266 3322; x_wconf 91' lang='lat' dir='ltr'>ad</span> <span class='ocrx_word' id='word_1_915' title='bbox 2294 3293 2321 3323; x_wconf 88' lang='lat'>3.</span> <span class='ocrx_word' id='word_1_916' title='bbox 2346 3291 2525 3333; x_wconf 89' lang='lat' dir='ltr'>Utrobique</span> 
     </span>
    </p>
   </div>
   <div class='ocr_carea' id='block_1_14' title="bbox 323 3336 2526 3512">
    <p class='ocr_par' dir='ltr' id='par_1_16' title="bbox 323 3336 2526 3512">
     <span class='ocr_line' id='line_1_64' title="bbox 383 3336 2524 3380; baseline -0 -12"><span class='ocrx_word' id='word_1_917' title='bbox 383 3338 520 3376; x_wconf 85' lang='lat' dir='ltr'>Quarto,</span> <span class='ocrx_word' id='word_1_918' title='bbox 545 3338 620 3380; x_wconf 87' lang='lat' dir='ltr'>quia</span> <span class='ocrx_word' id='word_1_919' title='bbox 642 3339 768 3370; x_wconf 86' lang='lat' dir='ltr'>videtur</span> <span class='ocrx_word' id='word_1_920' title='bbox 791 3339 900 3369; x_wconf 88' lang='lat' dir='ltr'>multis</span> <span class='ocrx_word' id='word_1_921' title='bbox 924 3339 1014 3380; x_wconf 93' lang='lat' dir='ltr'>quod</span> <span class='ocrx_word' id='word_1_922' title='bbox 1038 3336 1217 3368; x_wconf 89' lang='lat' dir='ltr'>moderatio</span> <span class='ocrx_word' id='word_1_923' title='bbox 1249 3346 1395 3367; x_wconf 90' lang='lat' dir='ltr'>mansue·</span> <span class='ocrx_word' id='word_1_924' title='bbox 1451 3336 1610 3377; x_wconf 90' lang='lat' dir='ltr'>siquidem</span> <span class='ocrx_word' id='word_1_925' title='bbox 1627 3336 1741 3366; x_wconf 87' lang='lat' dir='ltr'>dicitur</span> <span class='ocrx_word' id='word_1_926' title='bbox 1756 3336 1846 3376; x_wconf 93' lang='lat' dir='ltr'>quod</span> <span class='ocrx_word' id='word_1_927' title='bbox 1862 3343 1927 3366; x_wconf 88' lang='lat' dir='ltr'>tam</span> <span class='ocrx_word' id='word_1_928' title='bbox 1944 3336 2133 3366; x_wconf 88' lang='lat' dir='ltr'>verecundia</span> <span class='ocrx_word' id='word_1_929' title='bbox 2149 3346 2247 3377; x_wconf 90' lang='lat' dir='ltr'>quam</span> <span class='ocrx_word' id='word_1_930' title='bbox 2271 3336 2421 3367; x_wconf 89' lang='lat' dir='ltr'>honestas</span> <span class='ocrx_word' id='word_1_931' title='bbox 2437 3347 2524 3367; x_wconf 89' lang='lat' dir='ltr'>com-</span> 
     </span>
     <span class='ocr_line' id='line_1_65' title="bbox 323 3380 2526 3424; baseline -0 -12"><span class='ocrx_word' id='word_1_932' title='bbox 323 3382 442 3413; x_wconf 89' lang='lat' dir='ltr'>tudinis</span> <span class='ocrx_word' id='word_1_933' title='bbox 466 3382 506 3413; x_wconf 87' lang='lat' dir='ltr'>sit</span> <span class='ocrx_word' id='word_1_934' title='bbox 521 3382 678 3414; x_wconf 86' lang='lat' dir='ltr'>difficilior</span> <span class='ocrx_word' id='word_1_935' title='bbox 699 3393 798 3424; x_wconf 85' lang='lat' dir='ltr'>qnam</span> <span class='ocrx_word' id='word_1_936' title='bbox 822 3382 1058 3424; x_wconf 86' lang='lat' dir='ltr'>temperantiae.</span> <span class='ocrx_word' id='word_1_937' title='bbox 1079 3399 1097 3405; x_wconf 90' lang='lat'>-</span> <span class='ocrx_word' id='word_1_938' title='bbox 1113 3382 1179 3412; x_wconf 92' lang='lat' dir='ltr'>Nec</span> <span class='ocrx_word' id='word_1_939' title='bbox 1196 3381 1278 3412; x_wconf 85' lang='lat' dir='ltr'>valet</span> <span class='ocrx_word' id='word_1_940' title='bbox 1294 3381 1396 3411; x_wconf 91' lang='lat' dir='ltr'>dicere</span> <span class='ocrx_word' id='word_1_941' title='bbox 1452 3380 1559 3411; x_wconf 86' lang='lat' dir='ltr'>munis</span> <span class='ocrx_word' id='word_1_942' title='bbox 1589 3387 1636 3411; x_wconf 84' lang='lat' dir='ltr'>est</span> <span class='ocrx_word' id='word_1_943' title='bbox 1666 3380 1775 3411; x_wconf 88' lang='lat' dir='ltr'>multis</span> <span class='ocrx_word' id='word_1_944' title='bbox 1805 3380 1993 3416; x_wconf 89' lang='lat' dir='ltr'>virtutibus,</span> <span class='ocrx_word' id='word_1_945' title='bbox 2018 3380 2073 3411; x_wconf 91' lang='lat' dir='ltr'>sed</span> <span class='ocrx_word' id='word_1_946' title='bbox 2097 3381 2300 3422; x_wconf 89' lang='lat' dir='ltr'>appropriate</span> <span class='ocrx_word' id='word_1_947' title='bbox 2330 3381 2526 3412; x_wconf 90' lang='lat' dir='ltr'>conveniunt</span> 
     </span>
     <span class='ocr_line' id='line_1_66' title="bbox 324 3425 2524 3468; baseline -0.001 -12"><span class='ocrx_word' id='word_1_948' title='bbox 324 3427 424 3468; x_wconf 91' lang='lat' dir='ltr'>quod,</span> <span class='ocrx_word' id='word_1_949' title='bbox 448 3426 522 3457; x_wconf 89' lang='lat' dir='ltr'>licet</span> <span class='ocrx_word' id='word_1_950' title='bbox 544 3426 584 3457; x_wconf 88' lang='lat' dir='ltr'>sit</span> <span class='ocrx_word' id='word_1_951' title='bbox 607 3427 735 3458; x_wconf 83' lang='lat' dir='ltr'>maioris</span> <span class='ocrx_word' id='word_1_952' title='bbox 758 3428 897 3468; x_wconf 91' lang='lat' dir='ltr'>impetus</span> <span class='ocrx_word' id='word_1_953' title='bbox 921 3428 976 3464; x_wconf 91' lang='lat' dir='ltr'>ira,</span> <span class='ocrx_word' id='word_1_954' title='bbox 1001 3437 1066 3457; x_wconf 90' lang='lat' dir='ltr'>non</span> <span class='ocrx_word' id='word_1_955' title='bbox 1091 3433 1198 3457; x_wconf 88' lang='lat' dir='ltr'>tamen</span> <span class='ocrx_word' id='word_1_956' title='bbox 1222 3433 1268 3456; x_wconf 90' lang='lat' dir='ltr'>est</span> <span class='ocrx_word' id='word_1_957' title='bbox 1292 3432 1396 3456; x_wconf 90' lang='lat' dir='ltr'>tantae</span> <span class='ocrx_word' id='word_1_958' title='bbox 1451 3425 1678 3466; x_wconf 90' lang='lat' dir='ltr'>temperantiae</span> <span class='ocrx_word' id='word_1_959' title='bbox 1701 3432 1832 3465; x_wconf 92' lang='lat' dir='ltr'>propter</span> <span class='ocrx_word' id='word_1_960' title='bbox 1855 3425 2088 3465; x_wconf 91' lang='lat' dir='ltr'>turpitudinem</span> <span class='ocrx_word' id='word_1_961' title='bbox 2109 3435 2207 3466; x_wconf 91' lang='lat' dir='ltr'>quam</span> <span class='ocrx_word' id='word_1_962' title='bbox 2239 3426 2439 3466; x_wconf 88' lang='lat' dir='ltr'>peculiariter</span> <span class='ocrx_word' id='word_1_963' title='bbox 2466 3425 2524 3455; x_wconf 91' lang='lat' dir='ltr'>sibi</span> 
     </span>
     <span class='ocr_line' id='line_1_67' title="bbox 325 3469 2525 3512; baseline -0.001 -11"><span class='ocrx_word' id='word_1_964' title='bbox 325 3470 510 3502; x_wconf 85' lang='lat' dir='ltr'>durationis.</span> <span class='ocrx_word' id='word_1_965' title='bbox 541 3471 614 3501; x_wconf 86' lang='lat' dir='ltr'>Hoc</span> <span class='ocrx_word' id='word_1_966' title='bbox 637 3471 724 3502; x_wconf 88' lang='lat' dir='ltr'>enim</span> <span class='ocrx_word' id='word_1_967' title='bbox 746 3472 864 3503; x_wconf 82' lang='lat' dir='ltr'>falsum</span> <span class='ocrx_word' id='word_1_968' title='bbox 886 3472 1012 3503; x_wconf 90' lang='lat' dir='ltr'>videtur</span> <span class='ocrx_word' id='word_1_969' title='bbox 1036 3471 1074 3502; x_wconf 92' lang='lat' dir='ltr'>de</span> <span class='ocrx_word' id='word_1_970' title='bbox 1098 3471 1147 3501; x_wconf 87' lang='lat' dir='ltr'>his</span> <span class='ocrx_word' id='word_1_971' title='bbox 1171 3481 1254 3512; x_wconf 91' lang='lat' dir='ltr'>quos</span> <span class='ocrx_word' id='word_1_972' title='bbox 1278 3470 1397 3501; x_wconf 86' lang='lat' dir='ltr'>Aristo-</span> <span class='ocrx_word' id='word_1_973' title='bbox 1450 3470 1612 3500; x_wconf 89' lang='lat' dir='ltr'>vindicant</span> <span class='ocrx_word' id='word_1_974' title='bbox 1643 3469 1903 3510; x_wconf 86' lang='lat' dir='ltr'>intemperantiae</span> <span class='ocrx_word' id='word_1_975' title='bbox 1927 3469 2019 3500; x_wconf 87' lang='lat' dir='ltr'>vitia:</span> <span class='ocrx_word' id='word_1_976' title='bbox 2045 3470 2234 3501; x_wconf 90' lang='lat' dir='ltr'>verecundia</span> <span class='ocrx_word' id='word_1_977' title='bbox 2266 3481 2404 3512; x_wconf 90' lang='lat' dir='ltr'>namque</span> <span class='ocrx_word' id='word_1_978' title='bbox 2428 3470 2525 3501; x_wconf 90' lang='lat' dir='ltr'>timor</span> 
     </span>
    </p>
   </div>
   <div class='ocr_carea' id='block_1_15' title="bbox 81 3513 2523 3645">
    <p class='ocr_par' dir='ltr' id='par_1_17' title="bbox 81 3513 2523 3645">
     <span class='ocr_line' id='line_1_68' title="bbox 81 3513 2523 3556; baseline -0.002 -8"><span class='ocrx_word' id='word_1_979' title='bbox 81 3527 93 3539; x_wconf 89' lang='lat'><strong>·</strong></span> <span class='ocrx_word' id='word_1_980' title='bbox 106 3527 142 3549; x_wconf 82' lang='lat' dir='ltr'>ef.</span> <span class='ocrx_word' id='word_1_981' title='bbox 164 3526 239 3549; x_wconf 73' lang='lat' dir='ltr'>Etnic.</span> <span class='ocrx_word' id='word_1_982' title='bbox 256 3526 295 3547; x_wconf 76' lang='lat' dir='ltr'>ub.</span> <span class='ocrx_word' id='word_1_983' title='bbox 324 3516 401 3547; x_wconf 89' lang='lat' dir='ltr'>teles</span> <span class='ocrx_word' id='word_1_984' title='bbox 424 3515 525 3546; x_wconf 82' lang='lat' dir='ltr'>duros</span> <span class='ocrx_word' id='word_1_985' title='bbox 548 3515 688 3555; x_wconf 87' lang='lat' dir='ltr'>appellat</span> <span class='ocrx_word' id='word_1_986' title='bbox 701 3513 728 3546; x_wconf 73' lang='lat'>¹².</span> <span class='ocrx_word' id='word_1_987' title='bbox 1451 3522 1498 3546; x_wconf 89' lang='lat' dir='ltr'>est</span> <span class='ocrx_word' id='word_1_988' title='bbox 1514 3515 1615 3555; x_wconf 91' lang='lat' dir='ltr'>turpis</span> <span class='ocrx_word' id='word_1_989' title='bbox 1630 3521 1661 3545; x_wconf 91' lang='lat' dir='ltr'>et</span> <span class='ocrx_word' id='word_1_990' title='bbox 1675 3514 1849 3554; x_wconf 88' lang='lat' dir='ltr'>opprobrii,</span> <span class='ocrx_word' id='word_1_991' title='bbox 1866 3514 2017 3545; x_wconf 87' lang='lat' dir='ltr'>honestas</span> <span class='ocrx_word' id='word_1_992' title='bbox 2034 3521 2141 3545; x_wconf 88' lang='lat' dir='ltr'>autem</span> <span class='ocrx_word' id='word_1_993' title='bbox 2164 3515 2311 3546; x_wconf 90' lang='lat' dir='ltr'>decorem</span> <span class='ocrx_word' id='word_1_994' title='bbox 2336 3515 2523 3556; x_wconf 89' lang='lat' dir='ltr'>oppositum</span> 
     </span>
     <span class='ocr_line' id='line_1_69' title="bbox 81 3553 2101 3603; baseline -0 -13"><span class='ocrx_word' id='word_1_995' title='bbox 81 3553 298 3603; x_wconf 51' lang='lat' dir='ltr'>ff’ffi?·&#39;evgtf¹3}¹1[</span> <span class='ocrx_word' id='word_1_996' title='bbox 385 3560 515 3598; x_wconf 87' lang='lat' dir='ltr'>Quinto,</span> <span class='ocrx_word' id='word_1_997' title='bbox 542 3559 617 3601; x_wconf 88' lang='lat' dir='ltr'>quia</span> <span class='ocrx_word' id='word_1_998' title='bbox 640 3566 825 3600; x_wconf 88' lang='lat' dir='ltr'>sequeretur</span> <span class='ocrx_word' id='word_1_999' title='bbox 847 3561 937 3601; x_wconf 92' lang='lat' dir='ltr'>quod</span> <span class='ocrx_word' id='word_1_1000' title='bbox 961 3559 1134 3596; x_wconf 79' lang='lat' dir='ltr'>affabilitas,</span> <span class='ocrx_word' id='word_1_1001' title='bbox 1152 3559 1265 3590; x_wconf 89' lang='lat' dir='ltr'>veritas</span> <span class='ocrx_word' id='word_1_1002' title='bbox 1289 3567 1320 3590; x_wconf 92' lang='lat' dir='ltr'>et</span> <span class='ocrx_word' id='word_1_1003' title='bbox 1343 3569 1396 3590; x_wconf 92' lang='lat' dir='ltr'>en-</span> <span class='ocrx_word' id='word_1_1004' title='bbox 1450 3559 1640 3600; x_wconf 88' lang='lat' dir='ltr'>turpitudini</span> <span class='ocrx_word' id='word_1_1005' title='bbox 1665 3566 1695 3589; x_wconf 90' lang='lat' dir='ltr'>et</span> <span class='ocrx_word' id='word_1_1006' title='bbox 1720 3559 1914 3594; x_wconf 88' lang='lat' dir='ltr'>obscuritati,</span> <span class='ocrx_word' id='word_1_1007' title='bbox 1939 3559 2101 3599; x_wconf 91' lang='lat' dir='ltr'>importat.</span> 
     </span>
     <span class='ocr_line' id='line_1_70' title="bbox 325 3592 2522 3645; baseline -0.002 -9"><span class='ocrx_word' id='word_1_1008' title='bbox 325 3604 455 3645; x_wconf 90' lang='lat' dir='ltr'>trapelia</span> <span class='ocrx_word' id='word_1_1009' title='bbox 479 3611 582 3634; x_wconf 86' lang='lat' dir='ltr'>essent</span> <span class='ocrx_word' id='word_1_1010' title='bbox 606 3610 708 3644; x_wconf 87' lang='lat' dir='ltr'>partes</span> <span class='ocrx_word' id='word_1_1011' title='bbox 733 3604 921 3644; x_wconf 80' lang='lat' dir='ltr'>potentiales</span> <span class='ocrx_word' id='word_1_1012' title='bbox 950 3604 1219 3635; x_wconf 87' lang='lat' dir='ltr'>mansuetudinis:</span> <span class='ocrx_word' id='word_1_1013' title='bbox 1245 3604 1334 3645; x_wconf 92' lang='lat' dir='ltr'>quod</span> <span class='ocrx_word' id='word_1_1014' title='bbox 1351 3611 1399 3635; x_wconf 88' lang='lat' dir='ltr'>est</span> <span class='ocrx_word' id='word_1_1015' title='bbox 1423 3592 1426 3629; x_wconf 61' lang='lat' dir='ltr'>i</span> <span class='ocrx_word' id='word_1_1016' title='bbox 1508 3604 1600 3635; x_wconf 90' lang='lat' dir='ltr'>Unde</span> <span class='ocrx_word' id='word_1_1017' title='bbox 1625 3603 1664 3634; x_wconf 88' lang='lat' dir='ltr'>ad</span> <span class='ocrx_word' id='word_1_1018' title='bbox 1683 3605 1825 3644; x_wconf 84' lang='lat' dir='ltr'>primum</span> <span class='ocrx_word' id='word_1_1019' title='bbox 1851 3603 1964 3634; x_wconf 90' lang='lat' dir='ltr'>dicitur</span> <span class='ocrx_word' id='word_1_1020' title='bbox 1980 3604 2069 3644; x_wconf 92' lang='lat' dir='ltr'>quod</span> <span class='ocrx_word' id='word_1_1021' title='bbox 2093 3604 2179 3634; x_wconf 90' lang='lat' dir='ltr'>aliud</span> <span class='ocrx_word' id='word_1_1022' title='bbox 2196 3611 2242 3634; x_wconf 89' lang='lat' dir='ltr'>est</span> <span class='ocrx_word' id='word_1_1023' title='bbox 2260 3604 2350 3644; x_wconf 91' lang='lat' dir='ltr'>loqui</span> <span class='ocrx_word' id='word_1_1024' title='bbox 2369 3603 2406 3633; x_wconf 92' lang='lat' dir='ltr'>de</span> <span class='ocrx_word' id='word_1_1025' title='bbox 2424 3602 2522 3642; x_wconf 91' lang='lat' dir='ltr'>turpi-</span> 
     </span>
    </p>
   </div>
   <div class='ocr_carea' id='block_1_16' title="bbox 325 3646 2522 3689">
    <p class='ocr_par' dir='ltr' id='par_1_18' title="bbox 325 3646 2522 3689">
     <span class='ocr_line' id='line_1_71' title="bbox 325 3646 2522 3689; baseline -0.002 -9"><span class='ocrx_word' id='word_1_1026' title='bbox 325 3649 451 3680; x_wconf 83' lang='lat' dir='ltr'>falsum.</span> <span class='ocrx_word' id='word_1_1027' title='bbox 476 3667 496 3672; x_wconf 96' lang='lat'>—</span> <span class='ocrx_word' id='word_1_1028' title='bbox 521 3649 676 3679; x_wconf 87' lang='lat' dir='ltr'>Probatur</span> <span class='ocrx_word' id='word_1_1029' title='bbox 706 3648 850 3689; x_wconf 85' lang='lat' dir='ltr'>sequela:</span> <span class='ocrx_word' id='word_1_1030' title='bbox 875 3649 951 3688; x_wconf 89' lang='lat' dir='ltr'>quia</span> <span class='ocrx_word' id='word_1_1031' title='bbox 982 3649 1111 3679; x_wconf 89' lang='lat' dir='ltr'>materia</span> <span class='ocrx_word' id='word_1_1032' title='bbox 1142 3649 1396 3679; x_wconf 90' lang='lat' dir='ltr'>mansuetudinis</span> <span class='ocrx_word' id='word_1_1033' title='bbox 1424 3679 1426 3685; x_wconf 25' lang='grc' dir='ltr'><strong>Α</strong></span> <span class='ocrx_word' id='word_1_1034' title='bbox 1451 3649 1562 3680; x_wconf 91' lang='lat' dir='ltr'>tudine</span> <span class='ocrx_word' id='word_1_1035' title='bbox 1587 3656 1745 3679; x_wconf 87' lang='lat' dir='ltr'>contracta</span> <span class='ocrx_word' id='word_1_1036' title='bbox 1770 3649 1809 3678; x_wconf 90' lang='lat' dir='ltr'>ad</span> <span class='ocrx_word' id='word_1_1037' title='bbox 1832 3648 1894 3679; x_wconf 92' lang='lat' dir='ltr'>hoc</span> <span class='ocrx_word' id='word_1_1038' title='bbox 1927 3648 2057 3679; x_wconf 89' lang='lat' dir='ltr'>vitium:</span> <span class='ocrx_word' id='word_1_1039' title='bbox 2084 3656 2114 3679; x_wconf 90' lang='lat' dir='ltr'>et</span> <span class='ocrx_word' id='word_1_1040' title='bbox 2142 3649 2228 3678; x_wconf 89' lang='lat' dir='ltr'>aliud</span> <span class='ocrx_word' id='word_1_1041' title='bbox 2257 3649 2295 3678; x_wconf 92' lang='lat' dir='ltr'>de</span> <span class='ocrx_word' id='word_1_1042' title='bbox 2326 3646 2522 3687; x_wconf 89' lang='lat' dir='ltr'>turpitudine</span> 
     </span>
    </p>
   </div>
   <div class='ocr_carea' id='block_1_17' title="bbox 2545 1300 2622 1321">
    <p class='ocr_par' dir='ltr' id='par_1_19' title="bbox 2545 1300 2622 1321">
     <span class='ocr_line' id='line_1_72' title="bbox 2545 1300 2622 1321; baseline 0 0"><span class='ocrx_word' id='word_1_1043' title='bbox 2545 1301 2554 1309; x_wconf 80' lang='lat'>⁸</span> <span class='ocrx_word' id='word_1_1044' title='bbox 2564 1300 2622 1321; x_wconf 88' lang='lat' dir='ltr'>Ibid.</span> 
     </span>
    </p>
   </div>
   <div class='ocr_carea' id='block_1_18' title="bbox 2549 1744 2735 1768">
    <p class='ocr_par' dir='ltr' id='par_1_20' title="bbox 2549 1744 2735 1768">
     <span class='ocr_line' id='line_1_73' title="bbox 2549 1744 2735 1768; baseline 0.005 -2"><span class='ocrx_word' id='word_1_1045' title='bbox 2549 1746 2557 1754; x_wconf 82' lang='lat'>⁸</span> <span class='ocrx_word' id='word_1_1046' title='bbox 2573 1744 2609 1766; x_wconf 81' lang='lat' dir='ltr'>Cf.</span> <span class='ocrx_word' id='word_1_1047' title='bbox 2624 1751 2688 1767; x_wconf 88' lang='lat' dir='ltr'>num.</span> <span class='ocrx_word' id='word_1_1048' title='bbox 2703 1752 2735 1768; x_wconf 85' lang='lat' dir='ltr'>v1.</span> 
     </span>
    </p>
   </div>
   <div class='ocr_carea' id='block_1_19' title="bbox 2550 1835 2716 1862">
    <p class='ocr_par' dir='ltr' id='par_1_21' title="bbox 2550 1835 2716 1862">
     <span class='ocr_line' id='line_1_74' title="bbox 2550 1835 2716 1862; baseline -0.018 -4"><span class='ocrx_word' id='word_1_1049' title='bbox 2550 1835 2558 1845; x_wconf 76' lang='grc'><em>’</em></span> <span class='ocrx_word' id='word_1_1050' title='bbox 2574 1835 2682 1857; x_wconf 86' lang='lat' dir='ltr'>Conclus.</span> <span class='ocrx_word' id='word_1_1051' title='bbox 2699 1841 2716 1862; x_wconf 87' lang='lat'>5.</span> 
     </span>
    </p>
   </div>
   <div class='ocr_carea' id='block_1_20' title="bbox 2554 3215 2679 3236">
    <p class='ocr_par' dir='ltr' id='par_1_22' title="bbox 2554 3215 2679 3236">
     <span class='ocr_line' id='line_1_75' title="bbox 2554 3215 2679 3236; baseline -0.008 0"><span class='ocrx_word' id='word_1_1052' title='bbox 2554 3217 2562 3223; x_wconf 73' lang='lat'><strong>⁹</strong></span> <span class='ocrx_word' id='word_1_1053' title='bbox 2578 3215 2647 3236; x_wconf 85' lang='lat' dir='ltr'>Num.</span> <span class='ocrx_word' id='word_1_1054' title='bbox 2664 3221 2679 3235; x_wconf 90' lang='lat'>1.</span> 
     </span>
    </p>
   </div>
  </div>
 </body>
</html>
