2768 4198
23 427 100 476 hub.
117 427 146 454 x,
161 427 189 449 ad
206 428 238 449 lit.

23 2346 32 2355 ⁸
41 2346 76 2366 De
84 2345 170 2367 Invent.
178 2345 237 2366 Rhe-

22 2374 68 2420 ἱεῖς.
85 2372 123 2393 lib.
139 2372 167 2398 11,
186 2378 235 2400 cap.

26 2783 34 2791 ⁸
49 2782 146 2803 Aristot.
162 2780 237 2802 Etnic.

26 2808 65 2829 lib.
86 2808 114 2831 11.
134 2814 184 2835 cap.
204 2812 237 2833 m,

26 2841 47 2856 ιι.
71 2841 102 2856 ιο,
118 2846 127 2850 ·
147 2834 171 2857 S.
192 2834 236 2856 Th.

27 2862 77 2883 lect.
93 2868 125 2883 ιιι.

27 2991 35 2999 .
51 2990 98 3016 Qu.

115 2995 190 3011 ΧΧΧῊ.

28 3259 38 3269 ·
52 3258 109 3287 Cap.
124 3264 187 3281 xuu.

30 3287 50 3296 ‘⁶
65 3286 122 3313 Cap.
138 3291 207 3307 xxvii.

278 311 351 346 124

949 298 1217 346 QUAESTIO
1248 298 1383 346 CXLI,
1413 299 1712 337 ARTICULUS
1743 301 1792 337 111

267 379 479 416 attribuitur
507 379 792 427 temperantiae.
828 378 927 414 Dicit
957 378 1058 413 enirn
1090 377 1269 424 Isidorus,
1299 376 1337 413 in
1364 419 1365 424 ¹
1392 379 1546 415 honoris
1564 385 1703 416 status:
1732 379 1797 428 qui
1827 379 1993 417 maxime
2023 379 2285 417 consideratur
2306 380 2342 415 in
2371 388 2466 415 tem—

266 432 362 469 libro
382 433 548 481 Etymol.
572 433 610 469 *ε
639 433 832 469 Honestus
861 431 996 467 dicitur
1024 430 1125 478 quod
1153 430 1245 466 nihil
1271 430 1337 466 Ιια-
1364 427 1366 474 l
1392 431 1575 479 perantia,
1605 445 1704 481 quae
1733 433 1879 482 repellit
1899 433 1991 471 vitia
2012 433 2177 470 maxime
2199 432 2466 482 opprobriosa,

267 487 354 523 beat
376 484 390 515 β
423 486 682 535 turpitudinis:
720 497 810 521 nam
847 486 1021 520 honestas
1059 483 1195 520 dicitur
1229 483 1340 531 quasi
1363 476 1366 520 l
1391 491 1434 520 ut
1461 484 1557 521 infra
1575 484 1596 506 *
1623 485 1780 523 dicetur.

321 609 345 642 β)
366 610 437 643 quod
456 610 523 635 nihil
547 610 651 634 habeat.
666 622 684 627 -
702 609 766 640 quia
791 607 857 632 nihil
882 607 979 632 habeat
997 607 1049 638 CL,
1069 607 1115 639 qui
1134 607 1174 632 nil
1192 607 1272 632 habet
1290 607 1343 637 Pa,·
1363 615 1412 639 pro
1430 607 1563 637 honestas,
1583 608 1708 633 honestus
1727 610 1832 641 ABKL;
1852 610 1924 642 quod
1944 611 2038 636 nihil...
2057 611 2159 636 dicitur
2176 618 2230 636 om.
2250 611 2319 636 DGI.

941 695 1281 728 Commentariis·
1304 695 1560 730 Oardjnalis
1581 695 1788 730 Caietam

297 799 316 819 N
342 787 474 818 articulo
491 786 632 816 secundo
652 785 795 815 eiusdem
820 784 1340 825 centesimaequadragesimaepri-

270 801 367 863 Imae
391 830 586 872 quaestionis
611 829 747 860 dubium
773 829 912 860 occurrit
935 839 972 860 ex
988 829 1139 866 Martino,
1155 829 1188 860 in
1205 836 1340 860 tractatu

265 878 304 907 de
327 875 562 916 Temperantia,
587 885 641 915 qu.
666 885 687 910 1,
712 874 792 904 circa
821 873 1029 905 differentiam
1053 874 1085 905 in
1110 884 1245 915 corpore
1269 875 1342 905 arti-

265 922 326 952 culi
357 920 495 961 positam
525 919 606 950 inter
634 919 879 959 temperantiam
903 925 934 949 et
962 918 1183 950 fortitudinem
1208 926 1244 950 ut
1267 926 1341 950 sunt

264 966 394 997 virtutes
418 964 587 1004 generales.
613 964 701 994 Haec
724 964 838 1004 inquit,
860 963 972 1004 opinio
993 963 1071 994 mihi
1089 973 1154 994 non
1171 964 1283 1004 placet.
1301 964 1342 995 Et

265 1018 375 1041 contra
391 1019 461 1040 earn
479 1009 642 1049 tripliciter
657 1009 808 1049 arguitur.
826 1009 946 1039 Primo.
967 1008 1148 1045 Fortitudo,
1162 1009 1341 1039 secundum

264 1055 353 1096 quod
377 1054 576 1090 huiusmodi,
592 1053 687 1085 habet
703 1054 839 1084 modum
865 1063 984 1094 ponere
1008 1053 1115 1084 timori
1132 1061 1162 1084 et
1179 1053 1339 1084 audaciae.

265 1100 350 1140 Ergo
375 1106 420 1130 est
444 1098 653 1139 temperantia
677 1098 739 1129 hoc
763 1099 864 1129 modo
889 1106 1026 1139 accepta.

321 1144 477 1175 Secundo.
503 1146 570 1174 Aut
593 1143 737 1183 operatio
763 1143 958 1174 fortitudinis
975 1151 1010 1174 ut
1026 1143 1069 1174 sic
1087 1143 1182 1174 habet
1205 1142 1341 1173 circum-

265 1189 414 1220 stantiam
437 1188 534 1219 debiti
559 1188 664 1218 modi:
691 1195 747 1219 aut
770 1198 847 1219 non.
873 1188 905 1219 Si
929 1198 1006 1224 non,
1024 1198 1099 1228 ergo
1117 1187 1262 1228 operatio
1279 1187 1342 1218 for-

264 1234 408 1264 titudinis
432 1240 468 1264 ut
493 1233 536 1263 sic
560 1243 626 1263 non
652 1240 699 1263 est
721 1233 874 1264 virtuosa.
900 1233 932 1264 Si
954 1233 1008 1270 sic,
1033 1243 1108 1273 ergo
1133 1232 1290 1263 fortitudo
1307 1239 1343 1263 ut

265 1279 309 1310 sic
334 1286 381 1310 est
403 1277 623 1319 temperantia.

325 1324 442 1354 Tertio.
475 1323 619 1353 Audacia
647 1323 844 1363 quandoque
876 1322 975 1352 nimia
998 1330 1044 1354 est
1068 1322 1107 1352 ad
1137 1322 1342 1354 subeundum

265 1368 405 1408 pericula
429 1367 511 1398 belli.
537 1368 632 1398 Tunc
657 1367 710 1398 sic.
735 1370 802 1398 Aut
833 1367 1011 1398 moderatio
1043 1366 1193 1398 audaciae
1223 1373 1344 1408 spectat

265 1413 304 1443 ad
329 1412 551 1443 fortitudinem
576 1419 611 1443 ut
635 1412 695 1443 sic:
721 1420 776 1444 aut
800 1419 836 1443 ut
860 1420 908 1443 est
931 1411 1151 1453 temperantia.
1177 1411 1209 1442 Si
1230 1422 1344 1443 secun-

265 1458 344 1487 dum
369 1458 457 1498 quod
482 1457 702 1498 temperantia,
728 1467 803 1498 ergo
827 1457 982 1488 fortitudo
1006 1464 1043 1488 ut
1065 1457 1110 1487 sic
1130 1466 1196 1487 non
1213 1465 1259 1488 est
1275 1466 1343 1487 me-

266 1502 414 1533 diocritas
445 1502 526 1533 inter
556 1502 706 1533 timorem
731 1509 761 1532 et
785 1502 961 1532 audaciam.
994 1501 1026 1533 Si
1052 1501 1230 1532 secundum
1255 1502 1344 1543 quod

266 1547 432 1583 fortitudo,
457 1557 533 1587 ergo
560 1547 715 1578 fortitudo
740 1554 776 1577 ut
799 1548 844 1578 sic
868 1546 997 1578 retrahit
1013 1547 1052 1577 ab
1068 1546 1118 1577 his
1134 1556 1217 1587 quae
1235 1553 1345 1577 contra

266 1592 422 1622 rationem
447 1592 626 1632 appetitum
651 1591 808 1622 alliciunt:
834 1599 864 1622 et
888 1591 932 1622 sic
955 1601 1020 1622 non
1041 1591 1180 1622 salvatur
1199 1590 1343 1622 differen-

265 1637 307 1667 tia
332 1637 436 1676 posita
460 1637 541 1668 inter
565 1636 789 1668 fortitudinem
813 1643 844 1667 et
867 1636 1123 1677 temperantiam.

322 1681 358 1712 ll.
385 1682 436 1712 Ad
452 1682 514 1712 hoc
532 1681 647 1712 dicitur
662 1682 753 1722 quod
770 1691 905 1721 arguens
928 1681 1127 1722 aequivocat.
1152 1681 1236 1711 Nam
1253 1680 1342 1711 forti-

266 1726 345 1756 tudo
358 1724 394 1757 'et
410 1726 630 1767 temperantia,
648 1734 683 1757 ut
699 1734 774 1757 sunt
797 1725 929 1757 virtutes
952 1726 1124 1766 generales,
1142 1735 1208 1756 non
1225 1725 1343 1756 habent

265 1770 428 1802 distinctas
459 1771 621 1802 materias:
653 1771 707 1801 sed
739 1770 980 1810 distinguuntur
1007 1770 1040 1800 in
1073 1771 1184 1801 eadem
1213 1769 1344 1800 materia

1394 786 1532 816 diversas
1555 785 1703 816 habendo
1729 786 1930 817 conditiones
1953 787 2121 819 virtuosas.
2146 789 2187 820 Et
2210 796 2317 819 tamen
2342 789 2399 820 iste
2424 799 2471 818 ar-

1394 830 1524 870 guendo
1548 830 1662 871 accipit
1686 829 1907 861 fortitudinem
1931 837 1967 862 ut
1990 841 2090 862 unam
2112 833 2282 873 specialem
2308 834 2470 864 virtutem.

1395 875 1436 905 Et
1450 881 1619 915 propterea
1636 873 1823 915 argumenta
1838 875 1883 905 nil
1899 875 2006 906 valent
2025 882 2135 907 contra
2157 879 2343 918 Auctorem,
2361 885 2471 909 contra

1395 929 1493 960 quem
1517 926 1624 950 tamen
1649 919 1842 951 nominatim
1866 919 1962 951 affert.

1451 964 1545 995 Unde
1569 965 1609 994 ad
1627 965 1773 1004 primum
1799 964 1915 996 dicitur
1937 965 2028 1005 quod
2052 964 2209 996 fortitudo
2232 966 2266 996 in
2289 967 2380 997 omni
2404 977 2472 997 ma-

1394 1008 1472 1039 teria
1496 1009 1550 1039 dat
1572 1008 1766 1046 firmitatem,
1791 1009 2002 1050 temperantia
2025 1015 2134 1040 autern
2158 1009 2212 1040 dat
2234 1011 2381 1042 modum.
2409 1011 2471 1042 Ne-

1395 1060 1487 1093 gatur
1517 1063 1593 1094 ergo
1622 1054 1811 1085 antecedens
1842 1054 1881 1085 de
1905 1053 2092 1084 fortitudine
2116 1060 2152 1085 ut
2175 1060 2222 1085 est
2251 1054 2350 1086 virtus
2378 1065 2471 1096 gene-

1394 1098 1477 1129 ralis.
1535 1107 1541 1110 ·

1453 1142 1504 1173 Ad
1527 1143 1703 1174 secundum
1728 1142 1844 1173 dicitur
1867 1143 1958 1184 quod
1982 1142 2127 1183 operatio
2152 1142 2349 1174 fortitudinis
2373 1150 2409 1174 ut
2427 1151 2475 1175 est

1394 1187 1495 1218 virtus
1518 1187 1682 1227 generalis,
1700 1197 1766 1218 non
1786 1187 1881 1218 habet
1903 1187 2042 1218 modum
2065 1187 2126 1218 nisi
2149 1197 2206 1228 per
2229 1187 2474 1228 temperantiam

1396 1239 1432 1262 ut
1456 1240 1502 1262 est
1518 1232 1618 1263 virtus
1642 1232 1806 1272 generalis.
1832 1232 1873 1263 Et
1890 1242 1965 1263 cum
1982 1232 2106 1269 dicitur,
2122 1232 2216 1273 Ergo
2237 1234 2383 1273 operatio
2398 1232 2474 1274 for-

1396 1277 1543 1308 titudinis
1557 1286 1620 1307 non
1645 1282 1692 1308 est
1711 1278 1876 1308 virtuosa:
1899 1277 2086 1309 conceditur
2102 1277 2202 1318 quod,
2220 1277 2280 1308 nisi
2296 1276 2377 1308 adsit
2393 1277 2474 1308 ratio

1396 1321 1641 1363 temperantiae,
1668 1332 1734 1352 non
1759 1328 1806 1352 est
1829 1321 1989 1358 virtuosa;
2014 1321 2170 1363 quoniam
2195 1320 2326 1353 firmiter
2350 1321 2475 1362 operari

1396 1366 1463 1397 sine
1487 1366 1588 1397 modo
1612 1376 1679 1397 non
1705 1373 1751 1397 est
1774 1366 1967 1397 virtuosum.

1454 1411 1505 1441 Ad
1529 1411 1659 1442 tertium
1685 1411 1801 1442 dicitur
1824 1412 1913 1452 quod
1944 1410 2103 1442 moderari
2133 1420 2224 1452 spem
2252 1410 2413 1447 victoriae,
2438 1420 2476 1442 ex

1397 1465 1461 1496 qua
1484 1455 1617 1486 audacia
1641 1456 1740 1487 nimia
1763 1455 1809 1492 fit,
1834 1463 1955 1496 spectat
1979 1456 2018 1486 ad
2043 1455 2265 1486 fortitudinem
2281 1463 2318 1486 ut
2332 1463 2378 1487 est
2394 1462 2475 1486 tem-

1397 1500 1549 1541 perantia.
1574 1500 1616 1531 Et
1640 1511 1714 1531 cum
1738 1500 1882 1539 infertur,
1903 1501 1996 1542 Ergo
2010 1500 2178 1542 fortitudo
2198 1510 2262 1531 non
2286 1506 2335 1531 est
2357 1500 2474 1532 medio-

1397 1546 1498 1576 critas
1517 1546 1602 1576 inter
1615 1546 1763 1576 timorem
1780 1550 1811 1576 et
1829 1546 2002 1577 audaciam
2016 1553 2027 1576 .·
2050 1545 2166 1576 dicitur
2181 1545 2271 1586 quod
2286 1544 2476 1586 aequivoca-

1396 1597 1449 1621 tur
1467 1600 1485 1620 a
1504 1589 1691 1621 fortitudine
1715 1590 1853 1630 generali
1873 1591 1912 1621 ad
1932 1590 2072 1630 speciem
2096 1589 2301 1621 fortitudinis.
2322 1607 2343 1613 —
2364 1590 2477 1621 Posset

1397 1645 1531 1676 quoque
1561 1634 1668 1674 negari
1699 1635 1840 1676 sequela,
1865 1635 2002 1666 dicendo
2026 1635 2116 1676 quod
2140 1634 2298 1666 fortitudo
2321 1634 2476 1675 generalis

1396 1679 1497 1710 virtus
1520 1686 1567 1710 est
1590 1679 1794 1711 rnediocritas
1817 1679 1942 1711 timoris
1966 1687 1996 1711 et
2020 1679 2171 1710 audaciae
2187 1689 2254 1710 non
2270 1686 2307 1710 ut
2326 1679 2476 1721 propriae

1397 1724 1558 1760 materiae,
1582 1724 1637 1755 sed
1662 1731 1698 1755 ut
1721 1731 1883 1765 praestans
1906 1723 2089 1756 firmitatem
2117 1723 2216 1755 animi
2239 1723 2272 1755 in
2295 1723 2340 1755 eis
2363 1733 2475 1756 secun-

1398 1769 1477 1799 dum
1501 1769 1592 1809 quod
1615 1775 1754 1809 oportet.
2093 1780 2096 1783 ⁴

1075 1922 1402 1966 ARTICULUS
1431 1922 1663 1965 TERTIUS

464 2020 621 2051 UTRUM
646 2018 959 2050 TEMPERANTIA
985 2018 1051 2049 SIT
1076 2017 1223 2049 sorum
1248 2017 1381 2049 ciac».
1405 2016 1810 2048 CONCUP1SCENT1AS
1834 2017 1892 2048 ΕΤ
1915 2015 2282 2048 DELECTATIONES

737 2099 767 2124 111
789 2099 873 2127 Sent„
895 2098 953 2123 dist.
975 2105 1061 2129 xxxin,
1081 2105 1126 2131 qu.
1146 2105 1173 2127 ιι,
1193 2102 1239 2122 art.
1261 2105 1284 2127 2,
1305 2097 1355 2130 qu*

304 2195 358 2229 „a
381 2195 454 2258 ‘'Q'‘i'
478 2192 500 2217 n
521 2191 684 2217 TERTltJM
704 2190 758 2216 stc
779 2190 1024 2216 PROCEDITUR.
1054 2177 1216 2215 Videtur
1235 2177 1342 2226 quod

407 2263 415 2279 X

418 2269 468 2292 12.

324 2300 406 2365 ἐν,
428 2290 449 2325 6
480 2287 733 2337 cupiscentias
754 2293 790 2323 et
811 2285 1096 2324 delectationes.
1117 2284 1219 2322 Dicit
1239 2284 1341 2321 enirn
1368 2326 1370 2332 y

328 2331 422 2369 ·'³'³'')
439 2330 641 2388 Tullius,
672 2340 710 2377 in
730 2352 801 2377 sua
829 2339 1034 2377 Rhetorica
1053 2338 1085 2386 ²¹⁸,
1116 2338 1223 2387 quod
1252 2343 1342 2375 tem-

259 2397 437 2446 perantia
474 2401 529 2432 est
555 2395 713 2432 rationis
746 2394 784 2431 in
814 2393 1004 2431 libidinem
1040 2398 1153 2442 atque
1181 2392 1218 2429 in
1247 2392 1343 2429 alios

266 2462 340 2488 non
370 2454 490 2486 rectos
519 2449 677 2498 impetus
701 2448 823 2485 animi
843 2449 962 2495 firma
990 2452 1027 2484 et
1053 2446 1250 2484 moderata
1278 2446 1342 2482 do-

265 2503 434 2541 minatio.
466 2503 544 2540 Sed
573 2502 739 2551 impetus
764 2501 879 2538 animi
910 2500 1087 2538 dicuntur
1107 2512 1245 2537 ornnes
1264 2499 1342 2536 ani-

266 2570 353 2595 mae
382 2557 593 2606 passiones.
633 2557 735 2604 Ergo
763 2555 916 2592 videtur
950 2554 1056 2604 quod
1090 2553 1343 2603 temperantia

266 2624 344 2649 non
381 2610 427 2647 sit
455 2611 581 2648 solum
622 2610 720 2647 circa
751 2607 1080 2658 concupiscentias
1115 2616 1151 2645 et
1180 2607 1343 2645 delecta-

266 2666 400 2702 tiones.

320 2731 354 2756 2.
386 2719 631 2764 Prummu,
662 2717 781 2754 virtus
815 2722 870 2754 est
900 2716 1003 2753 circa
1036 2715 1190 2765 difficile
1217 2720 1253 2752 et
1279 2715 1343 2752 bo—

266 2785 356 2810 num
375 2772 407 2809 ²¹⁸.
439 2772 516 2809 Sed
546 2771 736 2809 difficilius
763 2770 918 2808 videtur
946 2782 1029 2807 esse
1058 2777 1274 2818 temperare
1303 2768 1343 2806 ti-

266 2838 431 2873 morem,
453 2825 621 2863 maxime
642 2825 741 2862 circa
761 2824 929 2874 pericula
949 2823 1095 2869 mortis,
1121 2835 1238 2872 quam
1260 2834 1344 2859 mo-

266 2880 390 2918 derari
411 2878 740 2928 concupiscentias
763 2886 799 2915 et
818 2878 1102 2923 delectationes,
1127 2889 1226 2926 quae
1255 2888 1343 2926 pro-

266 2942 350 2983 pter
378 2933 532 2971 dolores
561 2941 598 2970 et
626 2932 794 2982 pericula
819 2931 952 2969 mortis
973 2938 1283 2977 contemnuntur,
1304 2938 1345 2967 ut

266 2987 502 3036 Augustinus
523 2986 622 3033 dicit,
639 2986 677 3023 in
696 2986 792 3024 libro
818 2985 1133 3035 Octogintatrium
1158 2985 1307 3027 Quaest.
1325 2983 1345 3006 '¹‘

267 3042 369 3090 Ergo
398 3040 551 3078 videtur
588 3039 693 3089 quod
721 3040 841 3077 virtus
877 3038 1152 3088 temperantiae
1191 3050 1270 3075 non
1299 3037 1346 3074 sit

267 3094 472 3144 praecipue
508 3094 607 3131 cirea
636 3093 965 3143 concupiscentias
996 3099 1032 3130 et
1060 3091 1343 3130 delectationes.

324 3151 358 3186 3.
390 3149 630 3194 PRAETEREA,
661 3148 710 3185 ad
743 3146 1038 3196 temperantiam
1073 3145 1237 3195 pertinet
1264 3157 1345 3182 mo-

268 3202 471 3240 derationis
498 3201 645 3253 gratia,
673 3208 716 3238 ut
743 3201 973 3238 Ambrosius
995 3199 1093 3245 dicit,
1115 3199 1152 3237 in
1177 3200 1190 3236 Ι
1211 3199 1258 3236 de
1281 3199 1344 3248 Os-

258 3257 327 3304 fic.
348 3256 367 3277 ’¹‘
397 3256 446 3293 Et
464 3256 614 3293 Tullius
644 3254 744 3301 dicit,
766 3254 805 3292 in
834 3254 915 3291 Ide
948 3254 1057 3303 Offic.
1078 3253 1130 3300 **,
1161 3253 1267 3301 quod
1297 3254 1344 3291 ad

268 3309 559 3358 temperantiam
587 3308 750 3358 pertinet
779 3309 901 3345 omnis
927 3307 1068 3345 sedatio
1092 3307 1346 3356 perturbatio-

270 3374 360 3399 num
381 3363 511 3408 animi‚
537 3368 573 3399 et
599 3374 728 3399 rerum
749 3362 894 3400 modus.
927 3362 1092 3411 Oportet
1111 3369 1239 3398 autem
1260 3373 1344 3398 mo-

270 3416 362 3453 dum
392 3427 536 3464 ponere
565 3428 645 3452 non
665 3417 790 3452 solum
811 3415 849 3452 in
870 3414 1186 3464 concupiscentiis
1216 3421 1252 3451 et
1281 3414 1345 3452 de—

270 3468 554 3514 lectationibus,
586 3470 652 3506 sed
690 3470 803 3506 etiam
844 3469 881 3506 in
917 3468 1166 3506 exterioribus
1199 3467 1345 3505 actibus

271 3530 307 3559 et
348 3521 580 3572 quibuslibet
626 3522 886 3559 exterioribus.
941 3523 1042 3571 Ergo
1092 3521 1345 3571 temperantia

270 3588 348 3613 non
378 3583 434 3612 est
462 3576 589 3612 solum
626 3575 725 3611 circa
755 3575 1084 3623 concupiscentias
1116 3583 1153 3612 et
1182 3574 1345 3612 delecta-

270 3637 404 3666 tiones.

423 2240 450 2273 Ἀ
478 2233 734 2283 temperantia
767 2244 846 2270 non
882 2231 929 2269 sit
957 2232 1082 2268 solum
1122 2232 1221 2268 circa
1251 2243 1342 2268 con·
1368 2259 1369 2267 ,

1377 2104 1406 2125 2:
1426 2097 1446 2122 ll
1468 2096 1564 2128 Ethic„
1583 2097 1641 2122 lect.
1660 2104 1719 2127 vn1;
1738 2096 1783 2128 111.
1804 2097 1862 2122 lect.
1880 2104 1931 2128 ιιι,
1949 2104 2001 2122 xxi.

1452 2177 1527 2214 San
1557 2188 1705 2214 CONTRA
1734 2188 1800 2214 EST
1838 2176 1944 2227 quod
1974 2176 2142 2214 Isidorus
2171 2175 2281 2224 dicit,
2311 2175 2351 2214 in
2379 2175 2476 2214 libro

1396 2230 1565 2279 Etymol.
1585 2230 1617 2277 *,
1647 2231 1755 2279 quod
1783 2230 2039 2280 temperantia
2069 2238 2124 2268 est
2153 2242 2231 2280 qua
2256 2229 2369 2268 libido
2389 2240 2477 2268 con-

1398 2284 1702 2333 cupzkcentiaque
1730 2285 1959 2333 refrenatur.

1451 2338 1680 2375 Respoumzo
1699 2349 1887 2375 mcx-:Noun
1907 2337 2026 2386 quod,
2047 2337 2144 2374 sicut
2163 2336 2312 2386 supra*
2332 2336 2476 2375 dictum

1398 2398 1473 2439 est,
1509 2391 1559 2429 ad
1590 2392 1772 2429 virtutem
1812 2391 1999 2428 moralem
2035 2390 2200 2440 pertinet
2236 2390 2476 2428 conservatio

1396 2444 1489 2482 boni
1517 2444 1673 2482 rationis
1709 2453 1841 2482 contra
1869 2444 2069 2494 passiones
2098 2443 2234 2481 rationi
2263 2455 2477 2494 repugnan-

1397 2506 1465 2536 tes.
1496 2499 1627 2536 Motus
1647 2506 1778 2536 autem
1806 2498 2034 2549 passionum
2054 2497 2208 2535 animae
2238 2505 2294 2534 est
2323 2497 2477 2547 duplex,

1397 2559 1438 2588 ut
1466 2564 1583 2601 supra
1601 2552 1622 2574 *
1651 2552 1794 2590 dictum
1825 2559 1892 2599 est,
1923 2563 2012 2589 cum
2043 2551 2091 2589 de
2118 2550 2363 2600 passionibus
2392 2563 2478 2600 age-

1396 2613 1514 2642 retur:
1553 2618 1654 2643 unus
1691 2605 1849 2656 quidem
1889 2604 2103 2643 secundum
2143 2604 2250 2654 quod
2289 2604 2479 2654 appetitus

1395 2659 1599 2697 sensitivus
1614 2659 1860 2710 prosequitur
1874 2658 2066 2697 sensibilia
2083 2665 2119 2696 et
2135 2658 2349 2708 corporalia
2362 2658 2478 2705 bona;

1397 2712 1493 2750 alius
1518 2721 1647 2751 autern
1675 2714 1891 2751 secundum
1921 2713 2028 2762 quod
2058 2712 2194 2762 refugit
2221 2711 2415 2750 sensibilia
2444 2720 2480 2750 et

1398 2767 1611 2816 corporalia
1640 2768 1755 2805 mala.
1789 2767 1944 2804 Primus
1973 2774 2103 2804 autem
2131 2774 2261 2804 motus
2290 2765 2479 2816 appetitus

1397 2821 1566 2859 sensitivi
1594 2821 1802 2871 praecipue
1827 2828 2013 2870 repugnat
2033 2819 2170 2858 rationi
2198 2831 2268 2870 per
2286 2818 2479 2857 immode-

1398 2875 1572 2912 rantiam.
1604 2875 1707 2912 Nam
1737 2875 1840 2912 bona
1869 2874 2061 2912 sensibilia
2089 2881 2127 2911 et
2155 2872 2390 2923 corporalia,
2420 2883 2478 2910 se-

1399 2929 1569 2966 cundum
1603 2941 1715 2966 suam
1751 2928 1920 2978 speciem
1959 2927 2223 2974 considerata,
2254 2939 2333 2964 non
2366 2937 2478 2975 repu-

1398 2990 1515 3031 gnant
1544 2982 1692 3030 rationi,
1714 2983 1781 3020 sed
1803 2982 1925 3031 magis
1950 2982 2123 3019 serviunt
2151 2981 2197 3028 ei,
2218 2979 2314 3017 sicut
2341 2979 2479 3017 instru-

1398 3044 1528 3074 menta
1543 3036 1683 3085 quibus
1699 3035 1791 3073 ratio
1808 3036 1923 3073 utitur
1937 3036 1985 3074 ad
2002 3034 2315 3073 consecutionem
2335 3032 2479 3084 proprii

1398 3090 1496 3127 finis.
1536 3091 1767 3140 Repugnant
1800 3098 1928 3127 autem
1961 3089 1995 3127 ei
2024 3088 2231 3139 praecipue
2261 3088 2477 3124 secundum

1397 3144 1503 3193 quod
1533 3144 1724 3194 appetitus
1746 3143 1950 3181 sensitivus
1970 3142 2008 3180 in
2029 3155 2074 3180 ea
2093 3140 2213 3179 tendit
2241 3152 2321 3178 non
2341 3153 2477 3179 secun-

1400 3198 1492 3235 dum
1523 3197 1685 3235 modum
1717 3197 1886 3235 rationis.
1918 3196 1967 3234 Et
1994 3196 2083 3234 ideo
2112 3194 2160 3233 ad
2189 3194 2370 3232 virtutem
2394 3206 2478 3232 mo-

1399 3253 1519 3289 ralem
1547 3251 1702 3301 proprie
1731 3251 1894 3301 pertinet
1917 3248 2110 3287 moderari
2139 3248 2361 3286 huiusmodi
2392 3260 2478 3298 pas-

1399 3305 1527 3343 siones
1565 3317 1667 3354 quae
1705 3305 1915 3354 important
1955 3302 2268 3352 prosecutionem
2307 3302 2413 3340 boni.
2451 3321 2477 3331 -

1400 3359 1531 3397 Motus
1559 3366 1687 3396 autern
1713 3357 1903 3408 appetitus
1933 3356 2102 3394 sensitivi
2133 3355 2352 3405 refugientis
2376 3355 2478 3393 mala

1399 3412 1602 3459 sensibilia,
1632 3411 1838 3461 praecipue
1859 3409 2110 3447 contrariatur
2130 3409 2265 3448 rationi
2295 3421 2373 3447 non
2394 3409 2476 3458 qui-

1400 3466 1489 3503 dem
1519 3465 1733 3502 secundum
1763 3475 1873 3501 suam
1904 3463 2263 3510 immoderantiam,
2293 3463 2362 3501 sed
2395 3474 2475 3500 ma-

1399 3518 1500 3556 xime
1538 3517 1753 3556 secundum
1791 3529 1905 3555 suum
1943 3516 2147 3555 effectum:
2186 3525 2300 3567 prout
2338 3515 2478 3554 scilicet

1400 3572 1550 3621 aliquis,
1581 3571 1804 3620 refugiendo
1834 3571 1935 3608 mala
1964 3571 2156 3610 sensibilia
2185 3579 2221 3608 et
2250 3569 2475 3620 corporalia,

1399 3637 1500 3674 quae
1520 3625 1711 3663 interdurn
1733 3625 2041 3662 concomitantur
2060 3626 2208 3662 bonum
2225 3623 2391 3670 rationis,
2408 3634 2477 3672 per

2497 476 2506 482 ⁹
2522 473 2570 500 Qu.
2585 480 2655 500 extu,
2667 478 2708 495 art.

2494 506 2518 527 4.

2506 2244 2515 2253 ·
2528 2242 2563 2265 (1.
2573 2242 2595 2264 11
2603 2241 2679 2269 Sene„
2689 2242 2718 2264 ιΙ.

2505 2269 2535 2292 de
2541 2268 2637 2292 &aaa
2642 2269 2719 2295 Bono,

2504 2301 2719 2352 π’ὸωωωῖῗῗὲί

2504 2350 2534 2376 n,
2548 2355 2600 2378 etp.
2614 2355 2695 2372 xxxix.

2506 2379 2515 2388 ·
2526 2376 2575 2404 Qu.
2585 2381 2668 2401 mut.
2677 2379 2720 2398 an.

2506 2410 2539 2429 ης
2562 2409 2600 2432 qu.
2625 2408 2719 2429 cxxxvi,

2504 2434 2546 2452 ΙΠ,
2562 2437 2578 2452 1.

2506 2566 2719 2596 ·Ι·11“,ςι.ιιιιι,

2505 2598 2548 2616 ιη.
2561 2598 2583 2616 a.
