2768 4198
926 297 1195 344 QUAESTIO
1226 299 1456 347 CLXXXV,
1486 299 1783 359 ARTICULUS
1812 301 1897 337 VIIl

312 375 504 406 trimembris
535 375 731 415 regularium
760 375 1032 406 observantiarum
1065 376 1097 406 in
1128 377 1230 408 littera
1261 378 1382 417 posita,

312 419 430 450 scilicet
451 419 542 459 quod
564 420 724 459 quaedam
747 426 821 450 sunt
844 427 1070 459 promoventes
1094 431 1150 451 seu
1171 422 1383 452 custodientes

312 462 542 507 perfectionem
565 463 774 503 pontificiam,
799 463 958 504 quaedam
982 464 1201 504 impedientes,
1225 467 1383 506 quaedam

312 514 452 543 neutrae,
467 507 511 537 sic
526 507 708 547 accipienda
727 514 774 538 est
789 508 879 548 quod
893 507 1018 549 aliquae
1034 509 1199 540 manifeste
1215 510 1383 541 utilitatem

312 550 447 582 afferunt
469 550 654 591 perfectioni
678 550 863 591 pontificali,
888 558 923 581 ut
947 553 1080 589 castitas,
1106 561 1288 593 paupertas,
1314 555 1383 584 abs—

311 595 459 632 tinentia,
483 595 601 625 ieiunia
624 596 805 632 moderata,
830 596 986 627 abdicatio
1010 597 1185 634 lineorum,
1217 605 1247 628 et
1275 598 1384 629 huius-

312 639 419 676 modi;
438 657 460 663 -
479 639 638 680 quaedam
656 639 821 671 manifeste
837 640 1017 681 impediunt
1031 641 1174 672 officium
1192 641 1382 682 pontificale,

313 691 349 716 ut
369 683 542 720 silentium,
559 683 711 720 solitudo,
736 691 767 715 et
791 685 1007 717 universaliter
1022 696 1247 726 quaecumque
1262 686 1384 717 incom-

313 728 478 770 possibilia
501 735 575 759 sunt
600 738 675 758 cum
698 728 873 768 pontificali
897 730 1020 765 officio,
1046 730 1198 770 dignitate
1221 737 1251 761 et
1276 737 1384 761 aucto-

313 773 419 804 ritate:
444 782 501 803 nec
525 772 632 803 solum
657 772 744 809 haec,
769 773 823 803 sed
847 783 1071 814 quaecumque
1093 774 1306 805 communiter
1321 775 1383 805 dis-

313 824 428 848 sonent
451 827 469 847 a
491 815 667 857 pontificali
687 816 848 856 dignitate,
866 825 896 849 et
912 818 1126 859 appellatione
1147 819 1384 859 impedientium

312 861 550 901 intelliguntur;
570 878 592 884 -
615 861 773 901 quaedam
796 871 891 899 vero,
916 873 983 893 non
1013 863 1243 899 communiter,
1269 864 1323 893 sed
1351 863 1384 893 in

313 916 387 937 casu
403 905 512 946 aliquo
536 905 742 936 inveniuntur
765 906 904 943 dissona,
921 907 1043 938 ratione
1058 907 1109 937 vel
1130 907 1194 937 loci
1215 907 1266 937 vel
1289 907 1385 938 officii

312 951 364 982 vel
386 949 557 987 societatis,
574 957 632 981 etc.

368 995 410 1026 Et
440 995 479 1025 ab
506 994 754 1034 impedientibus
781 994 913 1035 quidem
944 1002 974 1026 et
1005 995 1219 1026 communiter
1249 995 1385 1026 dissonis

313 1039 487 1070 absolvitur
505 1038 576 1079 ipso
593 1038 661 1069 iure
676 1038 703 1070 *.
728 1039 770 1069 Et
785 1039 866 1079 quia·
878 1040 916 1070 de
932 1039 1051 1070 horum
1075 1049 1209 1070 numero
1235 1046 1282 1070 est
1305 1040 1384 1070 obli-

277 1085 284 1092 '
312 1083 399 1124 gatio
423 1083 462 1115 ad
485 1083 671 1114 habendum
693 1083 820 1114 socium
844 1084 1069 1120 collateralem,
1086 1083 1159 1114 ideo
1179 1094 1246 1114 non
1261 1090 1386 1115 tenetur

313 1128 365 1171 ad*
383 1128 510 1160 socium
539 1127 726 1159 habendum
753 1137 863 1159 secum
896 1138 933 1159 ex
962 1138 1022 1159 suo
1055 1128 1176 1158 ordine.
1212 1129 1386 1168 Derogaret

313 1170 400 1204 enim
423 1172 596 1214 episcopali
621 1171 765 1213 dignitati
788 1171 916 1204 fratrem
936 1172 982 1203 illi
1002 1172 1260 1213 appropinquare
1280 1180 1316 1204 ut
1335 1183 1386 1203 so-

298 1217 415 1253 cium:
450 1224 482 1248 et
508 1217 639 1257 derogat
665 1216 823 1248 societatis
846 1216 962 1248 rationi
990 1217 1079 1258 quod
1103 1223 1254 1257 sequatur
1283 1224 1318 1248 ut
1341 1217 1386 1247 fa-

313 1262 432 1298 mulus,
454 1261 700 1296 societas.enim
724 1268 771 1292 est
792 1261 903 1293 relatio
933 1261 1200 1303 aequiparandae.
1217 1279 1238 1284 -
1257 1262 1388 1292 Accedit

255 1302 567 1347 --aedhaecffquod
590 1305 780 1346 episcopus,
805 1306 886 1338 sicut
909 1307 949 1337 ad
972 1305 1068 1337 aliam
1098 1305 1263 1336 ecclesiam
1286 1313 1317 1336 et
1348 1307 1387 1336 ad

313 1350 399 1383 aliud
419 1350 563 1382 officium
577 1350 833 1383 ,ecclesiasticum
855 1350 1105 1392 persolvendum
1129 1349 1327 1387 transfertur,
1345 1350 1387 1381 ita

314 1395 354 1427 ad
377 1395 505 1426 alterius
528 1395 651 1436 generis
683 1395 866 1426 societatem
890 1395 962 1436 ipso
985 1394 1070 1426 facto
1098 1394 1268 1425 translatus
1297 1394 1387 1425 intel-

312 1439 438 1481 ligitur:
463 1449 499 1471 ac
522 1450 579 1480 per
593 1440 666 1476 hoc,
680 1440 847 1471 absolutus
871 1450 889 1470 a
910 1439 1008 1480 priori
1024 1439 1187 1470 societate.
1210 1439 1285 1469 Non
1301 1439 1388 1470 enim

314 1484 435 1525 duplici
458 1484 609 1516 societate
632 1484 752 1525 gravari
778 1485 887 1516 debet:
913 1484 994 1516 sicut
1018 1494 1076 1515 nec
1100 1483 1220 1524 duplici
1243 1491 1391 1523 gravatur

313 1528 432 1560 officio.
457 1530 498 1560 Et
520 1529 676 1570 quoniam
696 1539 920 1570 quaecumque
943 1529 984 1559 ad
1007 1528 1132 1559 socialis
1155 1528 1237 1559 vitae
1263 1528 1387 1559 unifor-

313 1573 475 1610 mitatem,
499 1580 555 1604 aut
577 1573 815 1614 depressionem
845 1580 977 1604 actuum
1001 1583 1055 1603 seu
1080 1579 1231 1614 gestuum
1262 1573 1295 1604 in
1319 1583 1389 1614 per-

312 1618 400 1649 sonis
424 1617 578 1659 religiosis
601 1624 762 1658 spectant,
790 1617 952 1649 dissonare
975 1617 1123 1648 videntur
1146 1617 1185 1648 ab
1215 1617 1387 1659 episcopali

314 1662 558 1694 conversatione
579 1672 635 1693 seu
660 1662 825 1702 dignitate,
850 1673 907 1694 seu
936 1662 1123 1694 auctoritate
1150 1662 1201 1692 vel
1228 1662 1387 1693 libertate:

313 1706 386 1738 ideo
415 1707 456 1737 ad
478 1704 607 1738 nullum
635 1707 748 1738 talium
771 1714 914 1738 remanet
937 1707 1106 1747 obligatus.
1142 1707 1183 1737 Et
1210 1706 1249 1736 de
1273 1716 1387 1737 eorum

314 1761 450 1783 numero
477 1751 627 1783 videntur
655 1751 843 1782 huiusmodi
874 1751 1108 1787 observantiae,
1139 1751 1256 1781 scilicet
1279 1751 1387 1782 bibere

314 1796 456 1828 sedendo
480 1803 536 1827 aut
559 1806 634 1827 cum
658 1796 783 1827 duabus
807 1796 964 1833 manibus,
990 1802 1020 1826 et
1039 1795 1164 1826 similia.
1189 1795 1278 1827 Sicut
1301 1795 1386 1826 enim

313 1840 481 1881 religiosus
497 1840 600 1871 factus
616 1840 787 1881 episcopus
803 1840 958 1871 reviviscit
974 1840 1219 1881 quodammodo
1236 1840 1275 1870 ad
1289 1840 1386 1870 vitam

315 1885 453 1922 civilem,
477 1885 568 1924 dum,
584 1895 605 1915 a
625 1885 702 1926 iugo
726 1886 924 1916 monasticae
947 1885 1084 1926 regulae
1106 1884 1282 1922 absolutus,
1300 1884 1385 1916 adire

314 1937 421 1983 potest
443 1929 666 1966 hereditatem,
692 1935 728 1960 ut
750 1936 837 1970 patet
851 1929 971 1965 XVIII,
991 1939 1046 1970 qu.
1063 1939 1085 1966 1,
1109 1938 1178 1968 cap.
1202 1929 1387 1968 Statutum;

314 1976 359 2005 ita
381 1984 399 2005 a
423 1973 626 2014 depressione
649 1980 780 2005 actuum
804 1973 1016 2014 spectantium
1044 1973 1084 2003 ad
1107 1973 1248 2014 priorem
1268 1979 1386 2004 statum

315 2019 483 2050 absolutus
506 2018 648 2049 videtur:
673 2025 710 2050 ut
723 2018 881 2050 absolutio
897 2028 918 2049 a
934 2019 1012 2059 iugo
1030 2018 1227 2049 monasticae
1249 2018 1387 2059 regulae

316 2062 400 2094 dicta
421 2063 455 2093 in
479 2072 618 2099 canone,
650 2073 716 2094 non
740 2062 780 2094 sit
810 2062 901 2104 quasi
925 2062 1040 2093 frustra
1063 2062 1162 2098 dicta;
1186 2062 1240 2093 sed
1265 2062 1386 2103 aliquid

316 2114 467 2148 operatur
482 2107 565 2139 ultra
584 2107 822 2138 excusationem
841 2107 880 2138 ab
899 2106 1224 2147 incompossibilibus,
1242 2107 1281 2137 ad
1304 2117 1387 2148 quae

315 2151 451 2183 omnino
471 2153 645 2189 constabat,
662 2158 776 2193 utpote
800 2151 1083 2192 incompossibilia,
1109 2150 1297 2191 episcopum
1321 2161 1387 2182 non

314 2196 424 2228 teneri.

371 2242 424 2272 Ab
452 2240 701 2282 impedientibus
724 2250 801 2271 vero
831 2240 865 2271 in
894 2249 986 2276 casu,
1017 2249 1083 2270 non
1113 2239 1233 2270 absolvi
1263 2239 1388 2270 videtur

316 2285 487 2326 episcopus
509 2285 582 2326 ipso
606 2285 685 2322 iure,
709 2285 766 2316 sed
787 2284 819 2315 in
840 2294 915 2316 casu
938 2290 1073 2321 tantum,
1091 2283 1116 2315 si
1133 2294 1198 2325 qua
1214 2290 1288 2314 sunt
1303 2284 1388 2315 talia.

315 2330 474 2362 Videntur
496 2339 637 2371 namque
660 2330 738 2360 haec
757 2339 825 2360 esse
840 2329 894 2360 illa
913 2329 951 2360 de
967 2329 1086 2370 quibus
1101 2328 1135 2359 in
1150 2328 1252 2359 littera
1275 2328 1389 2359 dicitur

316 2375 407 2416 quod
429 2381 567 2416 possunt
589 2374 732 2415 episcopi
755 2383 865 2405 secum
884 2373 1067 2414 dispensare
1090 2373 1171 2404 sicut
1193 2373 1322 2413 praelati
1342 2383 1389 2403 re-

315 2419 484 2460 ligionum.
515 2419 556 2450 Et
578 2418 657 2450 haec
679 2425 756 2450 sunt
778 2418 966 2450 abstinentia
990 2428 1009 2448 a
1031 2417 1178 2449 carnibus
1212 2424 1243 2448 et
1271 2417 1390 2448 ieiunia

317 2471 348 2495 et
370 2463 569 2500 huiusmodi,
593 2463 634 2494 ad
657 2473 739 2504 quae
763 2469 887 2494 constat
909 2462 1100 2504 episcopum
1123 2471 1285 2493 remanere
1309 2461 1390 2492 obli-

316 2515 444 2550 gatum,
467 2515 582 2549 utpote
609 2507 750 2539 foventia
777 2507 1007 2549 perfectionem
1029 2506 1121 2538 vitae.
1153 2507 1195 2537 Et
1220 2506 1293 2537 ideo
1320 2506 1390 2537 reli-

317 2552 427 2594 giosus
456 2553 518 2589 cui,
546 2553 725 2583 secundum
754 2551 910 2592 regularia
938 2551 1101 2588 instituta,
1130 2551 1292 2581 inhibetur
1318 2561 1390 2582 esus

318 2597 482 2633 carnium,
513 2596 614 2628 factus
643 2597 814 2637 episcopus
842 2605 909 2627 non
940 2602 1046 2636 potest
1068 2595 1146 2626 feria
1169 2602 1254 2626 sexta
1282 2595 1316 2625 in
1340 2595 1390 2626 die

317 2641 438 2673 Natalis
460 2641 594 2672 Domini
616 2641 701 2672 vesci
724 2640 888 2677 carnibus,
919 2641 974 2671 sed
997 2646 1107 2681 peccat
1129 2639 1305 2670 mortaliter
1327 2639 1390 2671 hoc

318 2686 484 2717 faciendo:
517 2685 594 2727 quia
616 2683 809 2716 beneficium
832 2684 964 2716 canonis
988 2683 1189 2715 concedentis
1213 2694 1305 2714 esum
1328 2694 1392 2715 car-

318 2731 410 2761 nium
433 2730 466 2760 in
489 2729 594 2761 Natali
617 2729 750 2760 Domini
765 2729 792 2766 *,
817 2739 884 2760 non
908 2728 1150 2769 comprehendit
1173 2728 1291 2769 ipsum,
1315 2729 1391 2770 quia

317 2775 431 2816 excipit
447 2785 502 2806 eos
516 2775 572 2816 qui
595 2775 745 2816 regulari
767 2774 970 2805 observantia
992 2778 1068 2804 sunt
1090 2773 1237 2804 adstricti
1259 2773 1299 2803 ad
1322 2773 1390 2804 abs-

318 2819 484 2851 tinentiam
508 2830 526 2850 a
550 2819 706 2850 carnibus.

2423 305 2498 350 485

1494 379 1546 409 III.
1571 379 1621 409 Ad
1645 380 1823 410 secundum
1847 390 1922 410 vero
1946 379 2111 410 dubium*
2135 381 2257 418 dicitur,
2275 382 2361 412 salvo
2379 383 2501 414 meliori

1438 422 1565 459 iudicio,
1585 424 1674 464 quod
1690 424 1815 454 vincula
1831 431 2074 464 praeceptorum
2091 431 2121 455 et
2137 435 2340 456 censurarum
2356 427 2502 458 videntur

1438 467 1517 497 inter
1540 467 1668 498 dissona
1693 469 1923 508 computanda:
1956 469 1998 499 ita
2023 469 2112 509 quod
2133 469 2194 509 ipsi
2218 477 2305 500 actus
2334 471 2388 511 qui
2413 482 2501 511 prae-

1438 511 1598 551 cipiuntur
1620 519 1675 542 aut
1698 513 1757 543 sub
1781 513 1920 543 censuris
1943 512 2039 552 positi
2054 520 2137 550 sunt,
2161 513 2234 544 licet
2257 524 2322 544 non
2340 515 2502 547 dissonent

1438 555 1492 585 sed
1522 563 1699 586 consonent
1722 556 1895 597 episcopali
1918 556 2105 597 perfectioni
2129 567 2164 588 ac
2188 557 2348 597 dignitati,
2367 566 2441 595 etc.,
2468 568 2502 591 ut

1438 599 1575 630 ieiunare
1599 599 1674 630 feria
1699 607 1784 631 sexta
1808 608 1837 631 et
1861 601 1892 631 in
1916 601 2081 638 Adventu,
2108 609 2138 632 et
2161 602 2364 639 huiusmodi;
2393 604 2502 634 vincu-

1438 643 1506 673 lum
1525 651 1631 674 tamen
1654 645 1811 685 praecepti
1827 652 1882 676 aut
1897 655 2046 676 censurae
2070 646 2310 686 superadditum
2325 647 2364 677 ab
2381 647 2502 688 episco-

1439 688 1501 727 pali
1525 695 1607 718 statu
1632 688 1782 719 dissonat.
1808 689 1848 719 Et
1871 689 1950 720 ratio
1974 696 2020 720 est
2043 690 2118 730 quia
2141 690 2328 731 episcopalis
2347 698 2445 722 status
2470 703 2502 723 se

1438 732 1531 762 habet
1553 732 1594 762 ad
1616 739 1734 763 statum
1757 733 1951 773 religiosum,
1977 734 2059 764 utin
2075 734 2175 765 littera
2193 735 2315 772 dicitur,
2339 735 2420 766 sicut
2439 747 2503 767 ma-

1438 776 1524 815 gistri
1548 782 1646 806 status
1670 777 1710 806 ad
1733 783 1849 808 statum
1874 777 2029 817 discipuli.
2055 778 2188 809 Constat
2203 786 2310 810 autem
2334 781 2423 820 quod
2446 780 2503 811 fre-

1439 820 1568 860 quentia
1597 821 1692 850 studii
1723 821 1763 851 ad
1790 821 2010 852 meditandum
2042 829 2072 853 et
2101 823 2229 853 lectioni
2252 825 2430 854 vacandum
2460 825 2503 855 ita

1440 864 1587 894 convenit
1603 865 1760 904 discipulo
1785 866 1873 906 quod
1889 876 1955 895 non
1975 866 2080 896 minus
2097 868 2244 898 convenit
2259 869 2424 908 magistro:
2449 870 2503 900 sed

1439 909 1548 948 quoad
1570 908 1756 939 huiusmodi
1787 909 2001 940 assiduitatem
2025 911 2064 940 ad
2094 912 2313 942 meditandum
2343 919 2374 943 et
2397 913 2502 953 legen-

1440 953 1516 983 dum
1534 953 1592 983 sub
1609 953 1783 993 praeceptis
1798 961 1853 984 aut
1868 954 1979 994 poenis
1996 954 2021 984 si
2041 955 2154 995 aliquis
2174 956 2391 996 adstringatur,
2408 957 2502 988 statui

1440 997 1670 1037 discipulorum
1694 998 1857 1034 convenit,
1883 1008 1948 1028 non
1972 998 2064 1029 statui
2088 999 2322 1039 magistrorum.
2347 1002 2387 1032 Et
2409 1001 2501 1038 ideo,

1440 1041 1520 1072 sicut
1548 1041 1712 1081 religiosus
1743 1041 1843 1072 factus
1871 1042 2039 1082 episcopus
2068 1043 2231 1074 absolutus
2260 1053 2305 1076 est
2334 1056 2351 1075 a
2374 1045 2502 1076 vinculo

1441 1091 1682 1125 praeceptorum
1714 1092 1744 1116 et
1774 1095 1977 1116 censurarum
2008 1087 2221 1126 praelatorum
2249 1089 2423 1128 religionis,
2448 1089 2503 1131 qui

1441 1137 1514 1160 sunt
1529 1130 1619 1170 quasi
1635 1130 1810 1170 paedagogi
1824 1130 2045 1170 religiosorum
2061 1131 2093 1161 in
2107 1131 2270 1172 disciplina
2286 1133 2502 1173 perfectionis;

1440 1174 1481 1204 ita
1510 1181 1584 1204 sunt
1612 1174 1749 1205 absoluti
1779 1184 1797 1204 a
1820 1174 1948 1205 vinculo
1972 1182 2214 1215 praeceptorum
2241 1183 2271 1207 et
2300 1187 2503 1209 censurarum

1442 1218 1566 1257 regulae
1591 1225 1621 1249 et
1645 1225 1848 1249 statutorum.
1873 1219 2038 1256 Quoniam
2053 1221 2160 1259 regula
2176 1227 2221 1251 est
2243 1228 2396 1262 tanquam
2419 1233 2505 1262 prae-

1440 1263 1523 1293 latus
1552 1262 1760 1293 inanimatus:
1793 1263 1874 1293 sicut
1903 1273 1920 1293 e
1951 1270 2060 1294 contra
2090 1265 2247 1304 praelatus
2278 1272 2323 1296 est
2352 1266 2433 1297 sicut
2455 1267 2504 1297 lex

1441 1314 1588 1337 ammata.

1497 1350 1594 1381 Secus
1628 1358 1736 1381 autem
1767 1357 1813 1381 est
1847 1351 1885 1381 de
1915 1351 2044 1382 vinculo
2073 1359 2224 1383 votorum
2259 1353 2421 1390 castitatis,
2447 1361 2503 1385 etc.

1443 1395 1606 1433 Quoniam
1630 1395 1683 1425 illa
1708 1405 1773 1425 non
1798 1405 1835 1426 ex
1858 1395 2028 1435 superioris
2052 1397 2176 1435 regulae
2200 1403 2254 1427 aut
2277 1397 2416 1428 hominis
2439 1398 2503 1429 vin-

1442 1440 1526 1476 culo,
1551 1439 1606 1470 sed
1631 1449 1668 1470 ex
1691 1439 1820 1480 propria
1842 1439 2054 1479 promissione
2077 1441 2147 1471 Deo
2171 1441 2252 1472 facta
2273 1442 2340 1472 vim
2355 1453 2445 1473 suam
2462 1453 2506 1473 re-

1442 1491 1552 1515 t1nent.

1498 1529 1551 1559 lv.
1575 1528 1627 1558 Ad
1650 1527 1850 1558 obiectorum
1876 1538 1950 1568 ergo
1967 1528 2108 1568 primum
2132 1528 2244 1559 dicitur
2268 1530 2356 1570 quod
2372 1531 2506 1561 mutatio

1441 1579 1541 1604 status
1565 1572 1659 1603 efficit
1682 1580 1718 1603 ut
1741 1582 1807 1603 non
1827 1572 1865 1603 sit
1887 1580 2030 1614 respectu
2047 1572 2142 1603 huius
2162 1574 2350 1604 transeuntis
2372 1575 2410 1605 de
2425 1582 2506 1605 statu

1441 1618 1473 1648 in
1498 1624 1616 1648 statum
1639 1617 1751 1647 eadem
1774 1617 1853 1647 ratio
1878 1617 1916 1648 de
1940 1617 2136 1648 subiectione
2159 1618 2198 1648 ad
2223 1625 2390 1655 statutum,
2415 1626 2445 1649 et
2468 1620 2507 1649 ad

1441 1662 1605 1693 vinculum
1629 1661 1746 1692 statuti.
1771 1662 1811 1692 Et
1835 1661 1911 1692 haec
1935 1662 2099 1702 responsio
2124 1669 2218 1702 patet,
2243 1663 2326 1703 quia,
2351 1671 2507 1704 quantum

1441 1707 1479 1737 ad
1496 1706 1663 1736 vinculum
1687 1705 1915 1746 suspensionis,
1934 1713 2055 1737 constat
2071 1716 2107 1736 ex
2126 1706 2194 1737 iure
2210 1707 2404 1738 communi*
2419 1708 2507 1749 quod

1442 1751 1611 1792 episcopus
1641 1760 1708 1780 non
1732 1749 1872 1781 subiacet
1894 1750 2023 1781 vinculo
2047 1751 2264 1791 suspensionis
2292 1751 2351 1782 nisi
2381 1752 2419 1782 de
2443 1753 2506 1793 epi-

1440 1805 1540 1835 scopo
1556 1794 1611 1825 fiat
1624 1794 1755 1825 mentio.
1779 1794 1915 1825 Mutatio
1933 1805 2007 1834 ergo
2023 1802 2122 1825 status
2139 1794 2233 1826 efficit
2248 1796 2346 1836 quod,
2363 1803 2505 1836 respectu

1440 1839 1639 1874 huiusmodi,
1665 1849 1731 1869 non
1756 1845 1802 1869 est
1825 1839 1935 1869 eadem
1959 1839 2038 1869 ratio
2063 1839 2100 1869 de
2125 1839 2320 1870 subiectione
2343 1841 2382 1870 ad
2407 1847 2505 1871 statu-

1440 1892 1524 1921 tum,
1550 1891 1580 1915 et
1603 1884 1643 1914 ad
1666 1883 1832 1914 vinculum
1855 1883 2093 1924 superadditum
2117 1883 2150 1914 in
2174 1890 2301 1915 statuto.
2332 1885 2505 1921 Quocirca,

1440 1929 1521 1960 sicut
1544 1929 1583 1959 de
1607 1927 1823 1968 suspensionis
1846 1927 1975 1958 vinculo
2000 1937 2037 1958 ex
2058 1927 2126 1958 iure
2145 1928 2261 1968 scripto
2286 1928 2440 1959 habemus
2456 1939 2506 1960 ca-

1440 1983 1512 2004 sum
1537 1972 1688 2009 decisum,
1712 1971 1756 2003 ita
1779 1972 1817 2002 de
1841 1971 1909 2002 aliis
1925 1972 2059 2003 vinculis
2075 1982 2112 2002 ex
2127 1972 2195 2003 iure
2210 1973 2360 2004 naturalis
2375 1973 2506 2004 rationis

1439 2018 1566 2049 videtur
1594 2016 1690 2047 simili
1717 2016 1817 2047 modo
1848 2026 1938 2047 casus
1963 2015 2171 2054 decidendus,
2199 2023 2329 2058 propter
2350 2017 2507 2049 rationem

1441 2062 1579 2093 allatam.

1496 2107 1548 2137 Ad
1564 2106 1699 2137 alterum
1715 2105 1876 2136 obiectum
1892 2105 2006 2136 dicitur
2021 2106 2111 2146 quod
2130 2105 2208 2136 ratio
2226 2115 2291 2136 non
2306 2106 2399 2137 valet.
2424 2106 2507 2143 Quia

1441 2151 1567 2182 vincula
1591 2157 1666 2181 sunt
1689 2149 1843 2190 duplicia:
1877 2150 2035 2190 quaedam
2063 2149 2193 2180 ferentia
2217 2159 2326 2180 secum
2350 2150 2507 2181 executio-

1443 2206 1527 2232 nem,
1552 2202 1588 2226 ut
1611 2202 1685 2226 sunt
1700 2194 1827 2225 vincula
1849 2201 2092 2234 praeceptorum
2115 2201 2146 2225 et
2169 2204 2389 2231 censurarum;
2414 2205 2508 2235 quae—

1443 2241 1517 2270 dam
1539 2249 1615 2270 vero
1639 2249 1706 2269 non
1730 2238 1790 2269 nisi
1813 2238 1971 2269 mediante
1990 2238 2094 2269 iudice
2117 2238 2263 2269 habentia
2279 2239 2507 2275 executionem,

1444 2291 1479 2315 ut
1501 2290 1576 2314 sunt
1593 2283 1720 2314 vincula
1739 2283 1779 2313 ad
1795 2282 1870 2313 alias
1884 2292 2003 2323 poenas
2019 2282 2158 2322 ligantia.
2182 2283 2223 2313 Et
2239 2283 2278 2312 ad
2293 2283 2370 2314 haec
2386 2289 2509 2314 constat

1444 2328 1614 2359 clarissime
1637 2327 1825 2368 episcopum
1849 2337 1915 2357 non
1939 2326 2087 2367 obligari:
2112 2326 2188 2367 quia
2206 2336 2272 2356 non
2289 2327 2430 2357 subiacet
2444 2337 2509 2357 am-

1443 2373 1528 2413 plius
1551 2371 1696 2413 praelatis
1720 2372 1920 2412 religionum,
1946 2381 2002 2412 per
2024 2381 2107 2412 quos
2130 2371 2331 2412 exequendae
2355 2378 2428 2402 sunt
2450 2371 2509 2402 hu-

1443 2417 1584 2448 iusmodi
1608 2422 1740 2457 poenae.
1766 2417 1807 2446 Et
1829 2416 1855 2446 si
1878 2416 1984 2456 aliqua
2008 2416 2103 2446 etiam
2123 2415 2250 2446 vincula
2273 2416 2312 2445 ad
2335 2416 2412 2446 tales
2434 2426 2510 2456 poe-

1445 2471 1500 2492 nas
1524 2468 1628 2492 essent
1657 2460 1828 2492 deferentia
1854 2470 1964 2491 secum
1987 2459 2223 2496 executionem,
2252 2470 2318 2490 non
2346 2466 2511 2500 propterea

1443 2506 1577 2546 ligarent
1600 2505 1804 2546 episcopum:
1829 2504 1905 2546 quia
1920 2511 2116 2535 concernunt
2130 2504 2181 2534 vel
2200 2511 2389 2544 supponunt
2411 2505 2511 2535 socia-

1444 2551 1509 2581 lem
1529 2550 1726 2586 convictum,
1751 2560 1769 2580 a
1788 2559 1854 2590 quo
1878 2549 2061 2579 absolutum
2087 2554 2210 2579 constat
2229 2558 2296 2578 esse
2311 2548 2509 2588 episcopum,

1444 2605 1480 2626 ac
1503 2605 1560 2635 per
1581 2595 1654 2631 hoc,
1679 2595 1718 2625 ab
1743 2593 1893 2624 omnibus
1912 2593 2126 2633 spectantibus
2142 2599 2173 2623 et
2188 2592 2455 2632 consequentibus
2471 2593 2510 2622 ad

1444 2639 1547 2670 illum.
1572 2640 1614 2670 Et
1635 2638 1717 2669 forte
1739 2637 1865 2669 vincula
1888 2637 2037 2668 omnium
2059 2643 2303 2677 praeceptorum
2319 2643 2351 2667 et
2367 2646 2511 2667 censura-

1444 2694 1516 2719 rum
1539 2683 1573 2714 in
1597 2683 1706 2724 regula
1729 2689 1760 2713 et
1782 2681 1906 2713 statutis
1928 2681 2150 2722 religiosorum
2172 2681 2403 2721 interpretanda
2426 2687 2509 2717 sunt,

1444 2728 1613 2769 supposito
1629 2727 1790 2758 consortio
1807 2735 2031 2767 personarum:
2048 2736 2066 2756 a
2081 2735 2147 2766 quo
2163 2724 2332 2765 episcopus
2347 2732 2394 2756 est
2410 2734 2512 2755 exem-

1444 2779 1535 2813 ptus,
1565 2779 1600 2803 ut
1627 2778 1723 2813 patet.
1753 2772 1820 2802 Nec
1847 2770 2002 2801 maiorem
2031 2770 2133 2800 habeo
2164 2769 2382 2800 certitudinem
2412 2778 2510 2810 quam

1446 2817 1587 2848 dixerim.

2529 389 2611 410 'Num
2619 395 2634 416 t,
2640 389 2737 411 Dubium

2529 414 2619 437 deinde.

2534 1711 2542 1721 ⁸
2558 1710 2590 1732 Ca
2609 1727 2614 1731 .
2630 1709 2691 1737 Quia
2702 1716 2745 1737 pe-

2533 1717 2744 1767 ricusss.‚deSerrt.

2533 1763 2694 1787 Excommun.,
2722 1769 2744 1784 1n

2533 1790 2612 1812 Sexto.
