<?xml version="1.0" encoding="UTF-8"?>
<!DOCTYPE html PUBLIC "-//W3C//DTD XHTML 1.0 Transitional//EN"
    "http://www.w3.org/TR/xhtml1/DTD/xhtml1-transitional.dtd">
<html xmlns="http://www.w3.org/1999/xhtml" xml:lang="en" lang="en">
 <head>
  <title>
</title>
<meta http-equiv="Content-Type" content="text/html;charset=utf-8" />
  <meta name='ocr-system' content='tesseract 3.04.00' />
  <meta name='ocr-capabilities' content='ocr_page ocr_carea ocr_par ocr_line ocrx_word'/>
</head>
<body>
  <div class='ocr_page' id='page_1' title='image "./operaomniaiussui10thom/operaomniaiussui10thom_0530.png"; bbox 0 0 2768 4198; ppageno 0'>
   <div class='ocr_carea' id='block_1_1' title="bbox 35 1447 248 1500">
    <p class='ocr_par' dir='ltr' id='par_1_1' title="bbox 35 1447 246 1500">
     <span class='ocr_line' id='line_1_1' title="bbox 37 1447 246 1473; baseline 0 -5"><span class='ocrx_word' id='word_1_1' title='bbox 37 1447 139 1468; x_wconf 70' lang='lat' dir='ltr'>’Homih</span> <span class='ocrx_word' id='word_1_2' title='bbox 148 1447 204 1473; x_wconf 83' lang='lat' dir='ltr'>XX;</span> <span class='ocrx_word' id='word_1_3' title='bbox 218 1447 246 1468; x_wconf 74' lang='lat' dir='ltr'>al.</span> 
     </span>
     <span class='ocr_line' id='line_1_2' title="bbox 35 1474 248 1500; baseline 0 -5"><span class='ocrx_word' id='word_1_4' title='bbox 35 1475 74 1495; x_wconf 87' lang='lat' dir='ltr'>lib.</span> <span class='ocrx_word' id='word_1_5' title='bbox 82 1474 111 1500; x_wconf 81' lang='lat'>11,</span> <span class='ocrx_word' id='word_1_6' title='bbox 118 1474 248 1495; x_wconf 66' lang='lat' dir='ltr'>homitvtu.</span> 
     </span>
    </p>
   </div>
   <div class='ocr_carea' id='block_1_2' title="bbox 275 242 352 288">
    <p class='ocr_par' dir='ltr' id='par_1_2' title="bbox 275 242 352 288">
     <span class='ocr_line' id='line_1_3' title="bbox 275 242 352 288; baseline 0 -11"><span class='ocrx_word' id='word_1_7' title='bbox 275 242 352 288; x_wconf 89' lang='lat'>488</span> 
     </span>
    </p>
   </div>
   <div class='ocr_carea' id='block_1_3' title="bbox 276 315 1349 409">
    <p class='ocr_par' dir='ltr' id='par_1_3' title="bbox 276 315 1348 400">
     <span class='ocr_line' id='line_1_4' title="bbox 276 315 1348 360; baseline -0.006 -10"><span class='ocrx_word' id='word_1_8' title='bbox 276 327 361 350; x_wconf 92' lang='lat' dir='ltr'>verte</span> <span class='ocrx_word' id='word_1_9' title='bbox 385 320 473 360; x_wconf 93' lang='lat' dir='ltr'>quod</span> <span class='ocrx_word' id='word_1_10' title='bbox 497 319 605 359; x_wconf 86' lang='lat' dir='ltr'>religio</span> <span class='ocrx_word' id='word_1_11' title='bbox 630 326 675 349; x_wconf 91' lang='lat' dir='ltr'>est</span> <span class='ocrx_word' id='word_1_12' title='bbox 699 317 911 358; x_wconf 85' lang='lat' dir='ltr'>poenitentiae</span> <span class='ocrx_word' id='word_1_13' title='bbox 937 317 1027 346; x_wconf 91' lang='lat' dir='ltr'>locus</span> <span class='ocrx_word' id='word_1_14' title='bbox 1051 315 1241 346; x_wconf 86' lang='lat' dir='ltr'>eminenter:</span> <span class='ocrx_word' id='word_1_15' title='bbox 1266 324 1348 355; x_wconf 94' lang='lat' dir='ltr'>quo—</span> 
     </span>
     <span class='ocr_line' id='line_1_5' title="bbox 277 359 1349 409; baseline -0.006 -15"><span class='ocrx_word' id='word_1_16' title='bbox 277 364 373 400; x_wconf 86' lang='lat' dir='ltr'>niam,</span> <span class='ocrx_word' id='word_1_17' title='bbox 399 371 434 394; x_wconf 92' lang='lat' dir='ltr'>ut</span> <span class='ocrx_word' id='word_1_18' title='bbox 457 364 489 393; x_wconf 94' lang='lat' dir='ltr'>in</span> <span class='ocrx_word' id='word_1_19' title='bbox 513 364 615 394; x_wconf 87' lang='lat' dir='ltr'>littera</span> <span class='ocrx_word' id='word_1_20' title='bbox 639 363 762 398; x_wconf 88' lang='lat' dir='ltr'>dicitur,</span> <span class='ocrx_word' id='word_1_21' title='bbox 787 361 925 391; x_wconf 85' lang='lat' dir='ltr'>exclusio</span> <span class='ocrx_word' id='word_1_22' title='bbox 950 359 1258 409; x_wconf 85' lang='lat' dir='ltr'>impedimentorum</span> <span class='ocrx_word' id='word_1_23' title='bbox 1282 368 1349 398; x_wconf 90' lang='lat' dir='ltr'>per-</span> 
     </span>
    </p>
   </div>
   <div class='ocr_carea' id='block_1_4' title="bbox 276 404 1376 439">
    <p class='ocr_par' dir='ltr' id='par_1_4' title="bbox 276 404 1376 439">
     <span class='ocr_line' id='line_1_6' title="bbox 276 404 1376 439; baseline -0.006 0"><span class='ocrx_word' id='word_1_24' title='bbox 276 408 345 439; x_wconf 74' lang='lat' dir='ltr'>fect*</span> <span class='ocrx_word' id='word_1_25' title='bbox 340 419 376 439; x_wconf 76' lang='lat' dir='ltr'>le</span> <span class='ocrx_word' id='word_1_26' title='bbox 400 407 535 439; x_wconf 73' lang='lat' dir='ltr'>cantatis</span> <span class='ocrx_word' id='word_1_27' title='bbox 555 407 729 437; x_wconf 74' lang='lat' dir='ltr'>eminenter</span> <span class='ocrx_word' id='word_1_28' title='bbox 749 406 890 436; x_wconf 78' lang='lat' dir='ltr'>continet</span> <span class='ocrx_word' id='word_1_29' title='bbox 906 404 1122 434; x_wconf 71' lang='lat' dir='ltr'>exclusionem</span> <span class='ocrx_word' id='word_1_30' title='bbox 1140 413 1348 434; x_wconf 72' lang='lat' dir='ltr'>occasionum</span> <span class='ocrx_word' id='word_1_31' title='bbox 1375 422 1376 437; x_wconf 70' lang='lat'>1</span> 
     </span>
    </p>
   </div>
   <div class='ocr_carea' id='block_1_5' title="bbox 276 447 1348 493">
    <p class='ocr_par' dir='ltr' id='par_1_5' title="bbox 276 447 1348 493">
     <span class='ocr_line' id='line_1_7' title="bbox 276 447 1348 493; baseline -0.006 -10"><span class='ocrx_word' id='word_1_32' title='bbox 276 453 437 493; x_wconf 84' lang='lat' dir='ltr'>peccandi,</span> <span class='ocrx_word' id='word_1_33' title='bbox 462 452 494 482; x_wconf 91' lang='lat' dir='ltr'>in</span> <span class='ocrx_word' id='word_1_34' title='bbox 510 462 573 492; x_wconf 88' lang='lat' dir='ltr'>qua</span> <span class='ocrx_word' id='word_1_35' title='bbox 597 451 739 482; x_wconf 88' lang='lat' dir='ltr'>consistit</span> <span class='ocrx_word' id='word_1_36' title='bbox 763 459 834 480; x_wconf 89' lang='lat' dir='ltr'>vera</span> <span class='ocrx_word' id='word_1_37' title='bbox 855 448 1060 488; x_wconf 85' lang='lat' dir='ltr'>poenitentia.</span> <span class='ocrx_word' id='word_1_38' title='bbox 1085 448 1159 478; x_wconf 91' lang='lat' dir='ltr'>Non</span> <span class='ocrx_word' id='word_1_39' title='bbox 1179 447 1264 477; x_wconf 86' lang='lat' dir='ltr'>enim</span> <span class='ocrx_word' id='word_1_40' title='bbox 1281 447 1348 478; x_wconf 87' lang='lat' dir='ltr'>suf-</span> 
     </span>
    </p>
   </div>
   <div class='ocr_carea' id='block_1_6' title="bbox 276 491 1375 591">
    <p class='ocr_par' dir='ltr' id='par_1_6' title="bbox 276 491 1375 581">
     <span class='ocr_line' id='line_1_8' title="bbox 276 491 1375 537; baseline -0.006 -9"><span class='ocrx_word' id='word_1_41' title='bbox 276 497 340 528; x_wconf 89' lang='lat' dir='ltr'>ficit</span> <span class='ocrx_word' id='word_1_42' title='bbox 369 503 496 537; x_wconf 85' lang='lat' dir='ltr'>peccata</span> <span class='ocrx_word' id='word_1_43' title='bbox 527 495 689 526; x_wconf 86' lang='lat' dir='ltr'>detestari:</span> <span class='ocrx_word' id='word_1_44' title='bbox 722 494 776 524; x_wconf 88' lang='lat' dir='ltr'>sed</span> <span class='ocrx_word' id='word_1_45' title='bbox 807 499 935 533; x_wconf 87' lang='lat' dir='ltr'>oportet</span> <span class='ocrx_word' id='word_1_46' title='bbox 965 492 1168 522; x_wconf 84' lang='lat' dir='ltr'>occasionem</span> <span class='ocrx_word' id='word_1_47' title='bbox 1195 491 1349 532; x_wconf 84' lang='lat' dir='ltr'>peccandi</span> <span class='ocrx_word' id='word_1_48' title='bbox 1374 520 1375 533; x_wconf 22' lang='grc' dir='ltr'><strong>ἶ</strong></span> 
     </span>
     <span class='ocr_line' id='line_1_9' title="bbox 277 536 1375 591; baseline -0.005 -19"><span class='ocrx_word' id='word_1_49' title='bbox 277 541 465 591; x_wconf 81' lang='lat' dir='ltr'>praecidere,</span> <span class='ocrx_word' id='word_1_50' title='bbox 486 541 510 570; x_wconf 92' lang='lat' dir='ltr'>si</span> <span class='ocrx_word' id='word_1_51' title='bbox 526 550 616 569; x_wconf 90' lang='lat' dir='ltr'>verae</span> <span class='ocrx_word' id='word_1_52' title='bbox 633 537 844 578; x_wconf 90' lang='lat' dir='ltr'>poenitentiae</span> <span class='ocrx_word' id='word_1_53' title='bbox 861 547 957 577; x_wconf 87' lang='lat' dir='ltr'>opera</span> <span class='ocrx_word' id='word_1_54' title='bbox 974 537 1075 567; x_wconf 88' lang='lat' dir='ltr'>datur.</span> <span class='ocrx_word' id='word_1_55' title='bbox 1100 536 1223 566; x_wconf 87' lang='lat' dir='ltr'>Ablatis</span> <span class='ocrx_word' id='word_1_56' title='bbox 1239 543 1346 567; x_wconf 89' lang='lat' dir='ltr'>autem</span> <span class='ocrx_word' id='word_1_57' title='bbox 1374 539 1375 543; x_wconf 76' lang='grc'>’</span> 
     </span>
    </p>
   </div>
   <div class='ocr_carea' id='block_1_7' title="bbox 278 580 1347 626">
    <p class='ocr_par' dir='ltr' id='par_1_7' title="bbox 278 580 1347 626">
     <span class='ocr_line' id='line_1_10' title="bbox 278 580 1347 626; baseline -0.007 -9"><span class='ocrx_word' id='word_1_58' title='bbox 278 586 411 626; x_wconf 87' lang='lat' dir='ltr'>peccatis</span> <span class='ocrx_word' id='word_1_59' title='bbox 435 592 465 615; x_wconf 91' lang='lat' dir='ltr'>et</span> <span class='ocrx_word' id='word_1_60' title='bbox 488 583 709 614; x_wconf 86' lang='lat' dir='ltr'>occasionibus</span> <span class='ocrx_word' id='word_1_61' title='bbox 733 581 894 621; x_wconf 90' lang='lat' dir='ltr'>peccandi,</span> <span class='ocrx_word' id='word_1_62' title='bbox 920 581 976 611; x_wconf 92' lang='lat' dir='ltr'>etsi</span> <span class='ocrx_word' id='word_1_63' title='bbox 1000 581 1103 611; x_wconf 87' lang='lat' dir='ltr'>ablata</span> <span class='ocrx_word' id='word_1_64' title='bbox 1127 580 1189 611; x_wconf 91' lang='lat' dir='ltr'>sint</span> <span class='ocrx_word' id='word_1_65' title='bbox 1212 581 1347 621; x_wconf 89' lang='lat' dir='ltr'>impedi-</span> 
     </span>
    </p>
   </div>
   <div class='ocr_carea' id='block_1_8' title="bbox 906 236 1848 285">
    <p class='ocr_par' dir='ltr' id='par_1_8' title="bbox 906 236 1848 285">
     <span class='ocr_line' id='line_1_11' title="bbox 906 236 1848 285; baseline -0.002 -10"><span class='ocrx_word' id='word_1_66' title='bbox 906 237 1175 285; x_wconf 88' lang='lat' dir='ltr'>QUAESTIO</span> <span class='ocrx_word' id='word_1_67' title='bbox 1205 236 1456 283; x_wconf 86' lang='lat' dir='ltr'>CLXXXVI,</span> <span class='ocrx_word' id='word_1_68' title='bbox 1485 237 1786 274; x_wconf 90' lang='lat' dir='ltr'>ARTICULUS</span> <span class='ocrx_word' id='word_1_69' title='bbox 1817 238 1848 273; x_wconf 96' lang='lat' dir='ltr'>II</span> 
     </span>
    </p>
   </div>
   <div class='ocr_carea' id='block_1_9' title="bbox 1375 315 2479 357">
    <p class='ocr_par' dir='ltr' id='par_1_9' title="bbox 1375 315 2479 357">
     <span class='ocr_line' id='line_1_12' title="bbox 1375 315 2479 357; baseline 0.004 -13"><span class='ocrx_word' id='word_1_70' title='bbox 1375 318 1377 352; x_wconf 59' lang='grc' dir='ltr'>ἶ</span> <span class='ocrx_word' id='word_1_71' title='bbox 1403 322 1511 345; x_wconf 88' lang='lat' dir='ltr'>menta</span> <span class='ocrx_word' id='word_1_72' title='bbox 1540 315 1690 352; x_wconf 84' lang='lat' dir='ltr'>caritatis,</span> <span class='ocrx_word' id='word_1_73' title='bbox 1723 326 1789 346; x_wconf 90' lang='lat' dir='ltr'>non</span> <span class='ocrx_word' id='word_1_74' title='bbox 1820 323 1986 357; x_wconf 81' lang='lat' dir='ltr'>propterea</span> <span class='ocrx_word' id='word_1_75' title='bbox 2015 317 2118 347; x_wconf 80' lang='lat' dir='ltr'>ablata</span> <span class='ocrx_word' id='word_1_76' title='bbox 2145 324 2220 348; x_wconf 90' lang='lat' dir='ltr'>sunt</span> <span class='ocrx_word' id='word_1_77' title='bbox 2247 317 2479 357; x_wconf 82' lang='lat' dir='ltr'>impedimenta</span> 
     </span>
    </p>
   </div>
   <div class='ocr_carea' id='block_1_10' title="bbox 1402 358 2479 576">
    <p class='ocr_par' dir='ltr' id='par_1_10' title="bbox 1402 358 2479 576">
     <span class='ocr_line' id='line_1_13' title="bbox 1403 358 2479 402; baseline 0.003 -13"><span class='ocrx_word' id='word_1_78' title='bbox 1403 358 1559 399; x_wconf 87' lang='lat' dir='ltr'>perfectae</span> <span class='ocrx_word' id='word_1_79' title='bbox 1576 360 1720 390; x_wconf 82' lang='lat' dir='ltr'>caritatis.</span> <span class='ocrx_word' id='word_1_80' title='bbox 1739 360 1801 391; x_wconf 89' lang='lat' dir='ltr'>Sed</span> <span class='ocrx_word' id='word_1_81' title='bbox 1818 371 1834 391; x_wconf 92' lang='lat' dir='ltr'>e</span> <span class='ocrx_word' id='word_1_82' title='bbox 1851 368 1970 398; x_wconf 86' lang='lat' dir='ltr'>contra,</span> <span class='ocrx_word' id='word_1_83' title='bbox 1991 361 2102 392; x_wconf 88' lang='lat' dir='ltr'>ablatis</span> <span class='ocrx_word' id='word_1_84' title='bbox 2119 361 2357 402; x_wconf 86' lang='lat' dir='ltr'>impedimentis</span> <span class='ocrx_word' id='word_1_85' title='bbox 2377 361 2479 402; x_wconf 89' lang='lat' dir='ltr'>perfe-</span> 
     </span>
     <span class='ocr_line' id='line_1_14' title="bbox 1403 404 2479 448; baseline 0.003 -15"><span class='ocrx_word' id='word_1_86' title='bbox 1403 410 1469 433; x_wconf 87' lang='lat' dir='ltr'>ctae</span> <span class='ocrx_word' id='word_1_87' title='bbox 1487 404 1632 440; x_wconf 85' lang='lat' dir='ltr'>caritatis,</span> <span class='ocrx_word' id='word_1_88' title='bbox 1651 405 1774 435; x_wconf 82' lang='lat' dir='ltr'>sublata</span> <span class='ocrx_word' id='word_1_89' title='bbox 1790 412 1864 436; x_wconf 90' lang='lat' dir='ltr'>sunt</span> <span class='ocrx_word' id='word_1_90' title='bbox 1885 405 2115 446; x_wconf 89' lang='lat' dir='ltr'>impedimenta</span> <span class='ocrx_word' id='word_1_91' title='bbox 2139 405 2273 437; x_wconf 89' lang='lat' dir='ltr'>caritatis</span> <span class='ocrx_word' id='word_1_92' title='bbox 2298 416 2380 448; x_wconf 86' lang='lat' dir='ltr'>quae</span> <span class='ocrx_word' id='word_1_93' title='bbox 2404 413 2479 436; x_wconf 91' lang='lat' dir='ltr'>sunt</span> 
     </span>
     <span class='ocr_line' id='line_1_15' title="bbox 1402 448 2479 491; baseline 0.003 -14"><span class='ocrx_word' id='word_1_94' title='bbox 1402 454 1530 487; x_wconf 86' lang='lat' dir='ltr'>peccata</span> <span class='ocrx_word' id='word_1_95' title='bbox 1554 455 1584 478; x_wconf 93' lang='lat' dir='ltr'>et</span> <span class='ocrx_word' id='word_1_96' title='bbox 1607 448 1790 479; x_wconf 85' lang='lat' dir='ltr'>occasiones</span> <span class='ocrx_word' id='word_1_97' title='bbox 1814 450 1976 489; x_wconf 86' lang='lat' dir='ltr'>peccandi.</span> <span class='ocrx_word' id='word_1_98' title='bbox 2013 451 2053 482; x_wconf 90' lang='lat' dir='ltr'>Et</span> <span class='ocrx_word' id='word_1_99' title='bbox 2082 450 2170 491; x_wconf 73' lang='lat' dir='ltr'>quia·</span> <span class='ocrx_word' id='word_1_100' title='bbox 2186 449 2298 490; x_wconf 86' lang='lat' dir='ltr'>religio</span> <span class='ocrx_word' id='word_1_101' title='bbox 2330 450 2479 481; x_wconf 85' lang='lat' dir='ltr'>tollendis</span> 
     </span>
     <span class='ocr_line' id='line_1_16' title="bbox 1402 491 2478 535; baseline 0.004 -14"><span class='ocrx_word' id='word_1_102' title='bbox 1402 491 1640 532; x_wconf 87' lang='lat' dir='ltr'>impedimentis</span> <span class='ocrx_word' id='word_1_103' title='bbox 1663 492 1821 533; x_wconf 89' lang='lat' dir='ltr'>perfectae</span> <span class='ocrx_word' id='word_1_104' title='bbox 1837 494 1972 525; x_wconf 82' lang='lat' dir='ltr'>caritatis</span> <span class='ocrx_word' id='word_1_105' title='bbox 1995 502 2094 531; x_wconf 84' lang='lat' dir='ltr'>vacat,</span> <span class='ocrx_word' id='word_1_106' title='bbox 2115 495 2189 525; x_wconf 90' lang='lat' dir='ltr'>ideo</span> <span class='ocrx_word' id='word_1_107' title='bbox 2206 494 2317 535; x_wconf 89' lang='lat' dir='ltr'>religio</span> <span class='ocrx_word' id='word_1_108' title='bbox 2334 494 2478 525; x_wconf 89' lang='lat' dir='ltr'>eminen-</span> 
     </span>
     <span class='ocr_line' id='line_1_17' title="bbox 1403 537 2479 576; baseline 0.004 -10"><span class='ocrx_word' id='word_1_109' title='bbox 1403 543 1449 566; x_wconf 86' lang='lat' dir='ltr'>ter</span> <span class='ocrx_word' id='word_1_110' title='bbox 1465 543 1512 567; x_wconf 91' lang='lat' dir='ltr'>est</span> <span class='ocrx_word' id='word_1_111' title='bbox 1527 537 1742 576; x_wconf 91' lang='lat' dir='ltr'>poenitentiae</span> <span class='ocrx_word' id='word_1_112' title='bbox 1758 538 1866 568; x_wconf 89' lang='lat' dir='ltr'>Iocus:</span> <span class='ocrx_word' id='word_1_113' title='bbox 1892 548 1957 569; x_wconf 91' lang='lat' dir='ltr'>non</span> <span class='ocrx_word' id='word_1_114' title='bbox 1974 539 2054 570; x_wconf 90' lang='lat' dir='ltr'>sicut</span> <span class='ocrx_word' id='word_1_115' title='bbox 2074 540 2123 570; x_wconf 89' lang='lat' dir='ltr'>sol</span> <span class='ocrx_word' id='word_1_116' title='bbox 2144 546 2190 570; x_wconf 92' lang='lat' dir='ltr'>est</span> <span class='ocrx_word' id='word_1_117' title='bbox 2213 539 2389 570; x_wconf 88' lang='lat' dir='ltr'>eminenter</span> <span class='ocrx_word' id='word_1_118' title='bbox 2405 539 2479 570; x_wconf 84' lang='lat' dir='ltr'>cali—</span> 
     </span>
    </p>
   </div>
   <div class='ocr_carea' id='block_1_11' title="bbox 1373 581 2478 617">
    <p class='ocr_par' dir='ltr' id='par_1_11' title="bbox 1373 581 2478 617">
     <span class='ocr_line' id='line_1_18' title="bbox 1373 581 2478 617; baseline 0.004 -7"><span class='ocrx_word' id='word_1_119' title='bbox 1373 595 1375 607; x_wconf 63' lang='lat'>«</span> <span class='ocrx_word' id='word_1_120' title='bbox 1402 581 1478 617; x_wconf 86' lang='lat' dir='ltr'>dus;</span> <span class='ocrx_word' id='word_1_121' title='bbox 1495 581 1551 611; x_wconf 85' lang='lat' dir='ltr'>sed</span> <span class='ocrx_word' id='word_1_122' title='bbox 1568 581 1650 612; x_wconf 91' lang='lat' dir='ltr'>sicut</span> <span class='ocrx_word' id='word_1_123' title='bbox 1664 581 1765 612; x_wconf 91' lang='lat' dir='ltr'>homo</span> <span class='ocrx_word' id='word_1_124' title='bbox 1781 589 1828 613; x_wconf 91' lang='lat' dir='ltr'>est</span> <span class='ocrx_word' id='word_1_125' title='bbox 1842 583 2030 615; x_wconf 87' lang='lat' dir='ltr'>excellenter</span> <span class='ocrx_word' id='word_1_126' title='bbox 2045 583 2164 614; x_wconf 87' lang='lat' dir='ltr'>habens</span> <span class='ocrx_word' id='word_1_127' title='bbox 2179 584 2278 615; x_wconf 87' lang='lat' dir='ltr'>vitam</span> <span class='ocrx_word' id='word_1_128' title='bbox 2293 591 2323 615; x_wconf 92' lang='lat' dir='ltr'>et</span> <span class='ocrx_word' id='word_1_129' title='bbox 2337 594 2478 615; x_wconf 88' lang='lat' dir='ltr'>sensum.</span> 
     </span>
    </p>
   </div>
   <div class='ocr_carea' id='block_1_12' title="bbox 674 750 2085 883">
    <p class='ocr_par' dir='ltr' id='par_1_12' title="bbox 674 750 2085 883">
     <span class='ocr_line' id='line_1_19' title="bbox 1047 750 1704 794; baseline 0.005 -3"><span class='ocrx_word' id='word_1_130' title='bbox 1047 750 1370 792; x_wconf 88' lang='lat' dir='ltr'>ARTICULUS</span> <span class='ocrx_word' id='word_1_131' title='bbox 1401 750 1704 794; x_wconf 91' lang='lat' dir='ltr'>SECUNDUS</span> 
     </span>
     <span class='ocr_line' id='line_1_20' title="bbox 674 844 2085 883; baseline 0.001 -6"><span class='ocrx_word' id='word_1_132' title='bbox 674 846 832 877; x_wconf 88' lang='lat' dir='ltr'>UTRUM</span> <span class='ocrx_word' id='word_1_133' title='bbox 857 845 1062 883; x_wconf 84' lang='lat' dir='ltr'>QUILIBET</span> <span class='ocrx_word' id='word_1_134' title='bbox 1087 844 1342 876; x_wconf 78' lang='lat' dir='ltr'>RELiGlosus</span> <span class='ocrx_word' id='word_1_135' title='bbox 1366 845 1608 876; x_wconf 84' lang='lat' dir='ltr'><strong>TENEATUR</strong></span> <span class='ocrx_word' id='word_1_136' title='bbox 1632 846 1690 876; x_wconf 87' lang='lat' dir='ltr'>AD</span> <span class='ocrx_word' id='word_1_137' title='bbox 1715 846 1858 877; x_wconf 82' lang='lat' dir='ltr'>OMNlA</span> <span class='ocrx_word' id='word_1_138' title='bbox 1882 846 2085 879; x_wconf 72' lang='lat' dir='ltr'>cousth</span> 
     </span>
    </p>
   </div>
   <div class='ocr_carea' id='block_1_13' title="bbox 387 924 2368 962">
    <p class='ocr_par' dir='ltr' id='par_1_13' title="bbox 387 924 2368 962">
     <span class='ocr_line' id='line_1_21' title="bbox 387 924 2368 962; baseline 0.003 -12"><span class='ocrx_word' id='word_1_139' title='bbox 387 926 417 950; x_wconf 91' lang='lat'>111</span> <span class='ocrx_word' id='word_1_140' title='bbox 437 925 521 954; x_wconf 66' lang='lat' dir='ltr'>Seni„</span> <span class='ocrx_word' id='word_1_141' title='bbox 540 925 598 950; x_wconf 87' lang='lat' dir='ltr'>dist.</span> <span class='ocrx_word' id='word_1_142' title='bbox 618 932 684 956; x_wconf 76' lang='lat' dir='ltr'>xxix,</span> <span class='ocrx_word' id='word_1_143' title='bbox 703 930 749 950; x_wconf 86' lang='lat' dir='ltr'>art.</span> <span class='ocrx_word' id='word_1_144' title='bbox 768 925 794 955; x_wconf 85' lang='lat'>8,</span> <span class='ocrx_word' id='word_1_145' title='bbox 814 924 864 957; x_wconf 74' lang='lat' dir='ltr'>qu·</span> <span class='ocrx_word' id='word_1_146' title='bbox 885 924 912 956; x_wconf 80' lang='lat'>33</span> <span class='ocrx_word' id='word_1_147' title='bbox 934 924 975 950; x_wconf 87' lang='lat' dir='ltr'>De</span> <span class='ocrx_word' id='word_1_148' title='bbox 999 924 1105 954; x_wconf 72' lang='lat' dir='ltr'>Vir-tut„</span> <span class='ocrx_word' id='word_1_149' title='bbox 1126 932 1170 957; x_wconf 88' lang='lat' dir='ltr'>qu.</span> <span class='ocrx_word' id='word_1_150' title='bbox 1189 931 1217 955; x_wconf 91' lang='lat' dir='ltr'>n,</span> <span class='ocrx_word' id='word_1_151' title='bbox 1237 929 1284 950; x_wconf 80' lang='lat' dir='ltr'>art.</span> <span class='ocrx_word' id='word_1_152' title='bbox 1308 932 1348 956; x_wconf 81' lang='grc' dir='ltr'>ιι,</span> <span class='ocrx_word' id='word_1_153' title='bbox 1368 925 1399 949; x_wconf 75' lang='lat' dir='ltr'>ad</span> <span class='ocrx_word' id='word_1_154' title='bbox 1424 931 1468 955; x_wconf 79' lang='lat'>¹23</span> <span class='ocrx_word' id='word_1_155' title='bbox 1509 924 1606 955; x_wconf 86' lang='lat' dir='ltr'>Quodl.</span> <span class='ocrx_word' id='word_1_156' title='bbox 1627 925 1644 955; x_wconf 93' lang='lat'>1,</span> <span class='ocrx_word' id='word_1_157' title='bbox 1665 933 1709 957; x_wconf 92' lang='lat' dir='ltr'>qu.</span> <span class='ocrx_word' id='word_1_158' title='bbox 1730 932 1774 955; x_wconf 84' lang='lat' dir='ltr'>vn,</span> <span class='ocrx_word' id='word_1_159' title='bbox 1794 931 1840 952; x_wconf 79' lang='lat' dir='ltr'>art.</span> <span class='ocrx_word' id='word_1_160' title='bbox 1861 933 1890 957; x_wconf 70' lang='lat'>23</span> <span class='ocrx_word' id='word_1_161' title='bbox 1913 926 1990 952; x_wconf 78' lang='lat' dir='ltr'>Cont.</span> <span class='ocrx_word' id='word_1_162' title='bbox 2010 927 2130 960; x_wconf 72' lang='lat' dir='ltr'>imp-agn.</span> <span class='ocrx_word' id='word_1_163' title='bbox 2149 927 2247 961; x_wconf 74' lang='lat' dir='ltr'>Relig„</span> <span class='ocrx_word' id='word_1_164' title='bbox 2266 935 2323 962; x_wconf 77' lang='lat' dir='ltr'>cap.</span> <span class='ocrx_word' id='word_1_165' title='bbox 2340 937 2368 955; x_wconf 88' lang='lat' dir='ltr'>u.</span> 
     </span>
    </p>
   </div>
   <div class='ocr_carea' id='block_1_14' title="bbox 398 1014 2483 1064">
    <p class='ocr_par' dir='ltr' id='par_1_14' title="bbox 398 1014 2483 1064">
     <span class='ocr_line' id='line_1_22' title="bbox 398 1014 2483 1064; baseline 0.002 -13"><span class='ocrx_word' id='word_1_166' title='bbox 398 1056 401 1063; x_wconf 33' lang='grc' dir='ltr'>Ι</span> <span class='ocrx_word' id='word_1_167' title='bbox 413 1043 437 1057; x_wconf 39' lang='grc' dir='ltr'><em>Ι</em></span> <span class='ocrx_word' id='word_1_168' title='bbox 491 1026 513 1051; x_wconf 85' lang='lat' dir='ltr'>n</span> <span class='ocrx_word' id='word_1_169' title='bbox 529 1026 722 1052; x_wconf 76' lang='lat' dir='ltr'><strong>SECUNDUM</strong></span> <span class='ocrx_word' id='word_1_170' title='bbox 737 1027 791 1052; x_wconf 78' lang='lat' dir='ltr'>Sic</span> <span class='ocrx_word' id='word_1_171' title='bbox 806 1026 1051 1052; x_wconf 71' lang='lat' dir='ltr'>paocemrua.</span> <span class='ocrx_word' id='word_1_172' title='bbox 1068 1014 1230 1051; x_wconf 92' lang='lat' dir='ltr'>Videtur</span> <span class='ocrx_word' id='word_1_173' title='bbox 1245 1014 1353 1063; x_wconf 93' lang='lat' dir='ltr'>quod</span> <span class='ocrx_word' id='word_1_174' title='bbox 1376 1014 1378 1064; x_wconf 60' lang='lat' dir='ltr'>l</span> <span class='ocrx_word' id='word_1_175' title='bbox 1404 1015 1500 1051; x_wconf 86' lang='lat' dir='ltr'>sicut</span> <span class='ocrx_word' id='word_1_176' title='bbox 1536 1023 1760 1064; x_wconf 87' lang='lat' dir='ltr'>paupertas,</span> <span class='ocrx_word' id='word_1_177' title='bbox 1792 1015 2044 1063; x_wconf 84' lang='lat' dir='ltr'>continentia,</span> <span class='ocrx_word' id='word_1_178' title='bbox 2078 1016 2305 1055; x_wconf 82' lang='lat' dir='ltr'>abstinentia</span> <span class='ocrx_word' id='word_1_179' title='bbox 2341 1025 2377 1055; x_wconf 91' lang='lat' dir='ltr'>et</span> <span class='ocrx_word' id='word_1_180' title='bbox 2409 1019 2483 1056; x_wconf 92' lang='lat' dir='ltr'>alia</span> 
     </span>
    </p>
   </div>
   <div class='ocr_carea' id='block_1_15' title="bbox 290 1029 480 1195">
    <p class='ocr_par' dir='ltr' id='par_1_15' title="bbox 290 1029 480 1195">
     <span class='ocr_line' id='line_1_23' title="bbox 290 1029 480 1195; baseline 0 0"><span class='ocrx_word' id='word_1_181' title='bbox 290 1029 480 1195; x_wconf 95' lang='lat' dir='ltr'>  </span> 
     </span>
    </p>
   </div>
   <div class='ocr_carea' id='block_1_16' title="bbox 335 1060 1353 1171">
    <p class='ocr_par' dir='ltr' id='par_1_16' title="bbox 335 1060 1353 1171">
     <span class='ocr_line' id='line_1_24' title="bbox 335 1060 1352 1130; baseline 0 -26"><span class='ocrx_word' id='word_1_182' title='bbox 335 1060 461 1130; x_wconf 54' lang='grc' dir='ltr'>1ξῇ</span> <span class='ocrx_word' id='word_1_183' title='bbox 491 1067 649 1116; x_wconf 90' lang='lat' dir='ltr'>quilibet</span> <span class='ocrx_word' id='word_1_184' title='bbox 684 1068 882 1116; x_wconf 89' lang='lat' dir='ltr'>religiosus</span> <span class='ocrx_word' id='word_1_185' title='bbox 920 1075 1094 1106; x_wconf 91' lang='lat' dir='ltr'>teneatur</span> <span class='ocrx_word' id='word_1_186' title='bbox 1131 1069 1180 1106; x_wconf 87' lang='lat' dir='ltr'>ad</span> <span class='ocrx_word' id='word_1_187' title='bbox 1220 1068 1352 1105; x_wconf 91' lang='lat' dir='ltr'>omnia</span> 
     </span>
     <span class='ocr_line' id='line_1_25' title="bbox 431 1112 1353 1171; baseline 0.001 -13"><span class='ocrx_word' id='word_1_188' title='bbox 431 1112 661 1158; x_wconf 90' lang='lat' dir='ltr'>consilia.</span> <span class='ocrx_word' id='word_1_189' title='bbox 711 1122 959 1171; x_wconf 91' lang='lat' dir='ltr'>Quicumque</span> <span class='ocrx_word' id='word_1_190' title='bbox 1005 1122 1108 1159; x_wconf 89' lang='lat' dir='ltr'>enim</span> <span class='ocrx_word' id='word_1_191' title='bbox 1151 1123 1353 1171; x_wconf 89' lang='lat' dir='ltr'>profitetur</span> 
     </span>
    </p>
   </div>
   <div class='ocr_carea' id='block_1_17' title="bbox 1403 1068 2520 1174">
    <p class='ocr_par' dir='ltr' id='par_1_17' title="bbox 1403 1068 2520 1174">
     <span class='ocr_line' id='line_1_26' title="bbox 1403 1068 1640 1106; baseline 0 -1"><span class='ocrx_word' id='word_1_192' title='bbox 1403 1068 1640 1106; x_wconf 90' lang='lat' dir='ltr'>huiusmodi.</span> 
     </span>
     <span class='ocr_line' id='line_1_27' title="bbox 1457 1121 2520 1174; baseline 0.004 -15"><span class='ocrx_word' id='word_1_193' title='bbox 1457 1121 1614 1159; x_wconf 90' lang='lat' dir='ltr'>Dictum</span> <span class='ocrx_word' id='word_1_194' title='bbox 1645 1130 1700 1159; x_wconf 93' lang='lat' dir='ltr'>est</span> <span class='ocrx_word' id='word_1_195' title='bbox 1728 1122 1899 1160; x_wconf 81' lang='lat' dir='ltr'>autem*</span> <span class='ocrx_word' id='word_1_196' title='bbox 1926 1123 2034 1172; x_wconf 89' lang='lat' dir='ltr'>quod</span> <span class='ocrx_word' id='word_1_197' title='bbox 2062 1123 2145 1173; x_wconf 90' lang='lat' dir='ltr'>ipsa</span> <span class='ocrx_word' id='word_1_198' title='bbox 2172 1125 2358 1174; x_wconf 86' lang='lat' dir='ltr'>perfectio</span> <span class='ocrx_word' id='word_1_199' title='bbox 2388 1125 2482 1163; x_wconf 87' lang='lat' dir='ltr'>cari·</span> <span class='ocrx_word' id='word_1_200' title='bbox 2508 1130 2520 1142; x_wconf 77' lang='lat'>⁸</span> 
     </span>
    </p>
   </div>
   <div class='ocr_carea' id='block_1_18' title="bbox 314 1158 2483 1225">
    <p class='ocr_par' dir='ltr' id='par_1_18' title="bbox 314 1158 2483 1225">
     <span class='ocr_line' id='line_1_28' title="bbox 314 1158 2483 1225; baseline 0.002 -13"><span class='ocrx_word' id='word_1_201' title='bbox 314 1158 346 1203; x_wconf 45' lang='grc' dir='ltr'>’κ’</span> <span class='ocrx_word' id='word_1_202' title='bbox 447 1167 632 1212; x_wconf 53' lang='lat' dir='ltr'>Kstatum</span> <span class='ocrx_word' id='word_1_203' title='bbox 667 1176 855 1225; x_wconf 81' lang='lat' dir='ltr'>aliquem,</span> <span class='ocrx_word' id='word_1_204' title='bbox 895 1183 1047 1213; x_wconf 90' lang='lat' dir='ltr'>tenetur</span> <span class='ocrx_word' id='word_1_205' title='bbox 1083 1176 1132 1213; x_wconf 90' lang='lat' dir='ltr'>ad</span> <span class='ocrx_word' id='word_1_206' title='bbox 1170 1189 1214 1212; x_wconf 90' lang='lat' dir='ltr'>ea</span> <span class='ocrx_word' id='word_1_207' title='bbox 1252 1188 1351 1225; x_wconf 85' lang='lat' dir='ltr'>quae</span> <span class='ocrx_word' id='word_1_208' title='bbox 1403 1176 1487 1213; x_wconf 91' lang='lat' dir='ltr'>tatis</span> <span class='ocrx_word' id='word_1_209' title='bbox 1517 1184 1573 1213; x_wconf 90' lang='lat' dir='ltr'>est</span> <span class='ocrx_word' id='word_1_210' title='bbox 1600 1176 1688 1213; x_wconf 89' lang='lat' dir='ltr'>finis</span> <span class='ocrx_word' id='word_1_211' title='bbox 1716 1184 1834 1213; x_wconf 91' lang='lat' dir='ltr'>status</span> <span class='ocrx_word' id='word_1_212' title='bbox 1865 1176 2080 1225; x_wconf 86' lang='lat' dir='ltr'>religionis:</span> <span class='ocrx_word' id='word_1_213' title='bbox 2119 1185 2238 1215; x_wconf 92' lang='lat' dir='ltr'>status</span> <span class='ocrx_word' id='word_1_214' title='bbox 2266 1186 2396 1216; x_wconf 86' lang='lat' dir='ltr'>autem</span> <span class='ocrx_word' id='word_1_215' title='bbox 2425 1191 2483 1216; x_wconf 91' lang='lat' dir='ltr'>re-</span> 
     </span>
    </p>
   </div>
   <div class='ocr_carea' id='block_1_19' title="bbox 290 1195 447 1218">
    <p class='ocr_par' dir='ltr' id='par_1_19' title="bbox 290 1195 447 1218">
     <span class='ocr_line' id='line_1_29' title="bbox 290 1195 447 1218; baseline 0 2980"><span class='ocrx_word' id='word_1_216' title='bbox 290 1195 447 1218; x_wconf 95' lang='lat' dir='ltr'> </span> 
     </span>
    </p>
   </div>
   <div class='ocr_carea' id='block_1_20' title="bbox 241 1227 1354 2994">
    <p class='ocr_par' dir='ltr' id='par_1_20' title="bbox 273 1227 1352 1438">
     <span class='ocr_line' id='line_1_30' title="bbox 273 1227 1351 1279; baseline 0 -13"><span class='ocrx_word' id='word_1_217' title='bbox 273 1229 323 1266; x_wconf 93' lang='lat' dir='ltr'>illi</span> <span class='ocrx_word' id='word_1_218' title='bbox 352 1227 464 1266; x_wconf 86' lang='lat' dir='ltr'>statui</span> <span class='ocrx_word' id='word_1_219' title='bbox 484 1229 731 1267; x_wconf 90' lang='lat' dir='ltr'>conveniunt.</span> <span class='ocrx_word' id='word_1_220' title='bbox 763 1230 842 1267; x_wconf 90' lang='lat' dir='ltr'>Sed</span> <span class='ocrx_word' id='word_1_221' title='bbox 862 1229 1020 1278; x_wconf 90' lang='lat' dir='ltr'>quilibet</span> <span class='ocrx_word' id='word_1_222' title='bbox 1039 1229 1234 1278; x_wconf 89' lang='lat' dir='ltr'>religiosus</span> <span class='ocrx_word' id='word_1_223' title='bbox 1263 1242 1351 1279; x_wconf 91' lang='lat' dir='ltr'>pro-</span> 
     </span>
     <span class='ocr_line' id='line_1_31' title="bbox 274 1283 1352 1332; baseline 0.001 -12"><span class='ocrx_word' id='word_1_224' title='bbox 274 1284 402 1320; x_wconf 90' lang='lat' dir='ltr'>fitetur</span> <span class='ocrx_word' id='word_1_225' title='bbox 421 1290 560 1319; x_wconf 86' lang='lat' dir='ltr'>statum</span> <span class='ocrx_word' id='word_1_226' title='bbox 581 1283 836 1332; x_wconf 86' lang='lat' dir='ltr'>perfectionis.</span> <span class='ocrx_word' id='word_1_227' title='bbox 859 1284 960 1331; x_wconf 90' lang='lat' dir='ltr'>Ergo</span> <span class='ocrx_word' id='word_1_228' title='bbox 977 1283 1136 1332; x_wconf 91' lang='lat' dir='ltr'>quilibet</span> <span class='ocrx_word' id='word_1_229' title='bbox 1155 1284 1352 1331; x_wconf 88' lang='lat' dir='ltr'>religiosus</span> 
     </span>
     <span class='ocr_line' id='line_1_32' title="bbox 274 1336 1351 1386; baseline 0.001 -12"><span class='ocrx_word' id='word_1_230' title='bbox 274 1343 424 1374; x_wconf 90' lang='lat' dir='ltr'>tenetur</span> <span class='ocrx_word' id='word_1_231' title='bbox 452 1336 502 1373; x_wconf 88' lang='lat' dir='ltr'>ad</span> <span class='ocrx_word' id='word_1_232' title='bbox 531 1337 663 1374; x_wconf 90' lang='lat' dir='ltr'>omnia</span> <span class='ocrx_word' id='word_1_233' title='bbox 692 1337 870 1384; x_wconf 90' lang='lat' dir='ltr'>consilia,</span> <span class='ocrx_word' id='word_1_234' title='bbox 902 1349 1001 1385; x_wconf 89' lang='lat' dir='ltr'>quae</span> <span class='ocrx_word' id='word_1_235' title='bbox 1030 1338 1079 1374; x_wconf 92' lang='lat' dir='ltr'>ad</span> <span class='ocrx_word' id='word_1_236' title='bbox 1108 1338 1351 1386; x_wconf 87' lang='lat' dir='ltr'>perfectionis</span> 
     </span>
     <span class='ocr_line' id='line_1_33' title="bbox 274 1390 648 1438; baseline 0.003 -11"><span class='ocrx_word' id='word_1_237' title='bbox 274 1398 417 1427; x_wconf 91' lang='lat' dir='ltr'>statum</span> <span class='ocrx_word' id='word_1_238' title='bbox 444 1390 648 1438; x_wconf 89' lang='lat' dir='ltr'>pertinent.</span> 
     </span>
    </p>

    <p class='ocr_par' dir='ltr' id='par_1_21' title="bbox 275 1444 1354 1866">
     <span class='ocr_line' id='line_1_34' title="bbox 331 1444 1349 1494; baseline 0.002 -14"><span class='ocrx_word' id='word_1_239' title='bbox 331 1455 365 1480; x_wconf 89' lang='lat'>2.</span> <span class='ocrx_word' id='word_1_240' title='bbox 387 1444 625 1491; x_wconf 78' lang='lat' dir='ltr'>PRAETEREA,</span> <span class='ocrx_word' id='word_1_241' title='bbox 655 1444 864 1492; x_wconf 87' lang='lat' dir='ltr'>Gregorius</span> <span class='ocrx_word' id='word_1_242' title='bbox 893 1444 995 1491; x_wconf 87' lang='lat' dir='ltr'>dicit,</span> <span class='ocrx_word' id='word_1_243' title='bbox 1023 1456 1138 1493; x_wconf 85' lang='lat' dir='ltr'>super</span> <span class='ocrx_word' id='word_1_244' title='bbox 1164 1446 1300 1494; x_wconf 66' lang='lat' dir='ltr'>Ezech.</span> <span class='ocrx_word' id='word_1_245' title='bbox 1317 1445 1349 1493; x_wconf 72' lang='lat'>²¹²,</span> 
     </span>
     <span class='ocr_line' id='line_1_35' title="bbox 275 1497 1354 1549; baseline 0.002 -16"><span class='ocrx_word' id='word_1_246' title='bbox 275 1497 382 1546; x_wconf 92' lang='lat' dir='ltr'>quod</span> <span class='ocrx_word' id='word_1_247' title='bbox 411 1497 472 1533; x_wconf 88' lang='lat' dir='ltr'>ille</span> <span class='ocrx_word' id='word_1_248' title='bbox 509 1498 576 1546; x_wconf 88' lang='lat' dir='ltr'>qui</span> <span class='ocrx_word' id='word_1_249' title='bbox 597 1510 781 1547; x_wconf 79' lang='lat' dir='ltr'>praesens</span> <span class='ocrx_word' id='word_1_250' title='bbox 811 1498 1006 1535; x_wconf 81' lang='lat' dir='ltr'>saeculum</span> <span class='ocrx_word' id='word_1_251' title='bbox 1035 1498 1172 1535; x_wconf 83' lang='lat' dir='ltr'>deserit</span> <span class='ocrx_word' id='word_1_252' title='bbox 1207 1505 1244 1535; x_wconf 88' lang='lat' dir='ltr'>et</span> <span class='ocrx_word' id='word_1_253' title='bbox 1269 1500 1354 1549; x_wconf 84' lang='lat' dir='ltr'>agit</span> 
     </span>
     <span class='ocr_line' id='line_1_36' title="bbox 276 1551 1350 1601; baseline 0.001 -13"><span class='ocrx_word' id='word_1_254' title='bbox 276 1552 375 1588; x_wconf 86' lang='lat' dir='ltr'>hona</span> <span class='ocrx_word' id='word_1_255' title='bbox 413 1562 511 1598; x_wconf 83' lang='lat' dir='ltr'>quae</span> <span class='ocrx_word' id='word_1_256' title='bbox 539 1551 655 1590; x_wconf 84' lang='lat' dir='ltr'>valet</span> <span class='ocrx_word' id='word_1_257' title='bbox 694 1552 805 1600; x_wconf 85' lang='lat' dir='ltr'>quasi</span> <span class='ocrx_word' id='word_1_258' title='bbox 835 1552 912 1588; x_wconf 90' lang='lat' dir='ltr'>iam</span> <span class='ocrx_word' id='word_1_259' title='bbox 941 1552 1119 1601; x_wconf 77' lang='lat' dir='ltr'>Aegypto</span> <span class='ocrx_word' id='word_1_260' title='bbox 1152 1552 1350 1599; x_wconf 83' lang='lat' dir='ltr'>derelicto,</span> 
     </span>
     <span class='ocr_line' id='line_1_37' title="bbox 275 1593 1351 1653; baseline 0.001 -11"><span class='ocrx_word' id='word_1_261' title='bbox 275 1604 505 1651; x_wconf 76' lang='lat' dir='ltr'>sacrficium</span> <span class='ocrx_word' id='word_1_262' title='bbox 530 1593 688 1653; x_wconf 76' lang='lat' dir='ltr'>praebet</span> <span class='ocrx_word' id='word_1_263' title='bbox 716 1605 752 1641; x_wconf 88' lang='lat' dir='ltr'>in</span> <span class='ocrx_word' id='word_1_264' title='bbox 782 1617 922 1642; x_wconf 86' lang='lat' dir='ltr'>eremo.</span> <span class='ocrx_word' id='word_1_265' title='bbox 955 1605 1032 1642; x_wconf 91' lang='lat' dir='ltr'>Sed</span> <span class='ocrx_word' id='word_1_266' title='bbox 1062 1605 1239 1642; x_wconf 90' lang='lat' dir='ltr'>deserere</span> <span class='ocrx_word' id='word_1_267' title='bbox 1269 1618 1351 1643; x_wconf 92' lang='lat' dir='ltr'>sae—</span> 
     </span>
     <span class='ocr_line' id='line_1_38' title="bbox 277 1658 1350 1717; baseline 0.001 -22"><span class='ocrx_word' id='word_1_268' title='bbox 277 1659 404 1695; x_wconf 90' lang='lat' dir='ltr'>culum</span> <span class='ocrx_word' id='word_1_269' title='bbox 421 1658 633 1706; x_wconf 89' lang='lat' dir='ltr'>specialiter</span> <span class='ocrx_word' id='word_1_270' title='bbox 647 1659 810 1717; x_wconf 90' lang='lat' dir='ltr'>pertinet</span> <span class='ocrx_word' id='word_1_271' title='bbox 825 1658 874 1695; x_wconf 89' lang='lat' dir='ltr'>ad</span> <span class='ocrx_word' id='word_1_272' title='bbox 891 1658 1097 1706; x_wconf 68' lang='lat' dir='ltr'>religiosos</span> <span class='ocrx_word' id='word_1_273' title='bbox 1115 1659 1218 1706; x_wconf 91' lang='lat' dir='ltr'>Ergo</span> <span class='ocrx_word' id='word_1_274' title='bbox 1235 1659 1350 1696; x_wconf 91' lang='lat' dir='ltr'>etiam</span> 
     </span>
     <span class='ocr_line' id='line_1_39' title="bbox 276 1712 1350 1759; baseline 0.002 -11"><span class='ocrx_word' id='word_1_275' title='bbox 276 1723 411 1748; x_wconf 90' lang='lat' dir='ltr'>eorum</span> <span class='ocrx_word' id='word_1_276' title='bbox 442 1719 498 1747; x_wconf 89' lang='lat' dir='ltr'>est</span> <span class='ocrx_word' id='word_1_277' title='bbox 527 1724 638 1759; x_wconf 91' lang='lat' dir='ltr'>agere</span> <span class='ocrx_word' id='word_1_278' title='bbox 661 1712 791 1748; x_wconf 87' lang='lat' dir='ltr'>omnia</span> <span class='ocrx_word' id='word_1_279' title='bbox 813 1713 915 1748; x_wconf 89' lang='lat' dir='ltr'>bona</span> <span class='ocrx_word' id='word_1_280' title='bbox 935 1724 1036 1759; x_wconf 91' lang='lat' dir='ltr'>quae</span> <span class='ocrx_word' id='word_1_281' title='bbox 1057 1713 1197 1749; x_wconf 89' lang='lat' dir='ltr'>valent.</span> <span class='ocrx_word' id='word_1_282' title='bbox 1228 1713 1277 1749; x_wconf 92' lang='lat' dir='ltr'>Et</span> <span class='ocrx_word' id='word_1_283' title='bbox 1302 1714 1350 1750; x_wconf 91' lang='lat' dir='ltr'>ita</span> 
     </span>
     <span class='ocr_line' id='line_1_40' title="bbox 275 1764 1351 1814; baseline 0.002 -13"><span class='ocrx_word' id='word_1_284' title='bbox 275 1765 427 1802; x_wconf 89' lang='lat' dir='ltr'>videtur</span> <span class='ocrx_word' id='word_1_285' title='bbox 454 1765 561 1812; x_wconf 93' lang='lat' dir='ltr'>quod</span> <span class='ocrx_word' id='word_1_286' title='bbox 589 1764 747 1814; x_wconf 90' lang='lat' dir='ltr'>quilibet</span> <span class='ocrx_word' id='word_1_287' title='bbox 777 1778 911 1802; x_wconf 92' lang='lat' dir='ltr'>eorum</span> <span class='ocrx_word' id='word_1_288' title='bbox 941 1773 1116 1802; x_wconf 84' lang='lat' dir='ltr'>teneatur</span> <span class='ocrx_word' id='word_1_289' title='bbox 1143 1765 1192 1802; x_wconf 92' lang='lat' dir='ltr'>ad</span> <span class='ocrx_word' id='word_1_290' title='bbox 1219 1766 1351 1803; x_wconf 90' lang='lat' dir='ltr'>omnia</span> 
     </span>
     <span class='ocr_line' id='line_1_41' title="bbox 276 1817 672 1866; baseline 0 -11"><span class='ocrx_word' id='word_1_291' title='bbox 276 1817 434 1855; x_wconf 87' lang='lat' dir='ltr'>consilia</span> <span class='ocrx_word' id='word_1_292' title='bbox 462 1817 672 1866; x_wconf 89' lang='lat' dir='ltr'>implenda.</span> 
     </span>
    </p>

    <p class='ocr_par' dir='ltr' id='par_1_22' title="bbox 274 1871 1352 2339">
     <span class='ocr_line' id='line_1_42' title="bbox 330 1871 1351 1922; baseline 0.001 -13"><span class='ocrx_word' id='word_1_293' title='bbox 330 1871 632 1920; x_wconf 65' lang='lat' dir='ltr'>3.PnA1-:TEa1-:A,</span> <span class='ocrx_word' id='word_1_294' title='bbox 663 1872 692 1909; x_wconf 89' lang='lat' dir='ltr'>si</span> <span class='ocrx_word' id='word_1_295' title='bbox 713 1883 792 1908; x_wconf 94' lang='lat' dir='ltr'>non</span> <span class='ocrx_word' id='word_1_296' title='bbox 813 1871 1017 1920; x_wconf 89' lang='lat' dir='ltr'>requiritur</span> <span class='ocrx_word' id='word_1_297' title='bbox 1036 1872 1085 1908; x_wconf 88' lang='lat' dir='ltr'>ad</span> <span class='ocrx_word' id='word_1_298' title='bbox 1105 1880 1246 1910; x_wconf 88' lang='lat' dir='ltr'>statum</span> <span class='ocrx_word' id='word_1_299' title='bbox 1266 1885 1351 1922; x_wconf 93' lang='lat' dir='ltr'>per-</span> 
     </span>
     <span class='ocr_line' id='line_1_43' title="bbox 274 1902 1352 1975; baseline 0.002 -13"><span class='ocrx_word' id='word_1_300' title='bbox 274 1924 446 1962; x_wconf 87' lang='lat' dir='ltr'>fectionis</span> <span class='ocrx_word' id='word_1_301' title='bbox 475 1926 581 1974; x_wconf 91' lang='lat' dir='ltr'>quod</span> <span class='ocrx_word' id='word_1_302' title='bbox 602 1902 736 1975; x_wconf 87' lang='lat' dir='ltr'>aliquis</span> <span class='ocrx_word' id='word_1_303' title='bbox 756 1925 886 1962; x_wconf 87' lang='lat' dir='ltr'>omnia</span> <span class='ocrx_word' id='word_1_304' title='bbox 906 1925 1064 1963; x_wconf 90' lang='lat' dir='ltr'>consilia</span> <span class='ocrx_word' id='word_1_305' title='bbox 1085 1925 1254 1975; x_wconf 89' lang='lat' dir='ltr'>impleat,</span> <span class='ocrx_word' id='word_1_306' title='bbox 1276 1927 1352 1964; x_wconf 82' lang='lat' dir='ltr'>suf-</span> 
     </span>
     <span class='ocr_line' id='line_1_44' title="bbox 275 1979 1351 2030; baseline 0.002 -14"><span class='ocrx_word' id='word_1_307' title='bbox 275 1979 408 2016; x_wconf 88' lang='lat' dir='ltr'>ficiens</span> <span class='ocrx_word' id='word_1_308' title='bbox 438 1990 520 2015; x_wconf 89' lang='lat' dir='ltr'>esse</span> <span class='ocrx_word' id='word_1_309' title='bbox 549 1979 702 2017; x_wconf 89' lang='lat' dir='ltr'>videtur</span> <span class='ocrx_word' id='word_1_310' title='bbox 731 1979 761 2016; x_wconf 89' lang='lat' dir='ltr'>si</span> <span class='ocrx_word' id='word_1_311' title='bbox 781 1979 973 2028; x_wconf 88' lang='lat' dir='ltr'>quaedam</span> <span class='ocrx_word' id='word_1_312' title='bbox 994 1979 1152 2017; x_wconf 91' lang='lat' dir='ltr'>consilia</span> <span class='ocrx_word' id='word_1_313' title='bbox 1182 1980 1351 2030; x_wconf 88' lang='lat' dir='ltr'>impleat.</span> 
     </span>
     <span class='ocr_line' id='line_1_45' title="bbox 276 2032 1351 2082; baseline 0.002 -12"><span class='ocrx_word' id='word_1_314' title='bbox 276 2032 353 2070; x_wconf 90' lang='lat' dir='ltr'>Sed</span> <span class='ocrx_word' id='word_1_315' title='bbox 381 2033 456 2068; x_wconf 91' lang='lat' dir='ltr'>hoc</span> <span class='ocrx_word' id='word_1_316' title='bbox 485 2033 623 2070; x_wconf 89' lang='lat' dir='ltr'>falsum</span> <span class='ocrx_word' id='word_1_317' title='bbox 655 2040 726 2070; x_wconf 89' lang='lat' dir='ltr'>est:</span> <span class='ocrx_word' id='word_1_318' title='bbox 759 2032 847 2082; x_wconf 89' lang='lat' dir='ltr'>quia</span> <span class='ocrx_word' id='word_1_319' title='bbox 878 2033 1014 2070; x_wconf 90' lang='lat' dir='ltr'>multi</span> <span class='ocrx_word' id='word_1_320' title='bbox 1007 2045 1043 2071; x_wconf 86' lang='lat' dir='ltr'>in</span> <span class='ocrx_word' id='word_1_321' title='bbox 1065 2033 1251 2072; x_wconf 89' lang='lat' dir='ltr'>saeculari</span> <span class='ocrx_word' id='word_1_322' title='bbox 1272 2034 1351 2072; x_wconf 90' lang='lat' dir='ltr'>vita</span> 
     </span>
     <span class='ocr_line' id='line_1_46' title="bbox 275 2086 1351 2136; baseline 0.003 -13"><span class='ocrx_word' id='word_1_323' title='bbox 275 2086 478 2124; x_wconf 86' lang='lat' dir='ltr'>existentes</span> <span class='ocrx_word' id='word_1_324' title='bbox 508 2086 635 2135; x_wconf 92' lang='lat' dir='ltr'>aliqua</span> <span class='ocrx_word' id='word_1_325' title='bbox 665 2086 822 2124; x_wconf 89' lang='lat' dir='ltr'>consilia</span> <span class='ocrx_word' id='word_1_326' title='bbox 842 2086 1015 2136; x_wconf 88' lang='lat' dir='ltr'>implent,</span> <span class='ocrx_word' id='word_1_327' title='bbox 1037 2094 1078 2124; x_wconf 93' lang='lat' dir='ltr'>ut</span> <span class='ocrx_word' id='word_1_328' title='bbox 1101 2095 1206 2136; x_wconf 90' lang='lat' dir='ltr'>patet</span> <span class='ocrx_word' id='word_1_329' title='bbox 1226 2088 1274 2126; x_wconf 89' lang='lat' dir='ltr'>de</span> <span class='ocrx_word' id='word_1_330' title='bbox 1294 2088 1351 2126; x_wconf 91' lang='lat' dir='ltr'>his</span> 
     </span>
     <span class='ocr_line' id='line_1_47' title="bbox 275 2140 1352 2190; baseline 0.002 -13"><span class='ocrx_word' id='word_1_331' title='bbox 275 2140 339 2190; x_wconf 90' lang='lat' dir='ltr'>qui</span> <span class='ocrx_word' id='word_1_332' title='bbox 361 2140 633 2178; x_wconf 87' lang='lat' dir='ltr'>continentiam</span> <span class='ocrx_word' id='word_1_333' title='bbox 655 2148 821 2178; x_wconf 88' lang='lat' dir='ltr'>servant.</span> <span class='ocrx_word' id='word_1_334' title='bbox 851 2141 954 2189; x_wconf 86' lang='lat' dir='ltr'>Ergo</span> <span class='ocrx_word' id='word_1_335' title='bbox 974 2140 1129 2178; x_wconf 89' lang='lat' dir='ltr'>videtur</span> <span class='ocrx_word' id='word_1_336' title='bbox 1147 2142 1252 2190; x_wconf 92' lang='lat' dir='ltr'>quod</span> <span class='ocrx_word' id='word_1_337' title='bbox 1273 2142 1352 2190; x_wconf 90' lang='lat' dir='ltr'>qui-</span> 
     </span>
     <span class='ocr_line' id='line_1_48' title="bbox 274 2193 1352 2244; baseline 0.002 -13"><span class='ocrx_word' id='word_1_338' title='bbox 274 2194 365 2231; x_wconf 89' lang='lat' dir='ltr'>libet</span> <span class='ocrx_word' id='word_1_339' title='bbox 393 2193 604 2241; x_wconf 89' lang='lat' dir='ltr'>religiosus,</span> <span class='ocrx_word' id='word_1_340' title='bbox 635 2195 700 2244; x_wconf 91' lang='lat' dir='ltr'>qui</span> <span class='ocrx_word' id='word_1_341' title='bbox 729 2202 785 2231; x_wconf 91' lang='lat' dir='ltr'>est</span> <span class='ocrx_word' id='word_1_342' title='bbox 813 2194 850 2231; x_wconf 91' lang='lat' dir='ltr'>in</span> <span class='ocrx_word' id='word_1_343' title='bbox 881 2201 978 2231; x_wconf 91' lang='lat' dir='ltr'>statu</span> <span class='ocrx_word' id='word_1_344' title='bbox 1007 2195 1269 2243; x_wconf 89' lang='lat' dir='ltr'>perfectionis,</span> <span class='ocrx_word' id='word_1_345' title='bbox 1299 2204 1352 2233; x_wconf 91' lang='lat' dir='ltr'>te-</span> 
     </span>
     <span class='ocr_line' id='line_1_49' title="bbox 276 2247 1352 2298; baseline 0.001 -13"><span class='ocrx_word' id='word_1_346' title='bbox 276 2255 411 2285; x_wconf 88' lang='lat' dir='ltr'>neatur</span> <span class='ocrx_word' id='word_1_347' title='bbox 440 2247 487 2284; x_wconf 88' lang='lat' dir='ltr'>ad</span> <span class='ocrx_word' id='word_1_348' title='bbox 518 2247 650 2284; x_wconf 90' lang='lat' dir='ltr'>omnia</span> <span class='ocrx_word' id='word_1_349' title='bbox 679 2260 778 2298; x_wconf 91' lang='lat' dir='ltr'>quae</span> <span class='ocrx_word' id='word_1_350' title='bbox 808 2255 895 2285; x_wconf 90' lang='lat' dir='ltr'>sunt</span> <span class='ocrx_word' id='word_1_351' title='bbox 922 2248 1178 2296; x_wconf 87' lang='lat' dir='ltr'>perfectionis.</span> <span class='ocrx_word' id='word_1_352' title='bbox 1210 2249 1352 2286; x_wconf 90' lang='lat' dir='ltr'>Huius-</span> 
     </span>
     <span class='ocr_line' id='line_1_50' title="bbox 277 2300 1019 2339; baseline 0 -1"><span class='ocrx_word' id='word_1_353' title='bbox 277 2300 383 2339; x_wconf 87' lang='lat' dir='ltr'>modi</span> <span class='ocrx_word' id='word_1_354' title='bbox 413 2307 542 2337; x_wconf 90' lang='lat' dir='ltr'>autem</span> <span class='ocrx_word' id='word_1_355' title='bbox 572 2308 659 2337; x_wconf 91' lang='lat' dir='ltr'>sunt</span> <span class='ocrx_word' id='word_1_356' title='bbox 687 2301 818 2338; x_wconf 89' lang='lat' dir='ltr'>omnia</span> <span class='ocrx_word' id='word_1_357' title='bbox 849 2301 1019 2338; x_wconf 90' lang='lat' dir='ltr'>consilia.</span> 
     </span>
    </p>

    <p class='ocr_par' dir='ltr' id='par_1_23' title="bbox 275 2354 1352 2618">
     <span class='ocr_line' id='line_1_51' title="bbox 332 2354 1352 2415; baseline 0.002 -24.002"><span class='ocrx_word' id='word_1_358' title='bbox 332 2356 406 2392; x_wconf 83' lang='lat' dir='ltr'>SED</span> <span class='ocrx_word' id='word_1_359' title='bbox 437 2365 597 2402; x_wconf 80' lang='lat' dir='ltr'>CONTRA,</span> <span class='ocrx_word' id='word_1_360' title='bbox 627 2354 677 2392; x_wconf 91' lang='lat' dir='ltr'>ad</span> <span class='ocrx_word' id='word_1_361' title='bbox 697 2367 742 2392; x_wconf 93' lang='lat' dir='ltr'>ea</span> <span class='ocrx_word' id='word_1_362' title='bbox 762 2366 860 2415; x_wconf 87' lang='lat' dir='ltr'>quae</span> <span class='ocrx_word' id='word_1_363' title='bbox 887 2362 975 2391; x_wconf 89' lang='lat' dir='ltr'>sunt</span> <span class='ocrx_word' id='word_1_364' title='bbox 1003 2355 1352 2404; x_wconf 87' lang='lat' dir='ltr'>supererogationis</span> 
     </span>
     <span class='ocr_line' id='line_1_52' title="bbox 277 2408 1351 2457; baseline 0.001 -11"><span class='ocrx_word' id='word_1_365' title='bbox 277 2421 357 2446; x_wconf 91' lang='lat' dir='ltr'>non</span> <span class='ocrx_word' id='word_1_366' title='bbox 394 2414 544 2445; x_wconf 88' lang='lat' dir='ltr'>tenetur</span> <span class='ocrx_word' id='word_1_367' title='bbox 576 2408 711 2456; x_wconf 91' lang='lat' dir='ltr'>aliquis</span> <span class='ocrx_word' id='word_1_368' title='bbox 747 2408 819 2445; x_wconf 90' lang='lat' dir='ltr'>nisi</span> <span class='ocrx_word' id='word_1_369' title='bbox 848 2420 892 2445; x_wconf 89' lang='lat' dir='ltr'>ex</span> <span class='ocrx_word' id='word_1_370' title='bbox 921 2408 1077 2457; x_wconf 90' lang='lat' dir='ltr'>propria</span> <span class='ocrx_word' id='word_1_371' title='bbox 1106 2409 1351 2457; x_wconf 84' lang='lat' dir='ltr'>obligatione.</span> 
     </span>
     <span class='ocr_line' id='line_1_53' title="bbox 278 2461 1351 2511; baseline 0.001 -12"><span class='ocrx_word' id='word_1_372' title='bbox 278 2461 356 2499; x_wconf 88' lang='lat' dir='ltr'>Sed</span> <span class='ocrx_word' id='word_1_373' title='bbox 385 2461 544 2509; x_wconf 90' lang='lat' dir='ltr'>quilibet</span> <span class='ocrx_word' id='word_1_374' title='bbox 564 2466 581 2482; x_wconf 73' lang='lat'><em>²</em></span> <span class='ocrx_word' id='word_1_375' title='bbox 611 2461 806 2510; x_wconf 89' lang='lat' dir='ltr'>religiosus</span> <span class='ocrx_word' id='word_1_376' title='bbox 836 2461 978 2510; x_wconf 88' lang='lat' dir='ltr'>obligat</span> <span class='ocrx_word' id='word_1_377' title='bbox 998 2474 1038 2498; x_wconf 91' lang='lat' dir='ltr'>se</span> <span class='ocrx_word' id='word_1_378' title='bbox 1062 2462 1110 2499; x_wconf 90' lang='lat' dir='ltr'>ad</span> <span class='ocrx_word' id='word_1_379' title='bbox 1131 2462 1257 2511; x_wconf 86' lang='lat' dir='ltr'>aliqua</span> <span class='ocrx_word' id='word_1_380' title='bbox 1286 2463 1351 2501; x_wconf 92' lang='lat' dir='ltr'>de—</span> 
     </span>
     <span class='ocr_line' id='line_1_54' title="bbox 275 2514 1349 2564; baseline 0 -11"><span class='ocrx_word' id='word_1_381' title='bbox 275 2515 498 2553; x_wconf 88' lang='lat' dir='ltr'>terminata:</span> <span class='ocrx_word' id='word_1_382' title='bbox 528 2514 687 2564; x_wconf 89' lang='lat' dir='ltr'>quidam</span> <span class='ocrx_word' id='word_1_383' title='bbox 707 2517 755 2553; x_wconf 91' lang='lat' dir='ltr'>ad</span> <span class='ocrx_word' id='word_1_384' title='bbox 775 2516 883 2563; x_wconf 90' lang='lat' dir='ltr'>haec,</span> <span class='ocrx_word' id='word_1_385' title='bbox 904 2515 1063 2564; x_wconf 86' lang='lat' dir='ltr'>quidam</span> <span class='ocrx_word' id='word_1_386' title='bbox 1085 2516 1135 2553; x_wconf 92' lang='lat' dir='ltr'>ad</span> <span class='ocrx_word' id='word_1_387' title='bbox 1154 2516 1227 2553; x_wconf 89' lang='lat' dir='ltr'>illa.</span> <span class='ocrx_word' id='word_1_388' title='bbox 1258 2517 1349 2554; x_wconf 90' lang='lat' dir='ltr'>Non</span> 
     </span>
     <span class='ocr_line' id='line_1_55' title="bbox 277 2569 993 2618; baseline 0 -12"><span class='ocrx_word' id='word_1_389' title='bbox 277 2581 367 2618; x_wconf 90' lang='lat' dir='ltr'>ergo</span> <span class='ocrx_word' id='word_1_390' title='bbox 397 2580 534 2605; x_wconf 91' lang='lat' dir='ltr'>omnes</span> <span class='ocrx_word' id='word_1_391' title='bbox 563 2575 741 2606; x_wconf 89' lang='lat' dir='ltr'>tenentur</span> <span class='ocrx_word' id='word_1_392' title='bbox 769 2569 818 2607; x_wconf 93' lang='lat' dir='ltr'>ad</span> <span class='ocrx_word' id='word_1_393' title='bbox 847 2569 993 2606; x_wconf 90' lang='lat' dir='ltr'>omnia.</span> 
     </span>
    </p>

    <p class='ocr_par' dir='ltr' id='par_1_24' title="bbox 275 2622 1352 2994">
     <span class='ocr_line' id='line_1_56' title="bbox 331 2622 1351 2672; baseline 0.001 -13"><span class='ocrx_word' id='word_1_394' title='bbox 331 2624 558 2660; x_wconf 65' lang='lat' dir='ltr'>Respoumzo</span> <span class='ocrx_word' id='word_1_395' title='bbox 582 2634 769 2660; x_wconf 80' lang='lat' dir='ltr'>D1CENDUM</span> <span class='ocrx_word' id='word_1_396' title='bbox 789 2623 895 2672; x_wconf 92' lang='lat' dir='ltr'>quod</span> <span class='ocrx_word' id='word_1_397' title='bbox 919 2623 968 2660; x_wconf 91' lang='lat' dir='ltr'>ad</span> <span class='ocrx_word' id='word_1_398' title='bbox 988 2622 1266 2672; x_wconf 88' lang='lat' dir='ltr'>perfectionem</span> <span class='ocrx_word' id='word_1_399' title='bbox 1287 2624 1351 2661; x_wconf 90' lang='lat' dir='ltr'>ali-</span> 
     </span>
     <span class='ocr_line' id='line_1_57' title="bbox 276 2675 1350 2726; baseline 0 -12"><span class='ocrx_word' id='word_1_400' title='bbox 276 2676 368 2726; x_wconf 92' lang='lat' dir='ltr'>quid</span> <span class='ocrx_word' id='word_1_401' title='bbox 396 2675 559 2725; x_wconf 90' lang='lat' dir='ltr'>pertinet</span> <span class='ocrx_word' id='word_1_402' title='bbox 587 2676 790 2725; x_wconf 89' lang='lat' dir='ltr'>tripliciter.</span> <span class='ocrx_word' id='word_1_403' title='bbox 821 2677 910 2714; x_wconf 92' lang='lat' dir='ltr'>Uno</span> <span class='ocrx_word' id='word_1_404' title='bbox 933 2676 1066 2724; x_wconf 90' lang='lat' dir='ltr'>modo,</span> <span class='ocrx_word' id='word_1_405' title='bbox 1091 2676 1350 2715; x_wconf 88' lang='lat' dir='ltr'>essentialiter.</span> 
     </span>
     <span class='ocr_line' id='line_1_58' title="bbox 241 2729 1349 2791; baseline 0.002 -25.067"><span class='ocrx_word' id='word_1_406' title='bbox 241 2731 324 2767; x_wconf 88' lang='lat' dir='ltr'>Et</span> <span class='ocrx_word' id='word_1_407' title='bbox 354 2730 419 2776; x_wconf 91' lang='lat' dir='ltr'>sic,</span> <span class='ocrx_word' id='word_1_408' title='bbox 450 2729 546 2766; x_wconf 91' lang='lat' dir='ltr'>sicut</span> <span class='ocrx_word' id='word_1_409' title='bbox 569 2742 685 2780; x_wconf 92' lang='lat' dir='ltr'>supra</span> <span class='ocrx_word' id='word_1_410' title='bbox 704 2730 724 2752; x_wconf 78' lang='lat'>&#39;¹‘</span> <span class='ocrx_word' id='word_1_411' title='bbox 753 2730 894 2767; x_wconf 92' lang='lat' dir='ltr'>dictum</span> <span class='ocrx_word' id='word_1_412' title='bbox 915 2738 982 2777; x_wconf 91' lang='lat' dir='ltr'>est,</span> <span class='ocrx_word' id='word_1_413' title='bbox 1004 2730 1052 2768; x_wconf 92' lang='lat' dir='ltr'>ad</span> <span class='ocrx_word' id='word_1_414' title='bbox 1073 2730 1349 2791; x_wconf 80' lang='lat' dir='ltr'>perfectionem</span> 
     </span>
     <span class='ocr_line' id='line_1_59' title="bbox 276 2783 1351 2844; baseline 0.001 -23"><span class='ocrx_word' id='word_1_415' title='bbox 276 2783 438 2844; x_wconf 79' lang='lat' dir='ltr'>pertinet</span> <span class='ocrx_word' id='word_1_416' title='bbox 466 2783 633 2832; x_wconf 90' lang='lat' dir='ltr'>perfecta</span> <span class='ocrx_word' id='word_1_417' title='bbox 663 2784 906 2821; x_wconf 87' lang='lat' dir='ltr'>observantia</span> <span class='ocrx_word' id='word_1_418' title='bbox 934 2791 1229 2834; x_wconf 90' lang='lat' dir='ltr'>praeceptorum</span> <span class='ocrx_word' id='word_1_419' title='bbox 1260 2785 1351 2822; x_wconf 90' lang='lat' dir='ltr'>cari—</span> 
     </span>
     <span class='ocr_line' id='line_1_60' title="bbox 275 2836 1352 2887; baseline 0 -12"><span class='ocrx_word' id='word_1_420' title='bbox 275 2838 372 2875; x_wconf 88' lang='lat' dir='ltr'>tatis.</span> <span class='ocrx_word' id='word_1_421' title='bbox 403 2858 427 2864; x_wconf 97' lang='lat'>-</span> <span class='ocrx_word' id='word_1_422' title='bbox 457 2836 543 2874; x_wconf 88' lang='lat' dir='ltr'>Alio</span> <span class='ocrx_word' id='word_1_423' title='bbox 573 2837 692 2875; x_wconf 90' lang='lat' dir='ltr'>modo</span> <span class='ocrx_word' id='word_1_424' title='bbox 722 2837 770 2875; x_wconf 93' lang='lat' dir='ltr'>ad</span> <span class='ocrx_word' id='word_1_425' title='bbox 799 2838 1075 2887; x_wconf 84' lang='lat' dir='ltr'>perfectionem</span> <span class='ocrx_word' id='word_1_426' title='bbox 1103 2837 1266 2887; x_wconf 89' lang='lat' dir='ltr'>pertinet</span> <span class='ocrx_word' id='word_1_427' title='bbox 1288 2838 1352 2876; x_wconf 91' lang='lat' dir='ltr'>ali-</span> 
     </span>
     <span class='ocr_line' id='line_1_61' title="bbox 276 2891 1352 2941; baseline 0.001 -13"><span class='ocrx_word' id='word_1_428' title='bbox 276 2891 368 2941; x_wconf 90' lang='lat' dir='ltr'>quid</span> <span class='ocrx_word' id='word_1_429' title='bbox 397 2899 688 2940; x_wconf 79' lang='lat' dir='ltr'>consequenter,</span> <span class='ocrx_word' id='word_1_430' title='bbox 719 2891 815 2929; x_wconf 90' lang='lat' dir='ltr'>sicut</span> <span class='ocrx_word' id='word_1_431' title='bbox 843 2891 904 2928; x_wconf 90' lang='lat' dir='ltr'>illa</span> <span class='ocrx_word' id='word_1_432' title='bbox 932 2904 1031 2941; x_wconf 90' lang='lat' dir='ltr'>quae</span> <span class='ocrx_word' id='word_1_433' title='bbox 1063 2899 1352 2939; x_wconf 92' lang='lat' dir='ltr'>consequuntur</span> 
     </span>
     <span class='ocr_line' id='line_1_62' title="bbox 277 2944 1352 2994; baseline 0 -12"><span class='ocrx_word' id='word_1_434' title='bbox 277 2958 319 2982; x_wconf 88' lang='lat' dir='ltr'>ex</span> <span class='ocrx_word' id='word_1_435' title='bbox 341 2944 572 2993; x_wconf 86' lang='lat' dir='ltr'>perfectione</span> <span class='ocrx_word' id='word_1_436' title='bbox 595 2944 776 2982; x_wconf 89' lang='lat' dir='ltr'>caritatis:</span> <span class='ocrx_word' id='word_1_437' title='bbox 807 2952 900 2994; x_wconf 86' lang='lat' dir='ltr'>puta</span> <span class='ocrx_word' id='word_1_438' title='bbox 920 2945 1024 2994; x_wconf 91' lang='lat' dir='ltr'>quod</span> <span class='ocrx_word' id='word_1_439' title='bbox 1045 2944 1179 2994; x_wconf 90' lang='lat' dir='ltr'>aliquis</span> <span class='ocrx_word' id='word_1_440' title='bbox 1199 2945 1352 2983; x_wconf 88' lang='lat' dir='ltr'>maledi—</span> 
     </span>
    </p>
   </div>
   <div class='ocr_carea' id='block_1_21' title="bbox 154 2997 1350 3059">
    <p class='ocr_par' dir='ltr' id='par_1_25' title="bbox 154 2997 1350 3059">
     <span class='ocr_line' id='line_1_63' title="bbox 154 2997 1350 3059; baseline 0.001 -24"><span class='ocrx_word' id='word_1_441' title='bbox 154 3010 166 3024; x_wconf 54' lang='grc' dir='ltr'>θ</span> <span class='ocrx_word' id='word_1_442' title='bbox 211 3010 248 3030; x_wconf 68' lang='lat' dir='ltr'>w,</span> <span class='ocrx_word' id='word_1_443' title='bbox 277 2997 375 3036; x_wconf 89' lang='lat' dir='ltr'>centi</span> <span class='ocrx_word' id='word_1_444' title='bbox 395 2998 597 3035; x_wconf 86' lang='lat' dir='ltr'>benedicat</span> <span class='ocrx_word' id='word_1_445' title='bbox 614 2997 635 3020; x_wconf 77' lang='lat'>&#39;¹‘</span> <span class='ocrx_word' id='word_1_446' title='bbox 655 3006 691 3035; x_wconf 93' lang='lat' dir='ltr'>et</span> <span class='ocrx_word' id='word_1_447' title='bbox 710 2998 782 3035; x_wconf 83' lang='lat' dir='ltr'>alia</span> <span class='ocrx_word' id='word_1_448' title='bbox 802 2998 1024 3036; x_wconf 90' lang='lat' dir='ltr'>huiusmodi</span> <span class='ocrx_word' id='word_1_449' title='bbox 1048 2998 1215 3059; x_wconf 81' lang='lat' dir='ltr'>impleat,</span> <span class='ocrx_word' id='word_1_450' title='bbox 1239 3010 1350 3048; x_wconf 90' lang='lat' dir='ltr'>quae,</span> 
     </span>
    </p>
   </div>
   <div class='ocr_carea' id='block_1_22' title="bbox 278 3051 1352 3370">
    <p class='ocr_par' dir='ltr' id='par_1_26' title="bbox 278 3051 1352 3370">
     <span class='ocr_line' id='line_1_64' title="bbox 278 3051 1352 3102; baseline 0.002 -14"><span class='ocrx_word' id='word_1_451' title='bbox 278 3052 344 3089; x_wconf 86' lang='lat' dir='ltr'>etsi</span> <span class='ocrx_word' id='word_1_452' title='bbox 367 3051 581 3089; x_wconf 88' lang='lat' dir='ltr'>secundum</span> <span class='ocrx_word' id='word_1_453' title='bbox 601 3051 936 3101; x_wconf 89' lang='lat' dir='ltr'>praeparationem</span> <span class='ocrx_word' id='word_1_454' title='bbox 958 3052 1075 3089; x_wconf 87' lang='lat' dir='ltr'>animi</span> <span class='ocrx_word' id='word_1_455' title='bbox 1095 3052 1169 3089; x_wconf 89' lang='lat' dir='ltr'>sint</span> <span class='ocrx_word' id='word_1_456' title='bbox 1188 3052 1226 3089; x_wconf 91' lang='lat' dir='ltr'>in</span> <span class='ocrx_word' id='word_1_457' title='bbox 1245 3064 1352 3102; x_wconf 88' lang='lat' dir='ltr'>prae-</span> 
     </span>
     <span class='ocr_line' id='line_1_65' title="bbox 278 3105 1351 3166; baseline 0.001 -24"><span class='ocrx_word' id='word_1_458' title='bbox 278 3114 409 3166; x_wconf 82' lang='lat' dir='ltr'>cepto,</span> <span class='ocrx_word' id='word_1_459' title='bbox 448 3113 490 3142; x_wconf 89' lang='lat' dir='ltr'>ut</span> <span class='ocrx_word' id='word_1_460' title='bbox 522 3105 662 3142; x_wconf 92' lang='lat' dir='ltr'>scilicet</span> <span class='ocrx_word' id='word_1_461' title='bbox 695 3105 926 3155; x_wconf 88' lang='lat' dir='ltr'>impleantur</span> <span class='ocrx_word' id='word_1_462' title='bbox 960 3106 1116 3156; x_wconf 88' lang='lat' dir='ltr'>quando</span> <span class='ocrx_word' id='word_1_463' title='bbox 1146 3106 1351 3144; x_wconf 85' lang='lat' dir='ltr'>necessitas</span> 
     </span>
     <span class='ocr_line' id='line_1_66' title="bbox 278 3157 1351 3220; baseline 0.002 -25"><span class='ocrx_word' id='word_1_464' title='bbox 278 3157 443 3207; x_wconf 90' lang='lat' dir='ltr'>requirit,</span> <span class='ocrx_word' id='word_1_465' title='bbox 473 3165 602 3196; x_wconf 88' lang='lat' dir='ltr'>tamen</span> <span class='ocrx_word' id='word_1_466' title='bbox 631 3171 676 3196; x_wconf 86' lang='lat' dir='ltr'>ex</span> <span class='ocrx_word' id='word_1_467' title='bbox 701 3159 1052 3220; x_wconf 79' lang='lat' dir='ltr'>superabundantia</span> <span class='ocrx_word' id='word_1_468' title='bbox 1073 3159 1234 3197; x_wconf 89' lang='lat' dir='ltr'>caritatis</span> <span class='ocrx_word' id='word_1_469' title='bbox 1263 3172 1351 3209; x_wconf 92' lang='lat' dir='ltr'>pro-</span> 
     </span>
     <span class='ocr_line' id='line_1_67' title="bbox 279 3212 1350 3263; baseline 0.002 -14"><span class='ocrx_word' id='word_1_470' title='bbox 279 3213 377 3250; x_wconf 89' lang='lat' dir='ltr'>cedit</span> <span class='ocrx_word' id='word_1_471' title='bbox 409 3213 515 3261; x_wconf 89' lang='lat' dir='ltr'>quod</span> <span class='ocrx_word' id='word_1_472' title='bbox 544 3212 658 3249; x_wconf 90' lang='lat' dir='ltr'>etiam</span> <span class='ocrx_word' id='word_1_473' title='bbox 690 3221 793 3250; x_wconf 87' lang='lat' dir='ltr'>extra</span> <span class='ocrx_word' id='word_1_474' title='bbox 821 3213 1086 3251; x_wconf 90' lang='lat' dir='ltr'>necessitatem</span> <span class='ocrx_word' id='word_1_475' title='bbox 1116 3213 1350 3263; x_wconf 89' lang='lat' dir='ltr'>quandoque</span> 
     </span>
     <span class='ocr_line' id='line_1_68' title="bbox 279 3265 1350 3317; baseline 0.002 -15"><span class='ocrx_word' id='word_1_476' title='bbox 279 3266 365 3302; x_wconf 85' lang='lat' dir='ltr'>talia</span> <span class='ocrx_word' id='word_1_477' title='bbox 393 3265 634 3314; x_wconf 89' lang='lat' dir='ltr'>impleantur.</span> <span class='ocrx_word' id='word_1_478' title='bbox 664 3286 688 3293; x_wconf 97' lang='lat'>-</span> <span class='ocrx_word' id='word_1_479' title='bbox 718 3266 850 3304; x_wconf 88' lang='lat' dir='ltr'>Tertio</span> <span class='ocrx_word' id='word_1_480' title='bbox 876 3267 996 3304; x_wconf 91' lang='lat' dir='ltr'>modo</span> <span class='ocrx_word' id='word_1_481' title='bbox 1026 3266 1189 3316; x_wconf 89' lang='lat' dir='ltr'>pertinet</span> <span class='ocrx_word' id='word_1_482' title='bbox 1208 3267 1350 3317; x_wconf 86' lang='lat' dir='ltr'>aliquid</span> 
     </span>
     <span class='ocr_line' id='line_1_69' title="bbox 280 3319 1351 3370; baseline 0.003 -15"><span class='ocrx_word' id='word_1_483' title='bbox 280 3319 328 3356; x_wconf 89' lang='lat' dir='ltr'>ad</span> <span class='ocrx_word' id='word_1_484' title='bbox 362 3319 636 3368; x_wconf 89' lang='lat' dir='ltr'>perfectionem</span> <span class='ocrx_word' id='word_1_485' title='bbox 673 3319 1010 3359; x_wconf 88' lang='lat' dir='ltr'>instrumentaliter</span> <span class='ocrx_word' id='word_1_486' title='bbox 1038 3328 1075 3358; x_wconf 92' lang='lat' dir='ltr'>et</span> <span class='ocrx_word' id='word_1_487' title='bbox 1103 3320 1351 3370; x_wconf 89' lang='lat' dir='ltr'>dispositive·</span> 
     </span>
    </p>
   </div>
   <div class='ocr_carea' id='block_1_23' title="bbox 280 3459 1351 3527">
    <p class='ocr_par' dir='ltr' id='par_1_27' title="bbox 280 3459 1351 3527">
     <span class='ocr_line' id='line_1_70' title="bbox 335 3459 1351 3495; baseline 0.002 -11"><span class='ocrx_word' id='word_1_488' title='bbox 335 3460 362 3487; x_wconf 79' lang='grc' dir='ltr'>α)</span> <span class='ocrx_word' id='word_1_489' title='bbox 382 3459 531 3492; x_wconf 58' lang='lat' dir='ltr'>quilibet-</span> <span class='ocrx_word' id='word_1_490' title='bbox 550 3468 601 3486; x_wconf 84' lang='lat' dir='ltr'>non</span> <span class='ocrx_word' id='word_1_491' title='bbox 621 3461 731 3494; x_wconf 69' lang='lat' dir='ltr'>quilibet</span> <span class='ocrx_word' id='word_1_492' title='bbox 749 3461 854 3494; x_wconf 84' lang='lat' dir='ltr'>PELpC</span> <span class='ocrx_word' id='word_1_493' title='bbox 874 3467 899 3486; x_wconf 88' lang='lat' dir='ltr'>et</span> <span class='ocrx_word' id='word_1_494' title='bbox 917 3468 949 3491; x_wconf 80' lang='lat' dir='ltr'>a,·</span> <span class='ocrx_word' id='word_1_495' title='bbox 968 3469 1016 3495; x_wconf 87' lang='lat' dir='ltr'>pro</span> <span class='ocrx_word' id='word_1_496' title='bbox 1035 3461 1073 3486; x_wconf 82' lang='lat' dir='ltr'>ad</span> <span class='ocrx_word' id='word_1_497' title='bbox 1091 3461 1191 3494; x_wconf 80' lang='lat' dir='ltr'>aliqua,</span> <span class='ocrx_word' id='word_1_498' title='bbox 1204 3461 1242 3486; x_wconf 84' lang='lat' dir='ltr'>ad</span> <span class='ocrx_word' id='word_1_499' title='bbox 1260 3461 1351 3486; x_wconf 79' lang='lat' dir='ltr'>omnia</span> 
     </span>
     <span class='ocr_line' id='line_1_71' title="bbox 280 3495 558 3527; baseline 0.004 -7"><span class='ocrx_word' id='word_1_500' title='bbox 280 3495 328 3520; x_wconf 74' lang='lat' dir='ltr'>sed</span> <span class='ocrx_word' id='word_1_501' title='bbox 346 3495 383 3520; x_wconf 81' lang='lat' dir='ltr'>ad</span> <span class='ocrx_word' id='word_1_502' title='bbox 401 3495 492 3527; x_wconf 79' lang='lat' dir='ltr'>aliqua</span> <span class='ocrx_word' id='word_1_503' title='bbox 511 3495 558 3521; x_wconf 85' lang='lat' dir='ltr'>Pa.</span> 
     </span>
    </p>
   </div>
   <div class='ocr_carea' id='block_1_24' title="bbox 281 3529 1351 3592">
    <p class='ocr_par' dir='ltr' id='par_1_28' title="bbox 281 3529 1351 3592">
     <span class='ocr_line' id='line_1_72' title="bbox 305 3529 1351 3591; baseline 0.003 -36"><span class='ocrx_word' id='word_1_504' title='bbox 305 3566 310 3571; x_wconf 29' lang='grc' dir='ltr'>ι</span> <span class='ocrx_word' id='word_1_505' title='bbox 335 3529 560 3591; x_wconf 71' lang='grc' dir='ltr'>β)Βρεννεηι“εηάι’.</span> <span class='ocrx_word' id='word_1_506' title='bbox 573 3545 591 3550; x_wconf 96' lang='grc'>-</span> <span class='ocrx_word' id='word_1_507' title='bbox 606 3532 785 3563; x_wconf 79' lang='lat' dir='ltr'>proveniendi</span> <span class='ocrx_word' id='word_1_508' title='bbox 809 3532 995 3564; x_wconf 81' lang='lat' dir='ltr'>ABFHszC3</span> <span class='ocrx_word' id='word_1_509' title='bbox 1021 3540 1069 3565; x_wconf 84' lang='lat' dir='ltr'>pro</span> <span class='ocrx_word' id='word_1_510' title='bbox 1085 3533 1237 3564; x_wconf 75' lang='lat' dir='ltr'>pervenire,</span> <span class='ocrx_word' id='word_1_511' title='bbox 1253 3539 1351 3564; x_wconf 74' lang='lat' dir='ltr'>pmve-</span> 
     </span>
     <span class='ocr_line' id='line_1_73' title="bbox 281 3573 389 3592; baseline 0.009 -1"><span class='ocrx_word' id='word_1_512' title='bbox 281 3573 341 3591; x_wconf 85' lang='lat' dir='ltr'>mre</span> <span class='ocrx_word' id='word_1_513' title='bbox 383 3585 389 3592; x_wconf 90' lang='lat'>.</span> 
     </span>
    </p>
   </div>
   <div class='ocr_carea' id='block_1_25' title="bbox 1402 1229 2516 1924">
    <p class='ocr_par' dir='ltr' id='par_1_29' title="bbox 1402 1229 2516 1924">
     <span class='ocr_line' id='line_1_74' title="bbox 1402 1229 2484 1279; baseline 0.004 -13"><span class='ocrx_word' id='word_1_514' title='bbox 1402 1230 1553 1279; x_wconf 90' lang='lat' dir='ltr'>ligionis</span> <span class='ocrx_word' id='word_1_515' title='bbox 1584 1237 1639 1267; x_wconf 89' lang='lat' dir='ltr'>est</span> <span class='ocrx_word' id='word_1_516' title='bbox 1667 1231 1861 1279; x_wconf 88' lang='lat' dir='ltr'>quaedam</span> <span class='ocrx_word' id='word_1_517' title='bbox 1882 1229 2080 1279; x_wconf 91' lang='lat' dir='ltr'>disciplina</span> <span class='ocrx_word' id='word_1_518' title='bbox 2099 1232 2163 1268; x_wconf 86' lang='lat' dir='ltr'>vel</span> <span class='ocrx_word' id='word_1_519' title='bbox 2192 1231 2413 1269; x_wconf 89' lang='lat' dir='ltr'>exercitium</span> <span class='ocrx_word' id='word_1_520' title='bbox 2434 1233 2484 1271; x_wconf 89' lang='lat' dir='ltr'>ad</span> 
     </span>
     <span class='ocr_line' id='line_1_75' title="bbox 1404 1282 2480 1335; baseline 0.004 -15"><span class='ocrx_word' id='word_1_521' title='bbox 1404 1283 1680 1333; x_wconf 85' lang='lat' dir='ltr'>perfectionem</span> <span class='ocrx_word' id='word_1_522' title='bbox 1718 1282 2022 1332; x_wconf 64' lang='lat' dir='ltr'>perveniendifl.</span> <span class='ocrx_word' id='word_1_523' title='bbox 2067 1285 2129 1322; x_wconf 90' lang='lat' dir='ltr'>Ad</span> <span class='ocrx_word' id='word_1_524' title='bbox 2167 1297 2285 1335; x_wconf 88' lang='lat' dir='ltr'>quam</span> <span class='ocrx_word' id='word_1_525' title='bbox 2322 1286 2480 1334; x_wconf 88' lang='lat' dir='ltr'>quidem</span> 
     </span>
     <span class='ocr_line' id='line_1_76' title="bbox 1404 1337 2485 1387; baseline 0.004 -13"><span class='ocrx_word' id='word_1_526' title='bbox 1404 1338 1520 1387; x_wconf 88' lang='lat' dir='ltr'>aliqui</span> <span class='ocrx_word' id='word_1_527' title='bbox 1547 1337 1751 1387; x_wconf 91' lang='lat' dir='ltr'>pervenire</span> <span class='ocrx_word' id='word_1_528' title='bbox 1771 1337 1943 1374; x_wconf 90' lang='lat' dir='ltr'>nituntur</span> <span class='ocrx_word' id='word_1_529' title='bbox 1972 1337 2158 1376; x_wconf 87' lang='lat' dir='ltr'>exercitiis</span> <span class='ocrx_word' id='word_1_530' title='bbox 2178 1339 2357 1377; x_wconf 86' lang='lat' dir='ltr'>diversis:</span> <span class='ocrx_word' id='word_1_531' title='bbox 2388 1340 2485 1378; x_wconf 91' lang='lat' dir='ltr'>sicut</span> 
     </span>
     <span class='ocr_line' id='line_1_77' title="bbox 1405 1391 2484 1442; baseline 0.002 -13"><span class='ocrx_word' id='word_1_532' title='bbox 1405 1392 1519 1429; x_wconf 88' lang='lat' dir='ltr'>etiam</span> <span class='ocrx_word' id='word_1_533' title='bbox 1549 1391 1725 1429; x_wconf 90' lang='lat' dir='ltr'>medicus</span> <span class='ocrx_word' id='word_1_534' title='bbox 1759 1391 1810 1428; x_wconf 89' lang='lat' dir='ltr'>ad</span> <span class='ocrx_word' id='word_1_535' title='bbox 1838 1391 2055 1429; x_wconf 92' lang='lat' dir='ltr'>sanandum</span> <span class='ocrx_word' id='word_1_536' title='bbox 2083 1392 2139 1429; x_wconf 91' lang='lat' dir='ltr'>uti</span> <span class='ocrx_word' id='word_1_537' title='bbox 2166 1400 2294 1442; x_wconf 90' lang='lat' dir='ltr'>potest</span> <span class='ocrx_word' id='word_1_538' title='bbox 2322 1393 2484 1431; x_wconf 86' lang='lat' dir='ltr'>diversis</span> 
     </span>
     <span class='ocr_line' id='line_1_78' title="bbox 1405 1445 2516 1496; baseline 0.002 -13"><span class='ocrx_word' id='word_1_539' title='bbox 1405 1445 1707 1483; x_wconf 89' lang='lat' dir='ltr'>medicamentis.</span> <span class='ocrx_word' id='word_1_540' title='bbox 1752 1445 2000 1482; x_wconf 88' lang='lat' dir='ltr'>Manifestum</span> <span class='ocrx_word' id='word_1_541' title='bbox 2037 1453 2093 1483; x_wconf 90' lang='lat' dir='ltr'>est</span> <span class='ocrx_word' id='word_1_542' title='bbox 2127 1454 2257 1484; x_wconf 90' lang='lat' dir='ltr'>autem</span> <span class='ocrx_word' id='word_1_543' title='bbox 2293 1447 2399 1496; x_wconf 93' lang='lat' dir='ltr'>quod</span> <span class='ocrx_word' id='word_1_544' title='bbox 2432 1447 2483 1485; x_wconf 92' lang='lat' dir='ltr'>illi</span> <span class='ocrx_word' id='word_1_545' title='bbox 2511 1454 2516 1456; x_wconf 73' lang='grc'><em>’</em></span> 
     </span>
     <span class='ocr_line' id='line_1_79' title="bbox 1403 1498 2484 1549; baseline 0.002 -13"><span class='ocrx_word' id='word_1_546' title='bbox 1403 1500 1470 1549; x_wconf 90' lang='lat' dir='ltr'>qui</span> <span class='ocrx_word' id='word_1_547' title='bbox 1499 1507 1680 1548; x_wconf 90' lang='lat' dir='ltr'>operatur</span> <span class='ocrx_word' id='word_1_548' title='bbox 1699 1503 1714 1526; x_wconf 71' lang='grc' dir='ltr'><strong>Υ</strong></span> <span class='ocrx_word' id='word_1_549' title='bbox 1743 1498 1794 1535; x_wconf 89' lang='lat' dir='ltr'>ad</span> <span class='ocrx_word' id='word_1_550' title='bbox 1822 1499 1955 1546; x_wconf 89' lang='lat' dir='ltr'>finem,</span> <span class='ocrx_word' id='word_1_551' title='bbox 1981 1511 2061 1536; x_wconf 91' lang='lat' dir='ltr'>non</span> <span class='ocrx_word' id='word_1_552' title='bbox 2082 1511 2128 1536; x_wconf 86' lang='lat' dir='ltr'>ex</span> <span class='ocrx_word' id='word_1_553' title='bbox 2147 1500 2373 1538; x_wconf 86' lang='lat' dir='ltr'>necessitate</span> <span class='ocrx_word' id='word_1_554' title='bbox 2394 1513 2484 1538; x_wconf 89' lang='lat' dir='ltr'>con·</span> 
     </span>
     <span class='ocr_line' id='line_1_80' title="bbox 1403 1552 2485 1604; baseline 0.001 -13"><span class='ocrx_word' id='word_1_555' title='bbox 1403 1553 1510 1591; x_wconf 88' lang='lat' dir='ltr'>venit</span> <span class='ocrx_word' id='word_1_556' title='bbox 1538 1553 1645 1602; x_wconf 92' lang='lat' dir='ltr'>quod</span> <span class='ocrx_word' id='word_1_557' title='bbox 1674 1552 1751 1589; x_wconf 93' lang='lat' dir='ltr'>iam</span> <span class='ocrx_word' id='word_1_558' title='bbox 1781 1559 1978 1589; x_wconf 90' lang='lat' dir='ltr'>assecutus</span> <span class='ocrx_word' id='word_1_559' title='bbox 2007 1552 2052 1589; x_wconf 91' lang='lat' dir='ltr'>sit</span> <span class='ocrx_word' id='word_1_560' title='bbox 2081 1554 2223 1591; x_wconf 90' lang='lat' dir='ltr'>finem:</span> <span class='ocrx_word' id='word_1_561' title='bbox 2262 1553 2330 1592; x_wconf 90' lang='lat' dir='ltr'>sed</span> <span class='ocrx_word' id='word_1_562' title='bbox 2360 1553 2485 1604; x_wconf 84' lang='lat' dir='ltr'>requi·</span> 
     </span>
     <span class='ocr_line' id='line_1_81' title="bbox 1405 1605 2481 1655; baseline 0.001 -11"><span class='ocrx_word' id='word_1_563' title='bbox 1405 1607 1498 1644; x_wconf 92' lang='lat' dir='ltr'>ritur</span> <span class='ocrx_word' id='word_1_564' title='bbox 1537 1606 1642 1655; x_wconf 87' lang='lat' dir='ltr'>quod</span> <span class='ocrx_word' id='word_1_565' title='bbox 1675 1618 1745 1655; x_wconf 92' lang='lat' dir='ltr'>per</span> <span class='ocrx_word' id='word_1_566' title='bbox 1777 1605 1946 1654; x_wconf 91' lang='lat' dir='ltr'>aliquam</span> <span class='ocrx_word' id='word_1_567' title='bbox 1975 1606 2080 1643; x_wconf 90' lang='lat' dir='ltr'>viam</span> <span class='ocrx_word' id='word_1_568' title='bbox 2116 1607 2248 1645; x_wconf 90' lang='lat' dir='ltr'>tendat</span> <span class='ocrx_word' id='word_1_569' title='bbox 2281 1607 2320 1645; x_wconf 96' lang='lat' dir='ltr'>in</span> <span class='ocrx_word' id='word_1_570' title='bbox 2348 1608 2481 1646; x_wconf 90' lang='lat' dir='ltr'>finem.</span> 
     </span>
     <span class='ocr_line' id='line_1_82' title="bbox 1405 1658 2484 1720; baseline 0.002 -23"><span class='ocrx_word' id='word_1_571' title='bbox 1405 1661 1454 1697; x_wconf 87' lang='lat' dir='ltr'>Et</span> <span class='ocrx_word' id='word_1_572' title='bbox 1482 1660 1570 1697; x_wconf 93' lang='lat' dir='ltr'>ideo</span> <span class='ocrx_word' id='word_1_573' title='bbox 1601 1659 1661 1696; x_wconf 90' lang='lat' dir='ltr'>ille</span> <span class='ocrx_word' id='word_1_574' title='bbox 1695 1658 1761 1708; x_wconf 92' lang='lat' dir='ltr'>qui</span> <span class='ocrx_word' id='word_1_575' title='bbox 1789 1667 1930 1696; x_wconf 91' lang='lat' dir='ltr'>statum</span> <span class='ocrx_word' id='word_1_576' title='bbox 1963 1659 2155 1720; x_wconf 86' lang='lat' dir='ltr'>religionis</span> <span class='ocrx_word' id='word_1_577' title='bbox 2183 1661 2364 1708; x_wconf 90' lang='lat' dir='ltr'>assumit,</span> <span class='ocrx_word' id='word_1_578' title='bbox 2404 1674 2484 1700; x_wconf 90' lang='lat' dir='ltr'>non</span> 
     </span>
     <span class='ocr_line' id='line_1_83' title="bbox 1403 1713 2486 1762; baseline 0.002 -12"><span class='ocrx_word' id='word_1_579' title='bbox 1403 1721 1554 1750; x_wconf 91' lang='lat' dir='ltr'>tenetur</span> <span class='ocrx_word' id='word_1_580' title='bbox 1581 1713 1725 1749; x_wconf 89' lang='lat' dir='ltr'>habere</span> <span class='ocrx_word' id='word_1_581' title='bbox 1754 1713 1962 1761; x_wconf 88' lang='lat' dir='ltr'>perfectam</span> <span class='ocrx_word' id='word_1_582' title='bbox 1992 1714 2208 1762; x_wconf 91' lang='lat' dir='ltr'>caritatem,</span> <span class='ocrx_word' id='word_1_583' title='bbox 2237 1715 2306 1752; x_wconf 92' lang='lat' dir='ltr'>sed</span> <span class='ocrx_word' id='word_1_584' title='bbox 2334 1723 2486 1753; x_wconf 86' lang='lat' dir='ltr'>tenetur</span> 
     </span>
     <span class='ocr_line' id='line_1_84' title="bbox 1404 1765 2485 1815; baseline 0.002 -11"><span class='ocrx_word' id='word_1_585' title='bbox 1404 1767 1453 1804; x_wconf 94' lang='lat' dir='ltr'>ad</span> <span class='ocrx_word' id='word_1_586' title='bbox 1482 1767 1557 1804; x_wconf 90' lang='lat' dir='ltr'>hoc</span> <span class='ocrx_word' id='word_1_587' title='bbox 1584 1765 1744 1803; x_wconf 89' lang='lat' dir='ltr'>tendere</span> <span class='ocrx_word' id='word_1_588' title='bbox 1774 1774 1811 1802; x_wconf 92' lang='lat' dir='ltr'>et</span> <span class='ocrx_word' id='word_1_589' title='bbox 1839 1778 2001 1815; x_wconf 89' lang='lat' dir='ltr'>operam</span> <span class='ocrx_word' id='word_1_590' title='bbox 2032 1767 2123 1804; x_wconf 89' lang='lat' dir='ltr'>dare</span> <span class='ocrx_word' id='word_1_591' title='bbox 2152 1776 2194 1805; x_wconf 92' lang='lat' dir='ltr'>ut</span> <span class='ocrx_word' id='word_1_592' title='bbox 2222 1769 2363 1806; x_wconf 89' lang='lat' dir='ltr'>habeat</span> <span class='ocrx_word' id='word_1_593' title='bbox 2392 1769 2485 1806; x_wconf 88' lang='lat' dir='ltr'>cari-</span> 
     </span>
     <span class='ocr_line' id='line_1_85' title="bbox 1404 1819 2484 1912; baseline 0.003 -55"><span class='ocrx_word' id='word_1_594' title='bbox 1404 1827 1522 1857; x_wconf 86' lang='lat' dir='ltr'>tatem</span> <span class='ocrx_word' id='word_1_595' title='bbox 1555 1819 1778 1869; x_wconf 84' lang='lat' dir='ltr'>perfectam.</span> <span class='ocrx_word' id='word_1_596' title='bbox 1808 1839 1833 1848; x_wconf 91' lang='grc'>-</span> <span class='ocrx_word' id='word_1_597' title='bbox 1862 1820 1912 1856; x_wconf 89' lang='lat' dir='ltr'>Et</span> <span class='ocrx_word' id='word_1_598' title='bbox 1947 1820 2086 1858; x_wconf 78' lang='lat' dir='ltr'>eadem</span> <span class='ocrx_word' id='word_1_599' title='bbox 2117 1821 2286 1869; x_wconf 87' lang='lat' dir='ltr'>ratione,</span> <span class='ocrx_word' id='word_1_600' title='bbox 2321 1834 2402 1860; x_wconf 87' lang='lat' dir='ltr'>non</span> <span class='ocrx_word' id='word_1_601' title='bbox 2430 1830 2484 1912; x_wconf 53' lang='grc' dir='ltr'>εἶ</span> 
     </span>
     <span class='ocr_line' id='line_1_86' title="bbox 1405 1872 2441 1924; baseline 0.002 -14"><span class='ocrx_word' id='word_1_602' title='bbox 1405 1881 1517 1910; x_wconf 88' lang='lat' dir='ltr'>netur</span> <span class='ocrx_word' id='word_1_603' title='bbox 1545 1873 1594 1910; x_wconf 91' lang='lat' dir='ltr'>ad</span> <span class='ocrx_word' id='word_1_604' title='bbox 1622 1873 1698 1910; x_wconf 89' lang='lat' dir='ltr'>hoc</span> <span class='ocrx_word' id='word_1_605' title='bbox 1733 1872 1840 1922; x_wconf 87' lang='lat' dir='ltr'>quod</span> <span class='ocrx_word' id='word_1_606' title='bbox 1869 1873 1932 1910; x_wconf 87' lang='lat' dir='ltr'>illa</span> <span class='ocrx_word' id='word_1_607' title='bbox 1960 1872 2119 1923; x_wconf 88' lang='lat' dir='ltr'>impleat</span> <span class='ocrx_word' id='word_1_608' title='bbox 2153 1887 2254 1924; x_wconf 88' lang='lat' dir='ltr'>quae</span> <span class='ocrx_word' id='word_1_609' title='bbox 2282 1875 2441 1924; x_wconf 81' lang='lat' dir='ltr'>perfecti</span> 
     </span>
    </p>
   </div>
   <div class='ocr_carea' id='block_1_26' title="bbox 1405 1926 2620 1976">
    <p class='ocr_par' dir='ltr' id='par_1_30' title="bbox 1405 1926 2693 1976">
     <span class='ocr_line' id='line_1_87' title="bbox 1405 1926 2620 1976; baseline 0.002 -12"><span class='ocrx_word' id='word_1_610' title='bbox 1405 1939 1496 1964; x_wconf 81' lang='lat' dir='ltr'>nem</span> <span class='ocrx_word' id='word_1_611' title='bbox 1536 1926 1699 1963; x_wconf 71' lang='lat' dir='ltr'>caritatis</span> <span class='ocrx_word' id='word_1_612' title='bbox 1733 1934 2042 1976; x_wconf 68' lang='lat' dir='ltr'>consequuntur:</span> <span class='ocrx_word' id='word_1_613' title='bbox 2079 1935 2230 1965; x_wconf 69' lang='lat' dir='ltr'>tenetur</span> <span class='ocrx_word' id='word_1_614' title='bbox 2275 1935 2404 1966; x_wconf 72' lang='lat' dir='ltr'>antem</span> <span class='ocrx_word' id='word_1_615' title='bbox 2442 1936 2486 1967; x_wconf 73' lang='lat' dir='ltr'>m</span> <span class='ocrx_word' id='word_1_616' title='bbox 2586 1940 2620 1953; x_wconf 60' lang='lat'>&#39;³¹&#39;</span> 
     </span>
    </p>
   </div>
   <div class='ocr_carea' id='block_1_27' title="bbox 1404 1977 2520 3370">
    <p class='ocr_par' dir='ltr' id='par_1_31' title="bbox 1404 1977 2493 2300">
     <span class='ocr_line' id='line_1_88' title="bbox 1405 1977 2484 2032; baseline 0.004 -14"><span class='ocrx_word' id='word_1_617' title='bbox 1405 1980 1453 2018; x_wconf 93' lang='lat' dir='ltr'>ad</span> <span class='ocrx_word' id='word_1_618' title='bbox 1475 1993 1521 2017; x_wconf 91' lang='lat' dir='ltr'>ea</span> <span class='ocrx_word' id='word_1_619' title='bbox 1540 1980 1735 2030; x_wconf 89' lang='lat' dir='ltr'>implenda</span> <span class='ocrx_word' id='word_1_620' title='bbox 1754 1979 1938 2018; x_wconf 89' lang='lat' dir='ltr'>intendat.</span> <span class='ocrx_word' id='word_1_621' title='bbox 1969 1980 2114 2018; x_wconf 87' lang='lat' dir='ltr'>Contra</span> <span class='ocrx_word' id='word_1_622' title='bbox 2143 1981 2267 2032; x_wconf 88' lang='lat' dir='ltr'>quod</span> <span class='ocrx_word' id='word_1_623' title='bbox 2278 1982 2367 2020; x_wconf 89' lang='lat' dir='ltr'>facit</span> <span class='ocrx_word' id='word_1_624' title='bbox 2393 1977 2484 2023; x_wconf 65' lang='lat' dir='ltr'>coxi-</span> 
     </span>
     <span class='ocr_line' id='line_1_89' title="bbox 1404 2027 2493 2088; baseline 0.003 -16"><span class='ocrx_word' id='word_1_625' title='bbox 1404 2043 1595 2072; x_wconf 87' lang='lat' dir='ltr'>temnens.</span> <span class='ocrx_word' id='word_1_626' title='bbox 1633 2033 1746 2071; x_wconf 90' lang='lat' dir='ltr'>Unde</span> <span class='ocrx_word' id='word_1_627' title='bbox 1775 2046 1854 2072; x_wconf 91' lang='lat' dir='ltr'>non</span> <span class='ocrx_word' id='word_1_628' title='bbox 1882 2041 2018 2084; x_wconf 90' lang='lat' dir='ltr'>peccat</span> <span class='ocrx_word' id='word_1_629' title='bbox 2052 2034 2082 2072; x_wconf 91' lang='lat' dir='ltr'>si</span> <span class='ocrx_word' id='word_1_630' title='bbox 2113 2047 2158 2072; x_wconf 88' lang='lat' dir='ltr'>ea</span> <span class='ocrx_word' id='word_1_631' title='bbox 2185 2027 2483 2088; x_wconf 69' lang='lat' dir='ltr'>praetermittat</span> <span class='ocrx_word' id='word_1_632' title='bbox 2489 2057 2493 2062; x_wconf 45' lang='lat' dir='ltr'>v</span> 
     </span>
     <span class='ocr_line' id='line_1_90' title="bbox 1405 2087 2484 2132; baseline 0.003 -6"><span class='ocrx_word' id='word_1_633' title='bbox 1405 2088 1473 2126; x_wconf 90' lang='lat' dir='ltr'>sed</span> <span class='ocrx_word' id='word_1_634' title='bbox 1503 2088 1533 2125; x_wconf 91' lang='lat' dir='ltr'>si</span> <span class='ocrx_word' id='word_1_635' title='bbox 1564 2100 1609 2125; x_wconf 89' lang='lat' dir='ltr'>ea</span> <span class='ocrx_word' id='word_1_636' title='bbox 1638 2095 1871 2125; x_wconf 90' lang='lat' dir='ltr'>contemnat.</span> <span class='ocrx_word' id='word_1_637' title='bbox 1903 2109 1927 2116; x_wconf 91' lang='lat'>-</span> <span class='ocrx_word' id='word_1_638' title='bbox 1958 2087 2137 2126; x_wconf 89' lang='lat' dir='ltr'>Similiter</span> <span class='ocrx_word' id='word_1_639' title='bbox 2175 2089 2290 2127; x_wconf 86' lang='lat' dir='ltr'>etiam</span> <span class='ocrx_word' id='word_1_640' title='bbox 2319 2101 2399 2128; x_wconf 89' lang='lat' dir='ltr'>non</span> <span class='ocrx_word' id='word_1_641' title='bbox 2429 2097 2484 2132; x_wconf 55' lang='lat' dir='ltr'>ter</span> 
     </span>
     <span class='ocr_line' id='line_1_91' title="bbox 1405 2141 2483 2193; baseline 0.004 -15"><span class='ocrx_word' id='word_1_642' title='bbox 1405 2149 1518 2179; x_wconf 84' lang='lat' dir='ltr'>netur</span> <span class='ocrx_word' id='word_1_643' title='bbox 1539 2141 1589 2179; x_wconf 91' lang='lat' dir='ltr'>ad</span> <span class='ocrx_word' id='word_1_644' title='bbox 1610 2141 1742 2178; x_wconf 86' lang='lat' dir='ltr'>omnia</span> <span class='ocrx_word' id='word_1_645' title='bbox 1764 2141 1940 2179; x_wconf 88' lang='lat' dir='ltr'>exercitia</span> <span class='ocrx_word' id='word_1_646' title='bbox 1969 2141 2109 2190; x_wconf 92' lang='lat' dir='ltr'>quibus</span> <span class='ocrx_word' id='word_1_647' title='bbox 2129 2143 2176 2180; x_wconf 87' lang='lat' dir='ltr'>ad</span> <span class='ocrx_word' id='word_1_648' title='bbox 2205 2143 2483 2193; x_wconf 82' lang='lat' dir='ltr'>perfectionem</span> 
     </span>
     <span class='ocr_line' id='line_1_92' title="bbox 1404 2194 2485 2246; baseline 0.004 -15"><span class='ocrx_word' id='word_1_649' title='bbox 1404 2195 1644 2245; x_wconf 87' lang='lat' dir='ltr'>pervenitur:</span> <span class='ocrx_word' id='word_1_650' title='bbox 1675 2195 1743 2232; x_wconf 91' lang='lat' dir='ltr'>sed</span> <span class='ocrx_word' id='word_1_651' title='bbox 1764 2196 1812 2232; x_wconf 88' lang='lat' dir='ltr'>ad</span> <span class='ocrx_word' id='word_1_652' title='bbox 1833 2194 1894 2232; x_wconf 85' lang='lat' dir='ltr'>illa</span> <span class='ocrx_word' id='word_1_653' title='bbox 1915 2194 2196 2234; x_wconf 76' lang='lat' dir='ltr'>determinate⁸</span> <span class='ocrx_word' id='word_1_654' title='bbox 2215 2208 2314 2246; x_wconf 88' lang='lat' dir='ltr'>quae</span> <span class='ocrx_word' id='word_1_655' title='bbox 2341 2204 2432 2236; x_wconf 88' lang='lat' dir='ltr'>sunt</span> <span class='ocrx_word' id='word_1_656' title='bbox 2450 2197 2485 2236; x_wconf 84' lang='lat' dir='ltr'>ei</span> 
     </span>
     <span class='ocr_line' id='line_1_93' title="bbox 1404 2248 2428 2300; baseline 0.003 -14"><span class='ocrx_word' id='word_1_657' title='bbox 1404 2257 1530 2286; x_wconf 84' lang='lat' dir='ltr'>taxata</span> <span class='ocrx_word' id='word_1_658' title='bbox 1559 2248 1775 2286; x_wconf 88' lang='lat' dir='ltr'>secundum</span> <span class='ocrx_word' id='word_1_659' title='bbox 1796 2249 1967 2297; x_wconf 89' lang='lat' dir='ltr'>regulam</span> <span class='ocrx_word' id='word_1_660' title='bbox 1997 2261 2116 2298; x_wconf 92' lang='lat' dir='ltr'>quam</span> <span class='ocrx_word' id='word_1_661' title='bbox 2144 2250 2342 2300; x_wconf 91' lang='lat' dir='ltr'>professus</span> <span class='ocrx_word' id='word_1_662' title='bbox 2362 2258 2428 2289; x_wconf 89' lang='lat' dir='ltr'>est.</span> 
     </span>
    </p>

    <p class='ocr_par' dir='ltr' id='par_1_32' title="bbox 1405 2302 2520 2888">
     <span class='ocr_line' id='line_1_94' title="bbox 1459 2302 2486 2354; baseline 0.004 -14"><span class='ocrx_word' id='word_1_663' title='bbox 1459 2304 1518 2340; x_wconf 80' lang='lat' dir='ltr'>Ao</span> <span class='ocrx_word' id='word_1_664' title='bbox 1540 2313 1678 2339; x_wconf 65' lang='lat' dir='ltr'>ramum</span> <span class='ocrx_word' id='word_1_665' title='bbox 1698 2313 1798 2339; x_wconf 83' lang='lat' dir='ltr'>ERGO</span> <span class='ocrx_word' id='word_1_666' title='bbox 1818 2313 2006 2340; x_wconf 69' lang='lat' dir='ltr'>memnon</span> <span class='ocrx_word' id='word_1_667' title='bbox 2036 2303 2143 2352; x_wconf 93' lang='lat' dir='ltr'>quod</span> <span class='ocrx_word' id='word_1_668' title='bbox 2170 2302 2231 2342; x_wconf 89' lang='lat' dir='ltr'>ille</span> <span class='ocrx_word' id='word_1_669' title='bbox 2260 2304 2327 2354; x_wconf 91' lang='lat' dir='ltr'>qui</span> <span class='ocrx_word' id='word_1_670' title='bbox 2354 2305 2486 2345; x_wconf 87' lang='lat' dir='ltr'>transit</span> 
     </span>
     <span class='ocr_line' id='line_1_95' title="bbox 1405 2355 2482 2407; baseline 0.005 -15"><span class='ocrx_word' id='word_1_671' title='bbox 1405 2355 1454 2393; x_wconf 88' lang='lat' dir='ltr'>ad</span> <span class='ocrx_word' id='word_1_672' title='bbox 1484 2355 1722 2403; x_wconf 90' lang='lat' dir='ltr'>religionem,</span> <span class='ocrx_word' id='word_1_673' title='bbox 1753 2368 1832 2393; x_wconf 90' lang='lat' dir='ltr'>non</span> <span class='ocrx_word' id='word_1_674' title='bbox 1851 2356 2053 2405; x_wconf 86' lang='lat' dir='ltr'>profitetur</span> <span class='ocrx_word' id='word_1_675' title='bbox 2081 2369 2123 2394; x_wconf 90' lang='lat' dir='ltr'>se</span> <span class='ocrx_word' id='word_1_676' title='bbox 2144 2369 2226 2395; x_wconf 87' lang='lat' dir='ltr'>esse</span> <span class='ocrx_word' id='word_1_677' title='bbox 2255 2358 2482 2407; x_wconf 83' lang='lat' dir='ltr'>perfectum,</span> 
     </span>
     <span class='ocr_line' id='line_1_96' title="bbox 1406 2409 2483 2473; baseline 0.004 -27"><span class='ocrx_word' id='word_1_678' title='bbox 1406 2409 1475 2446; x_wconf 92' lang='lat' dir='ltr'>sed</span> <span class='ocrx_word' id='word_1_679' title='bbox 1502 2409 1704 2458; x_wconf 88' lang='lat' dir='ltr'>profitetur</span> <span class='ocrx_word' id='word_1_680' title='bbox 1731 2421 1773 2446; x_wconf 91' lang='lat' dir='ltr'>se</span> <span class='ocrx_word' id='word_1_681' title='bbox 1801 2409 1984 2447; x_wconf 89' lang='lat' dir='ltr'>adhibere</span> <span class='ocrx_word' id='word_1_682' title='bbox 2013 2410 2181 2447; x_wconf 88' lang='lat' dir='ltr'>studium</span> <span class='ocrx_word' id='word_1_683' title='bbox 2205 2411 2255 2448; x_wconf 88' lang='lat' dir='ltr'>ad</span> <span class='ocrx_word' id='word_1_684' title='bbox 2282 2411 2483 2473; x_wconf 82' lang='lat' dir='ltr'>perfectio·</span> 
     </span>
     <span class='ocr_line' id='line_1_97' title="bbox 1406 2463 2484 2515; baseline 0.004 -16"><span class='ocrx_word' id='word_1_685' title='bbox 1406 2475 1495 2500; x_wconf 88' lang='lat' dir='ltr'>nem</span> <span class='ocrx_word' id='word_1_686' title='bbox 1527 2463 1861 2512; x_wconf 89' lang='lat' dir='ltr'>consequendam.</span> <span class='ocrx_word' id='word_1_687' title='bbox 1901 2463 1997 2500; x_wconf 90' lang='lat' dir='ltr'>sicut</span> <span class='ocrx_word' id='word_1_688' title='bbox 2033 2463 2149 2501; x_wconf 90' lang='lat' dir='ltr'>etiam</span> <span class='ocrx_word' id='word_1_689' title='bbox 2178 2464 2238 2502; x_wconf 90' lang='lat' dir='ltr'>ille</span> <span class='ocrx_word' id='word_1_690' title='bbox 2276 2465 2343 2515; x_wconf 90' lang='lat' dir='ltr'>qui</span> <span class='ocrx_word' id='word_1_691' title='bbox 2371 2465 2484 2504; x_wconf 78' lang='lat' dir='ltr'>intrat</span> 
     </span>
     <span class='ocr_line' id='line_1_98' title="bbox 1407 2516 2484 2576; baseline 0.004 -23"><span class='ocrx_word' id='word_1_692' title='bbox 1407 2517 1570 2563; x_wconf 90' lang='lat' dir='ltr'>scholas,</span> <span class='ocrx_word' id='word_1_693' title='bbox 1592 2528 1670 2554; x_wconf 92' lang='lat' dir='ltr'>non</span> <span class='ocrx_word' id='word_1_694' title='bbox 1692 2516 1894 2576; x_wconf 80' lang='lat' dir='ltr'>profitetur</span> <span class='ocrx_word' id='word_1_695' title='bbox 1912 2529 1952 2554; x_wconf 92' lang='lat' dir='ltr'>se</span> <span class='ocrx_word' id='word_1_696' title='bbox 1972 2516 2168 2564; x_wconf 91' lang='lat' dir='ltr'>scientem,</span> <span class='ocrx_word' id='word_1_697' title='bbox 2189 2517 2258 2556; x_wconf 92' lang='lat' dir='ltr'>sed</span> <span class='ocrx_word' id='word_1_698' title='bbox 2282 2519 2484 2568; x_wconf 88' lang='lat' dir='ltr'>profitetur</span> 
     </span>
     <span class='ocr_line' id='line_1_99' title="bbox 1408 2546 2482 2621; baseline 0.003 -14"><span class='ocrx_word' id='word_1_699' title='bbox 1408 2583 1448 2607; x_wconf 89' lang='lat' dir='ltr'>se</span> <span class='ocrx_word' id='word_1_700' title='bbox 1485 2546 1702 2607; x_wconf 82' lang='lat' dir='ltr'>studentem</span> <span class='ocrx_word' id='word_1_701' title='bbox 1731 2570 1780 2608; x_wconf 90' lang='lat' dir='ltr'>ad</span> <span class='ocrx_word' id='word_1_702' title='bbox 1809 2570 2006 2608; x_wconf 89' lang='lat' dir='ltr'>scientiam</span> <span class='ocrx_word' id='word_1_703' title='bbox 2043 2570 2330 2621; x_wconf 90' lang='lat' dir='ltr'>acquirendam.</span> <span class='ocrx_word' id='word_1_704' title='bbox 2370 2572 2482 2612; x_wconf 91' lang='lat' dir='ltr'>Unde</span> 
     </span>
     <span class='ocr_line' id='line_1_100' title="bbox 1407 2623 2520 2676; baseline 0.004 -16"><span class='ocrx_word' id='word_1_705' title='bbox 1407 2623 1503 2661; x_wconf 83' lang='lat' dir='ltr'>sicut</span> <span class='ocrx_word' id='word_1_706' title='bbox 1526 2623 1760 2672; x_wconf 86' lang='lat' dir='ltr'>Augustinus</span> <span class='ocrx_word' id='word_1_707' title='bbox 1789 2623 1889 2671; x_wconf 90' lang='lat' dir='ltr'>dicit,</span> <span class='ocrx_word' id='word_1_708' title='bbox 1910 2624 1997 2662; x_wconf 86' lang='lat' dir='ltr'>VIII</span> <span class='ocrx_word' id='word_1_709' title='bbox 2018 2625 2065 2662; x_wconf 87' lang='lat' dir='ltr'>de</span> <span class='ocrx_word' id='word_1_710' title='bbox 2088 2625 2168 2663; x_wconf 79' lang='lat' dir='ltr'>Civ.</span> <span class='ocrx_word' id='word_1_711' title='bbox 2188 2625 2301 2663; x_wconf 77' lang='lat' dir='ltr'>Dei*</span> <span class='ocrx_word' id='word_1_712' title='bbox 2303 2626 2483 2676; x_wconf 79' lang='lat' dir='ltr'>,Pytha-</span> <span class='ocrx_word' id='word_1_713' title='bbox 2509 2633 2520 2646; x_wconf 91' lang='grc'><em>·</em></span> 
     </span>
     <span class='ocr_line' id='line_1_101' title="bbox 1406 2677 2484 2729; baseline 0.005 -16"><span class='ocrx_word' id='word_1_714' title='bbox 1406 2690 1518 2726; x_wconf 87' lang='lat' dir='ltr'>goras</span> <span class='ocrx_word' id='word_1_715' title='bbox 1543 2677 1664 2714; x_wconf 89' lang='lat' dir='ltr'>noluit</span> <span class='ocrx_word' id='word_1_716' title='bbox 1691 2677 1862 2727; x_wconf 89' lang='lat' dir='ltr'>profiteri</span> <span class='ocrx_word' id='word_1_717' title='bbox 1883 2690 1924 2715; x_wconf 90' lang='lat' dir='ltr'>se</span> <span class='ocrx_word' id='word_1_718' title='bbox 1944 2677 2169 2728; x_wconf 87' lang='lat' dir='ltr'>sapientem,</span> <span class='ocrx_word' id='word_1_719' title='bbox 2190 2679 2259 2717; x_wconf 87' lang='lat' dir='ltr'>sed</span> <span class='ocrx_word' id='word_1_720' title='bbox 2277 2679 2484 2729; x_wconf 65' lang='lat' dir='ltr'>sapientia</span> 
     </span>
     <span class='ocr_line' id='line_1_102' title="bbox 1405 2730 2483 2782; baseline 0.003 -14"><span class='ocrx_word' id='word_1_721' title='bbox 1405 2737 1630 2768; x_wconf 88' lang='lat' dir='ltr'>amatorem.</span> <span class='ocrx_word' id='word_1_722' title='bbox 1657 2731 1707 2768; x_wconf 91' lang='lat' dir='ltr'>Et</span> <span class='ocrx_word' id='word_1_723' title='bbox 1725 2730 1812 2768; x_wconf 90' lang='lat' dir='ltr'>ideo</span> <span class='ocrx_word' id='word_1_724' title='bbox 1835 2731 2032 2780; x_wconf 85' lang='lat' dir='ltr'>religiosus</span> <span class='ocrx_word' id='word_1_725' title='bbox 2052 2744 2131 2770; x_wconf 91' lang='lat' dir='ltr'>non</span> <span class='ocrx_word' id='word_1_726' title='bbox 2151 2740 2208 2770; x_wconf 90' lang='lat' dir='ltr'>est</span> <span class='ocrx_word' id='word_1_727' title='bbox 2226 2740 2483 2782; x_wconf 85' lang='lat' dir='ltr'>transgressor</span> 
     </span>
     <span class='ocr_line' id='line_1_103' title="bbox 1405 2784 2481 2835; baseline 0.003 -14"><span class='ocrx_word' id='word_1_728' title='bbox 1405 2784 1654 2835; x_wconf 89' lang='lat' dir='ltr'>professionis</span> <span class='ocrx_word' id='word_1_729' title='bbox 1690 2784 1720 2821; x_wconf 91' lang='lat' dir='ltr'>si</span> <span class='ocrx_word' id='word_1_730' title='bbox 1754 2797 1833 2822; x_wconf 92' lang='lat' dir='ltr'>non</span> <span class='ocrx_word' id='word_1_731' title='bbox 1863 2784 1909 2822; x_wconf 92' lang='lat' dir='ltr'>sit</span> <span class='ocrx_word' id='word_1_732' title='bbox 1936 2786 2147 2835; x_wconf 90' lang='lat' dir='ltr'>perfectus:</span> <span class='ocrx_word' id='word_1_733' title='bbox 2186 2785 2254 2824; x_wconf 93' lang='lat' dir='ltr'>sed</span> <span class='ocrx_word' id='word_1_734' title='bbox 2287 2786 2412 2824; x_wconf 89' lang='lat' dir='ltr'>solum</span> <span class='ocrx_word' id='word_1_735' title='bbox 2450 2786 2481 2824; x_wconf 92' lang='lat' dir='ltr'>si</span> 
     </span>
     <span class='ocr_line' id='line_1_104' title="bbox 1406 2838 2211 2888; baseline 0.001 -13"><span class='ocrx_word' id='word_1_736' title='bbox 1406 2845 1629 2876; x_wconf 88' lang='lat' dir='ltr'>contemnat</span> <span class='ocrx_word' id='word_1_737' title='bbox 1657 2838 1705 2876; x_wconf 90' lang='lat' dir='ltr'>ad</span> <span class='ocrx_word' id='word_1_738' title='bbox 1734 2838 2012 2888; x_wconf 88' lang='lat' dir='ltr'>perfectionem</span> <span class='ocrx_word' id='word_1_739' title='bbox 2041 2839 2211 2878; x_wconf 88' lang='lat' dir='ltr'>tendere.</span> 
     </span>
    </p>

    <p class='ocr_par' dir='ltr' id='par_1_33' title="bbox 1404 2891 2481 3370">
     <span class='ocr_line' id='line_1_105' title="bbox 1459 2891 2480 2942; baseline 0.001 -13"><span class='ocrx_word' id='word_1_740' title='bbox 1459 2895 1519 2930; x_wconf 82' lang='lat' dir='ltr'>An</span> <span class='ocrx_word' id='word_1_741' title='bbox 1556 2903 1748 2930; x_wconf 73' lang='lat' dir='ltr'>SECUNDUM</span> <span class='ocrx_word' id='word_1_742' title='bbox 1791 2903 1977 2930; x_wconf 82' lang='lat' dir='ltr'>DICENDUM</span> <span class='ocrx_word' id='word_1_743' title='bbox 2020 2892 2146 2942; x_wconf 89' lang='lat' dir='ltr'>quod,</span> <span class='ocrx_word' id='word_1_744' title='bbox 2189 2891 2286 2930; x_wconf 90' lang='lat' dir='ltr'>sicut</span> <span class='ocrx_word' id='word_1_745' title='bbox 2327 2892 2480 2941; x_wconf 82' lang='lat' dir='ltr'>diligere</span> 
     </span>
     <span class='ocr_line' id='line_1_106' title="bbox 1406 2945 2480 2993; baseline 0.002 -11"><span class='ocrx_word' id='word_1_746' title='bbox 1406 2946 1535 2983; x_wconf 89' lang='lat' dir='ltr'>Deum</span> <span class='ocrx_word' id='word_1_747' title='bbox 1565 2958 1611 2983; x_wconf 87' lang='lat' dir='ltr'>ex</span> <span class='ocrx_word' id='word_1_748' title='bbox 1635 2953 1716 2983; x_wconf 91' lang='lat' dir='ltr'>toto</span> <span class='ocrx_word' id='word_1_749' title='bbox 1737 2945 1854 2983; x_wconf 90' lang='lat' dir='ltr'>corde</span> <span class='ocrx_word' id='word_1_750' title='bbox 1881 2953 2059 2984; x_wconf 88' lang='lat' dir='ltr'>tenentur</span> <span class='ocrx_word' id='word_1_751' title='bbox 2087 2957 2236 2993; x_wconf 86' lang='lat' dir='ltr'>omnes,</span> <span class='ocrx_word' id='word_1_752' title='bbox 2266 2953 2322 2983; x_wconf 89' lang='lat' dir='ltr'>est</span> <span class='ocrx_word' id='word_1_753' title='bbox 2349 2953 2480 2984; x_wconf 88' lang='lat' dir='ltr'>tamen</span> 
     </span>
     <span class='ocr_line' id='line_1_107' title="bbox 1406 2998 2479 3060; baseline 0.001 -24"><span class='ocrx_word' id='word_1_754' title='bbox 1406 3000 1531 3048; x_wconf 87' lang='lat' dir='ltr'>aliqua</span> <span class='ocrx_word' id='word_1_755' title='bbox 1573 2998 1816 3048; x_wconf 86' lang='lat' dir='ltr'>perfectionis</span> <span class='ocrx_word' id='word_1_756' title='bbox 1858 2999 2022 3037; x_wconf 86' lang='lat' dir='ltr'>totalitas</span> <span class='ocrx_word' id='word_1_757' title='bbox 2059 3011 2159 3048; x_wconf 86' lang='lat' dir='ltr'>quae</span> <span class='ocrx_word' id='word_1_758' title='bbox 2196 2999 2277 3036; x_wconf 93' lang='lat' dir='ltr'>sine</span> <span class='ocrx_word' id='word_1_759' title='bbox 2318 3007 2479 3060; x_wconf 81' lang='lat' dir='ltr'>peccato</span> 
     </span>
     <span class='ocr_line' id='line_1_108' title="bbox 1405 3052 2479 3102; baseline 0.001 -12"><span class='ocrx_word' id='word_1_760' title='bbox 1405 3052 1655 3102; x_wconf 89' lang='lat' dir='ltr'>praetermitti</span> <span class='ocrx_word' id='word_1_761' title='bbox 1679 3065 1757 3090; x_wconf 90' lang='lat' dir='ltr'>non</span> <span class='ocrx_word' id='word_1_762' title='bbox 1777 3060 1914 3102; x_wconf 91' lang='lat' dir='ltr'>potest,</span> <span class='ocrx_word' id='word_1_763' title='bbox 1939 3052 2099 3102; x_wconf 84' lang='lat' dir='ltr'>aliqua‘</span> <span class='ocrx_word' id='word_1_764' title='bbox 2127 3059 2255 3090; x_wconf 89' lang='lat' dir='ltr'>autem</span> <span class='ocrx_word' id='word_1_765' title='bbox 2278 3065 2377 3102; x_wconf 90' lang='lat' dir='ltr'>quae</span> <span class='ocrx_word' id='word_1_766' title='bbox 2398 3053 2479 3092; x_wconf 93' lang='lat' dir='ltr'>sine</span> 
     </span>
     <span class='ocr_line' id='line_1_109' title="bbox 1405 3105 2480 3156; baseline 0.001 -13"><span class='ocrx_word' id='word_1_767' title='bbox 1405 3114 1564 3156; x_wconf 90' lang='lat' dir='ltr'>peccato</span> <span class='ocrx_word' id='word_1_768' title='bbox 1594 3105 1950 3156; x_wconf 74' lang='lat' dir='ltr'>praetermittitur*,</span> <span class='ocrx_word' id='word_1_769' title='bbox 1980 3105 2073 3144; x_wconf 88' lang='lat' dir='ltr'>dum</span> <span class='ocrx_word' id='word_1_770' title='bbox 2103 3113 2233 3144; x_wconf 83' lang='lat' dir='ltr'>tamen</span> <span class='ocrx_word' id='word_1_771' title='bbox 2264 3106 2360 3144; x_wconf 90' lang='lat' dir='ltr'>desit</span> <span class='ocrx_word' id='word_1_772' title='bbox 2389 3119 2480 3145; x_wconf 88' lang='lat' dir='ltr'>con-</span> 
     </span>
     <span class='ocr_line' id='line_1_110' title="bbox 1405 3158 2477 3210; baseline 0.002 -13"><span class='ocrx_word' id='word_1_773' title='bbox 1405 3167 1586 3209; x_wconf 89' lang='lat' dir='ltr'>temptus,</span> <span class='ocrx_word' id='word_1_774' title='bbox 1607 3167 1649 3197; x_wconf 93' lang='lat' dir='ltr'>ut</span> <span class='ocrx_word' id='word_1_775' title='bbox 1668 3172 1784 3210; x_wconf 89' lang='lat' dir='ltr'>supra</span> <span class='ocrx_word' id='word_1_776' title='bbox 1802 3160 1824 3181; x_wconf 72' lang='lat'>&#39;¹</span> <span class='ocrx_word' id='word_1_777' title='bbox 1843 3159 1987 3197; x_wconf 90' lang='lat' dir='ltr'>dictum</span> <span class='ocrx_word' id='word_1_778' title='bbox 2009 3166 2085 3197; x_wconf 88' lang='lat' dir='ltr'>est:</span> <span class='ocrx_word' id='word_1_779' title='bbox 2115 3158 2165 3197; x_wconf 83' lang='lat' dir='ltr'>ita</span> <span class='ocrx_word' id='word_1_780' title='bbox 2192 3159 2306 3198; x_wconf 87' lang='lat' dir='ltr'>etiam</span> <span class='ocrx_word' id='word_1_781' title='bbox 2327 3172 2477 3210; x_wconf 84' lang='lat' dir='ltr'>omnes,</span> 
     </span>
     <span class='ocr_line' id='line_1_111' title="bbox 1404 3213 2481 3263; baseline 0.001 -12"><span class='ocrx_word' id='word_1_782' title='bbox 1404 3222 1484 3251; x_wconf 89' lang='lat' dir='ltr'>tam</span> <span class='ocrx_word' id='word_1_783' title='bbox 1505 3213 1668 3262; x_wconf 89' lang='lat' dir='ltr'>religiosi</span> <span class='ocrx_word' id='word_1_784' title='bbox 1689 3225 1808 3263; x_wconf 84' lang='lat' dir='ltr'>quam</span> <span class='ocrx_word' id='word_1_785' title='bbox 1828 3213 2054 3260; x_wconf 84' lang='lat' dir='ltr'>saeculares,</span> <span class='ocrx_word' id='word_1_786' title='bbox 2074 3220 2252 3250; x_wconf 87' lang='lat' dir='ltr'>tenentur</span> <span class='ocrx_word' id='word_1_787' title='bbox 2270 3213 2481 3263; x_wconf 81' lang='lat' dir='ltr'>aliqualiter</span> 
     </span>
     <span class='ocr_line' id='line_1_112' title="bbox 1405 3265 2479 3317; baseline 0.001 -13"><span class='ocrx_word' id='word_1_788' title='bbox 1405 3267 1530 3305; x_wconf 88' lang='lat' dir='ltr'>facere</span> <span class='ocrx_word' id='word_1_789' title='bbox 1546 3266 1733 3317; x_wconf 87' lang='lat' dir='ltr'>quidquid</span> <span class='ocrx_word' id='word_1_790' title='bbox 1754 3265 1846 3304; x_wconf 88' lang='lat' dir='ltr'>boni</span> <span class='ocrx_word' id='word_1_791' title='bbox 1865 3273 2039 3315; x_wconf 87' lang='lat' dir='ltr'>possunt,</span> <span class='ocrx_word' id='word_1_792' title='bbox 2056 3266 2237 3304; x_wconf 88' lang='lat' dir='ltr'>omnibus</span> <span class='ocrx_word' id='word_1_793' title='bbox 2253 3267 2355 3305; x_wconf 89' lang='lat' dir='ltr'>enim</span> <span class='ocrx_word' id='word_1_794' title='bbox 2375 3279 2479 3305; x_wconf 87' lang='lat' dir='ltr'>com-</span> 
     </span>
     <span class='ocr_line' id='line_1_113' title="bbox 1405 3317 2480 3370; baseline 0 -12"><span class='ocrx_word' id='word_1_795' title='bbox 1405 3320 1572 3358; x_wconf 91' lang='lat' dir='ltr'>muniter</span> <span class='ocrx_word' id='word_1_796' title='bbox 1586 3319 1732 3368; x_wconf 84' lang='lat' dir='ltr'>dicitur,</span> <span class='ocrx_word' id='word_1_797' title='bbox 1751 3318 1897 3357; x_wconf 85' lang='lat' dir='ltr'>Ecele.1</span> <span class='ocrx_word' id='word_1_798' title='bbox 1887 3330 1921 3356; x_wconf 86' lang='lat' dir='ltr'>1x</span> <span class='ocrx_word' id='word_1_799' title='bbox 1935 3317 1972 3356; x_wconf 77' lang='lat'>¹⁸⁸:</span> <span class='ocrx_word' id='word_1_800' title='bbox 1997 3319 2188 3369; x_wconf 81' lang='lat' dir='ltr'>Quidquid</span> <span class='ocrx_word' id='word_1_801' title='bbox 2197 3326 2323 3370; x_wconf 80' lang='lat' dir='ltr'>potest</span> <span class='ocrx_word' id='word_1_802' title='bbox 2342 3332 2480 3358; x_wconf 84' lang='lat' dir='ltr'>manus</span> 
     </span>
    </p>
   </div>
   <div class='ocr_carea' id='block_1_28' title="bbox 1405 3458 2479 3530">
    <p class='ocr_par' dir='ltr' id='par_1_34' title="bbox 1405 3458 2479 3530">
     <span class='ocr_line' id='line_1_114' title="bbox 1458 3458 2479 3494; baseline 0.001 -9"><span class='ocrx_word' id='word_1_803' title='bbox 1458 3461 1485 3494; x_wconf 84' lang='grc' dir='ltr'>γ)</span> <span class='ocrx_word' id='word_1_804' title='bbox 1506 3460 1547 3485; x_wconf 78' lang='lat' dir='ltr'>im</span> <span class='ocrx_word' id='word_1_805' title='bbox 1563 3460 1611 3493; x_wconf 80' lang='lat' dir='ltr'>qm·</span> <span class='ocrx_word' id='word_1_806' title='bbox 1628 3461 1796 3492; x_wconf 71' lang='lat' dir='ltr'>operar-cr.-</span> <span class='ocrx_word' id='word_1_807' title='bbox 1815 3458 1855 3484; x_wconf 74' lang='lat'><em>1111·</em></span> <span class='ocrx_word' id='word_1_808' title='bbox 1873 3459 1919 3491; x_wconf 83' lang='lat' dir='ltr'>qui</span> <span class='ocrx_word' id='word_1_809' title='bbox 1937 3463 2087 3492; x_wconf 74' lang='lat' dir='ltr'>operantur</span> <span class='ocrx_word' id='word_1_810' title='bbox 2111 3460 2271 3491; x_wconf 79' lang='lat' dir='ltr'>ABEHIKL,</span> <span class='ocrx_word' id='word_1_811' title='bbox 2291 3460 2335 3486; x_wconf 76' lang='lat' dir='ltr'>ille</span> <span class='ocrx_word' id='word_1_812' title='bbox 2353 3460 2401 3493; x_wconf 73' lang='lat' dir='ltr'>qut</span> <span class='ocrx_word' id='word_1_813' title='bbox 2418 3467 2479 3494; x_wconf 71' lang='lat' dir='ltr'>ope-</span> 
     </span>
     <span class='ocr_line' id='line_1_115' title="bbox 1405 3494 2478 3530; baseline 0.001 -9"><span class='ocrx_word' id='word_1_814' title='bbox 1405 3498 1485 3521; x_wconf 72' lang='lat' dir='ltr'>ratur</span> <span class='ocrx_word' id='word_1_815' title='bbox 1505 3495 1576 3526; x_wconf 77' lang='lat' dir='ltr'>PsC;</span> <span class='ocrx_word' id='word_1_816' title='bbox 1590 3502 1640 3528; x_wconf 86' lang='lat' dir='ltr'>pro</span> <span class='ocrx_word' id='word_1_817' title='bbox 1652 3497 1790 3520; x_wconf 72' lang='lat' dir='ltr'>assecutus</span> <span class='ocrx_word' id='word_1_818' title='bbox 1801 3494 1845 3524; x_wconf 67' lang='lat'>³11,</span> <span class='ocrx_word' id='word_1_819' title='bbox 1858 3495 1974 3521; x_wconf 74' lang='lat' dir='ltr'>assecuti</span> <span class='ocrx_word' id='word_1_820' title='bbox 1986 3496 2041 3522; x_wconf 71' lang='lat' dir='ltr'>sint</span> <span class='ocrx_word' id='word_1_821' title='bbox 2054 3497 2090 3527; x_wconf 85' lang='grc' dir='ltr'>Α;</span> <span class='ocrx_word' id='word_1_822' title='bbox 2104 3504 2152 3530; x_wconf 86' lang='lat' dir='ltr'>pro</span> <span class='ocrx_word' id='word_1_823' title='bbox 2167 3496 2270 3526; x_wconf 72' lang='lat' dir='ltr'>undat,</span> <span class='ocrx_word' id='word_1_824' title='bbox 2284 3496 2399 3522; x_wconf 64' lang='lat' dir='ltr'>tendant</span> <span class='ocrx_word' id='word_1_825' title='bbox 2410 3495 2478 3522; x_wconf 65' lang='lat' dir='ltr'>cm.</span> 
     </span>
    </p>
   </div>
   <div class='ocr_carea' id='block_1_29' title="bbox 1458 3529 2158 3599">
    <p class='ocr_par' dir='ltr' id='par_1_35' title="bbox 1458 3529 2158 3599">
     <span class='ocr_line' id='line_1_116' title="bbox 1458 3529 2158 3563; baseline 0.003 -7"><span class='ocrx_word' id='word_1_826' title='bbox 1458 3529 1484 3563; x_wconf 76' lang='grc' dir='ltr'>ὃ)</span> <span class='ocrx_word' id='word_1_827' title='bbox 1504 3530 1682 3556; x_wconf 74' lang='lat' dir='ltr'>determinate</span> <span class='ocrx_word' id='word_1_828' title='bbox 1699 3537 1776 3563; x_wconf 77' lang='lat' dir='ltr'>quae.</span> <span class='ocrx_word' id='word_1_829' title='bbox 1789 3543 1808 3550; x_wconf 90' lang='lat'>-—</span> <span class='ocrx_word' id='word_1_830' title='bbox 1826 3537 1895 3563; x_wconf 79' lang='lat' dir='ltr'>quae</span> <span class='ocrx_word' id='word_1_831' title='bbox 1913 3531 2093 3558; x_wconf 72' lang='lat' dir='ltr'>determinate</span> <span class='ocrx_word' id='word_1_832' title='bbox 2111 3532 2158 3559; x_wconf 79' lang='lat' dir='ltr'>Pa.</span> 
     </span>
     <span class='ocr_line' id='line_1_117' title="bbox 1458 3565 1767 3599; baseline 0 -8"><span class='ocrx_word' id='word_1_833' title='bbox 1458 3566 1480 3599; x_wconf 76' lang='grc' dir='ltr'>ι)</span> <span class='ocrx_word' id='word_1_834' title='bbox 1499 3566 1598 3598; x_wconf 78' lang='lat' dir='ltr'>a11&#39;qua.</span> <span class='ocrx_word' id='word_1_835' title='bbox 1610 3578 1630 3586; x_wconf 89' lang='lat'>-</span> <span class='ocrx_word' id='word_1_836' title='bbox 1647 3565 1703 3591; x_wconf 75' lang='lat' dir='ltr'>alia</span> <span class='ocrx_word' id='word_1_837' title='bbox 1721 3565 1767 3591; x_wconf 80' lang='lat' dir='ltr'>Pa.</span> 
     </span>
    </p>
   </div>
   <div class='ocr_carea' id='block_1_30' title="bbox 2634 1129 2724 1180">
    <p class='ocr_par' dir='ltr' id='par_1_36' title="bbox 2634 1129 2724 1180">
     <span class='ocr_line' id='line_1_118' title="bbox 2634 1129 2724 1180; baseline 0.078 -28"><span class='ocrx_word' id='word_1_838' title='bbox 2634 1129 2724 1180; x_wconf 47' lang='lat' dir='ltr'>ff„</span> 
     </span>
    </p>
   </div>
   <div class='ocr_carea' id='block_1_31' title="bbox 2505 3325 2646 3350">
    <p class='ocr_par' dir='ltr' id='par_1_37' title="bbox 2505 3325 2646 3350">
     <span class='ocr_line' id='line_1_119' title="bbox 2505 3325 2646 3350; baseline 0 0"><span class='ocrx_word' id='word_1_839' title='bbox 2505 3325 2646 3350; x_wconf 73' lang='lat' dir='ltr'>·v-=.=o.</span> 
     </span>
    </p>
   </div>
  </div>
 </body>
</html>
