2768 4198
93 966 105 979 ⁸
117 967 188 990 Nam.
203 973 219 991 ι.

1026 262 1295 308 QUAESTIO
1325 262 1464 308 CLIV,
1493 264 1793 301 ARTICULUS
1826 265 1855 300 11

2463 279 2532 305 221

342 341 423 372 nihil
445 341 543 377 novit,
561 340 703 380 nihilque
725 340 802 370 dicit
824 340 864 370 de
887 346 988 371 morte
1011 346 1156 378 aeterna,
1174 351 1194 371 a
1218 351 1282 381 qua
1300 351 1413 381 pecca·
1440 339 1444 380 Ι
1468 342 1508 372 ad
1531 342 1616 373 illius
1640 343 1806 380 rationem,
1831 343 1934 374 reddit
1953 343 2198 374 fornicationem
2213 344 2371 382 illicitam,
2397 353 2431 376 ut
2456 354 2540 385 patet

340 391 407 416 tum
431 385 550 416 dicitur
569 385 716 415 mortale.
741 384 906 421 Quoniam
931 385 987 415 etsi
1004 385 1153 415 naturalis
1169 385 1249 416 ratio
1274 395 1339 415 non
1357 396 1413 416 no-
1440 382 1442 422 ἓ
1469 396 1505 416 ex
1528 387 1628 418 dictis.
1653 388 1694 418 Et
1717 395 1885 428 propterea
1908 388 1996 418 nulla
2012 388 2152 419 humana
2175 389 2224 420 lex
2248 396 2354 429 potest
2370 400 2387 419 a
2404 390 2538 431 simplici

340 437 405 461 scat
428 436 566 460 mortem
589 435 760 464 aeternam,
785 439 866 469 quae
883 436 930 459 est
946 439 1050 469 poena
1073 430 1192 469 peccati
1214 430 1367 466 mortalis,
1384 438 1414 460 et

339 485 357 505 a
380 485 444 516 qua
464 474 658 504 vocabulum
676 473 737 503 hoc
752 481 919 513 sumptum
943 473 1083 510 videtur;
1108 474 1197 505 novit
1219 482 1324 505 tamen
1342 484 1412 514 pec-

339 527 407 550 cata
430 528 513 559 quae
537 525 612 549 sunt
635 525 745 548 contra
768 518 891 548 bonum
917 518 1076 548 humanae
1090 519 1311 558 generationis,
1336 520 1412 550 edu·
1437 511 1439 564 l

338 563 481 599 cationis,
504 562 732 598 instructionis,
750 569 780 592 et
795 562 1014 594 universaliter
1029 563 1215 599 dilectionis,
1241 574 1323 604 quae
1338 571 1412 594 sunt

337 608 515 639 secundum
539 617 572 638 se
595 606 691 647 digna
718 614 821 638 morte
852 615 991 644 aeterna;
1021 608 1167 648 quamvis
1197 618 1263 638 non
1291 608 1411 639 intelle-

336 653 415 684 xerit
430 652 617 683 relationem
643 652 682 682 ad
709 661 848 691 poenam
873 659 1042 683 aeternam.
1069 653 1110 683 Et
1128 660 1296 693 propterea
1319 653 1410 689 sicut,

336 705 438 728 stante
455 696 642 727 huiusmodi
659 696 821 727 relationis
837 698 876 727 ad
893 707 1030 737 poenam
1050 705 1209 728 aeternam
1221 698 1409 737 ignorantia,
1435 702 1437 718 ⁵

337 741 487 773 naturalis
507 741 586 772 ratio
610 741 701 772 novit
716 741 938 776 homicidium,
956 742 1148 778 sodomiam,
1166 749 1197 772 et
1212 742 1410 778 huiusmodi,

336 797 403 818 esse
427 793 554 826 peccata
578 786 631 816 illa
655 796 747 827 quae,
764 787 909 817 illustrati
933 797 952 817 a
974 787 1055 823 Deo,
1072 796 1226 817 vocamus
1245 787 1409 823 mortalia;

335 833 377 862 ita
402 831 492 862 novit
510 831 688 871 simplicem
704 831 950 862 fornicationem
965 839 1033 862 esse
1054 837 1221 872 peccatum
1245 832 1334 872 quod
1351 842 1409 862 nos

333 884 488 907 vocamus
512 875 655 906 mortale.

390 921 457 951 VII.
484 921 535 951 Ad
553 921 696 961 primam
722 930 796 960 ergo
823 921 1039 951 obiectionem
1068 920 1195 950 Martini
1219 920 1251 950 in
1276 920 1408 960 opposi-

334 973 404 996 tum
420 965 446 1002 *,
472 965 590 996 scilicet
613 966 703 1006 quod
727 975 794 996 non
818 966 931 1006 probat
954 965 1034 996 ratio
1058 965 1178 995 litterae
1194 965 1253 994 nisi
1271 965 1309 995 de
1333 975 1408 995 con-

334 1010 442 1041 cubitu
473 1010 666 1046 meretricio,
691 1011 903 1050 respondetur
930 1011 1019 1050 quod
1048 1010 1162 1049 probat
1193 1009 1411 1040 universaliter

333 1056 372 1087 de
397 1055 486 1086 omni
511 1055 684 1086 concubitu
715 1056 909 1086 solutorum.
939 1054 1024 1092 Quia
1050 1054 1083 1083 in
1107 1054 1196 1083 omni
1225 1054 1407 1084 solutorum

333 1100 507 1131 concubitu
524 1099 629 1131 deficit
652 1099 804 1130 naturalis
820 1099 901 1130 ordo
926 1099 964 1129 ad
982 1098 1122 1129 debitam
1137 1098 1361 1129 educationem
1378 1105 1409 1128 et

331 1145 574 1176 instructionem
599 1144 708 1185 prolis,
733 1151 769 1175 ut
791 1145 985 1175 declaratum
1010 1151 1056 1174 est
1069 1142 1097 1172 *.

387 1190 428 1221 Et
445 1201 501 1231 per
516 1191 578 1221 hoc
594 1196 681 1231 patet
696 1189 864 1229 responsio
880 1189 919 1219 ad
934 1187 1123 1218 secundum.
1144 1186 1309 1230 Quoniam
1326 1186 1406 1216 ratio

331 1245 397 1266 non
414 1235 567 1266 fundatur
579 1243 676 1274 super
686 1233 908 1264 incertitudine
922 1232 1031 1273 prolis.
1049 1231 1205 1269 Quamvis
1221 1231 1298 1261 haec
1311 1231 1406 1261 etiam

330 1288 452 1313 annexa
475 1279 593 1312 sittair
601 1277 804 1309 seminationi
822 1277 999 1308 secundum
1017 1285 1066 1306 se:
1091 1275 1167 1316 quia
1183 1285 1220 1305 ex
1236 1285 1303 1315 quo
1322 1282 1407 1306 uter-

326 1320 464 1366 flii'e‘e-st
487 1324 624 1360 solutus,
641 1332 708 1353 non
733 1330 780 1353 est
794 1322 838 1352 ibi
861 1322 1004 1352 naturale
1021 1321 1186 1351 vinculum
1210 1319 1407 1350 certitudinis

329 1370 441 1410 prolis.
470 1370 579 1400 Potest
601 1368 686 1399 enim
710 1367 890 1398 concubina
916 1366 1004 1397 alteri
1035 1375 1068 1396 se
1092 1365 1228 1400 tradere,
1253 1368 1406 1394 cum'so-
1433 1381 1434 1396 l

329 1415 397 1445 luta
413 1413 472 1444 sit:
496 1412 644 1455 quamvis
667 1421 724 1452 per
746 1411 891 1442 accidens
915 1421 981 1441 non
1006 1419 1039 1440 se
1063 1410 1173 1440 tradat.
1199 1409 1292 1439 Unde
1307 1409 1340 1439 in
1356 1409 1407 1439 lit-
1432 1438 1434 1449 ,Ι

329 1465 395 1490 tera
419 1458 575 1489 certitudo
598 1456 701 1498 prolis
718 1455 845 1486 affertur
867 1465 927 1496 pro
951 1455 1044 1495 signo
1068 1463 1123 1484 seu
1149 1452 1272 1489 effectu,
1289 1459 1320 1484 et
1338 1463 1405 1484 non

328 1512 388 1544 pro
412 1502 579 1544 principali
603 1501 832 1532 fundamento:
857 1506 894 1530 ut
916 1506 1004 1541 patet
1027 1499 1060 1529 in
1084 1498 1187 1529 littera
1202 1498 1339 1528 dicente:
1363 1498 1407 1529 Et
1432 1522 1433 1532 ,

328 1547 403 1579 inde
426 1552 473 1578 est
491 1546 577 1589 quod
599 1545 795 1577 naturaliter
809 1546 892 1576 inest
914 1544 1059 1575 maribus
1080 1543 1262 1574 sollicitudo
1282 1543 1322 1574 de
1338 1553 1405 1574 cer·
1431 1550 1433 1584 j
1458 1544 1571 1585 ligiose
1594 1545 1626 1575 in
1651 1545 1827 1575 fornicariis
1843 1553 1890 1576 est
1905 1555 1961 1585 per
1985 1546 2139 1577 accidens.
2166 1547 2303 1587 Oportet
2326 1547 2412 1577 enim
2435 1547 2535 1578 inten-

1431 1586 1433 1606 ἶ
1458 1589 1582 1620 tionem
1602 1599 1669 1620 esse
1693 1600 1750 1630 per
1772 1600 1805 1620 se
1828 1600 1866 1620 ex
1889 1590 2023 1621 naturali
2046 1591 2157 1621 ordine
2181 1598 2212 1621 et
2234 1591 2375 1622 vinculo.

328 1592 465 1623 titudine
482 1591 600 1633 prolis,
625 1597 684 1621 etc.
714 1590 776 1621 Sed
800 1589 954 1620 fundatur
976 1589 1057 1620 ratio
1082 1597 1178 1629 super
1200 1587 1324 1618 defectu
1350 1598 1406 1618 na-

326 1636 440 1668 turalis
465 1636 586 1666 ordinis
609 1635 648 1665 ad
673 1634 897 1666 educationem
922 1641 953 1664 et
975 1633 1230 1669 instructionem,
1255 1639 1326 1669 etc.·,
1350 1633 1406 1674 qui

325 1681 487 1712 invenitur
508 1681 541 1711 in
565 1689 648 1720 vago
672 1679 846 1711 concubitu
872 1689 908 1709 ex
932 1685 1019 1719 parte
1043 1678 1210 1719 utriusque
1233 1687 1335 1708 sexus.

382 1726 432 1757 Ad
457 1726 586 1756 tertium
611 1724 726 1756 dicitur
747 1724 836 1766 quod
860 1734 898 1754 ex
913 1723 1003 1754 omni
1026 1723 1163 1763 simplici
1183 1722 1402 1760 fornicatione,

325 1779 382 1812 per
405 1781 438 1801 se
462 1770 643 1811 loquendo,
669 1776 741 1800 nata
765 1776 812 1799 est
841 1768 931 1810 sequi
959 1768 1134 1809 generatio:
1167 1766 1313 1807 quamvis
1348 1777 1405 1808 per

325 1815 481 1852 accidens,
501 1815 624 1846 ratione
643 1814 867 1845 conditionum
886 1812 1067 1854 aliquarum
1091 1821 1311 1853 personarum,
1337 1821 1401 1842 non

324 1866 486 1901 sequatur.
518 1860 579 1891 Sed
611 1859 731 1900 species
761 1858 891 1888 moralis
922 1864 1010 1887 actus
1041 1867 1078 1887 ex
1102 1866 1140 1887 eo
1164 1857 1252 1897 quod
1277 1863 1324 1887 est
1347 1866 1403 1896 per

324 1914 368 1942 se,
394 1915 460 1935 non
484 1914 522 1935 ex
545 1914 584 1935 eo
609 1904 699 1944 quod
723 1910 769 1933 est
792 1912 849 1943 per
872 1901 1026 1940 accidens,
1051 1901 1278 1932 consideratur.

381 1950 433 1980 Ad
460 1954 612 1990 quartam
643 1947 759 1978 dicitur
788 1947 878 1987 quod
908 1946 1075 1987 responsio
1104 1946 1250 1981 recitata,
1283 1945 1402 1976 scilicet

325 1994 416 2036 quod
431 1993 464 2024 in
479 1992 694 2024 concubinatu
719 1991 892 2032 aliquando
909 1991 1070 2022 invenitur
1085 2000 1141 2031 per
1164 1990 1308 2021 accidens
1325 1999 1400 2030 pro-

324 2038 407 2069 visio
437 2037 547 2079 prolis,
571 2037 627 2068 sed
650 2037 712 2067 hoc
736 2047 801 2067 non
826 2035 1007 2074 attenditur,
1029 2036 1083 2066 sed
1107 2035 1138 2065 id
1163 2035 1252 2076 quod
1276 2041 1323 2065 est
1345 2044 1402 2075 per

316 2086 369 2120 (e,
386 2102 407 2106 -
431 2090 478 2114 est
493 2082 625 2123 optima.
649 2082 716 2112 Nec
736 2082 840 2112 obstat
862 2080 1012 2112 instantia
1027 2079 1154 2111 Martini
1173 2080 1262 2120 quod
1280 2082 1401 2110 Auctor

325 2137 391 2159 non
408 2127 554 2168 probavit
569 2126 813 2157 fornicationem
837 2135 904 2156 esse
919 2125 989 2166 lege
1006 2124 1208 2166 prohibitam.
1234 2124 1400 2161 Quoniam

324 2173 389 2204 iam
413 2171 536 2213 optime
570 2171 741 2212 probatum
774 2177 821 2202 est
845 2180 912 2201 esse
933 2170 1128 2210 prohibitam
1151 2169 1220 2209 lege
1243 2169 1398 2200 naturali:

325 2225 356 2250 et
379 2217 568 2258 oppositum
583 2216 801 2251 concubitum,
818 2215 936 2246 scilicet
955 2213 1234 2250 matrimonialem,
1251 2213 1399 2245 determi-

324 2268 437 2293 natum
467 2271 536 2292 esse
562 2261 631 2302 lege
664 2260 760 2291 etiam
790 2259 944 2300 positiva,
969 2269 1006 2289 ex
1029 2269 1068 2289 eo
1093 2259 1181 2299 quod
1210 2258 1250 2288 ad
1274 2258 1398 2288 bonurn

325 2315 498 2338 commune
522 2305 580 2336 iste
604 2311 692 2336 actus
715 2304 890 2335 ordinatur.

378 2349 462 2382 VIII.
479 2350 530 2381 Ad
553 2350 710 2391 quintum,
735 2355 867 2389 negatur
890 2348 1029 2390 sequela,
1049 2347 1183 2378 scilicet:
1207 2347 1400 2388 Sequeretur

323 2395 413 2438 quod
429 2394 596 2426 fornicatio
613 2394 748 2434 simplex
767 2404 834 2424 non
858 2400 939 2423 esset
954 2393 994 2423 de
1018 2402 1050 2423 se
1074 2393 1167 2429 mala,
1190 2393 1245 2423 sed
1272 2399 1397 2423 tantum

321 2440 444 2472 ratione
458 2439 630 2470 iniustitiae
649 2448 732 2480 quae
756 2448 793 2469 ex
808 2447 844 2468 ea
860 2437 950 2479 sequi
967 2444 1081 2478 potest.
1106 2438 1191 2468 Nam
1206 2438 1274 2477 ipsa
1296 2444 1343 2468 est
1359 2438 1397 2468 de

321 2495 355 2516 se
379 2484 476 2515 mala:
509 2484 585 2525 quia
609 2484 647 2514 de
671 2494 704 2514 se
724 2483 876 2524 importat
902 2482 1147 2513 seminationem
1177 2482 1397 2514 deordinatum

322 2529 500 2570 privatione
517 2527 668 2559 naturalis
685 2527 805 2558 ordinis
820 2528 860 2558 ad
877 2527 1016 2558 debitam
1031 2527 1255 2558 educationem
1279 2527 1396 2568 prolis;
1423 2563 1425 2567 ι

1423 2571 1425 2584 ”
1451 2574 1533 2605 sicut
1551 2583 1588 2604 ex
1604 2580 1693 2613 parte
1716 2572 1888 2613 operantis,
1906 2582 1980 2603 curn
2004 2572 2076 2612 quis
2099 2571 2234 2603 intendit
2258 2572 2364 2608 furari,
2381 2580 2436 2604 aut
2459 2584 2524 2603 non

321 2575 365 2605 ita
389 2574 478 2615 quod
502 2573 561 2604 ista
578 2572 777 2603 deordinatio
802 2572 926 2602 ordinis
946 2571 1096 2602 naturalis
1121 2572 1159 2602 ad
1179 2573 1275 2603 talem
1298 2571 1397 2603 finem

323 2629 388 2650 non
413 2626 460 2649 est
475 2618 581 2659 aliqua
603 2617 757 2648 iniustitia
780 2626 980 2658 consequens
1002 2616 1258 2653 fornicationem,
1274 2618 1329 2647 sed
1351 2624 1397 2648 est
1422 2643 1424 2647 ,

322 2663 362 2694 de
385 2673 442 2693 sua
459 2662 592 2693 ratione.
617 2662 711 2693 Unde
726 2661 759 2692 in
776 2661 879 2692 littera
895 2660 1010 2691 dicitur
1025 2661 1114 2702 quod
1123 2661 1305 2702 fornicatio
1320 2663 1395 2693 sim·
1422 2685 1424 2697 .

315 2709 398 2750 plex
421 2709 574 2748 importat
589 2707 860 2737 inordinationem
879 2715 963 2746 quae
982 2707 1089 2747 vergit
1112 2706 1394 2737 inaenocumentum

321 2754 406 2784 vitae
429 2753 499 2783 eius
513 2753 569 2793 qui
585 2757 632 2783 est
656 2753 858 2782 nasciturus:
880 2757 911 2781 et
927 2760 993 2780 non
1011 2750 1125 2781 dicitur
1138 2751 1227 2790 quod
1243 2751 1396 2792 importat

321 2798 510 2829 iniustitiam
536 2801 795 2837 consequentem,
820 2795 875 2825 sed
899 2795 1168 2826 inordinationem
1185 2803 1393 2836 praesentem,

320 2852 405 2884 quae
427 2842 534 2883 vergit
556 2843 589 2872 in
614 2846 852 2878 nocumentum,
878 2846 935 2870 etc.
961 2839 1002 2870 Et
1025 2846 1193 2880 propterea
1218 2841 1306 2870 nulla
1329 2841 1394 2871 for-

320 2886 438 2918 nicatio
467 2886 634 2926 excipitur:
660 2885 735 2926 quia
759 2885 828 2916 talis
853 2883 986 2925 privatio
1011 2891 1058 2915 est
1081 2885 1119 2914 de
1143 2885 1264 2915 ratione
1288 2886 1394 2916 omnis

319 2931 548 2966 fornicationis,
573 2931 646 2961 licet
668 2930 756 2961 nulla
779 2935 931 2970 sequatur
953 2929 1058 2968 proles
1082 2939 1139 2969 per
1161 2930 1315 2967 accidens,
1340 2937 1396 2961 aut

318 2986 376 3017 per
399 2975 542 3006 accidens
566 2975 710 3015 religiose
734 2974 840 3015 proles
872 2974 1033 3004 educetur.
1058 2992 1078 2996 —
1101 2973 1143 3005 Et
1166 2975 1205 3004 ad
1231 2975 1393 3015 probatio—

319 3030 394 3052 nem
423 3020 668 3062 consequentiae
697 3029 754 3060 per
783 3019 886 3049 simile
910 3019 949 3049 de
976 3018 1059 3048 iactu
1084 3018 1198 3059 lapidis
1220 3020 1271 3050 vel
1300 3019 1393 3060 sagit-

318 3071 378 3102 tae,
397 3065 526 3106 proviso
549 3065 638 3106 quod
663 3064 771 3095 nullus
795 3063 950 3094 laedatur:
975 3062 1039 3093 iam
1063 3069 1150 3103 patet
1173 3064 1339 3104 responsio
1357 3074 1394 3095 ex

318 3109 387 3150 ipsa
411 3109 677 3140 dissimilitudine.
712 3109 796 3147 Quia
825 3109 908 3139 actui
932 3107 1150 3138 fornicationis
1174 3118 1230 3148 per
1261 3118 1293 3139 se
1318 3119 1392 3139 con-

319 3153 406 3184 venit
428 3153 563 3194 privatio
587 3153 737 3184 naturalis
761 3153 881 3184 ordinis
906 3154 944 3183 ad
962 3152 1099 3183 debitam
1125 3153 1347 3184 educationem
1363 3161 1394 3185 et

318 3197 579 3235 instructionem,
603 3198 678 3240 quia
703 3198 742 3228 ad
770 3198 924 3229 rationem
956 3198 1023 3228 eius
1047 3203 1181 3238 spectat:
1211 3198 1265 3228 sed
1295 3197 1391 3229 iactui

318 3241 433 3283 lapidis
452 3243 502 3273 vel
525 3242 654 3283 sagittae
678 3252 745 3273 non
769 3252 825 3283 per
848 3253 880 3273 se
905 3242 1054 3273 convenit
1078 3242 1220 3272 occidere
1245 3249 1300 3272 aut
1323 3252 1391 3283 per-

320 3293 435 3323 cutere,
453 3287 508 3318 sed
532 3297 588 3327 per
609 3287 763 3324 accidens,
780 3287 974 3328 inquantum
987 3286 1024 3317 fit
1047 3286 1248 3327 improvide;
1273 3293 1304 3317 et
1319 3297 1391 3327 pro-

318 3338 435 3371 pterea,
461 3331 486 3361 si
510 3331 650 3362 aufertur
672 3331 705 3373 ly
727 3333 905 3373 improvide
927 3330 1041 3374 (quod,
1067 3331 1142 3373 quia
1165 3331 1310 3362 accidens
1334 3339 1390 3368 est,

318 3382 425 3416 potest
447 3373 593 3418 auferri),
617 3375 740 3407 tollitur
764 3377 868 3417 culpa.
900 3376 961 3407 Sed
986 3386 1051 3407 non
1083 3382 1190 3416 potest
1213 3386 1231 3406 a
1255 3376 1390 3416 simplici

319 3419 528 3451 fornicatione
544 3418 614 3450 tolli
629 3430 686 3460 per
701 3421 878 3452 naturalem
895 3421 1073 3462 potentiam
1088 3421 1140 3451 illa
1156 3420 1292 3461 privatio
1309 3431 1391 3461 quae

318 3474 375 3505 per
398 3474 430 3494 se
453 3464 543 3495 inest.
567 3464 608 3494 Et
631 3471 797 3505 propterea
821 3475 887 3496 non
907 3472 1013 3506 potest
1030 3465 1100 3496 tolli
1123 3465 1208 3496 illius
1232 3466 1336 3505 culpa.

374 3509 424 3539 Ad
447 3509 479 3539 id
502 3518 578 3539 vero
601 3509 691 3550 quod
714 3509 860 3540 subditur
875 3510 964 3551 sequi
984 3511 1136 3546 secundo,
1155 3510 1194 3540 de
1218 3510 1390 3541 concubitu

318 3553 512 3590 meretricio,
537 3553 626 3594 quod
650 3553 690 3584 sit
712 3552 831 3590 licitus,
855 3554 929 3595 quia
953 3555 1120 3595 suppletur
1150 3565 1207 3595 per
1229 3555 1324 3585 aliam
1347 3554 1389 3585 le—

318 3606 404 3637 gem:
430 3615 451 3620 -
475 3597 588 3628 dicitur
612 3597 726 3637 primo,
744 3597 833 3638 quod
856 3598 984 3638 sequela
1008 3598 1086 3629 nihil
1102 3599 1193 3630 valet.
1219 3599 1303 3636 Quia
1324 3609 1389 3629 non

318 3641 470 3673 iniustitia
494 3652 692 3682 consequens
725 3641 978 3678 fornicationem,
1004 3644 1058 3673 sed
1086 3643 1220 3683 privatio
1245 3651 1389 3684 spectans

1439 424 1441 471 ξ
1467 430 1678 462 fornicatione
1701 433 1812 463 tollere
1836 433 1973 473 culpam.

1523 476 1645 507 Dicitur
1668 478 1820 514 secundo,
1845 478 1934 518 quod
1958 477 2046 508 nulla
2069 478 2119 508 lex
2143 485 2224 509 recta
2249 478 2394 509 concedit
2418 479 2538 509 coitum

1466 520 1696 551 meretricium:
1725 522 1780 552 sed
1804 522 2054 561 permittendum
2077 523 2194 553 statuit.
2225 523 2266 553 Et
2288 523 2350 553 hoc
2381 530 2427 553 est
2450 524 2538 564 quod

1465 565 1665 605 Augustinus
1689 566 1773 597 dicit.
1806 567 1852 597 Ex
1876 567 1938 597 hoc
1961 574 2069 598 autem
2099 568 2188 608 quod
2214 567 2381 598 fornicatio
2405 567 2539 608 simplex

1436 616 1438 622 ⁴
1465 609 1612 640 statuitur
1635 611 1844 650 permittenda
1868 612 1908 641 ad
1931 612 2097 643 vitandum
2127 612 2248 642 maiora
2271 612 2371 649 mala,
2395 622 2462 642 non
2492 622 2538 643 se-

1436 657 1437 675 l
1464 654 1574 694 quitur
1596 656 1685 696 quod
1710 655 1780 686 talis
1803 656 1993 687 concubitus
2008 657 2049 688 sit
2064 656 2239 687 conformis
2254 663 2357 688 rectae
2380 657 2458 696 legi:
2484 658 2538 687 sed

1464 699 1554 739 quod
1577 699 1616 730 sit
1646 700 1825 740 impunitus
1849 702 1888 731 ab
1912 701 2019 742 aliqua
2050 709 2132 732 recta
2155 701 2235 741 lege.
2267 701 2354 733 Cum
2381 711 2448 742 quo
2479 708 2538 732 stat

1463 744 1552 784 quod
1576 745 1615 774 ab
1639 745 1744 785 aliqua
1768 744 1828 775 alia
1851 745 2014 785 superiore
2037 746 2106 786 lege
2130 746 2290 786 puniatur.

1519 788 1572 818 lx.
1597 789 1648 819 Ad
1670 795 1797 820 sextum
1818 789 1932 820 dicitur
1946 791 2035 831 quod
2060 798 2174 821 neutro
2191 791 2292 821 modo
2312 791 2345 821 in
2369 790 2536 831 proposito

1463 832 1577 863 dicitur
1600 832 1768 864 fornicatio
1785 841 1952 874 peccatum
1977 835 2129 866 mortale:
2155 835 2209 866 sed
2229 835 2322 866 tertio
2347 836 2457 871 modo,
2478 835 2537 866 sci-

1462 877 1535 907 licet
1550 887 1586 908 ex
1611 887 1650 908 eo
1674 879 1763 919 quod
1787 878 1819 908 in
1844 889 1877 909 se
1901 879 2042 910 continet
2061 879 2337 910 deordinationem
2360 890 2379 910 a
2402 879 2536 911 naturali

1462 928 1493 952 et
1516 922 1623 952 debito
1646 921 1719 958 fine,
1740 924 1828 963 quod
1853 930 1899 953 est
1919 924 2080 954 continere
2104 924 2136 954 in
2156 934 2189 954 se
2208 924 2357 955 iniuriam
2377 924 2537 955 humanae

1461 966 1552 1001 vitae,
1571 973 1607 997 ut
1630 973 1726 1007 patet,
1742 967 1837 998 etiam
1861 968 1886 997 si
1910 968 1988 1002 nihil
2012 968 2099 998 aliud
2123 975 2284 1009 sequatur.
2308 969 2348 999 Et
2367 977 2536 1009 propterea

1461 1011 1571 1040 omnia
1593 1021 1676 1052 quae
1700 1012 1815 1047 subdit,
1832 1021 1913 1041 vana
1936 1019 2011 1043 sunt
2034 1013 2073 1042 ad
2096 1013 2310 1052 propositum.
2335 1014 2375 1044 Et
2391 1014 2471 1044 ratio
2486 1014 2536 1044 lit-

1461 1061 1545 1085 terae
1569 1055 1728 1086 sufficiens
1752 1056 1919 1096 solidaque
1943 1057 2094 1088 subsistit.

1518 1099 1556 1129 X.
1582 1100 1632 1130 Ad
1663 1110 1772 1130 rursus
1804 1100 1927 1130 obiecta
1960 1111 1978 1131 a
2006 1101 2143 1131 Martino
2158 1101 2185 1137 *‚
2211 1109 2320 1132 contra
2353 1102 2415 1132 hoc
2445 1103 2535 1143 quod

1461 1143 1630 1174 fornicatio
1654 1144 1789 1184 simplex
1810 1145 1883 1174 ideo
1908 1146 2112 1180 est,mortale
2136 1153 2303 1186 peccatum
2319 1147 2395 1187 quia
2418 1154 2465 1178 est
2488 1147 2534 1177 di-

1461 1194 1543 1218 recte
1567 1195 1598 1219 et
1620 1199 1677 1228 per
1700 1199 1733 1219 se
1756 1195 1866 1219 contra
1889 1189 2065 1220 humanam
2090 1190 2198 1226 vitam,
2222 1191 2464 1231 respondendo,
2489 1191 2533 1221 di-

1460 1232 1542 1263 citur
1556 1233 1596 1262 ad
1617 1235 1771 1274 primum,
1789 1234 1879 1274 quod
1894 1233 1966 1264 licet
1986 1234 2078 1264 multi
2103 1234 2293 1266 fornicantes
2309 1235 2372 1266 sint
2396 1236 2451 1276 qui
2469 1246 2534 1266 non

1459 1277 1631 1309 intendunt
1658 1287 1824 1317 generare,
1847 1277 1915 1317 ipse
1943 1285 2049 1309 tamen
2079 1279 2268 1310 concubitus
2291 1281 2331 1310 ad
2358 1281 2534 1319 generatio-

1460 1331 1534 1352 nem
1559 1332 1615 1361 per
1638 1332 1670 1352 se
1703 1322 1877 1353 ordinatur.
1908 1323 2001 1353 Unde
2025 1333 2235 1363 personarum
2265 1324 2377 1355 talium
2400 1325 2534 1355 intentio

1460 1373 1507 1396 est
1530 1376 1586 1406 per
1609 1367 1763 1403 accidens,
1781 1368 1821 1397 ad
1836 1367 2045 1398 intentionem
2071 1368 2170 1407 ipsius
2194 1375 2282 1399 actus
2304 1370 2482 1400 secundum
2502 1380 2534 1400 se

1460 1411 1650 1451 spectando:
1675 1411 1811 1443 intendit
1834 1412 1920 1442 enim
1937 1418 2049 1443 natura
2072 1413 2316 1444 seminationem
2340 1422 2470 1454 propter
2485 1424 2535 1454 ge-

1459 1462 1669 1486 nerationem.

1504 1500 1555 1531 Ad
1577 1500 1752 1531 secundum
1770 1500 1885 1531 dicitur
1901 1502 1989 1541 quod
2013 1501 2148 1532 intentio
2166 1502 2321 1532 educandi
2346 1503 2471 1542 prolem
2487 1513 2534 1534 re-

1514 1635 1564 1665 Ad
1589 1635 1719 1665 tertium
1743 1635 1859 1665 dicitur
1881 1635 2025 1666 similiter
2048 1636 2138 1676 quod
2161 1646 2226 1666 non
2250 1636 2395 1676 loquitur
2423 1637 2461 1667 de
2486 1637 2534 1667 in-

1457 1680 1602 1710 tentione
1624 1679 1765 1710 hominis
1789 1680 1845 1719 qui
1874 1679 2061 1714 fornicatur,
2087 1690 2143 1711 seu
2168 1691 2205 1711 ex
2235 1687 2323 1720 parte
2355 1682 2531 1721 operantis:

1456 1724 1511 1754 sed
1535 1725 1575 1755 de
1598 1724 1776 1755 intentione
1800 1734 1837 1754 ex
1860 1731 1948 1763 parte
1973 1731 2062 1756 actus
2086 1725 2316 1761 fornicationis,
2341 1725 2396 1766 qui
2421 1736 2476 1766 per
2500 1737 2532 1757 se

1457 1769 1622 1799 ordinatur
1645 1769 1684 1799 ad
1708 1768 1944 1808 generationem
1970 1770 2068 1809 prolis
2092 1777 2122 1801 et
2146 1779 2211 1800 non
2236 1770 2276 1800 ad
2293 1770 2430 1801 debitam
2456 1771 2532 1801 edu-

1456 1814 1616 1844 cationem
1631 1819 1662 1844 et
1676 1813 1931 1850 instructionem,
1952 1813 1984 1844 in
2002 1814 2088 1844 coitu
2106 1814 2286 1845 fornicario.
2307 1815 2348 1845 Et
2364 1821 2531 1855 propterea

1455 1865 1543 1899 patet
1569 1868 1637 1888 esse
1662 1864 1772 1889 contra
1793 1857 1892 1888 vitam
1917 1858 2109 1889 humanam:
2135 1869 2200 1889 non
2233 1866 2330 1899 prout
2354 1861 2462 1890 vivere
2485 1862 2530 1891 vi—

1455 1903 1600 1934 ventibus
1623 1908 1671 1934 est
1693 1912 1761 1933 esse
1775 1903 1802 1938 *,
1828 1903 1882 1933 sed
1906 1909 1943 1933 ut
1960 1903 2023 1934 vita
2047 1903 2269 1934 educationem
2296 1911 2326 1934 et
2349 1903 2529 1935 instructio-

1456 1957 1531 1978 nem
1554 1948 1613 1978 sub
1633 1957 1666 1978 se
1690 1947 1942 1988 comprehendit.

1511 1993 1561 2023 Ad
1584 1997 1737 2033 quartum
1763 1991 1878 2022 dicitur
1901 1992 1991 2032 quod
2015 1991 2102 2022 nulla
2127 1999 2229 2023 creata
2248 1993 2316 2032 lege
2340 1999 2446 2033 potest
2462 1993 2529 2024 fieri

1455 2043 1491 2067 ut
1513 2037 1681 2068 fornicaria
1703 2036 1871 2067 seminatio
1896 2046 1961 2066 non
1986 2036 2099 2068 habeat
2131 2036 2212 2067 hanc
2240 2037 2475 2068 deformitatem
2500 2046 2530 2070 et

1453 2082 1684 2121 privationem:
1705 2081 1852 2122 quamvis
1875 2081 1978 2121 possit
2000 2081 2082 2111 forte
2105 2081 2174 2121 lege
2198 2081 2330 2121 privata,
2355 2089 2433 2122 puta
2458 2093 2528 2114 mu-

1453 2126 1537 2157 lieris
1561 2133 1616 2157 aut
1639 2126 1696 2156 viri
1722 2126 1870 2167 potentis,
1888 2133 1943 2156 aut
1966 2126 2095 2165 publica
2118 2126 2150 2156 in
2174 2126 2282 2167 aliqua
2302 2127 2434 2163 civitate,
2455 2138 2528 2167 pro-

1452 2171 1550 2201 videri
1575 2171 1664 2212 quod
1689 2177 1922 2201 nocumentum
1941 2170 2031 2211 quod
2055 2171 2254 2202 deordinatio
2270 2170 2323 2201 illa
2348 2171 2445 2208 affert,
2462 2182 2528 2203 non

1453 2223 1605 2257 sequatur
1626 2216 1659 2245 in
1674 2215 1775 2255 prole,
1793 2215 1972 2245 ordinando
1990 2215 2028 2245 de
2052 2214 2241 2246 educatione
2257 2222 2288 2246 et
2308 2215 2529 2248 instructione.

1453 2260 1514 2291 Sed
1531 2260 1687 2301 quoniam
1703 2259 1781 2290 nihil
1797 2259 1916 2290 horum
1935 2259 2037 2291 aufert
2052 2270 2069 2290 a
2085 2259 2297 2290 fornicatione
2313 2260 2392 2300 quin
2406 2260 2475 2300 ipsa
2490 2262 2530 2292 sit

1453 2305 1572 2335 habens
1604 2305 1702 2336 talem
1734 2303 2028 2342 deordinationem,
2060 2314 2097 2334 ex
2127 2314 2191 2345 qua
2221 2311 2268 2335 est
2302 2312 2468 2344 peccatum
2499 2313 2529 2336 et

1453 2350 1567 2390 culpa;
1599 2349 1673 2379 ideo
1698 2348 1776 2379 nihil
1806 2348 1923 2379 horum
1952 2349 2057 2379 obstat
2081 2349 2158 2389 quin
2184 2348 2223 2379 sit
2246 2356 2412 2389 peccatum
2443 2360 2528 2381 mor-

1451 2395 1524 2426 tale.
1550 2394 1594 2426 lta
1618 2394 1703 2424 enim
1728 2403 1761 2424 se
1784 2393 1879 2424 habet
1896 2393 2082 2424 huiusmodi
2106 2393 2247 2433 provisio
2264 2394 2304 2424 ad
2320 2394 2528 2426 concubitum

1452 2439 1629 2470 naturalem
1645 2438 1871 2469 deordinatum
1895 2448 1912 2468 a
1936 2448 1996 2468 suo
2020 2437 2094 2474 fine,
2112 2438 2194 2469 sicut
2217 2448 2250 2469 se
2266 2438 2394 2470 haberet
2417 2439 2527 2470 similis

1450 2484 1593 2525 provisio
1610 2484 1650 2514 ad
1664 2483 1875 2514 intentionem
1896 2483 2068 2514 mentalem
2087 2483 2308 2514 deordinatam
2331 2484 2465 2514 alicuius
2489 2485 2526 2515 de

1451 2529 1598 2566 furando,
1615 2528 1666 2559 vel
1690 2529 1728 2558 de
1752 2528 2010 2558 non‘educando
2025 2534 2081 2558 aut
2096 2527 2284 2558 instruendo
2303 2526 2417 2559 filium.
2442 2530 2525 2559 Nam

1451 2619 1584 2649 educare
1608 2625 1663 2649 aut
1686 2627 1751 2647 non
1776 2617 1930 2647 instruere
1953 2616 2072 2654 filium,
2097 2623 2128 2647 et
2151 2616 2346 2656 respublica,
2370 2624 2426 2647 aut
2448 2618 2526 2648 alter

1451 2673 1575 2704 parens,
1594 2662 1740 2703 providet
1756 2671 1796 2691 ne
1818 2668 1907 2692 exeat
1929 2661 1961 2691 in
1986 2668 2092 2692 actum
2113 2661 2198 2697 furti,
2214 2668 2269 2692 aut
2285 2667 2321 2691 ut
2344 2671 2424 2701 puer
2446 2663 2524 2692 edu-

1450 2714 1540 2739 cetur
1563 2714 1593 2738 et
1615 2707 1798 2742 instruatur,
1814 2716 1880 2736 non
1906 2712 2072 2746 propterea
2095 2705 2218 2736 tollitur
2241 2712 2407 2745 peccatum
2427 2706 2522 2743 illius,

1449 2753 1503 2783 sed
1528 2752 1713 2792 providetur
1737 2761 1777 2781 ne
1800 2751 1934 2781 exterius
1959 2757 2190 2781 nocumentum
2221 2757 2386 2790 sequatur;
2418 2750 2462 2781 ita
2486 2761 2523 2782 ex

1421 2805 1423 2810 ’
1449 2804 1538 2837 parte
1561 2796 1661 2837 ipsius
1677 2796 1782 2836 operis
1797 2795 1865 2835 ipse
1890 2795 1993 2826 coitus
2016 2795 2198 2825 solutorum
2214 2794 2314 2825 tendit
2333 2795 2372 2824 ad
2388 2795 2521 2831 malum,

1449 2851 1556 2872 carens
1581 2840 1716 2871 naturali
1740 2850 1776 2871 ac
1799 2840 1906 2871 debito
1931 2839 2042 2869 ordine
2066 2839 2105 2869 ad
2129 2839 2273 2870 debitum
2297 2840 2421 2869 bonum
2446 2841 2522 2870 edu-

1450 2886 1582 2917 cationis
1607 2893 1637 2916 et
1660 2884 1892 2921 instructionis,
1922 2891 1953 2914 et
1982 2894 2038 2924 per
2065 2884 2127 2915 hoc
2155 2884 2244 2924 quod
2274 2885 2459 2924 providetur
2482 2895 2521 2915 ne

1447 2931 1606 2971 producat
1627 2930 1768 2960 fructum
1793 2929 1979 2960 nocumenti
1998 2929 2106 2969 prolis,
2124 2929 2292 2959 educando
2317 2929 2405 2959 aliter
2429 2936 2459 2960 et
2475 2929 2520 2960 in-

1448 2975 1600 3007 struendo
1633 2975 1774 3014 prolem,
1800 2984 1866 3004 non
1899 2973 2023 3004 tollitur
2054 2973 2132 3013 quin
2162 2974 2264 3004 coitus
2294 2973 2346 3003 ille
2369 2974 2409 3003 sit
2431 2973 2463 3003 in
2488 2984 2521 3003 se

1448 3020 1652 3050 deordinatus
1676 3026 1706 3049 et
1722 3025 1899 3059 peccatum,
1920 3019 1975 3049 sed
1994 3018 2141 3058 providet
2163 3028 2203 3048 ne
2227 3024 2340 3048 noceat
2363 3018 2455 3058 proli.
2479 3018 2521 3048 Et

1447 3065 1472 3095 si
1492 3065 1572 3095 bene
1588 3063 1783 3104 inspiciatur,
1801 3063 1988 3094 huiusmodi
2013 3062 2163 3103 provisio,
2180 3062 2245 3092 sive
2268 3061 2322 3092 fiat
2338 3072 2394 3102 per
2415 3062 2519 3102 Iegem

1447 3109 1563 3140 alicubi
1596 3108 1661 3139 sive
1686 3118 1742 3149 per
1764 3108 1920 3148 privatam
1944 3117 2131 3148 personam,
2156 3113 2321 3137 attestatur
2343 3107 2433 3147 quod
2456 3106 2519 3137 for-

1446 3153 1583 3184 nicarius
1608 3153 1798 3183 concubitus
1822 3160 1868 3183 est
1891 3153 1924 3183 in
1948 3162 1980 3182 se
2004 3152 2217 3182 inordinatus:
2247 3161 2322 3181 nam
2345 3151 2371 3181 si
2395 3151 2519 3181 deordi-

1448 3205 1540 3228 natus
1565 3207 1631 3228 non
1651 3204 1741 3233 esset,
1766 3207 1831 3227 non
1857 3203 2019 3237 oporteret
2042 3195 2229 3227 huiusmodi
2254 3195 2452 3236 provisiones
2468 3197 2520 3226 ad-

1446 3242 1586 3272 invenire
1611 3249 1647 3272 ut
1670 3242 1776 3282 proles
1799 3241 1867 3272 sine
1890 3247 2087 3272 nocumento
2111 3241 2232 3271 evadat.

1501 3286 1554 3317 XI.
1580 3287 1630 3316 Ad
1655 3287 1787 3316 demum
1810 3287 1897 3316 datas
1927 3285 2150 3325 responsiones
2178 3285 2218 3314 ad
2246 3283 2304 3315 tria
2337 3284 2420 3315 dicta
2452 3287 2519 3315 Au-

1447 3331 1541 3361 ctoris
1564 3330 1597 3360 in
1621 3330 1723 3361 littera
1737 3330 1769 3367 ¹⁸⁸,
1795 3330 1909 3361 dicitur
1938 3330 2028 3370 quod
2051 3330 2096 3360 illi
2119 3330 2218 3363 dicto,
2243 3329 2428 3360 Fornicatio
2459 3330 2516 3359 im-

1441 3380 1553 3415 portat
1577 3380 1801 3405 nocumentum
1827 3376 2012 3406 nasciturae
2029 3374 2145 3414 prolis,
2167 3383 2232 3404 non
2257 3372 2367 3404 satisfit
2382 3373 2517 3404 dicendo

1445 3420 1534 3460 quod
1559 3429 1624 3449 non
1647 3426 1694 3450 est
1715 3429 1827 3450 verum
1851 3419 1882 3449 in
1907 3419 2018 3459 politia
2042 3419 2122 3449 bene
2146 3418 2301 3449 ordinata.
2326 3419 2415 3448 Tum
2431 3418 2516 3459 quia,

1445 3470 1744 3505 quantumcumque
1760 3464 1871 3504 politia
1887 3463 1993 3504 aliqua
2016 3464 2140 3494 tolleret
2156 3469 2350 3494 nocumenta
2365 3463 2398 3493 in
2418 3463 2516 3503 prole,

1446 3519 1510 3539 non
1535 3515 1644 3549 posset
1671 3515 1777 3539 tamen
1808 3509 1920 3539 tollere
1943 3508 2022 3549 quin
2053 3508 2157 3539 coitus
2186 3508 2255 3548 ipse
2278 3508 2461 3538 solutorum
2484 3507 2514 3536 in

1445 3554 1550 3594 seipso
1575 3561 1655 3584 esset
1678 3554 1818 3594 privatus
1849 3553 1983 3584 naturali
2014 3553 2125 3583 ordine
2156 3553 2195 3583 ad
2218 3553 2343 3583 bonum
2373 3552 2515 3582 debitum

1446 3598 1538 3638 proli.
1564 3598 1604 3629 Et
1627 3599 1680 3633 ita,
1704 3598 1777 3628 licet
1799 3598 1911 3638 politia
1934 3598 2059 3628 tolleret
2082 3598 2170 3639 quod
2188 3596 2355 3627 fornicatio
2380 3606 2444 3626 non
2470 3595 2515 3624 in-

1445 3643 1523 3673 ferat
1545 3650 1615 3673 actu
1633 3649 1867 3673 nocumentum
1882 3642 1975 3683 proli,
1992 3652 2160 3683 nunquam
2177 3648 2282 3672 tamen
2300 3640 2423 3671 tolleret
2437 3639 2513 3680 quin

2563 1107 2574 1117 ⁸
2587 1105 2657 1128 Num.
2673 1113 2698 1128 ιι.

2560 1911 2568 1918 ⁴
2582 1909 2679 1931 Aristot.
2695 1910 2725 1931 de
2738 1911 2768 1932 A·

2557 1937 2629 1963 nima,
2638 1936 2677 1958 lib.
2684 1937 2712 1963 11,
2719 1943 2745 1958 ca

2558 1969 2588 1989 ιν,
2604 1969 2626 1984 ιι.
2636 1970 2660 1990 4.
2668 1974 2679 1979 -
2689 1963 2713 1985 S.
2725 1963 2746 1985 Τ

2557 1990 2608 2011 lect.
2623 1996 2664 2011 vn.

2547 3339 2556 3348 ⁸
2569 3337 2638 3359 Num.
2655 3344 2686 3358 111.

2747 1944 2768 1986 t:
