<?xml version="1.0" encoding="UTF-8"?>
<!DOCTYPE html PUBLIC "-//W3C//DTD XHTML 1.0 Transitional//EN"
    "http://www.w3.org/TR/xhtml1/DTD/xhtml1-transitional.dtd">
<html xmlns="http://www.w3.org/1999/xhtml" xml:lang="en" lang="en">
 <head>
  <title>
</title>
<meta http-equiv="Content-Type" content="text/html;charset=utf-8" />
  <meta name='ocr-system' content='tesseract 3.04.00' />
  <meta name='ocr-capabilities' content='ocr_page ocr_carea ocr_par ocr_line ocrx_word'/>
</head>
<body>
  <div class='ocr_page' id='page_1' title='image "./operaomniaiussui10thom_0057.png"; bbox 0 0 2768 4198; ppageno 0'>
   <div class='ocr_carea' id='block_1_1' title="bbox 38 1014 253 1052">
    <p class='ocr_par' dir='ltr' id='par_1_1' title="bbox 38 1014 253 1052">
     <span class='ocr_line' id='line_1_1' title="bbox 38 1014 253 1052; baseline -0.005 -14"><span class='ocrx_word' id='word_1_1' title='bbox 38 1014 253 1052; x_wconf 57' lang='lat' dir='ltr'>&#39;Nun-W.</span> 
     </span>
    </p>
   </div>
   <div class='ocr_carea' id='block_1_2' title="bbox 35 1638 227 1662">
    <p class='ocr_par' dir='ltr' id='par_1_2' title="bbox 35 1638 227 1662">
     <span class='ocr_line' id='line_1_2' title="bbox 35 1638 227 1662; baseline -0.005 0"><span class='ocrx_word' id='word_1_2' title='bbox 35 1638 180 1662; x_wconf 64' lang='lat' dir='ltr'>‘ctae--</span> <span class='ocrx_word' id='word_1_3' title='bbox 217 1652 227 1661; x_wconf 81' lang='grc'>.</span> 
     </span>
    </p>
   </div>
   <div class='ocr_carea' id='block_1_3' title="bbox 106 2295 253 2340">
    <p class='ocr_par' dir='ltr' id='par_1_3' title="bbox 106 2295 253 2340">
     <span class='ocr_line' id='line_1_3' title="bbox 106 2295 253 2317; baseline 0 -5"><span class='ocrx_word' id='word_1_4' title='bbox 106 2306 112 2312; x_wconf 95' lang='grc'>.</span> <span class='ocrx_word' id='word_1_5' title='bbox 123 2295 230 2317; x_wconf 58' lang='lat' dir='ltr'>imaro.</span> <span class='ocrx_word' id='word_1_6' title='bbox 238 2299 253 2307; x_wconf 94' lang='lat'>-</span> 
     </span>
     <span class='ocr_line' id='line_1_4' title="bbox 142 2317 251 2340; baseline 0 -1"><span class='ocrx_word' id='word_1_7' title='bbox 142 2317 196 2340; x_wconf 76' lang='lat' dir='ltr'>leet.</span> <span class='ocrx_word' id='word_1_8' title='bbox 213 2322 251 2339; x_wconf 88' lang='grc' dir='ltr'>ιιι.</span> 
     </span>
    </p>
   </div>
   <div class='ocr_carea' id='block_1_4' title="bbox 107 3309 250 3352">
    <p class='ocr_par' dir='ltr' id='par_1_4' title="bbox 107 3309 250 3352">
     <span class='ocr_line' id='line_1_5' title="bbox 107 3309 250 3330; baseline 0 -5"><span class='ocrx_word' id='word_1_9' title='bbox 107 3319 113 3325; x_wconf 88' lang='grc'>.</span> <span class='ocrx_word' id='word_1_10' title='bbox 125 3310 157 3330; x_wconf 80' lang='lat' dir='ltr'>rx,</span> <span class='ocrx_word' id='word_1_11' title='bbox 167 3309 192 3325; x_wconf 86' lang='grc' dir='ltr'>ιι.</span> <span class='ocrx_word' id='word_1_12' title='bbox 206 3309 226 3325; x_wconf 83' lang='lat'>2.</span> <span class='ocrx_word' id='word_1_13' title='bbox 239 3315 250 3319; x_wconf 97' lang='lat'><em>-</em></span> 
     </span>
     <span class='ocr_line' id='line_1_6' title="bbox 108 3331 250 3352; baseline 0.007 -1"><span class='ocrx_word' id='word_1_14' title='bbox 108 3345 115 3351; x_wconf 89' lang='lat'><em>.</em></span> <span class='ocrx_word' id='word_1_15' title='bbox 123 3331 176 3352; x_wconf 75' lang='lat' dir='ltr'>lect.</span> <span class='ocrx_word' id='word_1_16' title='bbox 184 3335 250 3352; x_wconf 76' lang='grc' dir='ltr'>ινιιι.</span> 
     </span>
    </p>
   </div>
   <div class='ocr_carea' id='block_1_5' title="bbox 38 3414 175 3476">
    <p class='ocr_par' dir='ltr' id='par_1_5' title="bbox 38 3414 175 3476">
     <span class='ocr_line' id='line_1_7' title="bbox 38 3414 175 3476; baseline 0 -32"><span class='ocrx_word' id='word_1_17' title='bbox 38 3414 175 3476; x_wconf 18' lang='lat' dir='ltr'>‘xum-⁹&gt;</span> 
     </span>
    </p>
   </div>
   <div class='ocr_carea' id='block_1_6' title="bbox 35 3449 175 3498">
    <p class='ocr_par' dir='ltr' id='par_1_6' title="bbox 35 3449 175 3498">
     <span class='ocr_line' id='line_1_8' title="bbox 35 3449 175 3498; baseline 0 0"><span class='ocrx_word' id='word_1_18' title='bbox 35 3449 175 3498; x_wconf 61' lang='lat' dir='ltr'>sfi·1,¹&#39;.·¹¹¹</span> 
     </span>
    </p>
   </div>
   <div class='ocr_carea' id='block_1_7' title="bbox 942 262 2495 308">
    <p class='ocr_par' dir='ltr' id='par_1_7' title="bbox 942 262 2495 308">
     <span class='ocr_line' id='line_1_9' title="bbox 942 262 2495 308; baseline 0 -9"><span class='ocrx_word' id='word_1_19' title='bbox 942 262 1213 308; x_wconf 72' lang='lat' dir='ltr'>QUAEsrio</span> <span class='ocrx_word' id='word_1_20' title='bbox 1245 262 1421 308; x_wconf 80' lang='lat' dir='ltr'>Cxxm,</span> <span class='ocrx_word' id='word_1_21' title='bbox 1451 262 1751 299; x_wconf 79' lang='lat' dir='ltr'><strong>ARTICULUS</strong></span> <span class='ocrx_word' id='word_1_22' title='bbox 1780 262 1830 298; x_wconf 79' lang='lat' dir='ltr'>Vl</span> <span class='ocrx_word' id='word_1_23' title='bbox 2454 265 2495 300; x_wconf 89' lang='lat'>15</span> 
     </span>
    </p>
   </div>
   <div class='ocr_carea' id='block_1_8' title="bbox 276 341 1366 1546">
    <p class='ocr_par' dir='ltr' id='par_1_8' title="bbox 283 341 1365 551">
     <span class='ocr_line' id='line_1_10' title="bbox 285 341 1364 381; baseline -0.002 -7"><span class='ocrx_word' id='word_1_24' title='bbox 285 344 378 374; x_wconf 91' lang='lat' dir='ltr'>tibus.</span> <span class='ocrx_word' id='word_1_25' title='bbox 403 343 444 374; x_wconf 90' lang='lat' dir='ltr'>Et</span> <span class='ocrx_word' id='word_1_26' title='bbox 467 342 510 373; x_wconf 86' lang='lat' dir='ltr'>ita</span> <span class='ocrx_word' id='word_1_27' title='bbox 534 342 630 372; x_wconf 90' lang='lat' dir='ltr'>habet</span> <span class='ocrx_word' id='word_1_28' title='bbox 653 348 760 372; x_wconf 89' lang='lat' dir='ltr'>actum</span> <span class='ocrx_word' id='word_1_29' title='bbox 777 348 1000 381; x_wconf 87' lang='lat' dir='ltr'>temperatum,</span> <span class='ocrx_word' id='word_1_30' title='bbox 1018 341 1157 371; x_wconf 90' lang='lat' dir='ltr'>volendo</span> <span class='ocrx_word' id='word_1_31' title='bbox 1175 351 1297 372; x_wconf 86' lang='lat' dir='ltr'>servare</span> <span class='ocrx_word' id='word_1_32' title='bbox 1314 352 1364 372; x_wconf 91' lang='lat' dir='ltr'>ca-</span> 
     </span>
     <span class='ocr_line' id='line_1_11' title="bbox 285 385 1365 426; baseline -0.002 -8"><span class='ocrx_word' id='word_1_33' title='bbox 285 387 439 423; x_wconf 86' lang='lat' dir='ltr'>stitatem;</span> <span class='ocrx_word' id='word_1_34' title='bbox 465 393 496 417; x_wconf 90' lang='lat' dir='ltr'>et</span> <span class='ocrx_word' id='word_1_35' title='bbox 519 386 651 422; x_wconf 89' lang='lat' dir='ltr'>iustum,</span> <span class='ocrx_word' id='word_1_36' title='bbox 677 386 815 416; x_wconf 91' lang='lat' dir='ltr'>volendo</span> <span class='ocrx_word' id='word_1_37' title='bbox 833 396 956 416; x_wconf 90' lang='lat' dir='ltr'>servare</span> <span class='ocrx_word' id='word_1_38' title='bbox 979 385 1075 415; x_wconf 90' lang='lat' dir='ltr'>fidem</span> <span class='ocrx_word' id='word_1_39' title='bbox 1097 386 1229 422; x_wconf 84' lang='lat' dir='ltr'>marito;</span> <span class='ocrx_word' id='word_1_40' title='bbox 1255 393 1285 416; x_wconf 90' lang='lat' dir='ltr'>et</span> <span class='ocrx_word' id='word_1_41' title='bbox 1309 396 1365 426; x_wconf 91' lang='lat' dir='ltr'>per</span> 
     </span>
     <span class='ocr_line' id='line_1_12' title="bbox 285 430 1363 471; baseline -0.001 -9"><span class='ocrx_word' id='word_1_42' title='bbox 285 439 373 463; x_wconf 86' lang='lat' dir='ltr'>actus</span> <span class='ocrx_word' id='word_1_43' title='bbox 398 431 557 462; x_wconf 88' lang='lat' dir='ltr'>eiusmodi</span> <span class='ocrx_word' id='word_1_44' title='bbox 581 431 716 471; x_wconf 89' lang='lat' dir='ltr'>imperat</span> <span class='ocrx_word' id='word_1_45' title='bbox 737 430 820 461; x_wconf 90' lang='lat' dir='ltr'>actui</span> <span class='ocrx_word' id='word_1_46' title='bbox 845 430 900 471; x_wconf 92' lang='lat' dir='ltr'>qui</span> <span class='ocrx_word' id='word_1_47' title='bbox 926 430 965 460; x_wconf 90' lang='lat' dir='ltr'>de</span> <span class='ocrx_word' id='word_1_48' title='bbox 988 440 1102 470; x_wconf 89' lang='lat' dir='ltr'>genere</span> <span class='ocrx_word' id='word_1_49' title='bbox 1127 441 1186 461; x_wconf 91' lang='lat' dir='ltr'>suo</span> <span class='ocrx_word' id='word_1_50' title='bbox 1204 438 1251 461; x_wconf 90' lang='lat' dir='ltr'>est</span> <span class='ocrx_word' id='word_1_51' title='bbox 1275 438 1363 461; x_wconf 87' lang='lat' dir='ltr'>actus</span> 
     </span>
     <span class='ocr_line' id='line_1_13' title="bbox 283 474 1365 516; baseline 0 -10"><span class='ocrx_word' id='word_1_52' title='bbox 283 475 490 507; x_wconf 89' lang='lat' dir='ltr'>fortitudinis.</span> <span class='ocrx_word' id='word_1_53' title='bbox 520 475 565 506; x_wconf 90' lang='lat' dir='ltr'>Ita</span> <span class='ocrx_word' id='word_1_54' title='bbox 590 476 679 516; x_wconf 89' lang='lat' dir='ltr'>quod</span> <span class='ocrx_word' id='word_1_55' title='bbox 704 475 771 505; x_wconf 89' lang='lat' dir='ltr'>sine</span> <span class='ocrx_word' id='word_1_56' title='bbox 795 474 885 505; x_wconf 92' lang='lat' dir='ltr'>omni</span> <span class='ocrx_word' id='word_1_57' title='bbox 909 474 1024 505; x_wconf 90' lang='lat' dir='ltr'>virtute</span> <span class='ocrx_word' id='word_1_58' title='bbox 1049 475 1203 516; x_wconf 87' lang='lat' dir='ltr'>acquisita</span> <span class='ocrx_word' id='word_1_59' title='bbox 1227 483 1365 516; x_wconf 88' lang='lat' dir='ltr'>possunt</span> 
     </span>
     <span class='ocr_line' id='line_1_14' title="bbox 284 520 522 551; baseline -0.004 0"><span class='ocrx_word' id='word_1_60' title='bbox 284 521 362 551; x_wconf 91' lang='lat' dir='ltr'>haec</span> <span class='ocrx_word' id='word_1_61' title='bbox 386 520 522 550; x_wconf 89' lang='lat' dir='ltr'>evenire.</span> 
     </span>
    </p>

    <p class='ocr_par' dir='ltr' id='par_1_9' title="bbox 276 564 1366 1501">
     <span class='ocr_line' id='line_1_15' title="bbox 338 564 1363 605; baseline 0 -10"><span class='ocrx_word' id='word_1_62' title='bbox 338 565 389 595; x_wconf 91' lang='lat' dir='ltr'>Ad</span> <span class='ocrx_word' id='word_1_63' title='bbox 406 564 585 595; x_wconf 88' lang='lat' dir='ltr'>secundum</span> <span class='ocrx_word' id='word_1_64' title='bbox 602 571 711 595; x_wconf 86' lang='lat' dir='ltr'>autern</span> <span class='ocrx_word' id='word_1_65' title='bbox 731 564 845 594; x_wconf 91' lang='lat' dir='ltr'>dicitur</span> <span class='ocrx_word' id='word_1_66' title='bbox 869 565 957 604; x_wconf 87' lang='lat' dir='ltr'>quod</span> <span class='ocrx_word' id='word_1_67' title='bbox 979 564 1095 595; x_wconf 83' lang='lat' dir='ltr'>falsum</span> <span class='ocrx_word' id='word_1_68' title='bbox 1113 572 1160 595; x_wconf 91' lang='lat' dir='ltr'>est</span> <span class='ocrx_word' id='word_1_69' title='bbox 1184 572 1363 605; x_wconf 87' lang='lat' dir='ltr'>temperan-</span> 
     </span>
     <span class='ocr_line' id='line_1_16' title="bbox 283 608 1364 649; baseline 0.001 -10"><span class='ocrx_word' id='word_1_70' title='bbox 283 609 360 639; x_wconf 87' lang='lat' dir='ltr'>tiam</span> <span class='ocrx_word' id='word_1_71' title='bbox 383 616 456 640; x_wconf 87' lang='lat' dir='ltr'>actu</span> <span class='ocrx_word' id='word_1_72' title='bbox 481 619 540 640; x_wconf 92' lang='lat' dir='ltr'>suo</span> <span class='ocrx_word' id='word_1_73' title='bbox 566 609 671 640; x_wconf 89' lang='lat' dir='ltr'>elicito</span> <span class='ocrx_word' id='word_1_74' title='bbox 703 609 879 649; x_wconf 87' lang='lat' dir='ltr'>producere</span> <span class='ocrx_word' id='word_1_75' title='bbox 905 608 1142 640; x_wconf 88' lang='lat' dir='ltr'>fortitudinem:</span> <span class='ocrx_word' id='word_1_76' title='bbox 1176 619 1249 640; x_wconf 92' lang='lat' dir='ltr'>cum</span> <span class='ocrx_word' id='word_1_77' title='bbox 1275 616 1364 640; x_wconf 88' lang='lat' dir='ltr'>actus</span> 
     </span>
     <span class='ocr_line' id='line_1_17' title="bbox 283 653 1363 695; baseline 0 -11"><span class='ocrx_word' id='word_1_78' title='bbox 283 653 405 684; x_wconf 91' lang='lat' dir='ltr'>elicitus</span> <span class='ocrx_word' id='word_1_79' title='bbox 430 654 658 695; x_wconf 85' lang='lat' dir='ltr'>temperantiae</span> <span class='ocrx_word' id='word_1_80' title='bbox 683 653 722 684; x_wconf 89' lang='lat' dir='ltr'>sit</span> <span class='ocrx_word' id='word_1_81' title='bbox 745 653 778 683; x_wconf 93' lang='lat' dir='ltr'>in</span> <span class='ocrx_word' id='word_1_82' title='bbox 803 654 1056 694; x_wconf 83' lang='lat' dir='ltr'>concupiscibili,</span> <span class='ocrx_word' id='word_1_83' title='bbox 1081 662 1111 685; x_wconf 91' lang='lat' dir='ltr'>et</span> <span class='ocrx_word' id='word_1_84' title='bbox 1136 655 1176 684; x_wconf 91' lang='lat' dir='ltr'>sit</span> <span class='ocrx_word' id='word_1_85' title='bbox 1199 661 1288 684; x_wconf 82' lang='lat' dir='ltr'>actus</span> <span class='ocrx_word' id='word_1_86' title='bbox 1304 655 1363 684; x_wconf 91' lang='lat' dir='ltr'>im-</span> 
     </span>
     <span class='ocr_line' id='line_1_18' title="bbox 283 698 1365 739; baseline 0.001 -11"><span class='ocrx_word' id='word_1_87' title='bbox 283 708 414 729; x_wconf 87' lang='lat' dir='ltr'>manens</span> <span class='ocrx_word' id='word_1_88' title='bbox 439 708 506 729; x_wconf 90' lang='lat' dir='ltr'>non</span> <span class='ocrx_word' id='word_1_89' title='bbox 530 699 684 729; x_wconf 84' lang='lat' dir='ltr'>excedens</span> <span class='ocrx_word' id='word_1_90' title='bbox 708 698 841 729; x_wconf 90' lang='lat' dir='ltr'>elicitive</span> <span class='ocrx_word' id='word_1_91' title='bbox 866 699 1033 739; x_wconf 90' lang='lat' dir='ltr'>proprium</span> <span class='ocrx_word' id='word_1_92' title='bbox 1054 699 1249 736; x_wconf 88' lang='lat' dir='ltr'>subiectum;</span> <span class='ocrx_word' id='word_1_93' title='bbox 1276 699 1365 730; x_wconf 89' lang='lat' dir='ltr'>forti-</span> 
     </span>
     <span class='ocr_line' id='line_1_19' title="bbox 282 743 1364 784; baseline 0 -10"><span class='ocrx_word' id='word_1_94' title='bbox 282 743 361 774; x_wconf 93' lang='lat' dir='ltr'>tudo</span> <span class='ocrx_word' id='word_1_95' title='bbox 380 751 488 774; x_wconf 89' lang='lat' dir='ltr'>autem</span> <span class='ocrx_word' id='word_1_96' title='bbox 504 743 543 774; x_wconf 92' lang='lat' dir='ltr'>sit</span> <span class='ocrx_word' id='word_1_97' title='bbox 558 743 591 773; x_wconf 91' lang='lat' dir='ltr'>in</span> <span class='ocrx_word' id='word_1_98' title='bbox 608 743 766 774; x_wconf 80' lang='lat' dir='ltr'>irascibili.</span> <span class='ocrx_word' id='word_1_99' title='bbox 792 744 853 774; x_wconf 89' lang='lat' dir='ltr'>Sed</span> <span class='ocrx_word' id='word_1_100' title='bbox 871 743 1133 784; x_wconf 89' lang='lat' dir='ltr'>distinguendum</span> <span class='ocrx_word' id='word_1_101' title='bbox 1150 751 1215 775; x_wconf 87' lang='lat' dir='ltr'>erat</span> <span class='ocrx_word' id='word_1_102' title='bbox 1235 745 1274 774; x_wconf 94' lang='lat' dir='ltr'>de</span> <span class='ocrx_word' id='word_1_103' title='bbox 1290 754 1364 784; x_wconf 93' lang='lat' dir='ltr'>pro-</span> 
     </span>
     <span class='ocr_line' id='line_1_20' title="bbox 281 788 1364 829; baseline 0.001 -11"><span class='ocrx_word' id='word_1_104' title='bbox 281 788 397 818; x_wconf 88' lang='lat' dir='ltr'>ducere</span> <span class='ocrx_word' id='word_1_105' title='bbox 421 788 619 828; x_wconf 79' lang='lat' dir='ltr'>imperative,</span> <span class='ocrx_word' id='word_1_106' title='bbox 644 795 675 819; x_wconf 94' lang='lat' dir='ltr'>et</span> <span class='ocrx_word' id='word_1_107' title='bbox 699 788 848 819; x_wconf 90' lang='lat' dir='ltr'>elicitive:</span> <span class='ocrx_word' id='word_1_108' title='bbox 875 796 906 819; x_wconf 91' lang='lat' dir='ltr'>et</span> <span class='ocrx_word' id='word_1_109' title='bbox 930 789 1103 820; x_wconf 89' lang='lat' dir='ltr'>dicendum</span> <span class='ocrx_word' id='word_1_110' title='bbox 1128 789 1219 829; x_wconf 92' lang='lat' dir='ltr'>quod</span> <span class='ocrx_word' id='word_1_111' title='bbox 1242 796 1364 829; x_wconf 85' lang='lat' dir='ltr'>tempe-</span> 
     </span>
     <span class='ocr_line' id='line_1_21' title="bbox 281 832 1364 874; baseline 0.002 -12"><span class='ocrx_word' id='word_1_112' title='bbox 281 832 401 870; x_wconf 74' lang='lat' dir='ltr'>rantiae</span> <span class='ocrx_word' id='word_1_113' title='bbox 432 840 540 869; x_wconf 87' lang='lat' dir='ltr'>actus,</span> <span class='ocrx_word' id='word_1_114' title='bbox 573 833 605 863; x_wconf 90' lang='lat' dir='ltr'>in</span> <span class='ocrx_word' id='word_1_115' title='bbox 638 843 712 864; x_wconf 88' lang='lat' dir='ltr'>casu</span> <span class='ocrx_word' id='word_1_116' title='bbox 746 834 873 874; x_wconf 90' lang='lat' dir='ltr'>posito,</span> <span class='ocrx_word' id='word_1_117' title='bbox 903 834 1090 874; x_wconf 86' lang='lat' dir='ltr'>imperative</span> <span class='ocrx_word' id='word_1_118' title='bbox 1124 833 1294 864; x_wconf 84' lang='lat' dir='ltr'>coadiuvat</span> <span class='ocrx_word' id='word_1_119' title='bbox 1325 835 1364 864; x_wconf 86' lang='lat' dir='ltr'>ad</span> 
     </span>
     <span class='ocr_line' id='line_1_22' title="bbox 281 877 1365 920; baseline 0.001 -13"><span class='ocrx_word' id='word_1_120' title='bbox 281 877 530 916; x_wconf 88' lang='lat' dir='ltr'>productionem</span> <span class='ocrx_word' id='word_1_121' title='bbox 565 878 773 915; x_wconf 87' lang='lat' dir='ltr'>fortitudinis,</span> <span class='ocrx_word' id='word_1_122' title='bbox 795 889 812 908; x_wconf 89' lang='lat' dir='ltr'>a</span> <span class='ocrx_word' id='word_1_123' title='bbox 844 887 927 909; x_wconf 89' lang='lat' dir='ltr'>recta</span> <span class='ocrx_word' id='word_1_124' title='bbox 961 879 1130 920; x_wconf 76' lang='lat' dir='ltr'>electionev</span> <span class='ocrx_word' id='word_1_125' title='bbox 1153 879 1185 908; x_wconf 94' lang='lat' dir='ltr'>in</span> <span class='ocrx_word' id='word_1_126' title='bbox 1216 879 1365 909; x_wconf 89' lang='lat' dir='ltr'>irascibili</span> 
     </span>
     <span class='ocr_line' id='line_1_23' title="bbox 281 921 1365 964; baseline 0.001 -12"><span class='ocrx_word' id='word_1_127' title='bbox 281 921 467 962; x_wconf 88' lang='lat' dir='ltr'>participata</span> <span class='ocrx_word' id='word_1_128' title='bbox 491 922 650 964; x_wconf 85' lang='lat' dir='ltr'>frequenti</span> <span class='ocrx_word' id='word_1_129' title='bbox 675 924 824 954; x_wconf 86' lang='lat' dir='ltr'>exercitio</span> <span class='ocrx_word' id='word_1_130' title='bbox 849 925 1086 964; x_wconf 85' lang='lat' dir='ltr'>producendae.</span> <span class='ocrx_word' id='word_1_131' title='bbox 1116 924 1156 954; x_wconf 94' lang='lat' dir='ltr'>Et</span> <span class='ocrx_word' id='word_1_132' title='bbox 1180 923 1206 953; x_wconf 88' lang='lat' dir='ltr'>si</span> <span class='ocrx_word' id='word_1_133' title='bbox 1230 930 1365 963; x_wconf 88' lang='lat' dir='ltr'>utraque</span> 
     </span>
     <span class='ocr_line' id='line_1_24' title="bbox 279 966 1365 1010; baseline 0.002 -14"><span class='ocrx_word' id='word_1_134' title='bbox 279 966 380 997; x_wconf 87' lang='lat' dir='ltr'>virtus</span> <span class='ocrx_word' id='word_1_135' title='bbox 411 967 494 998; x_wconf 90' lang='lat' dir='ltr'>inest</span> <span class='ocrx_word' id='word_1_136' title='bbox 523 969 703 999; x_wconf 91' lang='lat' dir='ltr'>secundum</span> <span class='ocrx_word' id='word_1_137' title='bbox 732 969 917 1000; x_wconf 87' lang='lat' dir='ltr'>exercitium</span> <span class='ocrx_word' id='word_1_138' title='bbox 942 969 1129 1010; x_wconf 89' lang='lat' dir='ltr'>proprium,</span> <span class='ocrx_word' id='word_1_139' title='bbox 1154 968 1365 1007; x_wconf 82' lang='lat' dir='ltr'>temperantia</span> 
     </span>
     <span class='ocr_line' id='line_1_25' title="bbox 280 1011 1365 1052; baseline 0.001 -11"><span class='ocrx_word' id='word_1_140' title='bbox 280 1020 346 1042; x_wconf 88' lang='lat' dir='ltr'>non</span> <span class='ocrx_word' id='word_1_141' title='bbox 371 1011 518 1052; x_wconf 85' lang='lat' dir='ltr'>imperat,</span> <span class='ocrx_word' id='word_1_142' title='bbox 543 1021 579 1044; x_wconf 90' lang='lat' dir='ltr'>ut</span> <span class='ocrx_word' id='word_1_143' title='bbox 603 1013 726 1044; x_wconf 90' lang='lat' dir='ltr'>dictum</span> <span class='ocrx_word' id='word_1_144' title='bbox 750 1021 797 1044; x_wconf 89' lang='lat' dir='ltr'>est</span> <span class='ocrx_word' id='word_1_145' title='bbox 812 1013 838 1050; x_wconf 83' lang='lat'>*‚</span> <span class='ocrx_word' id='word_1_146' title='bbox 865 1021 973 1045; x_wconf 90' lang='lat' dir='ltr'>actum</span> <span class='ocrx_word' id='word_1_147' title='bbox 997 1012 1212 1043; x_wconf 89' lang='lat' dir='ltr'>fortitudinis:</span> <span class='ocrx_word' id='word_1_148' title='bbox 1238 1013 1294 1042; x_wconf 90' lang='lat' dir='ltr'>sed</span> <span class='ocrx_word' id='word_1_149' title='bbox 1314 1022 1365 1042; x_wconf 89' lang='lat' dir='ltr'>so-</span> 
     </span>
     <span class='ocr_line' id='line_1_26' title="bbox 278 1055 1366 1097; baseline 0 -11"><span class='ocrx_word' id='word_1_150' title='bbox 278 1055 349 1087; x_wconf 90' lang='lat' dir='ltr'>lum</span> <span class='ocrx_word' id='word_1_151' title='bbox 382 1057 548 1088; x_wconf 86' lang='lat' dir='ltr'>materiam</span> <span class='ocrx_word' id='word_1_152' title='bbox 583 1059 636 1089; x_wconf 89' lang='lat' dir='ltr'>dat</span> <span class='ocrx_word' id='word_1_153' title='bbox 666 1058 868 1095; x_wconf 87' lang='lat' dir='ltr'>fortitudini,</span> <span class='ocrx_word' id='word_1_154' title='bbox 894 1068 931 1088; x_wconf 90' lang='lat' dir='ltr'>ex</span> <span class='ocrx_word' id='word_1_155' title='bbox 958 1058 1021 1088; x_wconf 91' lang='lat' dir='ltr'>hoc</span> <span class='ocrx_word' id='word_1_156' title='bbox 1047 1057 1119 1097; x_wconf 89' lang='lat' dir='ltr'>ipso</span> <span class='ocrx_word' id='word_1_157' title='bbox 1147 1057 1237 1097; x_wconf 92' lang='lat' dir='ltr'>quod</span> <span class='ocrx_word' id='word_1_158' title='bbox 1262 1057 1366 1087; x_wconf 86' lang='lat' dir='ltr'>reddit</span> 
     </span>
     <span class='ocr_line' id='line_1_27' title="bbox 278 1100 1366 1143; baseline 0.001 -12"><span class='ocrx_word' id='word_1_159' title='bbox 278 1100 342 1132; x_wconf 84' lang='lat' dir='ltr'>tale</span> <span class='ocrx_word' id='word_1_160' title='bbox 361 1101 542 1142; x_wconf 88' lang='lat' dir='ltr'>periculum</span> <span class='ocrx_word' id='word_1_161' title='bbox 563 1103 676 1134; x_wconf 86' lang='lat' dir='ltr'>mortis</span> <span class='ocrx_word' id='word_1_162' title='bbox 691 1103 866 1143; x_wconf 83' lang='lat' dir='ltr'>optimum,</span> <span class='ocrx_word' id='word_1_163' title='bbox 883 1113 919 1133; x_wconf 88' lang='lat' dir='ltr'>ac</span> <span class='ocrx_word' id='word_1_164' title='bbox 939 1112 996 1142; x_wconf 92' lang='lat' dir='ltr'>per</span> <span class='ocrx_word' id='word_1_165' title='bbox 1014 1102 1077 1132; x_wconf 89' lang='lat' dir='ltr'>hoc</span> <span class='ocrx_word' id='word_1_166' title='bbox 1097 1101 1264 1132; x_wconf 82' lang='lat' dir='ltr'>materiam</span> <span class='ocrx_word' id='word_1_167' title='bbox 1284 1101 1366 1132; x_wconf 84' lang='lat' dir='ltr'>circa</span> 
     </span>
     <span class='ocr_line' id='line_1_28' title="bbox 279 1146 1365 1187; baseline 0 -11"><span class='ocrx_word' id='word_1_168' title='bbox 279 1155 379 1187; x_wconf 84' lang='lat' dir='ltr'>quam</span> <span class='ocrx_word' id='word_1_169' title='bbox 404 1146 495 1178; x_wconf 88' lang='lat' dir='ltr'>fortis</span> <span class='ocrx_word' id='word_1_170' title='bbox 517 1147 642 1179; x_wconf 89' lang='lat' dir='ltr'>fortiter</span> <span class='ocrx_word' id='word_1_171' title='bbox 665 1158 698 1179; x_wconf 89' lang='lat' dir='ltr'>se</span> <span class='ocrx_word' id='word_1_172' title='bbox 722 1148 837 1179; x_wconf 88' lang='lat' dir='ltr'>habeat</span> <span class='ocrx_word' id='word_1_173' title='bbox 860 1146 1060 1178; x_wconf 89' lang='lat' dir='ltr'>sustinendo.</span> <span class='ocrx_word' id='word_1_174' title='bbox 1092 1146 1137 1176; x_wconf 88' lang='lat' dir='ltr'>Ita</span> <span class='ocrx_word' id='word_1_175' title='bbox 1161 1146 1252 1187; x_wconf 93' lang='lat' dir='ltr'>quod</span> <span class='ocrx_word' id='word_1_176' title='bbox 1275 1153 1365 1177; x_wconf 89' lang='lat' dir='ltr'>actus</span> 
     </span>
     <span class='ocr_line' id='line_1_29' title="bbox 278 1190 1365 1234; baseline 0 -13"><span class='ocrx_word' id='word_1_177' title='bbox 278 1190 331 1221; x_wconf 91' lang='lat' dir='ltr'>ille</span> <span class='ocrx_word' id='word_1_178' title='bbox 354 1200 422 1232; x_wconf 88' lang='lat' dir='ltr'>quo</span> <span class='ocrx_word' id='word_1_179' title='bbox 442 1192 559 1223; x_wconf 91' lang='lat' dir='ltr'>mulier</span> <span class='ocrx_word' id='word_1_180' title='bbox 581 1199 758 1234; x_wconf 85' lang='lat' dir='ltr'>temperata</span> <span class='ocrx_word' id='word_1_181' title='bbox 781 1200 812 1223; x_wconf 90' lang='lat' dir='ltr'>et</span> <span class='ocrx_word' id='word_1_182' title='bbox 834 1191 926 1223; x_wconf 88' lang='lat' dir='ltr'>fortis</span> <span class='ocrx_word' id='word_1_183' title='bbox 950 1191 1075 1221; x_wconf 89' lang='lat' dir='ltr'>mavult</span> <span class='ocrx_word' id='word_1_184' title='bbox 1093 1190 1235 1231; x_wconf 86' lang='lat' dir='ltr'>pericula</span> <span class='ocrx_word' id='word_1_185' title='bbox 1251 1191 1365 1221; x_wconf 90' lang='lat' dir='ltr'>mortis</span> 
     </span>
     <span class='ocr_line' id='line_1_30' title="bbox 278 1235 1365 1278; baseline 0 -13"><span class='ocrx_word' id='word_1_186' title='bbox 278 1235 434 1267; x_wconf 85' lang='lat' dir='ltr'>sustinere</span> <span class='ocrx_word' id='word_1_187' title='bbox 465 1247 566 1278; x_wconf 86' lang='lat' dir='ltr'>quam</span> <span class='ocrx_word' id='word_1_188' title='bbox 589 1237 779 1278; x_wconf 83' lang='lat' dir='ltr'>pudicitiam</span> <span class='ocrx_word' id='word_1_189' title='bbox 802 1236 960 1271; x_wconf 87' lang='lat' dir='ltr'>amittere,</span> <span class='ocrx_word' id='word_1_190' title='bbox 986 1242 1033 1266; x_wconf 89' lang='lat' dir='ltr'>est</span> <span class='ocrx_word' id='word_1_191' title='bbox 1056 1242 1145 1266; x_wconf 89' lang='lat' dir='ltr'>actus</span> <span class='ocrx_word' id='word_1_192' title='bbox 1169 1235 1365 1266; x_wconf 88' lang='lat' dir='ltr'>fortitudinis</span> 
     </span>
     <span class='ocr_line' id='line_1_31' title="bbox 279 1279 1366 1323; baseline 0.002 -13"><span class='ocrx_word' id='word_1_193' title='bbox 279 1279 361 1312; x_wconf 83' lang='lat' dir='ltr'>circa</span> <span class='ocrx_word' id='word_1_194' title='bbox 389 1281 688 1323; x_wconf 41' lang='lat' dir='ltr'>periculus-optima</span> <span class='ocrx_word' id='word_1_195' title='bbox 717 1289 848 1322; x_wconf 89' lang='lat' dir='ltr'>propter</span> <span class='ocrx_word' id='word_1_196' title='bbox 878 1280 1140 1321; x_wconf 86' lang='lat' dir='ltr'>temperantiam:</span> <span class='ocrx_word' id='word_1_197' title='bbox 1172 1287 1203 1311; x_wconf 89' lang='lat' dir='ltr'>et</span> <span class='ocrx_word' id='word_1_198' title='bbox 1226 1290 1293 1310; x_wconf 91' lang='lat' dir='ltr'>non</span> <span class='ocrx_word' id='word_1_199' title='bbox 1318 1287 1366 1312; x_wconf 89' lang='lat' dir='ltr'>est</span> 
     </span>
     <span class='ocr_line' id='line_1_32' title="bbox 276 1323 1364 1368; baseline 0 -12"><span class='ocrx_word' id='word_1_200' title='bbox 276 1323 621 1368; x_wconf 58' lang='grc' dir='ltr'>αξτιιῖῐῖιίιροτιιιῑὶαε</span> <span class='ocrx_word' id='word_1_201' title='bbox 640 1337 699 1358; x_wconf 87' lang='lat' dir='ltr'>nec</span> <span class='ocrx_word' id='word_1_202' title='bbox 715 1325 851 1357; x_wconf 78' lang='lat' dir='ltr'>elicitive</span> <span class='ocrx_word' id='word_1_203' title='bbox 867 1335 925 1356; x_wconf 88' lang='lat' dir='ltr'>nec</span> <span class='ocrx_word' id='word_1_204' title='bbox 940 1325 1138 1366; x_wconf 81' lang='lat' dir='ltr'>imperative,</span> <span class='ocrx_word' id='word_1_205' title='bbox 1164 1325 1292 1365; x_wconf 87' lang='lat' dir='ltr'>proprie</span> <span class='ocrx_word' id='word_1_206' title='bbox 1315 1325 1364 1356; x_wconf 91' lang='lat' dir='ltr'>lo-</span> 
     </span>
     <span class='ocr_line' id='line_1_33' title="bbox 277 1370 1364 1412; baseline -0.001 -11"><span class='ocrx_word' id='word_1_207' title='bbox 277 1370 430 1412; x_wconf 89' lang='lat' dir='ltr'>quendo;</span> <span class='ocrx_word' id='word_1_208' title='bbox 454 1371 516 1402; x_wconf 80' lang='lat' dir='ltr'>nisi</span> <span class='ocrx_word' id='word_1_209' title='bbox 539 1371 622 1402; x_wconf 86' lang='lat' dir='ltr'>forte</span> <span class='ocrx_word' id='word_1_210' title='bbox 645 1381 683 1402; x_wconf 88' lang='lat' dir='ltr'>ex</span> <span class='ocrx_word' id='word_1_211' title='bbox 706 1377 795 1412; x_wconf 85' lang='lat' dir='ltr'>parte</span> <span class='ocrx_word' id='word_1_212' title='bbox 819 1370 970 1401; x_wconf 88' lang='lat' dir='ltr'>materiae</span> <span class='ocrx_word' id='word_1_213' title='bbox 994 1370 1076 1400; x_wconf 88' lang='lat' dir='ltr'>circa</span> <span class='ocrx_word' id='word_1_214' title='bbox 1099 1377 1270 1411; x_wconf 58' lang='lat' dir='ltr'>quam‘est</span> <span class='ocrx_word' id='word_1_215' title='bbox 1298 1370 1364 1401; x_wconf 88' lang='lat' dir='ltr'>for-</span> 
     </span>
     <span class='ocr_line' id='line_1_34' title="bbox 277 1414 1363 1457; baseline 0 -11"><span class='ocrx_word' id='word_1_216' title='bbox 277 1414 401 1452; x_wconf 87' lang='lat' dir='ltr'>titudo,</span> <span class='ocrx_word' id='word_1_217' title='bbox 435 1415 526 1457; x_wconf 79' lang='lat' dir='ltr'>quasi</span> <span class='ocrx_word' id='word_1_218' title='bbox 556 1415 713 1456; x_wconf 85' lang='lat' dir='ltr'>imperare</span> <span class='ocrx_word' id='word_1_219' title='bbox 743 1415 866 1446; x_wconf 89' lang='lat' dir='ltr'>dicatur</span> <span class='ocrx_word' id='word_1_220' title='bbox 895 1415 971 1456; x_wconf 89' lang='lat' dir='ltr'>quia</span> <span class='ocrx_word' id='word_1_221' title='bbox 999 1415 1113 1446; x_wconf 86' lang='lat' dir='ltr'>excitat</span> <span class='ocrx_word' id='word_1_222' title='bbox 1141 1414 1363 1446; x_wconf 89' lang='lat' dir='ltr'>fortitudinem</span> 
     </span>
     <span class='ocr_line' id='line_1_35' title="bbox 278 1459 1192 1501; baseline -0.001 -10"><span class='ocrx_word' id='word_1_223' title='bbox 278 1459 506 1491; x_wconf 78' lang='lat' dir='ltr'>constituendo</span> <span class='ocrx_word' id='word_1_224' title='bbox 530 1460 698 1491; x_wconf 85' lang='lat' dir='ltr'>materiam</span> <span class='ocrx_word' id='word_1_225' title='bbox 721 1460 803 1491; x_wconf 81' lang='lat' dir='ltr'>circa</span> <span class='ocrx_word' id='word_1_226' title='bbox 824 1470 924 1501; x_wconf 82' lang='lat' dir='ltr'>quam</span> <span class='ocrx_word' id='word_1_227' title='bbox 947 1460 1063 1491; x_wconf 82' lang='lat' dir='ltr'>versari</span> <span class='ocrx_word' id='word_1_228' title='bbox 1088 1460 1192 1490; x_wconf 87' lang='lat' dir='ltr'>debet.</span> 
     </span>
    </p>

    <p class='ocr_par' dir='ltr' id='par_1_10' title="bbox 334 1504 1364 1546">
     <span class='ocr_line' id='line_1_36' title="bbox 334 1504 1364 1546; baseline -0.002 -10"><span class='ocrx_word' id='word_1_229' title='bbox 334 1504 376 1536; x_wconf 89' lang='lat' dir='ltr'>Et</span> <span class='ocrx_word' id='word_1_230' title='bbox 398 1505 476 1536; x_wconf 86' lang='lat' dir='ltr'>haec</span> <span class='ocrx_word' id='word_1_231' title='bbox 492 1512 540 1536; x_wconf 88' lang='lat' dir='ltr'>sat</span> <span class='ocrx_word' id='word_1_232' title='bbox 555 1505 620 1536; x_wconf 78' lang='lat' dir='ltr'>sint</span> <span class='ocrx_word' id='word_1_233' title='bbox 642 1505 770 1536; x_wconf 88' lang='lat' dir='ltr'>Martini</span> <span class='ocrx_word' id='word_1_234' title='bbox 787 1505 878 1536; x_wconf 90' lang='lat' dir='ltr'>dictis</span> <span class='ocrx_word' id='word_1_235' title='bbox 901 1512 1061 1546; x_wconf 90' lang='lat' dir='ltr'>quatenus</span> <span class='ocrx_word' id='word_1_236' title='bbox 1081 1505 1287 1545; x_wconf 87' lang='lat' dir='ltr'>propositum</span> <span class='ocrx_word' id='word_1_237' title='bbox 1304 1504 1364 1534; x_wconf 86' lang='lat' dir='ltr'>irn-</span> 
     </span>
    </p>
   </div>
   <div class='ocr_carea' id='block_1_9' title="bbox 278 1550 1390 1591">
    <p class='ocr_par' dir='ltr' id='par_1_11' title="bbox 278 1550 1390 1591">
     <span class='ocr_line' id='line_1_37' title="bbox 278 1550 1390 1591; baseline -0.002 -10"><span class='ocrx_word' id='word_1_238' title='bbox 278 1556 434 1591; x_wconf 75' lang='lat' dir='ltr'>pugnant.</span> <span class='ocrx_word' id='word_1_239' title='bbox 451 1550 620 1588; x_wconf 83' lang='lat' dir='ltr'>Quatenus</span> <span class='ocrx_word' id='word_1_240' title='bbox 632 1558 742 1581; x_wconf 88' lang='lat' dir='ltr'>autem</span> <span class='ocrx_word' id='word_1_241' title='bbox 754 1550 904 1581; x_wconf 87' lang='lat' dir='ltr'>virtutem</span> <span class='ocrx_word' id='word_1_242' title='bbox 917 1550 1097 1591; x_wconf 81' lang='lat' dir='ltr'>quamlibet</span> <span class='ocrx_word' id='word_1_243' title='bbox 1111 1550 1247 1589; x_wconf 84' lang='lat' dir='ltr'>graduat</span> <span class='ocrx_word' id='word_1_244' title='bbox 1263 1550 1364 1580; x_wconf 89' lang='lat' dir='ltr'>modo</span> <span class='ocrx_word' id='word_1_245' title='bbox 1388 1555 1390 1578; x_wconf 75' lang='grc' dir='ltr'><strong>ζ</strong></span> 
     </span>
    </p>
   </div>
   <div class='ocr_carea' id='block_1_10' title="bbox 277 1594 1363 1680">
    <p class='ocr_par' dir='ltr' id='par_1_12' title="bbox 277 1594 1363 1680">
     <span class='ocr_line' id='line_1_38' title="bbox 277 1594 1363 1635; baseline 0 -11"><span class='ocrx_word' id='word_1_246' title='bbox 277 1602 376 1635; x_wconf 74' lang='lat' dir='ltr'>supra</span> <span class='ocrx_word' id='word_1_247' title='bbox 398 1594 495 1632; x_wconf 87' lang='lat' dir='ltr'>dicto,</span> <span class='ocrx_word' id='word_1_248' title='bbox 519 1602 551 1626; x_wconf 90' lang='lat' dir='ltr'>et</span> <span class='ocrx_word' id='word_1_249' title='bbox 575 1594 651 1627; x_wconf 82' lang='lat' dir='ltr'>dicit</span> <span class='ocrx_word' id='word_1_250' title='bbox 674 1594 752 1625; x_wconf 88' lang='lat' dir='ltr'>haec</span> <span class='ocrx_word' id='word_1_251' title='bbox 776 1605 844 1626; x_wconf 89' lang='lat' dir='ltr'>esse</span> <span class='ocrx_word' id='word_1_252' title='bbox 868 1595 981 1626; x_wconf 86' lang='lat' dir='ltr'>tradita</span> <span class='ocrx_word' id='word_1_253' title='bbox 1005 1595 1044 1625; x_wconf 89' lang='lat' dir='ltr'>ab</span> <span class='ocrx_word' id='word_1_254' title='bbox 1059 1594 1233 1626; x_wconf 88' lang='lat' dir='ltr'>Aristotele</span> <span class='ocrx_word' id='word_1_255' title='bbox 1257 1594 1289 1624; x_wconf 90' lang='lat' dir='ltr'>in</span> <span class='ocrx_word' id='word_1_256' title='bbox 1306 1594 1363 1624; x_wconf 91' lang='lat' dir='ltr'>Vll</span> 
     </span>
     <span class='ocr_line' id='line_1_39' title="bbox 277 1637 810 1680; baseline 0 -10"><span class='ocrx_word' id='word_1_257' title='bbox 277 1637 384 1670; x_wconf 73' lang='lat' dir='ltr'>Ethic.</span> <span class='ocrx_word' id='word_1_258' title='bbox 399 1638 427 1676; x_wconf 79' lang='lat'>¹⁸¹,</span> <span class='ocrx_word' id='word_1_259' title='bbox 453 1640 583 1671; x_wconf 90' lang='lat' dir='ltr'>alterius</span> <span class='ocrx_word' id='word_1_260' title='bbox 607 1639 728 1680; x_wconf 83' lang='lat' dir='ltr'>negotii</span> <span class='ocrx_word' id='word_1_261' title='bbox 752 1647 810 1671; x_wconf 88' lang='lat' dir='ltr'>est.</span> 
     </span>
    </p>
   </div>
   <div class='ocr_carea' id='block_1_11' title="bbox 333 1683 1390 1726">
    <p class='ocr_par' dir='ltr' id='par_1_13' title="bbox 333 1683 1390 1726">
     <span class='ocr_line' id='line_1_40' title="bbox 333 1683 1390 1726; baseline -0.002 -10"><span class='ocrx_word' id='word_1_262' title='bbox 333 1683 388 1716; x_wconf 84' lang='lat' dir='ltr'>IX.</span> <span class='ocrx_word' id='word_1_263' title='bbox 413 1685 449 1715; x_wconf 88' lang='lat' dir='ltr'>In</span> <span class='ocrx_word' id='word_1_264' title='bbox 474 1685 589 1716; x_wconf 90' lang='lat' dir='ltr'>eodem</span> <span class='ocrx_word' id='word_1_265' title='bbox 606 1684 742 1716; x_wconf 88' lang='lat' dir='ltr'>articulo</span> <span class='ocrx_word' id='word_1_266' title='bbox 763 1684 890 1726; x_wconf 87' lang='lat' dir='ltr'>quinto,</span> <span class='ocrx_word' id='word_1_267' title='bbox 915 1691 992 1715; x_wconf 89' lang='lat' dir='ltr'>nota</span> <span class='ocrx_word' id='word_1_268' title='bbox 1016 1685 1117 1724; x_wconf 87' lang='lat' dir='ltr'>quod,</span> <span class='ocrx_word' id='word_1_269' title='bbox 1142 1694 1216 1715; x_wconf 92' lang='lat' dir='ltr'>cum</span> <span class='ocrx_word' id='word_1_270' title='bbox 1241 1684 1363 1715; x_wconf 81' lang='lat' dir='ltr'>Aristo·</span> <span class='ocrx_word' id='word_1_271' title='bbox 1389 1705 1390 1709; x_wconf 64' lang='lat'>,</span> 
     </span>
    </p>
   </div>
   <div class='ocr_carea' id='block_1_12' title="bbox 1385 339 1396 1704">
    <p class='ocr_par' dir='ltr' id='par_1_14' title="bbox 1385 339 1396 1704">
     <span class='ocr_line' id='line_1_41' title="bbox 1385 339 1396 1704; baseline 0 0"><span class='ocrx_word' id='word_1_272' title='bbox 1385 339 1396 1704; x_wconf 95' lang='lat' dir='ltr'> </span> 
     </span>
    </p>
   </div>
   <div class='ocr_carea' id='block_1_13' title="bbox 1414 340 2500 1231">
    <p class='ocr_par' dir='ltr' id='par_1_15' title="bbox 1414 340 2500 1231">
     <span class='ocr_line' id='line_1_42' title="bbox 1418 340 2498 381; baseline 0.001 -9"><span class='ocrx_word' id='word_1_273' title='bbox 1418 342 1505 378; x_wconf 83' lang='lat' dir='ltr'>teles‚</span> <span class='ocrx_word' id='word_1_274' title='bbox 1523 341 1556 372; x_wconf 90' lang='lat' dir='ltr'>in</span> <span class='ocrx_word' id='word_1_275' title='bbox 1581 341 1621 371; x_wconf 94' lang='lat'>111</span> <span class='ocrx_word' id='word_1_276' title='bbox 1638 341 1744 372; x_wconf 78' lang='lat' dir='ltr'>Ethic.</span> <span class='ocrx_word' id='word_1_277' title='bbox 1760 341 1786 377; x_wconf 93' lang='lat'>*‚</span> <span class='ocrx_word' id='word_1_278' title='bbox 1812 341 1955 381; x_wconf 87' lang='lat' dir='ltr'>posuerit</span> <span class='ocrx_word' id='word_1_279' title='bbox 1979 340 2094 370; x_wconf 87' lang='lat' dir='ltr'>fortem</span> <span class='ocrx_word' id='word_1_280' title='bbox 2114 340 2330 380; x_wconf 84' lang='lat' dir='ltr'>principaliter</span> <span class='ocrx_word' id='word_1_281' title='bbox 2344 341 2498 381; x_wconf 81' lang='lat' dir='ltr'>respicere</span> 
     </span>
     <span class='ocr_line' id='line_1_43' title="bbox 1414 385 2497 426; baseline 0 -10"><span class='ocrx_word' id='word_1_282' title='bbox 1414 387 1564 426; x_wconf 81' lang='lat' dir='ltr'>pericula</span> <span class='ocrx_word' id='word_1_283' title='bbox 1590 387 1733 416; x_wconf 86' lang='lat' dir='ltr'>maxima</span> <span class='ocrx_word' id='word_1_284' title='bbox 1750 391 1781 416; x_wconf 88' lang='lat' dir='ltr'>et</span> <span class='ocrx_word' id='word_1_285' title='bbox 1799 386 1930 426; x_wconf 81' lang='lat' dir='ltr'>optima,</span> <span class='ocrx_word' id='word_1_286' title='bbox 1956 385 2063 426; x_wconf 89' lang='lat' dir='ltr'>qualia</span> <span class='ocrx_word' id='word_1_287' title='bbox 2087 393 2162 416; x_wconf 88' lang='lat' dir='ltr'>sunt</span> <span class='ocrx_word' id='word_1_288' title='bbox 2185 385 2306 421; x_wconf 86' lang='lat' dir='ltr'>bellica,</span> <span class='ocrx_word' id='word_1_289' title='bbox 2332 394 2362 416; x_wconf 89' lang='lat' dir='ltr'>et</span> <span class='ocrx_word' id='word_1_290' title='bbox 2387 396 2497 416; x_wconf 87' lang='lat' dir='ltr'>secun-</span> 
     </span>
     <span class='ocr_line' id='line_1_44' title="bbox 1419 430 2499 471; baseline -0.001 -10"><span class='ocrx_word' id='word_1_291' title='bbox 1419 431 1506 461; x_wconf 90' lang='lat' dir='ltr'>dario</span> <span class='ocrx_word' id='word_1_292' title='bbox 1531 431 1611 461; x_wconf 88' lang='lat' dir='ltr'>bene</span> <span class='ocrx_word' id='word_1_293' title='bbox 1636 441 1768 471; x_wconf 89' lang='lat' dir='ltr'>quoque</span> <span class='ocrx_word' id='word_1_294' title='bbox 1786 440 1818 460; x_wconf 91' lang='lat' dir='ltr'>se</span> <span class='ocrx_word' id='word_1_295' title='bbox 1834 430 1948 460; x_wconf 85' lang='lat' dir='ltr'>habere</span> <span class='ocrx_word' id='word_1_296' title='bbox 1974 430 2054 460; x_wconf 92' lang='lat' dir='ltr'>circa</span> <span class='ocrx_word' id='word_1_297' title='bbox 2070 439 2295 470; x_wconf 89' lang='lat' dir='ltr'>quaecumque</span> <span class='ocrx_word' id='word_1_298' title='bbox 2311 430 2370 460; x_wconf 81' lang='lat' dir='ltr'>alia</span> <span class='ocrx_word' id='word_1_299' title='bbox 2387 431 2499 461; x_wconf 90' lang='lat' dir='ltr'>mortis</span> 
     </span>
     <span class='ocr_line' id='line_1_45' title="bbox 1419 474 2498 516; baseline -0.002 -10"><span class='ocrx_word' id='word_1_300' title='bbox 1419 476 1567 516; x_wconf 87' lang='lat' dir='ltr'>pericula,</span> <span class='ocrx_word' id='word_1_301' title='bbox 1593 475 1669 516; x_wconf 90' lang='lat' dir='ltr'>quia</span> <span class='ocrx_word' id='word_1_302' title='bbox 1688 475 1869 515; x_wconf 89' lang='lat' dir='ltr'>impavidus</span> <span class='ocrx_word' id='word_1_303' title='bbox 1885 475 2010 511; x_wconf 85' lang='lat' dir='ltr'>existet;</span> <span class='ocrx_word' id='word_1_304' title='bbox 2036 477 2158 505; x_wconf 88' lang='lat' dir='ltr'>Auctor</span> <span class='ocrx_word' id='word_1_305' title='bbox 2173 474 2259 505; x_wconf 90' lang='lat' dir='ltr'>hunc</span> <span class='ocrx_word' id='word_1_306' title='bbox 2274 475 2498 505; x_wconf 85' lang='lat' dir='ltr'>secundarium</span> 
     </span>
     <span class='ocr_line' id='line_1_46' title="bbox 1418 519 2496 560; baseline -0.001 -9"><span class='ocrx_word' id='word_1_307' title='bbox 1418 527 1525 551; x_wconf 91' lang='lat' dir='ltr'>actum</span> <span class='ocrx_word' id='word_1_308' title='bbox 1551 520 1699 556; x_wconf 83' lang='lat' dir='ltr'>extendit,</span> <span class='ocrx_word' id='word_1_309' title='bbox 1725 527 1756 550; x_wconf 89' lang='lat' dir='ltr'>et</span> <span class='ocrx_word' id='word_1_310' title='bbox 1779 519 1872 551; x_wconf 83' lang='lat' dir='ltr'>traxit</span> <span class='ocrx_word' id='word_1_311' title='bbox 1895 519 2003 560; x_wconf 90' lang='lat' dir='ltr'>ipsum</span> <span class='ocrx_word' id='word_1_312' title='bbox 2019 519 2058 549; x_wconf 91' lang='lat' dir='ltr'>ad</span> <span class='ocrx_word' id='word_1_313' title='bbox 2074 519 2230 549; x_wconf 88' lang='lat' dir='ltr'>maiorem</span> <span class='ocrx_word' id='word_1_314' title='bbox 2246 519 2496 559; x_wconf 86' lang='lat' dir='ltr'>approximatio-</span> 
     </span>
     <span class='ocr_line' id='line_1_47' title="bbox 1418 564 2499 605; baseline 0 -10"><span class='ocrx_word' id='word_1_315' title='bbox 1418 575 1492 595; x_wconf 89' lang='lat' dir='ltr'>nem</span> <span class='ocrx_word' id='word_1_316' title='bbox 1518 565 1557 595; x_wconf 86' lang='lat' dir='ltr'>ad</span> <span class='ocrx_word' id='word_1_317' title='bbox 1581 565 1802 605; x_wconf 86' lang='lat' dir='ltr'>principalem,</span> <span class='ocrx_word' id='word_1_318' title='bbox 1827 565 1999 595; x_wconf 91' lang='lat' dir='ltr'>ostendens</span> <span class='ocrx_word' id='word_1_319' title='bbox 2023 564 2055 594; x_wconf 89' lang='lat' dir='ltr'>in</span> <span class='ocrx_word' id='word_1_320' title='bbox 2081 574 2120 594; x_wconf 92' lang='lat' dir='ltr'>eo</span> <span class='ocrx_word' id='word_1_321' title='bbox 2141 564 2342 604; x_wconf 61' lang='lat' dir='ltr'>‘quandoque</span> <span class='ocrx_word' id='word_1_322' title='bbox 2366 564 2499 595; x_wconf 91' lang='lat' dir='ltr'>inveniri</span> 
     </span>
     <span class='ocr_line' id='line_1_48' title="bbox 1418 608 2500 650; baseline -0.001 -10"><span class='ocrx_word' id='word_1_323' title='bbox 1418 610 1574 640; x_wconf 89' lang='lat' dir='ltr'>rationem</span> <span class='ocrx_word' id='word_1_324' title='bbox 1598 610 1676 640; x_wconf 91' lang='lat' dir='ltr'>boni</span> <span class='ocrx_word' id='word_1_325' title='bbox 1701 620 1737 640; x_wconf 84' lang='lat' dir='ltr'>ex</span> <span class='ocrx_word' id='word_1_326' title='bbox 1757 609 1933 640; x_wconf 90' lang='lat' dir='ltr'>intentione</span> <span class='ocrx_word' id='word_1_327' title='bbox 1950 608 2128 649; x_wconf 87' lang='lat' dir='ltr'>operantis;</span> <span class='ocrx_word' id='word_1_328' title='bbox 2155 609 2235 639; x_wconf 89' lang='lat' dir='ltr'>dum</span> <span class='ocrx_word' id='word_1_329' title='bbox 2250 608 2368 639; x_wconf 90' lang='lat' dir='ltr'>scilicet</span> <span class='ocrx_word' id='word_1_330' title='bbox 2386 609 2500 650; x_wconf 89' lang='lat' dir='ltr'>aliquis</span> 
     </span>
     <span class='ocr_line' id='line_1_49' title="bbox 1418 653 2500 695; baseline -0.001 -10"><span class='ocrx_word' id='word_1_331' title='bbox 1418 662 1549 695; x_wconf 90' lang='lat' dir='ltr'>propter</span> <span class='ocrx_word' id='word_1_332' title='bbox 1572 654 1724 686; x_wconf 83' lang='lat' dir='ltr'>virtutem</span> <span class='ocrx_word' id='word_1_333' title='bbox 1748 654 1832 684; x_wconf 93' lang='lat' dir='ltr'>subit</span> <span class='ocrx_word' id='word_1_334' title='bbox 1856 653 2036 694; x_wconf 91' lang='lat' dir='ltr'>periculum</span> <span class='ocrx_word' id='word_1_335' title='bbox 2061 653 2226 693; x_wconf 87' lang='lat' dir='ltr'>pestiferae</span> <span class='ocrx_word' id='word_1_336' title='bbox 2250 653 2443 690; x_wconf 82' lang='lat' dir='ltr'>infectionis,</span> <span class='ocrx_word' id='word_1_337' title='bbox 2465 664 2500 684; x_wconf 88' lang='lat' dir='ltr'>ac</span> 
     </span>
     <span class='ocr_line' id='line_1_50' title="bbox 1417 697 2499 739; baseline -0.001 -9"><span class='ocrx_word' id='word_1_338' title='bbox 1417 710 1473 739; x_wconf 91' lang='lat' dir='ltr'>per</span> <span class='ocrx_word' id='word_1_339' title='bbox 1496 699 1559 730; x_wconf 90' lang='lat' dir='ltr'>hoc</span> <span class='ocrx_word' id='word_1_340' title='bbox 1584 699 1764 739; x_wconf 87' lang='lat' dir='ltr'>periculum</span> <span class='ocrx_word' id='word_1_341' title='bbox 1780 699 1892 729; x_wconf 90' lang='lat' dir='ltr'>mortis</span> <span class='ocrx_word' id='word_1_342' title='bbox 1917 708 1973 739; x_wconf 87' lang='lat' dir='ltr'>per</span> <span class='ocrx_word' id='word_1_343' title='bbox 1989 697 2240 738; x_wconf 82' lang='lat' dir='ltr'>aegritudinem;</span> <span class='ocrx_word' id='word_1_344' title='bbox 2265 698 2316 728; x_wconf 89' lang='lat' dir='ltr'>vel</span> <span class='ocrx_word' id='word_1_345' title='bbox 2341 698 2499 738; x_wconf 87' lang='lat' dir='ltr'>navigare,</span> 
     </span>
     <span class='ocr_line' id='line_1_51' title="bbox 1417 742 2499 784; baseline -0.002 -9"><span class='ocrx_word' id='word_1_346' title='bbox 1417 752 1448 775; x_wconf 91' lang='lat' dir='ltr'>et</span> <span class='ocrx_word' id='word_1_347' title='bbox 1471 744 1515 775; x_wconf 93' lang='lat' dir='ltr'>sic</span> <span class='ocrx_word' id='word_1_348' title='bbox 1539 744 1720 784; x_wconf 89' lang='lat' dir='ltr'>periculum</span> <span class='ocrx_word' id='word_1_349' title='bbox 1746 744 1856 774; x_wconf 90' lang='lat' dir='ltr'>mortis</span> <span class='ocrx_word' id='word_1_350' title='bbox 1881 743 1913 773; x_wconf 92' lang='lat' dir='ltr'>in</span> <span class='ocrx_word' id='word_1_351' title='bbox 1938 742 2196 783; x_wconf 88' lang='lat' dir='ltr'>tempestatibus;</span> <span class='ocrx_word' id='word_1_352' title='bbox 2229 743 2279 773; x_wconf 89' lang='lat' dir='ltr'>vel</span> <span class='ocrx_word' id='word_1_353' title='bbox 2302 742 2442 773; x_wconf 90' lang='lat' dir='ltr'>itinerari</span> <span class='ocrx_word' id='word_1_354' title='bbox 2467 744 2499 773; x_wconf 89' lang='lat' dir='ltr'>in</span> 
     </span>
     <span class='ocr_line' id='line_1_52' title="bbox 1416 787 2499 828; baseline -0.003 -8"><span class='ocrx_word' id='word_1_355' title='bbox 1416 789 1495 820; x_wconf 92' lang='lat' dir='ltr'>locis</span> <span class='ocrx_word' id='word_1_356' title='bbox 1520 789 1574 819; x_wconf 94' lang='lat' dir='ltr'>ubi</span> <span class='ocrx_word' id='word_1_357' title='bbox 1600 799 1665 819; x_wconf 89' lang='lat' dir='ltr'>non</span> <span class='ocrx_word' id='word_1_358' title='bbox 1690 788 1758 819; x_wconf 91' lang='lat' dir='ltr'>sine</span> <span class='ocrx_word' id='word_1_359' title='bbox 1781 789 1946 819; x_wconf 88' lang='lat' dir='ltr'>latronum</span> <span class='ocrx_word' id='word_1_360' title='bbox 1967 795 2055 819; x_wconf 93' lang='lat' dir='ltr'>metu</span> <span class='ocrx_word' id='word_1_361' title='bbox 2080 788 2153 819; x_wconf 89' lang='lat' dir='ltr'>itur.</span> <span class='ocrx_word' id='word_1_362' title='bbox 2180 787 2383 828; x_wconf 88' lang='lat' dir='ltr'>Impavidum</span> <span class='ocrx_word' id='word_1_363' title='bbox 2401 787 2499 828; x_wconf 89' lang='lat' dir='ltr'>siqui-</span> 
     </span>
     <span class='ocr_line' id='line_1_53' title="bbox 1418 832 2499 873; baseline -0.001 -9"><span class='ocrx_word' id='word_1_364' title='bbox 1418 835 1489 864; x_wconf 90' lang='lat' dir='ltr'>dem</span> <span class='ocrx_word' id='word_1_365' title='bbox 1521 843 1589 864; x_wconf 90' lang='lat' dir='ltr'>esse</span> <span class='ocrx_word' id='word_1_366' title='bbox 1618 833 1651 863; x_wconf 94' lang='lat' dir='ltr'>in</span> <span class='ocrx_word' id='word_1_367' title='bbox 1682 833 1871 864; x_wconf 91' lang='lat' dir='ltr'>huiusmodi</span> <span class='ocrx_word' id='word_1_368' title='bbox 1903 833 2068 873; x_wconf 91' lang='lat' dir='ltr'>periculis,</span> <span class='ocrx_word' id='word_1_369' title='bbox 2094 842 2301 873; x_wconf 89' lang='lat' dir='ltr'>quacumque</span> <span class='ocrx_word' id='word_1_370' title='bbox 2330 832 2499 863; x_wconf 85' lang='lat' dir='ltr'>occasione</span> 
     </span>
     <span class='ocr_line' id='line_1_54' title="bbox 1417 877 2500 918; baseline -0.001 -9"><span class='ocrx_word' id='word_1_371' title='bbox 1417 878 1558 909; x_wconf 88' lang='lat' dir='ltr'>inveniat</span> <span class='ocrx_word' id='word_1_372' title='bbox 1580 888 1613 908; x_wconf 90' lang='lat' dir='ltr'>se</span> <span class='ocrx_word' id='word_1_373' title='bbox 1636 878 1670 908; x_wconf 89' lang='lat' dir='ltr'>in</span> <span class='ocrx_word' id='word_1_374' title='bbox 1695 878 1742 908; x_wconf 91' lang='lat' dir='ltr'>his</span> <span class='ocrx_word' id='word_1_375' title='bbox 1766 878 1885 914; x_wconf 89' lang='lat' dir='ltr'>homo,</span> <span class='ocrx_word' id='word_1_376' title='bbox 1911 885 2032 918; x_wconf 87' lang='lat' dir='ltr'>spectat</span> <span class='ocrx_word' id='word_1_377' title='bbox 2062 877 2222 918; x_wconf 88' lang='lat' dir='ltr'>siquidem</span> <span class='ocrx_word' id='word_1_378' title='bbox 2245 877 2435 908; x_wconf 87' lang='lat' dir='ltr'>secundario</span> <span class='ocrx_word' id='word_1_379' title='bbox 2460 878 2500 907; x_wconf 89' lang='lat' dir='ltr'>ad</span> 
     </span>
     <span class='ocr_line' id='line_1_55' title="bbox 1417 918 2499 962; baseline -0.001 -9"><span class='ocrx_word' id='word_1_380' title='bbox 1417 918 1551 959; x_wconf 61' lang='lat' dir='ltr'>fortem,</span> <span class='ocrx_word' id='word_1_381' title='bbox 1577 922 1664 953; x_wconf 90' lang='lat' dir='ltr'>utin</span> <span class='ocrx_word' id='word_1_382' title='bbox 1689 922 1730 952; x_wconf 90' lang='lat'>111</span> <span class='ocrx_word' id='word_1_383' title='bbox 1752 922 1867 952; x_wconf 90' lang='lat' dir='ltr'>dicitur</span> <span class='ocrx_word' id='word_1_384' title='bbox 1890 922 1993 952; x_wconf 84' lang='lat' dir='ltr'>Ethic.</span> <span class='ocrx_word' id='word_1_385' title='bbox 2010 922 2028 941; x_wconf 89' lang='lat'><strong>*</strong></span> <span class='ocrx_word' id='word_1_386' title='bbox 2061 922 2122 953; x_wconf 90' lang='lat' dir='ltr'>Sed</span> <span class='ocrx_word' id='word_1_387' title='bbox 2147 922 2351 962; x_wconf 90' lang='lat' dir='ltr'>impavidum</span> <span class='ocrx_word' id='word_1_388' title='bbox 2374 932 2442 952; x_wconf 89' lang='lat' dir='ltr'>esse</span> <span class='ocrx_word' id='word_1_389' title='bbox 2466 922 2499 952; x_wconf 92' lang='lat' dir='ltr'>in</span> 
     </span>
     <span class='ocr_line' id='line_1_56' title="bbox 1416 966 2499 1007; baseline 0 -10"><span class='ocrx_word' id='word_1_390' title='bbox 1416 967 1537 998; x_wconf 90' lang='lat' dir='ltr'>eisdem</span> <span class='ocrx_word' id='word_1_391' title='bbox 1557 974 1688 1007; x_wconf 90' lang='lat' dir='ltr'>propter</span> <span class='ocrx_word' id='word_1_392' title='bbox 1704 976 1888 1006; x_wconf 85' lang='lat' dir='ltr'>aggressum</span> <span class='ocrx_word' id='word_1_393' title='bbox 1906 976 1990 1007; x_wconf 88' lang='lat' dir='ltr'>opus</span> <span class='ocrx_word' id='word_1_394' title='bbox 2006 966 2141 1002; x_wconf 86' lang='lat' dir='ltr'>virtutis,</span> <span class='ocrx_word' id='word_1_395' title='bbox 2159 967 2263 998; x_wconf 90' lang='lat' dir='ltr'>multo</span> <span class='ocrx_word' id='word_1_396' title='bbox 2284 967 2499 1007; x_wconf 89' lang='lat' dir='ltr'>propinquius</span> 
     </span>
     <span class='ocr_line' id='line_1_57' title="bbox 1417 1010 2500 1052; baseline 0 -10"><span class='ocrx_word' id='word_1_397' title='bbox 1417 1018 1539 1052; x_wconf 88' lang='lat' dir='ltr'>spectat</span> <span class='ocrx_word' id='word_1_398' title='bbox 1569 1012 1608 1041; x_wconf 89' lang='lat' dir='ltr'>ad</span> <span class='ocrx_word' id='word_1_399' title='bbox 1640 1010 1772 1041; x_wconf 88' lang='lat' dir='ltr'>fortem:</span> <span class='ocrx_word' id='word_1_400' title='bbox 1803 1010 1960 1051; x_wconf 89' lang='lat' dir='ltr'>quoniam</span> <span class='ocrx_word' id='word_1_401' title='bbox 1991 1010 2179 1041; x_wconf 90' lang='lat' dir='ltr'>huiusmodi</span> <span class='ocrx_word' id='word_1_402' title='bbox 2216 1011 2356 1051; x_wconf 86' lang='lat' dir='ltr'>pericula</span> <span class='ocrx_word' id='word_1_403' title='bbox 2387 1012 2500 1042; x_wconf 90' lang='lat' dir='ltr'>mortis</span> 
     </span>
     <span class='ocr_line' id='line_1_58' title="bbox 1417 1055 2500 1095; baseline 0.001 -9"><span class='ocrx_word' id='word_1_404' title='bbox 1417 1064 1492 1087; x_wconf 92' lang='lat' dir='ltr'>sunt</span> <span class='ocrx_word' id='word_1_405' title='bbox 1515 1056 1611 1087; x_wconf 89' lang='lat' dir='ltr'>etiam</span> <span class='ocrx_word' id='word_1_406' title='bbox 1635 1056 1738 1091; x_wconf 88' lang='lat' dir='ltr'>bona,</span> <span class='ocrx_word' id='word_1_407' title='bbox 1764 1055 1839 1095; x_wconf 87' lang='lat' dir='ltr'>quia</span> <span class='ocrx_word' id='word_1_408' title='bbox 1870 1062 2001 1095; x_wconf 91' lang='lat' dir='ltr'>propter</span> <span class='ocrx_word' id='word_1_409' title='bbox 2024 1055 2149 1085; x_wconf 90' lang='lat' dir='ltr'>bonum</span> <span class='ocrx_word' id='word_1_410' title='bbox 2173 1056 2308 1087; x_wconf 85' lang='lat' dir='ltr'>virtutis.</span> <span class='ocrx_word' id='word_1_411' title='bbox 2338 1055 2500 1087; x_wconf 85' lang='lat' dir='ltr'>Deficiunt</span> 
     </span>
     <span class='ocr_line' id='line_1_59' title="bbox 1417 1099 2499 1140; baseline 0.001 -9"><span class='ocrx_word' id='word_1_412' title='bbox 1417 1108 1526 1132; x_wconf 89' lang='lat' dir='ltr'>autem</span> <span class='ocrx_word' id='word_1_413' title='bbox 1550 1110 1567 1130; x_wconf 89' lang='lat' dir='ltr'>a</span> <span class='ocrx_word' id='word_1_414' title='bbox 1591 1099 1759 1140; x_wconf 88' lang='lat' dir='ltr'>principali</span> <span class='ocrx_word' id='word_1_415' title='bbox 1784 1099 1915 1129; x_wconf 86' lang='lat' dir='ltr'>materia</span> <span class='ocrx_word' id='word_1_416' title='bbox 1939 1099 2152 1130; x_wconf 88' lang='lat' dir='ltr'>fortitudinis:</span> <span class='ocrx_word' id='word_1_417' title='bbox 2181 1100 2256 1140; x_wconf 86' lang='lat' dir='ltr'>quia</span> <span class='ocrx_word' id='word_1_418' title='bbox 2281 1101 2365 1131; x_wconf 91' lang='lat' dir='ltr'>mala</span> <span class='ocrx_word' id='word_1_419' title='bbox 2388 1101 2499 1132; x_wconf 92' lang='lat' dir='ltr'>huius-</span> 
     </span>
     <span class='ocr_line' id='line_1_60' title="bbox 1418 1144 2498 1184; baseline 0 -8"><span class='ocrx_word' id='word_1_420' title='bbox 1418 1146 1507 1176; x_wconf 89' lang='lat' dir='ltr'>modi</span> <span class='ocrx_word' id='word_1_421' title='bbox 1538 1155 1604 1175; x_wconf 92' lang='lat' dir='ltr'>non</span> <span class='ocrx_word' id='word_1_422' title='bbox 1636 1144 1754 1174; x_wconf 91' lang='lat' dir='ltr'>directe</span> <span class='ocrx_word' id='word_1_423' title='bbox 1784 1151 1815 1174; x_wconf 91' lang='lat' dir='ltr'>et</span> <span class='ocrx_word' id='word_1_424' title='bbox 1846 1154 1902 1184; x_wconf 85' lang='lat' dir='ltr'>per</span> <span class='ocrx_word' id='word_1_425' title='bbox 1925 1154 1958 1174; x_wconf 88' lang='lat' dir='ltr'>se</span> <span class='ocrx_word' id='word_1_426' title='bbox 1982 1144 2119 1174; x_wconf 90' lang='lat' dir='ltr'>tendunt</span> <span class='ocrx_word' id='word_1_427' title='bbox 2142 1145 2182 1174; x_wconf 85' lang='lat' dir='ltr'>ad</span> <span class='ocrx_word' id='word_1_428' title='bbox 2206 1145 2331 1175; x_wconf 91' lang='lat' dir='ltr'>bonum</span> <span class='ocrx_word' id='word_1_429' title='bbox 2354 1145 2498 1182; x_wconf 87' lang='lat' dir='ltr'>virtutis;</span> 
     </span>
     <span class='ocr_line' id='line_1_61' title="bbox 1417 1188 2499 1231; baseline -0.001 -10"><span class='ocrx_word' id='word_1_430' title='bbox 1417 1190 1574 1231; x_wconf 85' lang='lat' dir='ltr'>quoniam</span> <span class='ocrx_word' id='word_1_431' title='bbox 1605 1199 1671 1219; x_wconf 91' lang='lat' dir='ltr'>non</span> <span class='ocrx_word' id='word_1_432' title='bbox 1702 1189 1776 1218; x_wconf 92' lang='lat' dir='ltr'>ideo</span> <span class='ocrx_word' id='word_1_433' title='bbox 1806 1188 1978 1219; x_wconf 88' lang='lat' dir='ltr'>imminent</span> <span class='ocrx_word' id='word_1_434' title='bbox 2006 1195 2041 1219; x_wconf 92' lang='lat' dir='ltr'>ut</span> <span class='ocrx_word' id='word_1_435' title='bbox 2063 1188 2215 1219; x_wconf 92' lang='lat' dir='ltr'>virtutem</span> <span class='ocrx_word' id='word_1_436' title='bbox 2239 1190 2418 1226; x_wconf 82' lang='lat' dir='ltr'>destruant,</span> <span class='ocrx_word' id='word_1_437' title='bbox 2444 1191 2499 1220; x_wconf 91' lang='lat' dir='ltr'>sed</span> 
     </span>
    </p>
   </div>
   <div class='ocr_carea' id='block_1_14' title="bbox 1397 1233 2498 1274">
    <p class='ocr_par' dir='ltr' id='par_1_16' title="bbox 1397 1233 2498 1274">
     <span class='ocr_line' id='line_1_62' title="bbox 1397 1233 2498 1274; baseline -0.001 -8"><span class='ocrx_word' id='word_1_438' title='bbox 1397 1234 1606 1266; x_wconf 59' lang='lat' dir='ltr'>*tantundem</span> <span class='ocrx_word' id='word_1_439' title='bbox 1630 1233 1835 1264; x_wconf 90' lang='lat' dir='ltr'>imminerent</span> <span class='ocrx_word' id='word_1_440' title='bbox 1859 1233 1884 1263; x_wconf 90' lang='lat' dir='ltr'>si</span> <span class='ocrx_word' id='word_1_441' title='bbox 1901 1243 2108 1274; x_wconf 84' lang='lat' dir='ltr'>quacumque</span> <span class='ocrx_word' id='word_1_442' title='bbox 2132 1243 2169 1263; x_wconf 87' lang='lat' dir='ltr'>ex</span> <span class='ocrx_word' id='word_1_443' title='bbox 2194 1244 2288 1264; x_wconf 89' lang='lat' dir='ltr'>causa</span> <span class='ocrx_word' id='word_1_444' title='bbox 2308 1234 2372 1264; x_wconf 90' lang='lat' dir='ltr'>illic</span> <span class='ocrx_word' id='word_1_445' title='bbox 2396 1234 2498 1265; x_wconf 89' lang='lat' dir='ltr'>homo</span> 
     </span>
    </p>
   </div>
   <div class='ocr_carea' id='block_1_15' title="bbox 1416 1278 2499 1365">
    <p class='ocr_par' dir='ltr' id='par_1_17' title="bbox 1416 1278 2499 1365">
     <span class='ocr_line' id='line_1_63' title="bbox 1416 1278 2499 1319; baseline 0 -9"><span class='ocrx_word' id='word_1_446' title='bbox 1416 1279 1619 1310; x_wconf 89' lang='lat' dir='ltr'>inveniretur.</span> <span class='ocrx_word' id='word_1_447' title='bbox 1646 1278 1816 1309; x_wconf 91' lang='lat' dir='ltr'>Fortitudo</span> <span class='ocrx_word' id='word_1_448' title='bbox 1834 1278 1920 1308; x_wconf 90' lang='lat' dir='ltr'>enim</span> <span class='ocrx_word' id='word_1_449' title='bbox 1943 1278 2024 1308; x_wconf 89' lang='lat' dir='ltr'>circa</span> <span class='ocrx_word' id='word_1_450' title='bbox 2041 1278 2180 1308; x_wconf 83' lang='lat' dir='ltr'>maxima</span> <span class='ocrx_word' id='word_1_451' title='bbox 2195 1285 2226 1309; x_wconf 94' lang='lat' dir='ltr'>et</span> <span class='ocrx_word' id='word_1_452' title='bbox 2241 1279 2358 1310; x_wconf 89' lang='lat' dir='ltr'>directe</span> <span class='ocrx_word' id='word_1_453' title='bbox 2375 1279 2499 1319; x_wconf 89' lang='lat' dir='ltr'>optima</span> 
     </span>
     <span class='ocr_line' id='line_1_64' title="bbox 1416 1322 2498 1365; baseline -0.002 -9"><span class='ocrx_word' id='word_1_454' title='bbox 1416 1331 1463 1356; x_wconf 84' lang='lat' dir='ltr'>est</span> <span class='ocrx_word' id='word_1_455' title='bbox 1486 1323 1645 1365; x_wconf 86' lang='lat' dir='ltr'>pericula,</span> <span class='ocrx_word' id='word_1_456' title='bbox 1671 1333 1753 1364; x_wconf 89' lang='lat' dir='ltr'>quae</span> <span class='ocrx_word' id='word_1_457' title='bbox 1778 1322 1897 1353; x_wconf 91' lang='lat' dir='ltr'>scilicet</span> <span class='ocrx_word' id='word_1_458' title='bbox 1920 1322 2037 1353; x_wconf 88' lang='lat' dir='ltr'>directe</span> <span class='ocrx_word' id='word_1_459' title='bbox 2060 1323 2197 1354; x_wconf 90' lang='lat' dir='ltr'>tendunt</span> <span class='ocrx_word' id='word_1_460' title='bbox 2221 1331 2331 1354; x_wconf 90' lang='lat' dir='ltr'>contra</span> <span class='ocrx_word' id='word_1_461' title='bbox 2356 1323 2498 1364; x_wconf 88' lang='lat' dir='ltr'>optima,</span> 
     </span>
    </p>
   </div>
   <div class='ocr_carea' id='block_1_16' title="bbox 1417 1368 2498 1453">
    <p class='ocr_par' dir='ltr' id='par_1_18' title="bbox 1417 1368 2498 1453">
     <span class='ocr_line' id='line_1_65' title="bbox 1417 1368 1715 1401; baseline -0.007 -1"><span class='ocrx_word' id='word_1_462' title='bbox 1417 1370 1479 1401; x_wconf 90' lang='lat' dir='ltr'>hoc</span> <span class='ocrx_word' id='word_1_463' title='bbox 1503 1375 1551 1399; x_wconf 89' lang='lat' dir='ltr'>est</span> <span class='ocrx_word' id='word_1_464' title='bbox 1573 1368 1715 1398; x_wconf 90' lang='lat' dir='ltr'>virtutes.</span> 
     </span>
     <span class='ocr_line' id='line_1_66' title="bbox 1473 1411 2498 1453; baseline -0.001 -8"><span class='ocrx_word' id='word_1_465' title='bbox 1473 1414 1511 1445; x_wconf 89' lang='lat' dir='ltr'>X.</span> <span class='ocrx_word' id='word_1_466' title='bbox 1538 1414 1573 1444; x_wconf 89' lang='lat' dir='ltr'>ln</span> <span class='ocrx_word' id='word_1_467' title='bbox 1590 1413 1706 1444; x_wconf 87' lang='lat' dir='ltr'>eodem</span> <span class='ocrx_word' id='word_1_468' title='bbox 1731 1412 1845 1453; x_wconf 91' lang='lat' dir='ltr'>quinto</span> <span class='ocrx_word' id='word_1_469' title='bbox 1862 1411 2007 1448; x_wconf 91' lang='lat' dir='ltr'>articulo,</span> <span class='ocrx_word' id='word_1_470' title='bbox 2024 1412 2056 1442; x_wconf 93' lang='lat' dir='ltr'>in</span> <span class='ocrx_word' id='word_1_471' title='bbox 2074 1412 2284 1452; x_wconf 90' lang='lat' dir='ltr'>responsione</span> <span class='ocrx_word' id='word_1_472' title='bbox 2299 1413 2338 1442; x_wconf 90' lang='lat' dir='ltr'>ad</span> <span class='ocrx_word' id='word_1_473' title='bbox 2358 1412 2498 1449; x_wconf 88' lang='lat' dir='ltr'>tertium,</span> 
     </span>
    </p>
   </div>
   <div class='ocr_carea' id='block_1_17' title="bbox 1388 1456 2499 1539">
    <p class='ocr_par' dir='ltr' id='par_1_19' title="bbox 1388 1456 2499 1539">
     <span class='ocr_line' id='line_1_67' title="bbox 1388 1456 2499 1499; baseline -0.002 -9"><span class='ocrx_word' id='word_1_474' title='bbox 1388 1475 1390 1496; x_wconf 56' lang='lat' dir='ltr'><strong>f</strong></span> <span class='ocrx_word' id='word_1_475' title='bbox 1417 1459 1543 1490; x_wconf 89' lang='lat' dir='ltr'>adverte</span> <span class='ocrx_word' id='word_1_476' title='bbox 1567 1458 1657 1499; x_wconf 91' lang='lat' dir='ltr'>quod</span> <span class='ocrx_word' id='word_1_477' title='bbox 1681 1467 1743 1497; x_wconf 83' lang='lat' dir='ltr'>pax</span> <span class='ocrx_word' id='word_1_478' title='bbox 1760 1456 1962 1497; x_wconf 89' lang='lat' dir='ltr'>reipublicae,</span> <span class='ocrx_word' id='word_1_479' title='bbox 1981 1467 2039 1497; x_wconf 92' lang='lat' dir='ltr'>pro</span> <span class='ocrx_word' id='word_1_480' title='bbox 2057 1467 2121 1498; x_wconf 89' lang='lat' dir='ltr'>qua</span> <span class='ocrx_word' id='word_1_481' title='bbox 2140 1456 2175 1488; x_wconf 84' lang='lat' dir='ltr'>fit</span> <span class='ocrx_word' id='word_1_482' title='bbox 2194 1457 2326 1494; x_wconf 91' lang='lat' dir='ltr'>bellum,</span> <span class='ocrx_word' id='word_1_483' title='bbox 2344 1465 2391 1489; x_wconf 90' lang='lat' dir='ltr'>est</span> <span class='ocrx_word' id='word_1_484' title='bbox 2411 1465 2499 1488; x_wconf 90' lang='lat' dir='ltr'>actus</span> 
     </span>
     <span class='ocr_line' id='line_1_68' title="bbox 1388 1499 2498 1539; baseline -0.001 -5"><span class='ocrx_word' id='word_1_485' title='bbox 1388 1499 1390 1509; x_wconf 69' lang='grc'>’</span> <span class='ocrx_word' id='word_1_486' title='bbox 1418 1503 1551 1539; x_wconf 88' lang='lat' dir='ltr'>virtutis,</span> <span class='ocrx_word' id='word_1_487' title='bbox 1577 1510 1632 1533; x_wconf 88' lang='lat' dir='ltr'>aut</span> <span class='ocrx_word' id='word_1_488' title='bbox 1655 1502 1833 1533; x_wconf 89' lang='lat' dir='ltr'>secundum</span> <span class='ocrx_word' id='word_1_489' title='bbox 1859 1501 2022 1532; x_wconf 88' lang='lat' dir='ltr'>virtutem:</span> <span class='ocrx_word' id='word_1_490' title='bbox 2048 1512 2123 1532; x_wconf 89' lang='lat' dir='ltr'>cum</span> <span class='ocrx_word' id='word_1_491' title='bbox 2148 1501 2204 1538; x_wconf 91' lang='lat' dir='ltr'>sit,</span> <span class='ocrx_word' id='word_1_492' title='bbox 2229 1502 2408 1533; x_wconf 86' lang='lat' dir='ltr'>secundum</span> <span class='ocrx_word' id='word_1_493' title='bbox 2433 1505 2498 1533; x_wconf 92' lang='lat' dir='ltr'>Au-</span> 
     </span>
    </p>
   </div>
   <div class='ocr_carea' id='block_1_18' title="bbox 1417 1546 2499 1719">
    <p class='ocr_par' dir='ltr' id='par_1_20' title="bbox 1417 1546 2499 1719">
     <span class='ocr_line' id='line_1_69' title="bbox 1417 1546 2498 1589; baseline -0.001 -10"><span class='ocrx_word' id='word_1_494' title='bbox 1417 1549 1594 1589; x_wconf 87' lang='lat' dir='ltr'>gustinum,</span> <span class='ocrx_word' id='word_1_495' title='bbox 1620 1548 1693 1578; x_wconf 88' lang='lat' dir='ltr'>XIX</span> <span class='ocrx_word' id='word_1_496' title='bbox 1709 1547 1749 1577; x_wconf 85' lang='lat' dir='ltr'>de</span> <span class='ocrx_word' id='word_1_497' title='bbox 1767 1546 1836 1578; x_wconf 75' lang='lat' dir='ltr'>Ciu.</span> <span class='ocrx_word' id='word_1_498' title='bbox 1852 1547 1916 1577; x_wconf 86' lang='lat' dir='ltr'>Dei</span> <span class='ocrx_word' id='word_1_499' title='bbox 1931 1546 1957 1583; x_wconf 89' lang='lat'>*‚</span> <span class='ocrx_word' id='word_1_500' title='bbox 1983 1547 2135 1578; x_wconf 86' lang='lat' dir='ltr'>ordinata</span> <span class='ocrx_word' id='word_1_501' title='bbox 2152 1547 2335 1578; x_wconf 86' lang='lat' dir='ltr'>concordia.</span> <span class='ocrx_word' id='word_1_502' title='bbox 2361 1547 2401 1578; x_wconf 85' lang='lat' dir='ltr'>Et</span> <span class='ocrx_word' id='word_1_503' title='bbox 2425 1557 2498 1587; x_wconf 91' lang='lat' dir='ltr'>pro-</span> 
     </span>
     <span class='ocr_line' id='line_1_70' title="bbox 1418 1591 2498 1634; baseline -0.001 -10"><span class='ocrx_word' id='word_1_504' title='bbox 1418 1601 1524 1634; x_wconf 84' lang='lat' dir='ltr'>pterea</span> <span class='ocrx_word' id='word_1_505' title='bbox 1539 1603 1606 1623; x_wconf 92' lang='lat' dir='ltr'>non</span> <span class='ocrx_word' id='word_1_506' title='bbox 1623 1599 1670 1623; x_wconf 90' lang='lat' dir='ltr'>est</span> <span class='ocrx_word' id='word_1_507' title='bbox 1686 1591 1863 1632; x_wconf 91' lang='lat' dir='ltr'>temporale</span> <span class='ocrx_word' id='word_1_508' title='bbox 1879 1592 2015 1627; x_wconf 90' lang='lat' dir='ltr'>bonum,</span> <span class='ocrx_word' id='word_1_509' title='bbox 2034 1592 2089 1622; x_wconf 91' lang='lat' dir='ltr'>sed</span> <span class='ocrx_word' id='word_1_510' title='bbox 2105 1591 2214 1628; x_wconf 85' lang='lat' dir='ltr'>virtus,</span> <span class='ocrx_word' id='word_1_511' title='bbox 2232 1591 2304 1622; x_wconf 89' lang='lat' dir='ltr'>finis</span> <span class='ocrx_word' id='word_1_512' title='bbox 2322 1592 2395 1622; x_wconf 88' lang='lat' dir='ltr'>belli</span> <span class='ocrx_word' id='word_1_513' title='bbox 2412 1592 2498 1629; x_wconf 81' lang='lat' dir='ltr'>iusti,</span> 
     </span>
     <span class='ocr_line' id='line_1_71' title="bbox 1418 1635 2499 1680; baseline -0.001 -11"><span class='ocrx_word' id='word_1_514' title='bbox 1418 1638 1506 1680; x_wconf 86' lang='lat' dir='ltr'>quod</span> <span class='ocrx_word' id='word_1_515' title='bbox 1531 1648 1590 1678; x_wconf 90' lang='lat' dir='ltr'>pro</span> <span class='ocrx_word' id='word_1_516' title='bbox 1616 1647 1691 1678; x_wconf 86' lang='lat' dir='ltr'>pace</span> <span class='ocrx_word' id='word_1_517' title='bbox 1716 1635 1761 1667; x_wconf 87' lang='lat' dir='ltr'>fit.</span> <span class='ocrx_word' id='word_1_518' title='bbox 1791 1637 1866 1667; x_wconf 89' lang='lat' dir='ltr'>Non</span> <span class='ocrx_word' id='word_1_519' title='bbox 1890 1637 1975 1666; x_wconf 90' lang='lat' dir='ltr'>enim</span> <span class='ocrx_word' id='word_1_520' title='bbox 2001 1644 2048 1667; x_wconf 89' lang='lat' dir='ltr'>est</span> <span class='ocrx_word' id='word_1_521' title='bbox 2071 1647 2146 1677; x_wconf 85' lang='lat' dir='ltr'>pax,</span> <span class='ocrx_word' id='word_1_522' title='bbox 2173 1636 2254 1667; x_wconf 84' lang='lat' dir='ltr'>sicut</span> <span class='ocrx_word' id='word_1_523' title='bbox 2278 1647 2336 1667; x_wconf 89' lang='lat' dir='ltr'>nec</span> <span class='ocrx_word' id='word_1_524' title='bbox 2360 1637 2499 1668; x_wconf 89' lang='lat' dir='ltr'>amicitia</span> 
     </span>
     <span class='ocr_line' id='line_1_72' title="bbox 1418 1681 1972 1719; baseline -0.004 -5"><span class='ocrx_word' id='word_1_525' title='bbox 1418 1693 1501 1719; x_wconf 88' lang='lat' dir='ltr'>vera,</span> <span class='ocrx_word' id='word_1_526' title='bbox 1527 1682 1585 1713; x_wconf 88' lang='lat' dir='ltr'>nisi</span> <span class='ocrx_word' id='word_1_527' title='bbox 1609 1681 1786 1712; x_wconf 90' lang='lat' dir='ltr'>secundum</span> <span class='ocrx_word' id='word_1_528' title='bbox 1811 1681 1972 1712; x_wconf 89' lang='lat' dir='ltr'>virtutem.</span> 
     </span>
    </p>
   </div>
   <div class='ocr_carea' id='block_1_19' title="bbox 736 1827 2046 1956">
    <p class='ocr_par' dir='ltr' id='par_1_21' title="bbox 736 1827 2046 1956">
     <span class='ocr_line' id='line_1_73' title="bbox 1105 1827 1673 1872; baseline -0.004 0"><span class='ocrx_word' id='word_1_529' title='bbox 1105 1829 1428 1872; x_wconf 84' lang='lat' dir='ltr'>ARTICULUS</span> <span class='ocrx_word' id='word_1_530' title='bbox 1460 1827 1673 1871; x_wconf 89' lang='lat' dir='ltr'>SEXTUS</span> 
     </span>
     <span class='ocr_line' id='line_1_74' title="bbox 736 1920 2046 1956; baseline -0.004 0"><span class='ocrx_word' id='word_1_531' title='bbox 736 1924 893 1956; x_wconf 87' lang='lat' dir='ltr'><strong>UTRUM</strong></span> <span class='ocrx_word' id='word_1_532' title='bbox 917 1923 1157 1955; x_wconf 76' lang='lat' dir='ltr'>susTmERE</span> <span class='ocrx_word' id='word_1_533' title='bbox 1182 1923 1250 1954; x_wconf 85' lang='lat' dir='ltr'>SIT</span> <span class='ocrx_word' id='word_1_534' title='bbox 1273 1921 1541 1954; x_wconf 76' lang='lat' dir='ltr'>PRINCIPALIS</span> <span class='ocrx_word' id='word_1_535' title='bbox 1564 1920 1710 1952; x_wconf 83' lang='lat' dir='ltr'>ACTUS</span> <span class='ocrx_word' id='word_1_536' title='bbox 1734 1920 2046 1952; x_wconf 78' lang='lat' dir='ltr'>FORTITUDtle</span> 
     </span>
    </p>
   </div>
   <div class='ocr_carea' id='block_1_20' title="bbox 494 1998 2280 2071">
    <p class='ocr_par' dir='ltr' id='par_1_22' title="bbox 494 1998 2280 2071">
     <span class='ocr_line' id='line_1_75' title="bbox 494 1998 2280 2036; baseline -0.002 -7"><span class='ocrx_word' id='word_1_537' title='bbox 494 2005 569 2035; x_wconf 83' lang='lat' dir='ltr'>Infra,</span> <span class='ocrx_word' id='word_1_538' title='bbox 589 2009 637 2029; x_wconf 87' lang='lat' dir='ltr'>art.</span> <span class='ocrx_word' id='word_1_539' title='bbox 662 2011 700 2035; x_wconf 77' lang='grc' dir='ltr'>ιι,</span> <span class='ocrx_word' id='word_1_540' title='bbox 721 2004 753 2028; x_wconf 86' lang='lat' dir='ltr'>ad</span> <span class='ocrx_word' id='word_1_541' title='bbox 777 2011 802 2034; x_wconf 75' lang='lat'>13</span> <span class='ocrx_word' id='word_1_542' title='bbox 822 2011 868 2036; x_wconf 89' lang='lat' dir='ltr'>qu.</span> <span class='ocrx_word' id='word_1_543' title='bbox 887 2011 954 2034; x_wconf 64' lang='lat' dir='ltr'>cxci,</span> <span class='ocrx_word' id='word_1_544' title='bbox 974 2009 1022 2028; x_wconf 82' lang='lat' dir='ltr'>art.</span> <span class='ocrx_word' id='word_1_545' title='bbox 1044 2002 1073 2033; x_wconf 80' lang='lat'>33</span> <span class='ocrx_word' id='word_1_546' title='bbox 1094 2003 1124 2027; x_wconf 93' lang='lat'>111</span> <span class='ocrx_word' id='word_1_547' title='bbox 1145 2003 1230 2031; x_wconf 67' lang='lat' dir='ltr'>Sent„</span> <span class='ocrx_word' id='word_1_548' title='bbox 1251 2002 1312 2027; x_wconf 84' lang='lat' dir='ltr'>dist.</span> <span class='ocrx_word' id='word_1_549' title='bbox 1330 2009 1416 2032; x_wconf 85' lang='lat' dir='ltr'>xxxm,</span> <span class='ocrx_word' id='word_1_550' title='bbox 1436 2009 1481 2034; x_wconf 89' lang='lat' dir='ltr'>qu.</span> <span class='ocrx_word' id='word_1_551' title='bbox 1500 2008 1528 2032; x_wconf 89' lang='grc' dir='ltr'>ιι,</span> <span class='ocrx_word' id='word_1_552' title='bbox 1548 2006 1594 2026; x_wconf 88' lang='lat' dir='ltr'>art.</span> <span class='ocrx_word' id='word_1_553' title='bbox 1616 2000 1639 2030; x_wconf 81' lang='lat'>3.</span> <span class='ocrx_word' id='word_1_554' title='bbox 1660 2001 1692 2025; x_wconf 87' lang='lat' dir='ltr'>ad</span> <span class='ocrx_word' id='word_1_555' title='bbox 1710 1998 1742 2031; x_wconf 88' lang='lat'>6;</span> <span class='ocrx_word' id='word_1_556' title='bbox 1763 2001 1821 2025; x_wconf 88' lang='lat' dir='ltr'>dist.</span> <span class='ocrx_word' id='word_1_557' title='bbox 1840 2008 1925 2031; x_wconf 66' lang='lat' dir='ltr'>xxxxv&#39;,</span> <span class='ocrx_word' id='word_1_558' title='bbox 1945 2008 1990 2033; x_wconf 88' lang='lat' dir='ltr'>qu.</span> <span class='ocrx_word' id='word_1_559' title='bbox 2010 2008 2046 2030; x_wconf 85' lang='grc' dir='ltr'>ιιι,</span> <span class='ocrx_word' id='word_1_560' title='bbox 2067 2006 2114 2026; x_wconf 85' lang='lat' dir='ltr'>art.</span> <span class='ocrx_word' id='word_1_561' title='bbox 2139 2009 2159 2032; x_wconf 86' lang='lat'>1,</span> <span class='ocrx_word' id='word_1_562' title='bbox 2180 2000 2229 2033; x_wconf 70' lang='lat' dir='ltr'>qu¹⁵</span> <span class='ocrx_word' id='word_1_563' title='bbox 2251 2008 2280 2030; x_wconf 83' lang='lat'>2;</span> 
     </span>
     <span class='ocr_line' id='line_1_76' title="bbox 1019 2037 1759 2071; baseline -0.005 -7"><span class='ocrx_word' id='word_1_564' title='bbox 1019 2038 1052 2064; x_wconf 81' lang='lat' dir='ltr'>de</span> <span class='ocrx_word' id='word_1_565' title='bbox 1074 2038 1183 2067; x_wconf 73' lang='lat' dir='ltr'>Virtut„</span> <span class='ocrx_word' id='word_1_566' title='bbox 1203 2046 1249 2071; x_wconf 84' lang='lat' dir='ltr'>qu.</span> <span class='ocrx_word' id='word_1_567' title='bbox 1269 2046 1286 2068; x_wconf 88' lang='grc' dir='ltr'>ι,</span> <span class='ocrx_word' id='word_1_568' title='bbox 1306 2042 1353 2063; x_wconf 83' lang='lat' dir='ltr'>art.</span> <span class='ocrx_word' id='word_1_569' title='bbox 1377 2044 1422 2067; x_wconf 79' lang='lat'>1²3</span> <span class='ocrx_word' id='word_1_570' title='bbox 1442 2037 1473 2062; x_wconf 91' lang='lat'>111</span> <span class='ocrx_word' id='word_1_571' title='bbox 1496 2037 1591 2066; x_wconf 77' lang='lat' dir='ltr'>Ethic.,</span> <span class='ocrx_word' id='word_1_572' title='bbox 1611 2037 1669 2061; x_wconf 86' lang='lat' dir='ltr'>lect.</span> <span class='ocrx_word' id='word_1_573' title='bbox 1689 2043 1759 2061; x_wconf 85' lang='lat' dir='ltr'>xvru.</span> 
     </span>
    </p>
   </div>
   <div class='ocr_carea' id='block_1_21' title="bbox 291 2136 483 2329">
    <p class='ocr_par' dir='ltr' id='par_1_23' title="bbox 291 2136 483 2329">
     <span class='ocr_line' id='line_1_77' title="bbox 291 2136 483 2329; baseline 0 1869"><span class='ocrx_word' id='word_1_574' title='bbox 291 2136 483 2329; x_wconf 95' lang='lat' dir='ltr'> </span> 
     </span>
    </p>
   </div>
   <div class='ocr_carea' id='block_1_22' title="bbox 263 2317 1359 2653">
    <p class='ocr_par' dir='ltr' id='par_1_24' title="bbox 263 2317 1358 2439">
     <span class='ocr_line' id='line_1_78' title="bbox 263 2317 1358 2395; baseline -0.004 -21"><span class='ocrx_word' id='word_1_575' title='bbox 263 2317 468 2374; x_wconf 70' lang='lat' dir='ltr'>difficilius</span> <span class='ocrx_word' id='word_1_576' title='bbox 497 2343 555 2373; x_wconf 88' lang='lat' dir='ltr'>est</span> <span class='ocrx_word' id='word_1_577' title='bbox 581 2335 746 2395; x_wconf 88' lang='lat' dir='ltr'>aggredi</span> <span class='ocrx_word' id='word_1_578' title='bbox 765 2346 883 2384; x_wconf 90' lang='lat' dir='ltr'>quam</span> <span class='ocrx_word' id='word_1_579' title='bbox 913 2334 1112 2371; x_wconf 87' lang='lat' dir='ltr'>sustinere.</span> <span class='ocrx_word' id='word_1_580' title='bbox 1152 2334 1255 2382; x_wconf 86' lang='lat' dir='ltr'>Ergo</span> <span class='ocrx_word' id='word_1_581' title='bbox 1277 2345 1358 2370; x_wconf 88' lang='lat' dir='ltr'>sus—</span> 
     </span>
     <span class='ocr_line' id='line_1_79' title="bbox 277 2387 1258 2439; baseline -0.004 -11"><span class='ocrx_word' id='word_1_582' title='bbox 277 2390 397 2428; x_wconf 83' lang='lat' dir='ltr'>tinere</span> <span class='ocrx_word' id='word_1_583' title='bbox 426 2401 506 2427; x_wconf 91' lang='lat' dir='ltr'>non</span> <span class='ocrx_word' id='word_1_584' title='bbox 535 2397 592 2427; x_wconf 90' lang='lat' dir='ltr'>est</span> <span class='ocrx_word' id='word_1_585' title='bbox 619 2388 851 2439; x_wconf 90' lang='lat' dir='ltr'>praecipuus</span> <span class='ocrx_word' id='word_1_586' title='bbox 879 2387 1110 2426; x_wconf 88' lang='lat' dir='ltr'>fortitudinis</span> <span class='ocrx_word' id='word_1_587' title='bbox 1139 2394 1258 2424; x_wconf 90' lang='lat' dir='ltr'>actus.</span> 
     </span>
    </p>

    <p class='ocr_par' dir='ltr' id='par_1_25' title="bbox 276 2441 1359 2653">
     <span class='ocr_line' id='line_1_80' title="bbox 332 2441 1359 2491; baseline -0.003 -10"><span class='ocrx_word' id='word_1_588' title='bbox 332 2455 368 2481; x_wconf 86' lang='lat'>2.</span> <span class='ocrx_word' id='word_1_589' title='bbox 399 2444 646 2490; x_wconf 78' lang='lat' dir='ltr'>PRAETEREA,</span> <span class='ocrx_word' id='word_1_590' title='bbox 675 2442 834 2480; x_wconf 89' lang='lat' dir='ltr'>maioris</span> <span class='ocrx_word' id='word_1_591' title='bbox 862 2442 1059 2491; x_wconf 88' lang='lat' dir='ltr'>potentiae</span> <span class='ocrx_word' id='word_1_592' title='bbox 1093 2453 1178 2479; x_wconf 89' lang='lat' dir='ltr'>esse</span> <span class='ocrx_word' id='word_1_593' title='bbox 1204 2441 1359 2479; x_wconf 89' lang='lat' dir='ltr'>videtur</span> 
     </span>
     <span class='ocr_line' id='line_1_81' title="bbox 276 2494 1357 2547; baseline -0.003 -12"><span class='ocrx_word' id='word_1_594' title='bbox 276 2497 385 2547; x_wconf 87' lang='lat' dir='ltr'>quod</span> <span class='ocrx_word' id='word_1_595' title='bbox 413 2497 555 2547; x_wconf 88' lang='lat' dir='ltr'>aliquid</span> <span class='ocrx_word' id='word_1_596' title='bbox 592 2496 712 2546; x_wconf 85' lang='lat' dir='ltr'>possit</span> <span class='ocrx_word' id='word_1_597' title='bbox 740 2496 778 2533; x_wconf 91' lang='lat' dir='ltr'>in</span> <span class='ocrx_word' id='word_1_598' title='bbox 807 2495 909 2534; x_wconf 91' lang='lat' dir='ltr'>aliud</span> <span class='ocrx_word' id='word_1_599' title='bbox 947 2508 1061 2544; x_wconf 88' lang='lat' dir='ltr'>agere</span> <span class='ocrx_word' id='word_1_600' title='bbox 1103 2507 1222 2544; x_wconf 89' lang='lat' dir='ltr'>quam</span> <span class='ocrx_word' id='word_1_601' title='bbox 1252 2494 1357 2544; x_wconf 92' lang='lat' dir='ltr'>quod</span> 
     </span>
     <span class='ocr_line' id='line_1_82' title="bbox 277 2548 1358 2601; baseline -0.002 -13"><span class='ocrx_word' id='word_1_602' title='bbox 277 2551 405 2601; x_wconf 87' lang='lat' dir='ltr'>ipsum</span> <span class='ocrx_word' id='word_1_603' title='bbox 434 2552 483 2588; x_wconf 91' lang='lat' dir='ltr'>ab</span> <span class='ocrx_word' id='word_1_604' title='bbox 512 2550 586 2588; x_wconf 90' lang='lat' dir='ltr'>alio</span> <span class='ocrx_word' id='word_1_605' title='bbox 616 2562 695 2587; x_wconf 89' lang='lat' dir='ltr'>non</span> <span class='ocrx_word' id='word_1_606' title='bbox 724 2549 961 2588; x_wconf 89' lang='lat' dir='ltr'>immutetur.</span> <span class='ocrx_word' id='word_1_607' title='bbox 1001 2549 1079 2587; x_wconf 92' lang='lat' dir='ltr'>Sed</span> <span class='ocrx_word' id='word_1_608' title='bbox 1108 2548 1263 2598; x_wconf 84' lang='lat' dir='ltr'>aggredi</span> <span class='ocrx_word' id='word_1_609' title='bbox 1301 2557 1358 2586; x_wconf 90' lang='lat' dir='ltr'>est</span> 
     </span>
     <span class='ocr_line' id='line_1_83' title="bbox 277 2603 1357 2653; baseline -0.003 -11"><span class='ocrx_word' id='word_1_610' title='bbox 277 2605 316 2642; x_wconf 90' lang='lat' dir='ltr'>in</span> <span class='ocrx_word' id='word_1_611' title='bbox 345 2605 447 2642; x_wconf 92' lang='lat' dir='ltr'>aliud</span> <span class='ocrx_word' id='word_1_612' title='bbox 467 2617 592 2653; x_wconf 82' lang='lat' dir='ltr'>agere,</span> <span class='ocrx_word' id='word_1_613' title='bbox 615 2604 799 2642; x_wconf 88' lang='lat' dir='ltr'>sustinere</span> <span class='ocrx_word' id='word_1_614' title='bbox 824 2611 954 2641; x_wconf 86' lang='lat' dir='ltr'>autern</span> <span class='ocrx_word' id='word_1_615' title='bbox 977 2611 1033 2641; x_wconf 89' lang='lat' dir='ltr'>est</span> <span class='ocrx_word' id='word_1_616' title='bbox 1052 2603 1253 2640; x_wconf 90' lang='lat' dir='ltr'>immobile</span> <span class='ocrx_word' id='word_1_617' title='bbox 1271 2615 1357 2652; x_wconf 91' lang='lat' dir='ltr'>per-</span> 
     </span>
    </p>
   </div>
   <div class='ocr_carea' id='block_1_23' title="bbox 277 2657 1385 2706">
    <p class='ocr_par' dir='ltr' id='par_1_26' title="bbox 277 2657 1385 2706">
     <span class='ocr_line' id='line_1_84' title="bbox 277 2657 1385 2706; baseline -0.003 -10"><span class='ocrx_word' id='word_1_618' title='bbox 277 2671 466 2697; x_wconf 90' lang='lat' dir='ltr'>severare.</span> <span class='ocrx_word' id='word_1_619' title='bbox 506 2658 608 2695; x_wconf 91' lang='lat' dir='ltr'>Cum</span> <span class='ocrx_word' id='word_1_620' title='bbox 639 2670 729 2706; x_wconf 90' lang='lat' dir='ltr'>ergo</span> <span class='ocrx_word' id='word_1_621' title='bbox 767 2657 948 2695; x_wconf 87' lang='lat' dir='ltr'>fortitudo</span> <span class='ocrx_word' id='word_1_622' title='bbox 981 2657 1258 2706; x_wconf 87' lang='lat' dir='ltr'>perfectionem</span> <span class='ocrx_word' id='word_1_623' title='bbox 1287 2669 1356 2706; x_wconf 91' lang='lat' dir='ltr'>po·</span> <span class='ocrx_word' id='word_1_624' title='bbox 1384 2689 1385 2692; x_wconf 73' lang='grc'>,</span> 
     </span>
    </p>
   </div>
   <div class='ocr_carea' id='block_1_24' title="bbox 276 2710 2489 2810">
    <p class='ocr_par' dir='ltr' id='par_1_27' title="bbox 276 2710 2489 2810">
     <span class='ocr_line' id='line_1_85' title="bbox 276 2710 1384 2760; baseline -0.003 -10"><span class='ocrx_word' id='word_1_625' title='bbox 276 2712 415 2751; x_wconf 86' lang='lat' dir='ltr'>tentiae</span> <span class='ocrx_word' id='word_1_626' title='bbox 445 2712 636 2759; x_wconf 84' lang='lat' dir='ltr'>nominet,</span> <span class='ocrx_word' id='word_1_627' title='bbox 664 2711 818 2749; x_wconf 88' lang='lat' dir='ltr'>videtur</span> <span class='ocrx_word' id='word_1_628' title='bbox 845 2711 951 2760; x_wconf 92' lang='lat' dir='ltr'>quod</span> <span class='ocrx_word' id='word_1_629' title='bbox 978 2711 1101 2760; x_wconf 89' lang='lat' dir='ltr'>magis</span> <span class='ocrx_word' id='word_1_630' title='bbox 1130 2711 1179 2748; x_wconf 92' lang='lat' dir='ltr'>ad</span> <span class='ocrx_word' id='word_1_631' title='bbox 1213 2710 1357 2748; x_wconf 89' lang='lat' dir='ltr'>fortitu-</span> <span class='ocrx_word' id='word_1_632' title='bbox 1383 2737 1384 2742; x_wconf 65' lang='lat'>,</span> 
     </span>
     <span class='ocr_line' id='line_1_86' title="bbox 1383 2759 2489 2810; baseline -0.002 -10"><span class='ocrx_word' id='word_1_633' title='bbox 1383 2759 1384 2770; x_wconf 60' lang='lat'>¹</span> <span class='ocrx_word' id='word_1_634' title='bbox 1413 2763 1603 2801; x_wconf 88' lang='lat' dir='ltr'>difficilius</span> <span class='ocrx_word' id='word_1_635' title='bbox 1639 2774 1758 2810; x_wconf 89' lang='lat' dir='ltr'>quam</span> <span class='ocrx_word' id='word_1_636' title='bbox 1788 2762 1959 2810; x_wconf 86' lang='lat' dir='ltr'>aggredi,</span> <span class='ocrx_word' id='word_1_637' title='bbox 1990 2761 2124 2810; x_wconf 90' lang='lat' dir='ltr'>triplici</span> <span class='ocrx_word' id='word_1_638' title='bbox 2161 2761 2318 2799; x_wconf 85' lang='lat' dir='ltr'>ratione.</span> <span class='ocrx_word' id='word_1_639' title='bbox 2357 2761 2489 2799; x_wconf 88' lang='lat' dir='ltr'>Primo</span> 
     </span>
    </p>
   </div>
   <div class='ocr_carea' id='block_1_25' title="bbox 272 2764 1355 3459">
    <p class='ocr_par' dir='ltr' id='par_1_28' title="bbox 278 2764 1182 2815">
     <span class='ocr_line' id='line_1_87' title="bbox 278 2764 1182 2815; baseline -0.002 -11"><span class='ocrx_word' id='word_1_640' title='bbox 278 2767 408 2805; x_wconf 86' lang='lat' dir='ltr'>dinem</span> <span class='ocrx_word' id='word_1_641' title='bbox 437 2765 807 2815; x_wconf 87' lang='lat' dir='ltr'>pertineat-aggredi</span> <span class='ocrx_word' id='word_1_642' title='bbox 837 2777 955 2814; x_wconf 90' lang='lat' dir='ltr'>quam</span> <span class='ocrx_word' id='word_1_643' title='bbox 984 2764 1182 2802; x_wconf 88' lang='lat' dir='ltr'>sustinere.</span> 
     </span>
    </p>

    <p class='ocr_par' dir='ltr' id='par_1_29' title="bbox 276 2817 1355 3234">
     <span class='ocr_line' id='line_1_88' title="bbox 333 2817 1355 2867; baseline -0.004 -9"><span class='ocrx_word' id='word_1_644' title='bbox 333 2821 368 2858; x_wconf 88' lang='lat'>3.</span> <span class='ocrx_word' id='word_1_645' title='bbox 391 2821 639 2867; x_wconf 64' lang='lat' dir='ltr'>Pmmsnm,</span> <span class='ocrx_word' id='word_1_646' title='bbox 671 2819 791 2867; x_wconf 90' lang='lat' dir='ltr'>magis</span> <span class='ocrx_word' id='word_1_647' title='bbox 821 2818 933 2856; x_wconf 90' lang='lat' dir='ltr'>distat</span> <span class='ocrx_word' id='word_1_648' title='bbox 961 2819 1009 2855; x_wconf 91' lang='lat' dir='ltr'>ab</span> <span class='ocrx_word' id='word_1_649' title='bbox 1038 2831 1118 2856; x_wconf 92' lang='lat' dir='ltr'>uno</span> <span class='ocrx_word' id='word_1_650' title='bbox 1147 2817 1355 2855; x_wconf 89' lang='lat' dir='ltr'>contrario-</span> 
     </span>
     <span class='ocr_line' id='line_1_89' title="bbox 277 2871 1353 2922; baseline -0.003 -11"><span class='ocrx_word' id='word_1_651' title='bbox 277 2885 363 2912; x_wconf 89' lang='lat' dir='ltr'>rum</span> <span class='ocrx_word' id='word_1_652' title='bbox 384 2873 486 2911; x_wconf 89' lang='lat' dir='ltr'>aliud</span> <span class='ocrx_word' id='word_1_653' title='bbox 507 2873 740 2911; x_wconf 89' lang='lat' dir='ltr'>contrarium</span> <span class='ocrx_word' id='word_1_654' title='bbox 760 2884 878 2921; x_wconf 90' lang='lat' dir='ltr'>quam</span> <span class='ocrx_word' id='word_1_655' title='bbox 906 2872 1067 2922; x_wconf 86' lang='lat' dir='ltr'>simplex</span> <span class='ocrx_word' id='word_1_656' title='bbox 1087 2871 1166 2909; x_wconf 90' lang='lat' dir='ltr'>eius</span> <span class='ocrx_word' id='word_1_657' title='bbox 1190 2872 1353 2920; x_wconf 90' lang='lat' dir='ltr'>negatio.</span> 
     </span>
     <span class='ocr_line' id='line_1_90' title="bbox 278 2925 1355 2976; baseline -0.003 -10"><span class='ocrx_word' id='word_1_658' title='bbox 278 2928 355 2966; x_wconf 90' lang='lat' dir='ltr'>Sed</span> <span class='ocrx_word' id='word_1_659' title='bbox 384 2927 443 2965; x_wconf 91' lang='lat' dir='ltr'>ille</span> <span class='ocrx_word' id='word_1_660' title='bbox 464 2927 530 2976; x_wconf 91' lang='lat' dir='ltr'>qui</span> <span class='ocrx_word' id='word_1_661' title='bbox 559 2927 718 2964; x_wconf 87' lang='lat' dir='ltr'>sustinet</span> <span class='ocrx_word' id='word_1_662' title='bbox 746 2927 821 2964; x_wconf 89' lang='lat' dir='ltr'>hoc</span> <span class='ocrx_word' id='word_1_663' title='bbox 850 2926 975 2963; x_wconf 90' lang='lat' dir='ltr'>solum</span> <span class='ocrx_word' id='word_1_664' title='bbox 1005 2926 1122 2963; x_wconf 87' lang='lat' dir='ltr'>habet</span> <span class='ocrx_word' id='word_1_665' title='bbox 1141 2925 1247 2974; x_wconf 92' lang='lat' dir='ltr'>quod</span> <span class='ocrx_word' id='word_1_666' title='bbox 1276 2938 1355 2963; x_wconf 92' lang='lat' dir='ltr'>non</span> 
     </span>
     <span class='ocr_line' id='line_1_91' title="bbox 276 2979 1355 3030; baseline -0.004 -11"><span class='ocrx_word' id='word_1_667' title='bbox 276 2981 404 3020; x_wconf 87' lang='lat' dir='ltr'>timet:</span> <span class='ocrx_word' id='word_1_668' title='bbox 442 2981 503 3018; x_wconf 88' lang='lat' dir='ltr'>ille</span> <span class='ocrx_word' id='word_1_669' title='bbox 535 2989 666 3018; x_wconf 86' lang='lat' dir='ltr'>autem</span> <span class='ocrx_word' id='word_1_670' title='bbox 695 2980 760 3030; x_wconf 92' lang='lat' dir='ltr'>qui</span> <span class='ocrx_word' id='word_1_671' title='bbox 795 2979 1012 3029; x_wconf 90' lang='lat' dir='ltr'>aggreditur</span> <span class='ocrx_word' id='word_1_672' title='bbox 1049 2979 1238 3016; x_wconf 89' lang='lat' dir='ltr'>contrarie</span> <span class='ocrx_word' id='word_1_673' title='bbox 1271 2991 1355 3016; x_wconf 91' lang='lat' dir='ltr'>mo-</span> 
     </span>
     <span class='ocr_line' id='line_1_92' title="bbox 276 3032 1354 3084; baseline -0.003 -11"><span class='ocrx_word' id='word_1_674' title='bbox 276 3042 389 3074; x_wconf 82' lang='lat' dir='ltr'>vetur</span> <span class='ocrx_word' id='word_1_675' title='bbox 406 3035 565 3081; x_wconf 86' lang='lat' dir='ltr'>timenti,</span> <span class='ocrx_word' id='word_1_676' title='bbox 588 3034 678 3084; x_wconf 90' lang='lat' dir='ltr'>quia</span> <span class='ocrx_word' id='word_1_677' title='bbox 697 3034 919 3083; x_wconf 88' lang='lat' dir='ltr'>insequitur.</span> <span class='ocrx_word' id='word_1_678' title='bbox 941 3033 1045 3081; x_wconf 90' lang='lat' dir='ltr'>Ergo</span> <span class='ocrx_word' id='word_1_679' title='bbox 1064 3032 1217 3069; x_wconf 90' lang='lat' dir='ltr'>videtur</span> <span class='ocrx_word' id='word_1_680' title='bbox 1235 3033 1354 3081; x_wconf 89' lang='lat' dir='ltr'>quod,</span> 
     </span>
     <span class='ocr_line' id='line_1_93' title="bbox 278 3085 1353 3134; baseline -0.004 -8"><span class='ocrx_word' id='word_1_681' title='bbox 278 3099 367 3126; x_wconf 88' lang='lat' dir='ltr'>cum</span> <span class='ocrx_word' id='word_1_682' title='bbox 389 3088 570 3126; x_wconf 86' lang='lat' dir='ltr'>fortitudo</span> <span class='ocrx_word' id='word_1_683' title='bbox 591 3088 947 3126; x_wconf 85' lang='lat' dir='ltr'>maximeretrahat</span> <span class='ocrx_word' id='word_1_684' title='bbox 965 3086 1140 3124; x_wconf 88' lang='lat' dir='ltr'>animum</span> <span class='ocrx_word' id='word_1_685' title='bbox 1161 3099 1182 3123; x_wconf 90' lang='lat' dir='ltr'>a</span> <span class='ocrx_word' id='word_1_686' title='bbox 1201 3085 1353 3134; x_wconf 87' lang='lat' dir='ltr'>timore,</span> 
     </span>
     <span class='ocr_line' id='line_1_94' title="bbox 277 3139 1355 3192; baseline -0.004 -12"><span class='ocrx_word' id='word_1_687' title='bbox 277 3142 383 3191; x_wconf 90' lang='lat' dir='ltr'>quod</span> <span class='ocrx_word' id='word_1_688' title='bbox 403 3142 525 3191; x_wconf 89' lang='lat' dir='ltr'>magis</span> <span class='ocrx_word' id='word_1_689' title='bbox 553 3142 741 3192; x_wconf 86' lang='lat' dir='ltr'>pertineat</span> <span class='ocrx_word' id='word_1_690' title='bbox 760 3141 809 3179; x_wconf 91' lang='lat' dir='ltr'>ad</span> <span class='ocrx_word' id='word_1_691' title='bbox 834 3153 922 3178; x_wconf 88' lang='lat' dir='ltr'>eam</span> <span class='ocrx_word' id='word_1_692' title='bbox 953 3139 1105 3190; x_wconf 88' lang='lat' dir='ltr'>aggredi</span> <span class='ocrx_word' id='word_1_693' title='bbox 1126 3151 1243 3189; x_wconf 90' lang='lat' dir='ltr'>quam</span> <span class='ocrx_word' id='word_1_694' title='bbox 1274 3152 1355 3177; x_wconf 89' lang='lat' dir='ltr'>sus-</span> 
     </span>
     <span class='ocr_line' id='line_1_95' title="bbox 277 3195 407 3234; baseline 0 -1"><span class='ocrx_word' id='word_1_695' title='bbox 277 3195 407 3234; x_wconf 90' lang='lat' dir='ltr'>tinere.</span> 
     </span>
    </p>

    <p class='ocr_par' dir='ltr' id='par_1_30' title="bbox 272 3246 1354 3405">
     <span class='ocr_line' id='line_1_96' title="bbox 272 3246 1353 3298; baseline -0.004 -11"><span class='ocrx_word' id='word_1_696' title='bbox 272 3252 276 3254; x_wconf 83' lang='grc'><em>“</em></span> <span class='ocrx_word' id='word_1_697' title='bbox 332 3249 416 3287; x_wconf 78' lang='grc' dir='ltr'>8Ει)“</span> <span class='ocrx_word' id='word_1_698' title='bbox 436 3261 585 3287; x_wconf 70' lang='lat' dir='ltr'>coum</span> <span class='ocrx_word' id='word_1_699' title='bbox 610 3261 679 3287; x_wconf 78' lang='lat' dir='ltr'>Esr</span> <span class='ocrx_word' id='word_1_700' title='bbox 698 3248 803 3298; x_wconf 92' lang='lat' dir='ltr'>quod</span> <span class='ocrx_word' id='word_1_701' title='bbox 831 3248 1092 3296; x_wconf 89' lang='lat' dir='ltr'>Philosophus</span> <span class='ocrx_word' id='word_1_702' title='bbox 1121 3246 1222 3293; x_wconf 89' lang='lat' dir='ltr'>dicit,</span> <span class='ocrx_word' id='word_1_703' title='bbox 1243 3246 1282 3284; x_wconf 92' lang='lat' dir='ltr'>in</span> <span class='ocrx_word' id='word_1_704' title='bbox 1302 3248 1353 3284; x_wconf 90' lang='grc' dir='ltr'>ΙΙΙ</span> 
     </span>
     <span class='ocr_line' id='line_1_97' title="bbox 276 3300 1354 3351; baseline -0.002 -12"><span class='ocrx_word' id='word_1_705' title='bbox 276 3302 398 3340; x_wconf 83' lang='lat' dir='ltr'>Ethic.</span> <span class='ocrx_word' id='word_1_706' title='bbox 417 3301 450 3349; x_wconf 74' lang='lat'>⁸,</span> <span class='ocrx_word' id='word_1_707' title='bbox 479 3303 586 3351; x_wconf 92' lang='lat' dir='ltr'>quod</span> <span class='ocrx_word' id='word_1_708' title='bbox 615 3303 653 3340; x_wconf 88' lang='lat' dir='ltr'>in</span> <span class='ocrx_word' id='word_1_709' title='bbox 690 3302 906 3340; x_wconf 83' lang='lat' dir='ltr'>sustinendo</span> <span class='ocrx_word' id='word_1_710' title='bbox 935 3301 1054 3339; x_wconf 69' lang='lat' dir='ltr'>tristia</span> <span class='ocrx_word' id='word_1_711' title='bbox 1087 3301 1258 3338; x_wconf 85' lang='lat' dir='ltr'>maxime</span> <span class='ocrx_word' id='word_1_712' title='bbox 1286 3300 1354 3337; x_wconf 91' lang='lat' dir='ltr'>ali-</span> 
     </span>
     <span class='ocr_line' id='line_1_98' title="bbox 278 3356 699 3405; baseline 0.002 -13"><span class='ocrx_word' id='word_1_713' title='bbox 278 3356 345 3405; x_wconf 84' lang='lat' dir='ltr'>qui</span> <span class='ocrx_word' id='word_1_714' title='bbox 358 3356 486 3404; x_wconf 87' lang='lat' dir='ltr'>fortes</span> <span class='ocrx_word' id='word_1_715' title='bbox 513 3357 699 3393; x_wconf 82' lang='lat' dir='ltr'>dicuntur.</span> 
     </span>
    </p>

    <p class='ocr_par' dir='ltr' id='par_1_31' title="bbox 332 3407 1352 3459">
     <span class='ocr_line' id='line_1_99' title="bbox 332 3407 1352 3459; baseline -0.002 -13"><span class='ocrx_word' id='word_1_716' title='bbox 332 3410 560 3447; x_wconf 62' lang='lat' dir='ltr'>Respoumzo</span> <span class='ocrx_word' id='word_1_717' title='bbox 580 3421 766 3447; x_wconf 59' lang='lat' dir='ltr'>morannum</span> <span class='ocrx_word' id='word_1_718' title='bbox 785 3410 902 3459; x_wconf 88' lang='lat' dir='ltr'>quod,</span> <span class='ocrx_word' id='word_1_719' title='bbox 924 3409 1020 3446; x_wconf 86' lang='lat' dir='ltr'>sicut</span> <span class='ocrx_word' id='word_1_720' title='bbox 1039 3420 1154 3457; x_wconf 90' lang='lat' dir='ltr'>supra</span> <span class='ocrx_word' id='word_1_721' title='bbox 1167 3407 1188 3429; x_wconf 66' lang='lat'>‘¹‘</span> <span class='ocrx_word' id='word_1_722' title='bbox 1208 3407 1352 3444; x_wconf 84' lang='lat' dir='ltr'>dictum</span> 
     </span>
    </p>
   </div>
   <div class='ocr_carea' id='block_1_26' title="bbox 122 3455 1352 3512">
    <p class='ocr_par' dir='ltr' id='par_1_32' title="bbox 122 3455 1352 3512">
     <span class='ocr_line' id='line_1_100' title="bbox 122 3455 1352 3512; baseline 0 -14"><span class='ocrx_word' id='word_1_723' title='bbox 122 3455 249 3499; x_wconf 60' lang='grc' dir='ltr'>ιωιινῖἰιῖ</span> <span class='ocrx_word' id='word_1_724' title='bbox 278 3471 345 3511; x_wconf 90' lang='lat' dir='ltr'>est</span> <span class='ocrx_word' id='word_1_725' title='bbox 368 3471 415 3507; x_wconf 92' lang='lat' dir='ltr'>et</span> <span class='ocrx_word' id='word_1_726' title='bbox 431 3462 689 3512; x_wconf 90' lang='lat' dir='ltr'>Philosophus</span> <span class='ocrx_word' id='word_1_727' title='bbox 717 3463 818 3510; x_wconf 88' lang='lat' dir='ltr'>dicit,</span> <span class='ocrx_word' id='word_1_728' title='bbox 838 3463 877 3500; x_wconf 92' lang='lat' dir='ltr'>in</span> <span class='ocrx_word' id='word_1_729' title='bbox 906 3464 956 3500; x_wconf 93' lang='lat' dir='ltr'>III</span> <span class='ocrx_word' id='word_1_730' title='bbox 975 3463 1096 3499; x_wconf 85' lang='lat' dir='ltr'>Ethic.</span> <span class='ocrx_word' id='word_1_731' title='bbox 1117 3461 1150 3510; x_wconf 71' lang='lat'>²¹⁶,</span> <span class='ocrx_word' id='word_1_732' title='bbox 1171 3461 1352 3498; x_wconf 88' lang='lat' dir='ltr'>fortitudo</span> 
     </span>
    </p>
   </div>
   <div class='ocr_carea' id='block_1_27' title="bbox 331 3576 1352 3647">
    <p class='ocr_par' dir='ltr' id='par_1_33' title="bbox 331 3576 1352 3647">
     <span class='ocr_line' id='line_1_101' title="bbox 332 3576 1054 3611; baseline 0 -9"><span class='ocrx_word' id='word_1_733' title='bbox 332 3577 360 3610; x_wconf 82' lang='grc' dir='ltr'>α)</span> <span class='ocrx_word' id='word_1_734' title='bbox 379 3580 421 3602; x_wconf 78' lang='lat' dir='ltr'>est</span> <span class='ocrx_word' id='word_1_735' title='bbox 431 3576 616 3610; x_wconf 77' lang='lat' dir='ltr'>fortitudinis.</span> <span class='ocrx_word' id='word_1_736' title='bbox 629 3589 647 3596; x_wconf 92' lang='lat'>·-</span> <span class='ocrx_word' id='word_1_737' title='bbox 659 3577 835 3611; x_wconf 72' lang='lat' dir='ltr'>sor-titudinis</span> <span class='ocrx_word' id='word_1_738' title='bbox 853 3581 894 3604; x_wconf 73' lang='lat' dir='ltr'>est</span> <span class='ocrx_word' id='word_1_739' title='bbox 911 3578 1054 3603; x_wconf 86' lang='lat' dir='ltr'>PACDGa.</span> 
     </span>
     <span class='ocr_line' id='line_1_102' title="bbox 331 3611 1352 3647; baseline -0.001 -9"><span class='ocrx_word' id='word_1_740' title='bbox 331 3611 357 3646; x_wconf 85' lang='grc' dir='ltr'>β)</span> <span class='ocrx_word' id='word_1_741' title='bbox 381 3612 526 3647; x_wconf 60' lang='lat' dir='ltr'>Difficilius</span> <span class='ocrx_word' id='word_1_742' title='bbox 548 3616 639 3638; x_wconf 80' lang='lat' dir='ltr'>autem</span> <span class='ocrx_word' id='word_1_743' title='bbox 662 3615 710 3638; x_wconf 78' lang='lat' dir='ltr'>est.</span> <span class='ocrx_word' id='word_1_744' title='bbox 724 3626 742 3632; x_wconf 90' lang='lat'><em>-</em></span> <span class='ocrx_word' id='word_1_745' title='bbox 761 3613 878 3647; x_wconf 77' lang='lat' dir='ltr'>Difficile</span> <span class='ocrx_word' id='word_1_746' title='bbox 900 3617 940 3639; x_wconf 82' lang='lat' dir='ltr'>est</span> <span class='ocrx_word' id='word_1_747' title='bbox 962 3613 1094 3646; x_wconf 83' lang='lat' dir='ltr'>ABpCsE,</span> <span class='ocrx_word' id='word_1_748' title='bbox 1120 3613 1240 3647; x_wconf 83' lang='lat' dir='ltr'>Difficile</span> <span class='ocrx_word' id='word_1_749' title='bbox 1261 3616 1352 3637; x_wconf 84' lang='lat' dir='ltr'>autem</span> 
     </span>
    </p>
   </div>
   <div class='ocr_carea' id='block_1_28' title="bbox 492 2118 1388 2168">
    <p class='ocr_par' dir='ltr' id='par_1_34' title="bbox 492 2118 1388 2168">
     <span class='ocr_line' id='line_1_103' title="bbox 492 2118 1388 2168; baseline -0.006 -9"><span class='ocrx_word' id='word_1_750' title='bbox 492 2133 516 2159; x_wconf 84' lang='lat' dir='ltr'>D</span> <span class='ocrx_word' id='word_1_751' title='bbox 548 2132 691 2158; x_wconf 73' lang='lat' dir='ltr'>513wa</span> <span class='ocrx_word' id='word_1_752' title='bbox 718 2132 772 2158; x_wconf 74' lang='lat' dir='ltr'>stc</span> <span class='ocrx_word' id='word_1_753' title='bbox 801 2131 1044 2157; x_wconf 79' lang='lat' dir='ltr'>PROCEDlTUR.</span> <span class='ocrx_word' id='word_1_754' title='bbox 1064 2119 1227 2156; x_wconf 90' lang='lat' dir='ltr'>Videtur</span> <span class='ocrx_word' id='word_1_755' title='bbox 1254 2118 1360 2168; x_wconf 91' lang='lat' dir='ltr'>quod</span> <span class='ocrx_word' id='word_1_756' title='bbox 1386 2129 1388 2146; x_wconf 40' lang='grc' dir='ltr'>ι</span> 
     </span>
    </p>
   </div>
   <div class='ocr_carea' id='block_1_29' title="bbox 421 2162 2495 2236">
    <p class='ocr_par' dir='ltr' id='par_1_35' title="bbox 421 2162 2495 2236">
     <span class='ocr_line' id='line_1_104' title="bbox 421 2162 2495 2236; baseline -0.001 -24"><span class='ocrx_word' id='word_1_757' title='bbox 421 2162 463 2236; x_wconf 45' lang='lat'>2:⁵⁵</span> <span class='ocrx_word' id='word_1_758' title='bbox 493 2175 678 2213; x_wconf 90' lang='lat' dir='ltr'>sustinere</span> <span class='ocrx_word' id='word_1_759' title='bbox 708 2185 788 2211; x_wconf 89' lang='lat' dir='ltr'>non</span> <span class='ocrx_word' id='word_1_760' title='bbox 816 2173 863 2211; x_wconf 87' lang='lat' dir='ltr'>sit</span> <span class='ocrx_word' id='word_1_761' title='bbox 891 2173 1110 2222; x_wconf 87' lang='lat' dir='ltr'>principalis</span> <span class='ocrx_word' id='word_1_762' title='bbox 1148 2180 1256 2209; x_wconf 89' lang='lat' dir='ltr'>actus</span> <span class='ocrx_word' id='word_1_763' title='bbox 1285 2172 1361 2232; x_wconf 78' lang='lat' dir='ltr'>for·</span> <span class='ocrx_word' id='word_1_764' title='bbox 1415 2170 1595 2208; x_wconf 87' lang='lat' dir='ltr'>audacias</span> <span class='ocrx_word' id='word_1_765' title='bbox 1623 2170 1894 2207; x_wconf 86' lang='lat' dir='ltr'>moderandas.</span> <span class='ocrx_word' id='word_1_766' title='bbox 1934 2169 2122 2207; x_wconf 90' lang='lat' dir='ltr'>Dfficilius</span> <span class='ocrx_word' id='word_1_767' title='bbox 2157 2170 2260 2207; x_wconf 86' lang='lat' dir='ltr'>enim</span> <span class='ocrx_word' id='word_1_768' title='bbox 2301 2179 2356 2208; x_wconf 90' lang='lat' dir='ltr'>est</span> <span class='ocrx_word' id='word_1_769' title='bbox 2384 2171 2495 2209; x_wconf 89' lang='lat' dir='ltr'>timo-</span> 
     </span>
    </p>
   </div>
   <div class='ocr_carea' id='block_1_30' title="bbox 1382 2150 1388 2983">
    <p class='ocr_par' dir='ltr' id='par_1_36' title="bbox 1382 2150 1388 2983">
     <span class='ocr_line' id='line_1_105' title="bbox 1382 2150 1388 2983; baseline 0 0"><span class='ocrx_word' id='word_1_770' title='bbox 1382 2150 1388 2983; x_wconf 95' lang='lat' dir='ltr'> </span> 
     </span>
    </p>
   </div>
   <div class='ocr_carea' id='block_1_31' title="bbox 1415 2116 2495 2166">
    <p class='ocr_par' dir='ltr' id='par_1_37' title="bbox 1415 2116 2495 2166">
     <span class='ocr_line' id='line_1_106' title="bbox 1415 2116 2495 2166; baseline 0.002 -12"><span class='ocrx_word' id='word_1_771' title='bbox 1415 2117 1537 2166; x_wconf 88' lang='lat' dir='ltr'>magis</span> <span class='ocrx_word' id='word_1_772' title='bbox 1567 2125 1623 2154; x_wconf 88' lang='lat' dir='ltr'>est</span> <span class='ocrx_word' id='word_1_773' title='bbox 1652 2117 1752 2154; x_wconf 91' lang='lat' dir='ltr'>circa</span> <span class='ocrx_word' id='word_1_774' title='bbox 1779 2117 1938 2153; x_wconf 88' lang='lat' dir='ltr'>timores</span> <span class='ocrx_word' id='word_1_775' title='bbox 1969 2116 2237 2165; x_wconf 89' lang='lat' dir='ltr'>reprimendos</span> <span class='ocrx_word' id='word_1_776' title='bbox 2258 2129 2374 2166; x_wconf 89' lang='lat' dir='ltr'>quam</span> <span class='ocrx_word' id='word_1_777' title='bbox 2397 2118 2495 2156; x_wconf 87' lang='lat' dir='ltr'>circa</span> 
     </span>
    </p>
   </div>
   <div class='ocr_carea' id='block_1_32' title="bbox 1412 2223 2495 2757">
    <p class='ocr_par' dir='ltr' id='par_1_38' title="bbox 1412 2223 2495 2757">
     <span class='ocr_line' id='line_1_107' title="bbox 1415 2223 2493 2273; baseline 0.001 -12"><span class='ocrx_word' id='word_1_778' title='bbox 1415 2236 1497 2261; x_wconf 88' lang='lat' dir='ltr'>rem</span> <span class='ocrx_word' id='word_1_779' title='bbox 1536 2223 1744 2273; x_wconf 87' lang='lat' dir='ltr'>reprimere</span> <span class='ocrx_word' id='word_1_780' title='bbox 1791 2236 1911 2272; x_wconf 89' lang='lat' dir='ltr'>quam</span> <span class='ocrx_word' id='word_1_781' title='bbox 1949 2223 2153 2261; x_wconf 88' lang='lat' dir='ltr'>audaciam</span> <span class='ocrx_word' id='word_1_782' title='bbox 2194 2224 2405 2262; x_wconf 87' lang='lat' dir='ltr'>moderari:</span> <span class='ocrx_word' id='word_1_783' title='bbox 2446 2238 2493 2262; x_wconf 89' lang='lat' dir='ltr'>eo</span> 
     </span>
     <span class='ocr_line' id='line_1_108' title="bbox 1414 2277 2495 2327; baseline 0.001 -12"><span class='ocrx_word' id='word_1_784' title='bbox 1414 2278 1521 2327; x_wconf 91' lang='lat' dir='ltr'>quod</span> <span class='ocrx_word' id='word_1_785' title='bbox 1550 2278 1677 2327; x_wconf 89' lang='lat' dir='ltr'>ipsum</span> <span class='ocrx_word' id='word_1_786' title='bbox 1707 2277 1942 2327; x_wconf 84' lang='lat' dir='ltr'>periculum,</span> <span class='ocrx_word' id='word_1_787' title='bbox 1972 2277 2078 2327; x_wconf 93' lang='lat' dir='ltr'>quod</span> <span class='ocrx_word' id='word_1_788' title='bbox 2114 2285 2170 2314; x_wconf 90' lang='lat' dir='ltr'>est</span> <span class='ocrx_word' id='word_1_789' title='bbox 2197 2278 2390 2315; x_wconf 90' lang='lat' dir='ltr'>obiectum</span> <span class='ocrx_word' id='word_1_790' title='bbox 2429 2291 2495 2316; x_wconf 88' lang='lat' dir='ltr'>au-</span> 
     </span>
     <span class='ocr_line' id='line_1_109' title="bbox 1414 2331 2494 2380; baseline 0 -11"><span class='ocrx_word' id='word_1_791' title='bbox 1414 2332 1546 2370; x_wconf 90' lang='lat' dir='ltr'>daciae</span> <span class='ocrx_word' id='word_1_792' title='bbox 1585 2339 1623 2368; x_wconf 92' lang='lat' dir='ltr'>et</span> <span class='ocrx_word' id='word_1_793' title='bbox 1650 2331 1819 2379; x_wconf 82' lang='lat' dir='ltr'>timoris,</span> <span class='ocrx_word' id='word_1_794' title='bbox 1849 2332 1897 2368; x_wconf 92' lang='lat' dir='ltr'>de</span> <span class='ocrx_word' id='word_1_795' title='bbox 1927 2343 1968 2368; x_wconf 89' lang='lat' dir='ltr'>se</span> <span class='ocrx_word' id='word_1_796' title='bbox 1998 2331 2145 2368; x_wconf 86' lang='lat' dir='ltr'>confert</span> <span class='ocrx_word' id='word_1_797' title='bbox 2176 2332 2319 2380; x_wconf 90' lang='lat' dir='ltr'>aliquid</span> <span class='ocrx_word' id='word_1_798' title='bbox 2359 2332 2408 2369; x_wconf 89' lang='lat' dir='ltr'>ad</span> <span class='ocrx_word' id='word_1_799' title='bbox 2439 2345 2494 2369; x_wconf 91' lang='lat' dir='ltr'>re-</span> 
     </span>
     <span class='ocr_line' id='line_1_110' title="bbox 1412 2385 2493 2436; baseline 0.001 -13"><span class='ocrx_word' id='word_1_800' title='bbox 1412 2386 1655 2436; x_wconf 89' lang='lat' dir='ltr'>pressionem</span> <span class='ocrx_word' id='word_1_801' title='bbox 1686 2385 1886 2433; x_wconf 78' lang='lat' dir='ltr'>audaciae,</span> <span class='ocrx_word' id='word_1_802' title='bbox 1918 2385 1985 2422; x_wconf 89' lang='lat' dir='ltr'>sed</span> <span class='ocrx_word' id='word_1_803' title='bbox 2015 2392 2196 2434; x_wconf 89' lang='lat' dir='ltr'>operatur</span> <span class='ocrx_word' id='word_1_804' title='bbox 2231 2385 2279 2422; x_wconf 90' lang='lat' dir='ltr'>ad</span> <span class='ocrx_word' id='word_1_805' title='bbox 2309 2398 2493 2434; x_wconf 89' lang='lat' dir='ltr'>augmen-</span> 
     </span>
     <span class='ocr_line' id='line_1_111' title="bbox 1413 2438 2491 2488; baseline 0.001 -12"><span class='ocrx_word' id='word_1_806' title='bbox 1413 2447 1495 2477; x_wconf 90' lang='lat' dir='ltr'>tum</span> <span class='ocrx_word' id='word_1_807' title='bbox 1523 2439 1681 2476; x_wconf 88' lang='lat' dir='ltr'>timoris.</span> <span class='ocrx_word' id='word_1_808' title='bbox 1717 2439 1883 2488; x_wconf 87' lang='lat' dir='ltr'>Aggredi</span> <span class='ocrx_word' id='word_1_809' title='bbox 1913 2447 2042 2476; x_wconf 89' lang='lat' dir='ltr'>autem</span> <span class='ocrx_word' id='word_1_810' title='bbox 2071 2438 2236 2488; x_wconf 89' lang='lat' dir='ltr'>pertinet</span> <span class='ocrx_word' id='word_1_811' title='bbox 2268 2439 2317 2476; x_wconf 87' lang='lat' dir='ltr'>ad</span> <span class='ocrx_word' id='word_1_812' title='bbox 2347 2440 2491 2477; x_wconf 86' lang='lat' dir='ltr'>fortitu-</span> 
     </span>
     <span class='ocr_line' id='line_1_112' title="bbox 1413 2492 2493 2542; baseline 0.001 -11"><span class='ocrx_word' id='word_1_813' title='bbox 1413 2493 1543 2532; x_wconf 90' lang='lat' dir='ltr'>dinem</span> <span class='ocrx_word' id='word_1_814' title='bbox 1565 2492 1778 2530; x_wconf 88' lang='lat' dir='ltr'>secundum</span> <span class='ocrx_word' id='word_1_815' title='bbox 1799 2493 1906 2542; x_wconf 93' lang='lat' dir='ltr'>quod</span> <span class='ocrx_word' id='word_1_816' title='bbox 1926 2493 2150 2530; x_wconf 87' lang='lat' dir='ltr'>moderatur</span> <span class='ocrx_word' id='word_1_817' title='bbox 2170 2493 2394 2531; x_wconf 88' lang='lat' dir='ltr'>audaciam:</span> <span class='ocrx_word' id='word_1_818' title='bbox 2424 2494 2493 2532; x_wconf 91' lang='lat' dir='ltr'>sed</span> 
     </span>
     <span class='ocr_line' id='line_1_113' title="bbox 1413 2546 2490 2596; baseline -0.001 -11"><span class='ocrx_word' id='word_1_819' title='bbox 1413 2547 1600 2585; x_wconf 88' lang='lat' dir='ltr'>sustinere</span> <span class='ocrx_word' id='word_1_820' title='bbox 1629 2546 1800 2596; x_wconf 90' lang='lat' dir='ltr'>sequitur</span> <span class='ocrx_word' id='word_1_821' title='bbox 1824 2546 2106 2596; x_wconf 90' lang='lat' dir='ltr'>repressionem</span> <span class='ocrx_word' id='word_1_822' title='bbox 2134 2546 2294 2584; x_wconf 90' lang='lat' dir='ltr'>timoris.</span> <span class='ocrx_word' id='word_1_823' title='bbox 2326 2548 2374 2584; x_wconf 92' lang='lat' dir='ltr'>Et</span> <span class='ocrx_word' id='word_1_824' title='bbox 2402 2547 2490 2585; x_wconf 90' lang='lat' dir='ltr'>ideo</span> 
     </span>
     <span class='ocr_line' id='line_1_114' title="bbox 1412 2600 2492 2651; baseline 0 -13"><span class='ocrx_word' id='word_1_825' title='bbox 1412 2600 1657 2651; x_wconf 91' lang='lat' dir='ltr'>principalior</span> <span class='ocrx_word' id='word_1_826' title='bbox 1676 2608 1783 2637; x_wconf 91' lang='lat' dir='ltr'>actus</span> <span class='ocrx_word' id='word_1_827' title='bbox 1803 2609 1859 2637; x_wconf 91' lang='lat' dir='ltr'>est</span> <span class='ocrx_word' id='word_1_828' title='bbox 1882 2600 2111 2638; x_wconf 86' lang='lat' dir='ltr'>fortitudinis</span> <span class='ocrx_word' id='word_1_829' title='bbox 2131 2605 2149 2621; x_wconf 61' lang='grc' dir='ltr'><strong>α</strong></span> <span class='ocrx_word' id='word_1_830' title='bbox 2177 2600 2374 2648; x_wconf 88' lang='lat' dir='ltr'>sustinere,</span> <span class='ocrx_word' id='word_1_831' title='bbox 2396 2601 2492 2638; x_wconf 91' lang='lat' dir='ltr'>idest</span> 
     </span>
     <span class='ocr_line' id='line_1_115' title="bbox 1412 2654 2434 2704; baseline -0.002 -11"><span class='ocrx_word' id='word_1_832' title='bbox 1412 2655 1662 2693; x_wconf 92' lang='lat' dir='ltr'>immobiliter</span> <span class='ocrx_word' id='word_1_833' title='bbox 1690 2655 1821 2691; x_wconf 89' lang='lat' dir='ltr'>sistere</span> <span class='ocrx_word' id='word_1_834' title='bbox 1842 2654 1880 2692; x_wconf 93' lang='lat' dir='ltr'>in</span> <span class='ocrx_word' id='word_1_835' title='bbox 1907 2654 2097 2704; x_wconf 83' lang='lat' dir='ltr'>periculiS,</span> <span class='ocrx_word' id='word_1_836' title='bbox 2120 2665 2238 2701; x_wconf 89' lang='lat' dir='ltr'>quam</span> <span class='ocrx_word' id='word_1_837' title='bbox 2268 2654 2434 2702; x_wconf 88' lang='lat' dir='ltr'>aggredi.</span> 
     </span>
     <span class='ocr_line' id='line_1_116' title="bbox 1466 2707 2492 2757; baseline 0 -11"><span class='ocrx_word' id='word_1_838' title='bbox 1466 2711 1525 2746; x_wconf 83' lang='lat' dir='ltr'>AD</span> <span class='ocrx_word' id='word_1_839' title='bbox 1554 2720 1694 2746; x_wconf 77' lang='lat' dir='ltr'>PR1MUM</span> <span class='ocrx_word' id='word_1_840' title='bbox 1731 2719 1831 2746; x_wconf 82' lang='lat' dir='ltr'>ERGO</span> <span class='ocrx_word' id='word_1_841' title='bbox 1865 2720 2051 2746; x_wconf 77' lang='lat' dir='ltr'>mCENDUM</span> <span class='ocrx_word' id='word_1_842' title='bbox 2085 2707 2190 2757; x_wconf 90' lang='lat' dir='ltr'>quod</span> <span class='ocrx_word' id='word_1_843' title='bbox 2220 2708 2405 2745; x_wconf 89' lang='lat' dir='ltr'>sustinere</span> <span class='ocrx_word' id='word_1_844' title='bbox 2436 2716 2492 2746; x_wconf 88' lang='lat' dir='ltr'>est</span> 
     </span>
    </p>
   </div>
   <div class='ocr_carea' id='block_1_33' title="bbox 1411 2815 2488 2867">
    <p class='ocr_par' dir='ltr' id='par_1_39' title="bbox 1411 2815 2488 2867">
     <span class='ocr_line' id='line_1_117' title="bbox 1411 2815 2488 2867; baseline -0.001 -13"><span class='ocrx_word' id='word_1_845' title='bbox 1411 2817 1583 2867; x_wconf 89' lang='lat' dir='ltr'>quidem,</span> <span class='ocrx_word' id='word_1_846' title='bbox 1613 2816 1704 2864; x_wconf 91' lang='lat' dir='ltr'>quia</span> <span class='ocrx_word' id='word_1_847' title='bbox 1732 2816 1919 2853; x_wconf 90' lang='lat' dir='ltr'>sustinere</span> <span class='ocrx_word' id='word_1_848' title='bbox 1946 2815 2101 2853; x_wconf 89' lang='lat' dir='ltr'>videtur</span> <span class='ocrx_word' id='word_1_849' title='bbox 2129 2815 2262 2864; x_wconf 88' lang='lat' dir='ltr'>aliquis</span> <span class='ocrx_word' id='word_1_850' title='bbox 2291 2816 2340 2852; x_wconf 90' lang='lat' dir='ltr'>ab</span> <span class='ocrx_word' id='word_1_851' title='bbox 2361 2816 2488 2864; x_wconf 90' lang='lat' dir='ltr'>aliquo</span> 
     </span>
    </p>
   </div>
   <div class='ocr_carea' id='block_1_34' title="bbox 1382 2869 2491 2919">
    <p class='ocr_par' dir='ltr' id='par_1_40' title="bbox 1382 2869 2491 2919">
     <span class='ocr_line' id='line_1_118' title="bbox 1382 2869 2491 2919; baseline 0 -12"><span class='ocrx_word' id='word_1_852' title='bbox 1382 2875 1384 2882; x_wconf 81' lang='lat'><em>&#39;</em></span> <span class='ocrx_word' id='word_1_853' title='bbox 1411 2871 1556 2908; x_wconf 85' lang='lat' dir='ltr'>fortiori</span> <span class='ocrx_word' id='word_1_854' title='bbox 1586 2870 1816 2907; x_wconf 89' lang='lat' dir='ltr'>invadente:</span> <span class='ocrx_word' id='word_1_855' title='bbox 1850 2870 1915 2919; x_wconf 92' lang='lat' dir='ltr'>qui</span> <span class='ocrx_word' id='word_1_856' title='bbox 1945 2877 2072 2906; x_wconf 86' lang='lat' dir='ltr'>autern</span> <span class='ocrx_word' id='word_1_857' title='bbox 2103 2869 2318 2917; x_wconf 88' lang='lat' dir='ltr'>aggreditur</span> <span class='ocrx_word' id='word_1_858' title='bbox 2345 2869 2491 2907; x_wconf 86' lang='lat' dir='ltr'>invadit</span> 
     </span>
    </p>
   </div>
   <div class='ocr_carea' id='block_1_35' title="bbox 1411 2922 2489 2974">
    <p class='ocr_par' dir='ltr' id='par_1_41' title="bbox 1411 2922 2489 2974">
     <span class='ocr_line' id='line_1_119' title="bbox 1411 2922 2489 2974; baseline -0.002 -12"><span class='ocrx_word' id='word_1_859' title='bbox 1411 2937 1481 2974; x_wconf 91' lang='lat' dir='ltr'>per</span> <span class='ocrx_word' id='word_1_860' title='bbox 1509 2924 1672 2962; x_wconf 91' lang='lat' dir='ltr'>modurn</span> <span class='ocrx_word' id='word_1_861' title='bbox 1693 2923 1866 2961; x_wconf 88' lang='lat' dir='ltr'>fortioris.</span> <span class='ocrx_word' id='word_1_862' title='bbox 1898 2922 2099 2960; x_wconf 88' lang='lat' dir='ltr'>Difficilius</span> <span class='ocrx_word' id='word_1_863' title='bbox 2119 2930 2248 2960; x_wconf 90' lang='lat' dir='ltr'>autem</span> <span class='ocrx_word' id='word_1_864' title='bbox 2271 2930 2326 2960; x_wconf 89' lang='lat' dir='ltr'>est</span> <span class='ocrx_word' id='word_1_865' title='bbox 2344 2935 2489 2972; x_wconf 88' lang='lat' dir='ltr'>pugna-</span> 
     </span>
    </p>
   </div>
   <div class='ocr_carea' id='block_1_36' title="bbox 1382 2976 2486 3026">
    <p class='ocr_par' dir='ltr' id='par_1_42' title="bbox 1382 2976 2486 3026">
     <span class='ocr_line' id='line_1_120' title="bbox 1382 2976 2486 3026; baseline -0.002 -11"><span class='ocrx_word' id='word_1_866' title='bbox 1382 2986 1384 2991; x_wconf 78' lang='grc'>’</span> <span class='ocrx_word' id='word_1_867' title='bbox 1411 2991 1451 3015; x_wconf 92' lang='lat' dir='ltr'>re</span> <span class='ocrx_word' id='word_1_868' title='bbox 1481 2990 1570 3016; x_wconf 89' lang='lat' dir='ltr'>cum</span> <span class='ocrx_word' id='word_1_869' title='bbox 1591 2977 1735 3015; x_wconf 87' lang='lat' dir='ltr'>fo&#39;rtiori</span> <span class='ocrx_word' id='word_1_870' title='bbox 1764 2989 1882 3026; x_wconf 90' lang='lat' dir='ltr'>quam</span> <span class='ocrx_word' id='word_1_871' title='bbox 1908 2989 1997 3014; x_wconf 89' lang='lat' dir='ltr'>cum</span> <span class='ocrx_word' id='word_1_872' title='bbox 2028 2976 2212 3014; x_wconf 91' lang='lat' dir='ltr'>debiliori.</span> <span class='ocrx_word' id='word_1_873' title='bbox 2243 2997 2268 3005; x_wconf 91' lang='lat'>-</span> <span class='ocrx_word' id='word_1_874' title='bbox 2294 2977 2486 3023; x_wconf 89' lang='lat' dir='ltr'>Secundo,</span> 
     </span>
    </p>
   </div>
   <div class='ocr_carea' id='block_1_37' title="bbox 1407 3030 2488 3455">
    <p class='ocr_par' dir='ltr' id='par_1_43' title="bbox 1407 3030 2488 3455">
     <span class='ocr_line' id='line_1_121' title="bbox 1411 3030 2488 3082; baseline -0.003 -13"><span class='ocrx_word' id='word_1_875' title='bbox 1411 3032 1501 3082; x_wconf 90' lang='lat' dir='ltr'>quia</span> <span class='ocrx_word' id='word_1_876' title='bbox 1530 3032 1591 3069; x_wconf 92' lang='lat' dir='ltr'>ille</span> <span class='ocrx_word' id='word_1_877' title='bbox 1620 3031 1685 3080; x_wconf 92' lang='lat' dir='ltr'>qui</span> <span class='ocrx_word' id='word_1_878' title='bbox 1715 3031 1874 3068; x_wconf 87' lang='lat' dir='ltr'>sustinet</span> <span class='ocrx_word' id='word_1_879' title='bbox 1906 3031 1984 3068; x_wconf 89' lang='lat' dir='ltr'>iam</span> <span class='ocrx_word' id='word_1_880' title='bbox 2017 3030 2129 3067; x_wconf 91' lang='lat' dir='ltr'>sentit</span> <span class='ocrx_word' id='word_1_881' title='bbox 2166 3030 2335 3079; x_wconf 90' lang='lat' dir='ltr'>pericula</span> <span class='ocrx_word' id='word_1_882' title='bbox 2364 3030 2488 3067; x_wconf 89' lang='lat' dir='ltr'>immi-</span> 
     </span>
     <span class='ocr_line' id='line_1_122' title="bbox 1411 3083 2488 3134; baseline -0.004 -11"><span class='ocrx_word' id='word_1_883' title='bbox 1411 3086 1559 3123; x_wconf 89' lang='lat' dir='ltr'>nentia:</span> <span class='ocrx_word' id='word_1_884' title='bbox 1589 3085 1650 3122; x_wconf 92' lang='lat' dir='ltr'>ille</span> <span class='ocrx_word' id='word_1_885' title='bbox 1679 3092 1810 3122; x_wconf 86' lang='lat' dir='ltr'>autem</span> <span class='ocrx_word' id='word_1_886' title='bbox 1839 3085 1905 3134; x_wconf 90' lang='lat' dir='ltr'>qui</span> <span class='ocrx_word' id='word_1_887' title='bbox 1925 3083 2141 3133; x_wconf 89' lang='lat' dir='ltr'>aggreditur</span> <span class='ocrx_word' id='word_1_888' title='bbox 2168 3084 2284 3120; x_wconf 89' lang='lat' dir='ltr'>habet</span> <span class='ocrx_word' id='word_1_889' title='bbox 2303 3095 2349 3120; x_wconf 87' lang='lat' dir='ltr'>ea</span> <span class='ocrx_word' id='word_1_890' title='bbox 2372 3091 2413 3120; x_wconf 91' lang='lat' dir='ltr'>ut</span> <span class='ocrx_word' id='word_1_891' title='bbox 2432 3084 2488 3120; x_wconf 88' lang='lat' dir='ltr'>fu-</span> 
     </span>
     <span class='ocr_line' id='line_1_123' title="bbox 1410 3138 2487 3185; baseline -0.002 -9"><span class='ocrx_word' id='word_1_892' title='bbox 1410 3147 1505 3176; x_wconf 90' lang='lat' dir='ltr'>tura.</span> <span class='ocrx_word' id='word_1_893' title='bbox 1545 3139 1747 3176; x_wconf 87' lang='lat' dir='ltr'>Difficilius</span> <span class='ocrx_word' id='word_1_894' title='bbox 1775 3146 1905 3175; x_wconf 90' lang='lat' dir='ltr'>autem</span> <span class='ocrx_word' id='word_1_895' title='bbox 1945 3146 2001 3175; x_wconf 90' lang='lat' dir='ltr'>est</span> <span class='ocrx_word' id='word_1_896' title='bbox 2027 3150 2107 3175; x_wconf 91' lang='lat' dir='ltr'>non</span> <span class='ocrx_word' id='word_1_897' title='bbox 2144 3138 2294 3173; x_wconf 90' lang='lat' dir='ltr'>moveri</span> <span class='ocrx_word' id='word_1_898' title='bbox 2328 3148 2351 3172; x_wconf 90' lang='lat' dir='ltr'>a</span> <span class='ocrx_word' id='word_1_899' title='bbox 2378 3149 2487 3185; x_wconf 87' lang='lat' dir='ltr'>prae-</span> 
     </span>
     <span class='ocr_line' id='line_1_124' title="bbox 1411 3190 2487 3241; baseline -0.002 -11"><span class='ocrx_word' id='word_1_900' title='bbox 1411 3193 1581 3230; x_wconf 87' lang='lat' dir='ltr'>sentibus</span> <span class='ocrx_word' id='word_1_901' title='bbox 1602 3204 1720 3241; x_wconf 90' lang='lat' dir='ltr'>quam</span> <span class='ocrx_word' id='word_1_902' title='bbox 1745 3204 1768 3229; x_wconf 91' lang='lat' dir='ltr'>a</span> <span class='ocrx_word' id='word_1_903' title='bbox 1786 3192 1931 3229; x_wconf 89' lang='lat' dir='ltr'>futuris.</span> <span class='ocrx_word' id='word_1_904' title='bbox 1962 3212 1987 3220; x_wconf 91' lang='lat'>-</span> <span class='ocrx_word' id='word_1_905' title='bbox 2015 3190 2160 3237; x_wconf 86' lang='lat' dir='ltr'>Tertio,</span> <span class='ocrx_word' id='word_1_906' title='bbox 2182 3190 2271 3239; x_wconf 88' lang='lat' dir='ltr'>quia</span> <span class='ocrx_word' id='word_1_907' title='bbox 2300 3190 2487 3228; x_wconf 88' lang='lat' dir='ltr'>sustinere</span> 
     </span>
     <span class='ocr_line' id='line_1_125' title="bbox 1410 3243 2486 3295; baseline -0.003 -12"><span class='ocrx_word' id='word_1_908' title='bbox 1410 3246 1591 3295; x_wconf 89' lang='lat' dir='ltr'>importat</span> <span class='ocrx_word' id='word_1_909' title='bbox 1610 3245 1897 3283; x_wconf 90' lang='lat' dir='ltr'>diuturnitatem</span> <span class='ocrx_word' id='word_1_910' title='bbox 1916 3244 2120 3294; x_wconf 88' lang='lat' dir='ltr'>temporis:</span> <span class='ocrx_word' id='word_1_911' title='bbox 2151 3243 2219 3281; x_wconf 90' lang='lat' dir='ltr'>sed</span> <span class='ocrx_word' id='word_1_912' title='bbox 2239 3244 2394 3291; x_wconf 88' lang='lat' dir='ltr'>aggredi</span> <span class='ocrx_word' id='word_1_913' title='bbox 2417 3257 2486 3293; x_wconf 94' lang='lat' dir='ltr'>po-</span> 
     </span>
     <span class='ocr_line' id='line_1_126' title="bbox 1409 3296 2486 3347; baseline -0.001 -11"><span class='ocrx_word' id='word_1_914' title='bbox 1409 3307 1481 3336; x_wconf 91' lang='lat' dir='ltr'>test</span> <span class='ocrx_word' id='word_1_915' title='bbox 1500 3299 1635 3347; x_wconf 90' lang='lat' dir='ltr'>aliquis</span> <span class='ocrx_word' id='word_1_916' title='bbox 1656 3311 1701 3336; x_wconf 88' lang='lat' dir='ltr'>ex</span> <span class='ocrx_word' id='word_1_917' title='bbox 1721 3299 1846 3335; x_wconf 91' lang='lat' dir='ltr'>subito</span> <span class='ocrx_word' id='word_1_918' title='bbox 1866 3306 1988 3335; x_wconf 89' lang='lat' dir='ltr'>motu.</span> <span class='ocrx_word' id='word_1_919' title='bbox 2018 3297 2219 3335; x_wconf 89' lang='lat' dir='ltr'>Difficilius</span> <span class='ocrx_word' id='word_1_920' title='bbox 2239 3305 2368 3334; x_wconf 89' lang='lat' dir='ltr'>autem</span> <span class='ocrx_word' id='word_1_921' title='bbox 2396 3306 2452 3335; x_wconf 92' lang='lat' dir='ltr'>est</span> <span class='ocrx_word' id='word_1_922' title='bbox 2471 3296 2486 3327; x_wconf 75' lang='grc' dir='ltr'>β</span> 
     </span>
     <span class='ocr_line' id='line_1_127' title="bbox 1410 3350 2485 3399; baseline -0.003 -9"><span class='ocrx_word' id='word_1_923' title='bbox 1410 3353 1474 3390; x_wconf 91' lang='lat' dir='ltr'>diu</span> <span class='ocrx_word' id='word_1_924' title='bbox 1503 3364 1660 3390; x_wconf 88' lang='lat' dir='ltr'>manere</span> <span class='ocrx_word' id='word_1_925' title='bbox 1688 3352 1930 3389; x_wconf 88' lang='lat' dir='ltr'>immobilem</span> <span class='ocrx_word' id='word_1_926' title='bbox 1958 3363 2078 3399; x_wconf 89' lang='lat' dir='ltr'>quam</span> <span class='ocrx_word' id='word_1_927' title='bbox 2107 3350 2233 3388; x_wconf 89' lang='lat' dir='ltr'>subito</span> <span class='ocrx_word' id='word_1_928' title='bbox 2263 3359 2373 3388; x_wconf 89' lang='lat' dir='ltr'>motu</span> <span class='ocrx_word' id='word_1_929' title='bbox 2402 3363 2485 3388; x_wconf 92' lang='lat' dir='ltr'>mo-</span> 
     </span>
     <span class='ocr_line' id='line_1_128' title="bbox 1407 3404 2483 3455; baseline -0.002 -12"><span class='ocrx_word' id='word_1_930' title='bbox 1407 3406 1490 3444; x_wconf 87' lang='lat' dir='ltr'>veri</span> <span class='ocrx_word' id='word_1_931' title='bbox 1519 3407 1568 3443; x_wconf 93' lang='lat' dir='ltr'>ad</span> <span class='ocrx_word' id='word_1_932' title='bbox 1597 3405 1738 3455; x_wconf 88' lang='lat' dir='ltr'>aliquid</span> <span class='ocrx_word' id='word_1_933' title='bbox 1767 3405 1945 3442; x_wconf 86' lang='lat' dir='ltr'>arduum.</span> <span class='ocrx_word' id='word_1_934' title='bbox 1975 3405 2086 3442; x_wconf 90' lang='lat' dir='ltr'>Unde</span> <span class='ocrx_word' id='word_1_935' title='bbox 2105 3404 2364 3454; x_wconf 89' lang='lat' dir='ltr'>Philosophus</span> <span class='ocrx_word' id='word_1_936' title='bbox 2383 3405 2483 3452; x_wconf 84' lang='lat' dir='ltr'>dicit,</span> 
     </span>
    </p>
   </div>
   <div class='ocr_carea' id='block_1_38' title="bbox 1409 3447 2591 3508">
    <p class='ocr_par' dir='ltr' id='par_1_44' title="bbox 1409 3447 2591 3508">
     <span class='ocr_line' id='line_1_129' title="bbox 1409 3447 2591 3508; baseline 0 -11"><span class='ocrx_word' id='word_1_937' title='bbox 1409 3460 1447 3497; x_wconf 93' lang='lat' dir='ltr'>in</span> <span class='ocrx_word' id='word_1_938' title='bbox 1477 3461 1526 3497; x_wconf 91' lang='lat' dir='ltr'>Ill</span> <span class='ocrx_word' id='word_1_939' title='bbox 1555 3460 1676 3497; x_wconf 89' lang='lat' dir='ltr'>Ethic.</span> <span class='ocrx_word' id='word_1_940' title='bbox 1701 3458 1741 3506; x_wconf 84' lang='grc'>*,</span> <span class='ocrx_word' id='word_1_941' title='bbox 1772 3459 1878 3507; x_wconf 92' lang='lat' dir='ltr'>quod</span> <span class='ocrx_word' id='word_1_942' title='bbox 1908 3459 2066 3507; x_wconf 87' lang='lat' dir='ltr'>quidam</span> <span class='ocrx_word' id='word_1_943' title='bbox 2101 3464 2188 3495; x_wconf 85' lang='lat' dir='ltr'>sunt</span> <span class='ocrx_word' id='word_1_944' title='bbox 2218 3458 2485 3508; x_wconf 77' lang='lat' dir='ltr'>praevolantes</span> <span class='ocrx_word' id='word_1_945' title='bbox 2512 3474 2538 3496; x_wconf 90' lang='lat' dir='ltr'>s</span> <span class='ocrx_word' id='word_1_946' title='bbox 2529 3447 2591 3497; x_wconf 61' lang='lat' dir='ltr'>ciii.</span> 
     </span>
    </p>
   </div>
   <div class='ocr_carea' id='block_1_39' title="bbox 1408 3573 2483 3644">
    <p class='ocr_par' dir='ltr' id='par_1_45' title="bbox 1408 3573 2483 3644">
     <span class='ocr_line' id='line_1_130' title="bbox 1408 3573 2483 3608; baseline -0.004 -7"><span class='ocrx_word' id='word_1_947' title='bbox 1408 3578 1448 3601; x_wconf 75' lang='lat' dir='ltr'>est</span> <span class='ocrx_word' id='word_1_948' title='bbox 1471 3575 1520 3608; x_wconf 90' lang='lat' dir='ltr'>pE,</span> <span class='ocrx_word' id='word_1_949' title='bbox 1546 3575 1662 3608; x_wconf 84' lang='lat' dir='ltr'>Difficile</span> <span class='ocrx_word' id='word_1_950' title='bbox 1684 3578 1774 3599; x_wconf 81' lang='lat' dir='ltr'>autem</span> <span class='ocrx_word' id='word_1_951' title='bbox 1798 3574 1830 3604; x_wconf 80' lang='lat' dir='ltr'>K,</span> <span class='ocrx_word' id='word_1_952' title='bbox 1853 3574 1947 3607; x_wconf 63' lang='lat' dir='ltr'>Magis</span> <span class='ocrx_word' id='word_1_953' title='bbox 1968 3577 2058 3599; x_wconf 70' lang='lat' dir='ltr'>autem</span> <span class='ocrx_word' id='word_1_954' title='bbox 2082 3573 2193 3607; x_wconf 81' lang='lat' dir='ltr'>difficile</span> <span class='ocrx_word' id='word_1_955' title='bbox 2215 3577 2256 3598; x_wconf 79' lang='lat' dir='ltr'>est</span> <span class='ocrx_word' id='word_1_956' title='bbox 2279 3573 2359 3603; x_wconf 84' lang='lat' dir='ltr'>GIsC,</span> <span class='ocrx_word' id='word_1_957' title='bbox 2379 3573 2483 3605; x_wconf 83' lang='lat' dir='ltr'>Diffici-</span> 
     </span>
     <span class='ocr_line' id='line_1_131' title="bbox 1409 3610 2047 3644; baseline -0.005 -7"><span class='ocrx_word' id='word_1_958' title='bbox 1409 3611 1461 3637; x_wconf 83' lang='lat' dir='ltr'>lius</span> <span class='ocrx_word' id='word_1_959' title='bbox 1479 3613 1549 3636; x_wconf 83' lang='lat' dir='ltr'>enim</span> <span class='ocrx_word' id='word_1_960' title='bbox 1570 3614 1610 3636; x_wconf 85' lang='lat' dir='ltr'>est</span> <span class='ocrx_word' id='word_1_961' title='bbox 1628 3611 1658 3640; x_wconf 84' lang='lat' dir='ltr'>L.</span> <span class='ocrx_word' id='word_1_962' title='bbox 1679 3610 1825 3644; x_wconf 82' lang='lat' dir='ltr'>Difficilius</span> <span class='ocrx_word' id='word_1_963' title='bbox 1844 3613 1885 3635; x_wconf 81' lang='lat' dir='ltr'>est</span> <span class='ocrx_word' id='word_1_964' title='bbox 1902 3613 1993 3635; x_wconf 82' lang='lat' dir='ltr'>autem</span> <span class='ocrx_word' id='word_1_965' title='bbox 2013 3610 2047 3634; x_wconf 86' lang='lat' dir='ltr'>H.</span> 
     </span>
    </p>
   </div>
   <div class='ocr_carea' id='block_1_40' title="bbox 2602 358 2741 401">
    <p class='ocr_par' dir='ltr' id='par_1_46' title="bbox 2602 358 2741 401">
     <span class='ocr_line' id='line_1_132' title="bbox 2607 358 2741 378; baseline 0.007 -5"><span class='ocrx_word' id='word_1_966' title='bbox 2607 358 2638 377; x_wconf 80' lang='lat' dir='ltr'>vr.</span> <span class='ocrx_word' id='word_1_967' title='bbox 2648 359 2670 374; x_wconf 88' lang='lat' dir='ltr'>n.</span> <span class='ocrx_word' id='word_1_968' title='bbox 2680 359 2741 378; x_wconf 77' lang='grc' dir='ltr'>ιο,ιι.</span> 
     </span>
     <span class='ocr_line' id='line_1_133' title="bbox 2602 378 2740 401; baseline 0.007 -1"><span class='ocrx_word' id='word_1_969' title='bbox 2602 378 2625 400; x_wconf 87' lang='lat' dir='ltr'>h.</span> <span class='ocrx_word' id='word_1_970' title='bbox 2634 379 2686 401; x_wconf 85' lang='lat' dir='ltr'>lect.</span> <span class='ocrx_word' id='word_1_971' title='bbox 2694 386 2740 401; x_wconf 77' lang='lat' dir='ltr'>xiv.</span> 
     </span>
    </p>
   </div>
   <div class='ocr_carea' id='block_1_41' title="bbox 2528 351 2601 400">
    <p class='ocr_par' dir='ltr' id='par_1_47' title="bbox 2528 351 2601 400">
     <span class='ocr_line' id='line_1_134' title="bbox 2528 351 2601 400; baseline 0.082 -5"><span class='ocrx_word' id='word_1_972' title='bbox 2528 351 2601 400; x_wconf 57' lang='lat' dir='ltr'>12²}ss</span> 
     </span>
    </p>
   </div>
   <div class='ocr_carea' id='block_1_42' title="bbox 2528 923 2702 951">
    <p class='ocr_par' dir='ltr' id='par_1_48' title="bbox 2528 923 2702 951">
     <span class='ocr_line' id='line_1_135' title="bbox 2528 923 2702 951; baseline 0.006 -6"><span class='ocrx_word' id='word_1_973' title='bbox 2528 923 2538 934; x_wconf 79' lang='lat'>⁸</span> <span class='ocrx_word' id='word_1_974' title='bbox 2552 923 2620 951; x_wconf 65' lang='lat' dir='ltr'>lbid„</span> <span class='ocrx_word' id='word_1_975' title='bbox 2636 930 2658 946; x_wconf 91' lang='lat' dir='ltr'>n.</span> <span class='ocrx_word' id='word_1_976' title='bbox 2675 931 2702 946; x_wconf 85' lang='grc' dir='ltr'>ιι.</span> 
     </span>
    </p>
   </div>
   <div class='ocr_carea' id='block_1_43' title="bbox 2526 1553 2677 1583">
    <p class='ocr_par' dir='ltr' id='par_1_49' title="bbox 2526 1553 2677 1583">
     <span class='ocr_line' id='line_1_136' title="bbox 2526 1553 2677 1583; baseline 0.013 -8"><span class='ocrx_word' id='word_1_977' title='bbox 2526 1555 2538 1565; x_wconf 81' lang='grc'><em>·</em></span> <span class='ocrx_word' id='word_1_978' title='bbox 2552 1553 2610 1583; x_wconf 79' lang='lat' dir='ltr'>Cap.</span> <span class='ocrx_word' id='word_1_979' title='bbox 2624 1561 2677 1577; x_wconf 83' lang='lat' dir='ltr'>xm.</span> 
     </span>
    </p>
   </div>
   <div class='ocr_carea' id='block_1_44' title="bbox 2595 3454 2727 3500">
    <p class='ocr_par' dir='ltr' id='par_1_50' title="bbox 2595 3454 2727 3499">
     <span class='ocr_line' id='line_1_137' title="bbox 2595 3454 2727 3478; baseline 0.015 -8"><span class='ocrx_word' id='word_1_980' title='bbox 2595 3454 2637 3478; x_wconf 78' lang='lat' dir='ltr'>vn,</span> <span class='ocrx_word' id='word_1_981' title='bbox 2646 3455 2669 3471; x_wconf 88' lang='grc' dir='ltr'>ιι.</span> <span class='ocrx_word' id='word_1_982' title='bbox 2677 3457 2704 3472; x_wconf 85' lang='lat'>12</span> <span class='ocrx_word' id='word_1_983' title='bbox 2716 3460 2727 3464; x_wconf 92' lang='lat'>-</span> 
     </span>
     <span class='ocr_line' id='line_1_138' title="bbox 2607 3467 2710 3500; baseline 0.021 -3"><span class='ocrx_word' id='word_1_984' title='bbox 2607 3467 2658 3499; x_wconf 78' lang='lat' dir='ltr'>lect.</span> <span class='ocrx_word' id='word_1_985' title='bbox 2674 3485 2710 3500; x_wconf 87' lang='lat' dir='ltr'>xv.</span> 
     </span>
    </p>
   </div>
  </div>
 </body>
</html>
