2768 4198
34 413 43 422 ⁸
58 411 124 433 Vers.
139 417 160 439 3.

34 787 45 798 ·
54 787 102 815 Qu.
113 792 163 814 ccv,
173 790 216 809 art.
226 791 247 808 2.

959 271 1230 318 QUAESTIO
1260 272 1399 318 CLVI,
1428 272 1727 309 ARTICULUS
1759 273 1789 308 11

328 353 404 389 SED
424 362 570 388 CONTRA
597 362 664 387 EST
687 350 795 398 quod
823 357 1122 386 connumeratur
1149 349 1229 386 aliis
1258 361 1345 397 pec-

275 405 387 453 catis,
417 405 448 441 ΙΙ
478 404 530 441 ad
559 404 655 441 Tim.
683 415 718 440 111
738 403 775 450 ³¹⁸,
805 402 1042 440 ubidicitur:
1072 402 1344 447 criminatores,

275 457 552 503 incontinentes,
578 457 748 502 immites,
770 463 839 493 etc.
870 456 972 504 Ergo
996 455 1271 493 incontinentia
1291 462 1346 491 est

273 518 487 560 peccatum.

329 565 556 601 Rsspounsso
585 574 772 600 memnon
799 562 905 610 quod
926 561 1196 599 incontinentia
1221 568 1347 609 potest

275 617 417 654 attendi
445 616 544 653 circa
572 616 712 664 aliquid
740 615 944 664 tripliciter.
978 615 1067 652 Uno
1096 614 1229 661 modo,
1258 626 1346 662 pro-

274 670 355 719 prie
384 677 422 706 et
440 669 669 718 simpliciter.
700 670 750 706 Et
777 669 830 706 sic
850 668 1119 706 incontinentia
1143 666 1346 704 attenditur

275 722 373 760 circa
401 723 726 771 concupiscentias
755 722 1050 759 delectationum
1079 728 1215 767 tactus,
1250 719 1346 756 sicut

275 784 312 813 et
338 775 642 825 intemperantia,
670 783 711 813 ut
739 788 854 825 supra
873 775 893 797 ‘¹‘
922 775 1065 812 dictum
1095 781 1151 811 est
1179 773 1226 811 de
1255 785 1345 809 con-

274 829 441 867 tinentia.
462 830 512 866 Et
530 830 606 866 hoc
625 829 746 867 modo
766 828 1040 866 incontinentia
1060 835 1116 864 est
1128 833 1344 876 peccatum,

275 882 416 932 duplici
444 882 610 919 ratione:
649 895 728 920 uno
757 882 899 930 modo,
930 894 975 918 ex
1003 893 1050 918 eo
1080 879 1186 929 quod
1214 879 1345 916 incon-

274 936 398 974 tinens
435 936 577 973 recedit
605 936 654 973 ab
684 948 730 973 eo
760 935 865 985 quod
899 943 955 972 est
991 934 1203 971 secundum
1233 933 1345 969 ratio-

275 1001 387 1035 nem;
416 989 491 1026 alio
521 990 663 1037 modo,
693 1001 738 1026 ex
767 1001 813 1025 eo
843 988 947 1037 quod
976 1000 1016 1024 se
1045 985 1236 1033 immergit
1263 985 1345 1033 qui-

275 1043 439 1080 busdam
469 1042 642 1092 turpibus
671 1041 994 1080 delectationibus.
1026 1041 1074 1077 Et
1101 1040 1189 1077 ideo
1219 1038 1346 1075 Philo-

220 1111 245 1124 -·
275 1097 420 1145 sophus
449 1095 549 1142 dicit,
578 1095 617 1132 in
645 1095 714 1132 VII
732 1095 853 1132 Ethic.
883 1094 914 1142 ²¹⁸,
945 1094 1050 1143 quod
1079 1092 1345 1130 incontinentia

224 1145 230 1151 ’
274 1149 509 1198 vituperatur
536 1161 611 1186 non
639 1148 762 1186 solum
789 1148 886 1186 sicut
903 1152 1117 1196 peccatum,
1144 1145 1248 1195 quod
1275 1145 1345 1182 sci-

31 1795 102 1847 :de
111 1802 163 1826 «zv,
172 1800 215 1820 an.
222 1803 245 1824 a,

33 3243 84 3267 ‘Cn
101 3244 246 3271 .1v,n.²,6.-

33 3273 58 3296 S.
110 3289 117 3295 .
132 3274 183 3295 lect.
199 3278 229 3294 tv.

273 1202 359 1240 licet
387 1209 443 1239 est
470 1214 540 1251 per
568 1214 761 1239 recessum
791 1214 813 1238 a
841 1200 998 1248 ratione,
1026 1201 1092 1237 sed
1117 1200 1214 1236 sicut
1238 1198 1345 1235 mali-

273 1257 325 1293 tia
353 1256 553 1305 quaedam,
582 1255 809 1303 inquantum
838 1253 978 1291 scilicet
995 1265 1136 1303 pravas
1165 1251 1346 1301 concupi-

274 1309 436 1346 scentias
464 1308 643 1358 sequitur.

327 1362 414 1399 Alio
433 1361 554 1399 modo
574 1360 847 1399 incontinentia
870 1359 1007 1398 dicitur
1025 1364 1043 1381 ⁸
1073 1357 1344 1410 circaraliquid‚

273 1415 428 1466 proprie
456 1415 625 1466 quidem,
655 1414 881 1464 inquantum
908 1414 1028 1451 homo
1058 1411 1202 1450 recedit
1228 1412 1277 1448 ab
1298 1423 1345 1448 eo

274 1468 380 1518 quod
409 1476 465 1506 est
492 1467 706 1506 secundum
734 1466 933 1513 rationem,
963 1466 1031 1503 sed
1059 1478 1139 1503 non
1169 1464 1346 1514 simplici-

272 1529 348 1560 ter:
377 1529 470 1571 puta
499 1534 586 1559 cum
607 1520 740 1570 aliquis
759 1532 838 1557 non
859 1527 986 1557 servat
1005 1518 1168 1556 modurn
1192 1518 1346 1555 rationis

272 1575 312 1613 in
341 1575 650 1624 concupiscentia
676 1573 846 1621 honoris,
868 1572 1086 1611 divitiarum
1117 1579 1154 1609 et
1182 1572 1344 1609 aliorum

271 1628 506 1676 huiusmodi,
523 1640 622 1677 quae
637 1628 852 1665 secundum
868 1639 909 1664 se
923 1626 1103 1664 videntur
1117 1637 1200 1663 esse
1220 1625 1345 1670 bona3

273 1682 375 1720 circa
402 1694 501 1731 quae
529 1693 609 1719 non
638 1688 694 1718 est
722 1679 995 1718 incontinentia
1023 1678 1255 1728 simpliciter,
1277 1678 1346 1716 sed

272 1736 485 1773 secundum
524 1735 638 1784 quid,
668 1734 764 1772 sicut
801 1746 916 1783 supra
945 1733 993 1771 de
1022 1732 1254 1770 continentia
1292 1731 1346 1769 di-

272 1795 376 1826 ctum
415 1795 471 1825 est
488 1787 521 1825 *.
559 1788 609 1825 Et
646 1788 698 1825 sic
735 1786 1008 1825 incontinentia
1045 1794 1101 1823 est
1127 1792 1343 1834 peccatum,

272 1853 351 1880 non
381 1853 427 1879 ex
465 1853 512 1878 eo
541 1841 647 1890 quod
686 1841 820 1890 aliquis
856 1841 1000 1889 ingerat
1028 1851 1068 1877 se
1097 1837 1226 1888 pravis
1256 1850 1346 1875 con-

272 1894 525 1944 cupiscentiis,
545 1894 613 1932 sed
643 1906 689 1931 eo
709 1894 815 1943 quod
844 1905 923 1930 non
943 1899 1069 1930 servat
1089 1891 1252 1929 modum
1281 1891 1345 1928 de-

326 2020 355 2054 α)
375 2020 484 2046 dicitur.
496 2033 515 2039 -
533 2023 574 2045 est
594 2020 624 2051 L,
643 2019 796 2044 attenditur
815 2019 862 2044 Pa.

2391 272 2459 307 261

1401 350 1522 387 bitum
1543 351 1709 398 rationis,
1731 350 1843 387 etiam
1862 350 1899 387 in
1921 349 2227 399 concupiscentia
2253 362 2380 387 rerum
2401 363 2468 399 per

1401 415 1440 439 se
1470 404 1784 451 appetendarum.
2179 438 2186 441 ⁷

1455 456 1586 493 Tertio
1624 458 1742 494 modo
1776 455 2046 494 incontinentia
2082 455 2216 493 dicitur
2251 467 2332 492 esse
2371 456 2468 493 circa

1401 508 1542 556 aliquid
1563 522 1640 546 non
1660 509 1825 559 proprie,
1841 509 1910 546 sed
1929 509 2144 546 secundum
2164 508 2466 546 similitudinem:

1400 568 1491 609 puta
1520 561 1619 598 circa
1639 562 1965 611 concupiscentias
1985 575 2120 600 eorum
2140 563 2278 611 quibus
2302 574 2381 599 non
2400 575 2468 611 po-

1399 621 1471 650 test
1499 614 1632 663 aliquis
1661 617 1759 652 male
1788 611 1862 662 uti,
1891 623 1984 664 puta
2013 616 2111 653 circa
2144 615 2469 664 concupiscentias

1399 666 1596 704 virtutum.
1627 668 1738 704 Circa
1767 681 1860 717 quas
1888 677 2013 717 potest
2037 669 2109 706 dici
2140 669 2274 718 aliquis
2302 680 2385 705 esse
2414 669 2468 706 in-

1402 719 1600 757 continens
1628 733 1696 769 per
1723 721 2028 759 similitudinem:
2069 721 2158 771 quia
2186 722 2282 759 sicut
2315 722 2376 758 ille
2404 722 2469 770 qui

1402 780 1457 810 est
1485 773 1723 811 incontinens
1743 775 1904 811 totaliter
1924 775 2072 812 ducitur
2098 788 2168 825 per
2197 775 2468 823 concupiscen-

1401 826 1492 862 tiam
1522 828 1675 874 malam,
1695 827 1745 864 ita
1765 827 1898 876 aliquis
1926 829 2087 865 totaliter
2106 829 2255 866 ducitur
2281 841 2351 877 per
2379 841 2468 866 con·

1401 879 1671 927 cupiscentiam
1709 881 1871 928 bonam,
1901 893 2000 929 quae
2029 889 2084 918 est
2112 882 2324 919 secundum
2357 882 2468 919 ratio-

1401 944 1504 969 nem.
1533 934 1582 969 Et
1600 933 1682 970 talis
1701 933 1973 970 incontinentia
1993 947 2071 971 non
2092 943 2146 971 est
2165 943 2379 984 peccatum,
2400 935 2468 973 sed

1400 986 1561 1034 pertinet
1589 986 1636 1023 ad
1666 987 1940 1034 perfectionem
1969 987 2127 1024 virtutis.

1453 1040 1513 1075 Αι)
1542 1051 1680 1076 PRtMUM
1709 1051 1807 1076 ERGO
1832 1051 2016 1077 DICENDUM
2045 1041 2149 1089 quod
2186 1042 2305 1078 homo
2343 1048 2469 1091 potest

1399 1091 1519 1128 vitare
1556 1099 1757 1140 peccatum
1797 1099 1832 1128 et
1864 1093 1987 1129 facere
2025 1093 2194 1141 bonum,
2224 1107 2303 1131 non
2339 1103 2468 1132 tamen

1400 1144 1481 1182 sine
1518 1144 1649 1182 divino
1679 1145 1838 1182 auxilio:
1869 1146 2082 1183 secundum
2116 1146 2206 1184 illud
2236 1149 2340 1185 Ioan.
2359 1159 2408 1184 xv
2426 1147 2466 1184 *z

1401 1198 1490 1234 Sine
1517 1210 1578 1235 me
1597 1198 1689 1235 nihil
1701 1199 1854 1247 potestis
1875 1200 2021 1246 facere.
2050 1199 2161 1236 Unde
2181 1212 2250 1248 per
2269 1201 2343 1237 hoc
2362 1200 2467 1248 quod

1401 1252 1522 1288 homo
1550 1251 1693 1299 indiget
1713 1251 1843 1288 divino
1865 1252 2003 1288 auxilio
2028 1252 2076 1289 ad
2095 1253 2169 1289 hoc
2189 1253 2294 1301 quod
2313 1254 2359 1291 sit
2379 1266 2468 1290 con-

1401 1305 1537 1351 tinens,
1567 1317 1646 1341 non
1675 1305 1884 1342 excluditur
1906 1305 1999 1354 quin
2027 1305 2298 1343 incontinentia
2317 1307 2363 1344 sit
2381 1319 2468 1355 pec-

1402 1365 1549 1395 catum:
1579 1357 1680 1406 quia,
1710 1366 1752 1395 ut
1781 1358 1916 1396 dicitur
1944 1359 1982 1395 in
2013 1359 2061 1394 111
2090 1359 2210 1396 Ethic.
2231 1359 2263 1407 ²¹⁵,
2288 1371 2385 1408 quae
2396 1371 2470 1408 per

1400 1412 1544 1449 amicos
1565 1423 1788 1460 possumus,
1817 1411 2031 1460 aliqualiter
2061 1423 2134 1460 per
2166 1424 2234 1449 nos
2254 1424 2468 1460 possumus.

1454 1466 1513 1502 An
1542 1476 1735 1502 SECUNDUM
1763 1476 1949 1502 DICENDUM
1979 1465 2084 1514 quod
2114 1465 2150 1502 in
2172 1478 2219 1502 eo
2239 1466 2304 1514 qui
2333 1473 2389 1503 est
2416 1466 2470 1503 in-

1402 1518 1600 1555 continens
1628 1517 1790 1555 vincitur
1818 1518 2001 1556 iudicium
2022 1518 2188 1565 rationis,
2210 1531 2288 1555 non
2314 1519 2470 1568 quidem

1402 1583 1447 1608 ex
1475 1571 1717 1619 necessitate,
1747 1571 1852 1620 quod
1890 1571 2053 1608 auferret
2080 1572 2266 1609 rationem
2303 1572 2469 1621 peccati:

1400 1625 1466 1662 sed
1497 1637 1542 1662 ex
1563 1625 1788 1674 negligentia
1818 1625 1986 1674 quadam
2012 1625 2178 1662 hominis
2206 1637 2285 1662 non
2313 1625 2472 1662 firmiter

1401 1678 1629 1716 intendentis
1648 1678 1697 1715 ad
1718 1678 1970 1716 resistendum
2001 1678 2170 1727 passioni
2197 1691 2266 1727 per
2289 1678 2470 1716 iudicium

1401 1731 1556 1769 rationis
1584 1732 1690 1780 quod
1718 1732 1846 1769 habet.

1453 1787 1513 1822 AD
1541 1797 1703 1822 TER-runi
1731 1796 1917 1822 memnon
1946 1785 2051 1834 quod
2081 1785 2174 1822 ratio
2202 1785 2263 1822 illa
2299 1785 2471 1834 procedit

1402 1837 1449 1874 de
1478 1838 1749 1875 incontinentia
1777 1850 1846 1887 per
1874 1838 2159 1875 similitudinem
2191 1838 2301 1885 dicta,
2328 1846 2365 1875 et
2392 1850 2470 1876 non

1399 1903 1566 1940 proprie.

952 2097 1287 2132 Commentario.
1310 2095 1563 2129 Cardinalis
1585 2095 1787 2129 Caietam

275 2189 323 2252 IN
339 2179 472 2211 articulo
485 2179 627 2210 secundo
643 2177 838 2220 quaestionis
855 2176 1343 2218 centesimaequinquagesimae-

236 2241 246 2246 -
303 2230 418 2261 sextae,
431 2223 557 2254 adverte
573 2223 663 2264 quod
677 2222 833 2254 Martinus
842 2221 860 2241 *
876 2231 1003 2262 carpere
1020 2228 1154 2252 conatur
1167 2223 1342 2251 Auctorem

271 2267 306 2298 in
328 2267 388 2299 hac
410 2268 512 2299 littera
535 2267 692 2298 dicentem
715 2267 755 2297 de
778 2266 995 2297 incontinente
1019 2265 1146 2306 proprie
1170 2272 1201 2296 et
1224 2265 1344 2305 simpli-

272 2312 349 2344 citer
370 2313 460 2353 quod
483 2311 651 2352 dupliciter
676 2317 795 2351 peccat,
819 2317 895 2341 etc.:
926 2309 1018 2351 quasi
1040 2309 1116 2340 velit
1139 2319 1176 2340 ex
1198 2309 1261 2340 hoc
1285 2319 1344 2349 po-

271 2366 346 2388 nere
369 2356 576 2388 differentiam
606 2356 688 2386 inter
718 2354 942 2386 delectationes
972 2354 1119 2395 fugibiles
1149 2360 1289 2390 tantum,
1315 2360 1346 2384 et

271 2400 418 2442 fugibiles
441 2410 476 2431 ac
490 2400 731 2440 vituperabiles;
756 2399 847 2441 quasi
870 2399 955 2430 idem
970 2401 1093 2430 Auctor
1111 2398 1267 2438 intelligat
1289 2407 1345 2439 per

270 2454 406 2487 pravum
429 2452 460 2476 et
473 2444 689 2486 vituperabile.
714 2444 776 2476 Sed
795 2443 950 2485 quoniam
974 2443 1082 2474 nullus
1098 2450 1144 2474 est
1160 2442 1211 2473 hic
1227 2452 1343 2479 sermo,

271 2489 360 2520 nulla
382 2489 527 2531 quaestio
551 2489 591 2520 de
604 2488 806 2529 vituperabili
829 2495 861 2519 et
884 2498 950 2519 non
964 2487 1174 2528 vituperabili,
1192 2497 1258 2518 non
1284 2487 1344 2518 im-

270 2540 372 2574 ponat
394 2533 528 2564 Auctori
551 2533 707 2564 Martinus
730 2542 822 2563 suam
846 2532 1056 2573 phantasiam,
1074 2532 1129 2563 sed
1153 2539 1200 2562 sat
1224 2532 1263 2562 sit
1286 2531 1345 2562 sibi

271 2578 375 2609 dicere
398 2584 429 2608 et
452 2587 583 2617 arguere
606 2578 695 2618 quod
715 2577 785 2608 vult
803 2577 871 2607 sine
895 2576 1081 2608 huiusmodi
1105 2575 1298 2607 fictionibus.

328 2621 366 2652 11.
391 2622 427 2652 In
460 2622 576 2652 eodem
599 2621 732 2652 articulo
762 2621 904 2652 secundo
934 2621 1071 2652 dubium
1103 2620 1240 2651 occurrit
1263 2620 1344 2651 circa

272 2665 481 2701 differentiam
503 2666 537 2696 in
559 2666 661 2696 littera
684 2665 876 2705 assignatam
899 2665 981 2696 inter
1003 2664 1276 2705 concupiscentias
1299 2671 1344 2696 ta-

272 2716 359 2746 ctus,
383 2717 414 2742 et
435 2710 568 2741 honoris
591 2716 648 2741 aut
670 2709 874 2746 huiusmodi,
899 2719 996 2750 penes
1024 2709 1086 2740 hoc
1110 2709 1200 2750 quod
1227 2719 1344 2740 concu-

271 2754 442 2795 piscentiae
465 2761 567 2785 tactus
598 2761 673 2785 sunt
696 2763 827 2794 pravae,
853 2753 1128 2794 concupiscentiae
1158 2758 1267 2784 autem
1289 2753 1346 2783 ho·

271 2798 358 2829 noris
374 2809 440 2829 non
458 2806 532 2830 sunt
546 2807 674 2839 pravae:
699 2808 735 2829 ac
754 2808 810 2838 per
824 2797 896 2834 hoc,
914 2798 994 2828 circa
1010 2797 1172 2838 duplicem
1187 2797 1344 2828 rationem

271 2843 389 2884 peccati
412 2843 466 2880 ibi,
485 2850 516 2874 et
530 2843 659 2874 unicam
675 2842 736 2873 hic.
761 2842 917 2873 Videntur
936 2842 1022 2872 enim
1046 2842 1123 2872 haec
1146 2841 1235 2872 falsa.
1260 2842 1345 2879 Quia

270 2887 442 2929 utrobique
466 2887 742 2928 concupiscentiae
765 2887 993 2917 immoderatae
1013 2886 1099 2917 solae
1122 2892 1197 2917 sunt
1219 2896 1344 2926 pravae.

270 2932 454 2963 moderatae
478 2939 587 2963 autem
609 2932 727 2962 bonae:
753 2937 784 2962 et
807 2930 1002 2962 delectabilia
1025 2930 1094 2971 ipsa
1110 2929 1281 2970 utrobique
1297 2940 1344 2961 se·

272 2976 416 3008 cundum
439 2986 471 3007 se
495 2983 570 3007 sunt
593 2977 688 3007 bona.
723 2975 816 3006 Unde
839 2974 918 3006 nihil
942 2981 989 3005 est
1012 2975 1098 3006 dictu
1122 2974 1210 3016 quod
1235 2974 1344 3005 incon—

271 3019 375 3051 tinens
397 3021 530 3052 honoris
561 3030 627 3051 non
654 3030 687 3050 se
710 3019 824 3060 ingerit
854 3019 957 3060 pravis
986 3018 1265 3059 concupiscentiis,
1290 3019 1345 3049 sed

272 3072 383 3105 peccat
405 3075 442 3096 ex
465 3075 504 3096 eo
528 3065 618 3106 quod
641 3074 708 3095 non
733 3070 835 3095 servat
858 3063 1002 3094 debitum
1026 3063 1163 3094 modum
1181 3063 1213 3093 in
1228 3073 1344 3094 concu-

272 3108 436 3149 piscendo.
459 3110 534 3140 Hoc
557 3109 643 3140 enim
666 3109 753 3139 idem
771 3108 883 3140 accidit
905 3107 1115 3139 incontinenti
1143 3107 1343 3147 simpliciter:

272 3153 429 3193 quoniam
451 3164 489 3184 ex
511 3154 574 3185 hoc
596 3154 668 3185 solo
691 3160 800 3194 peccat
815 3153 904 3194 quod
927 3152 960 3182 in
983 3152 1209 3183 immoderatas
1225 3161 1344 3183 concu-

272 3196 439 3237 piscentias
460 3208 610 3229 venereas
632 3197 773 3229 incurrit.

329 3241 380 3272 Ad
402 3241 466 3272 hoc
493 3242 607 3273 dicitur
636 3242 740 3284 quod,
772 3248 808 3272 ut
831 3252 868 3272 ex
891 3241 948 3272 VII
971 3241 1076 3272 Ethic.
1092 3240 1126 3277 ¹⁸,
1155 3239 1240 3270 unde
1267 3240 1345 3270 haec

273 3291 402 3325 sumpta
424 3292 509 3322 sunt,
533 3296 683 3327 apparere
707 3293 821 3327 potest,
837 3287 924 3316 bona
947 3285 1141 3316 delectabilia
1164 3282 1215 3326 (ut
1231 3284 1344 3315 clarius

273 3327 444 3372 intelligas)
468 3330 513 3360 sic
536 3329 758 3370 distinguenda
781 3337 856 3361 sunt
872 3330 962 3372 quod
985 3330 1144 3371 quaedam
1167 3334 1243 3359 sunt
1265 3339 1345 3369 quo—

273 3384 346 3404 rum
370 3373 474 3404 studia
489 3373 673 3414 simpliciter
695 3382 726 3406 et
744 3375 889 3406 absolute
913 3381 987 3405 sunt
1002 3374 1096 3405 mala.
1122 3372 1235 3405 Statim
1259 3373 1344 3404 enim

274 3425 310 3449 ut
333 3418 410 3448 dicis
434 3417 569 3449 alicuius
591 3419 695 3449 studia
717 3422 785 3450 esse
809 3419 889 3451 circa
911 3429 1046 3450 venerea
1068 3426 1123 3449 aut
1150 3417 1344 3449 delectabilia

274 3462 335 3493 cibi
359 3469 389 3493 et
412 3468 519 3502 potus,
536 3462 652 3499 statim,
667 3463 810 3503 inquam,
828 3463 982 3494 malitiam
1005 3473 1061 3494 seu
1085 3463 1271 3503 pravitatem
1287 3472 1342 3492 seu

272 3506 387 3537 vitium
416 3506 548 3547 aliquod
576 3506 794 3546 intelligimus.
823 3508 865 3539 Et
887 3507 964 3539 haec
982 3514 1137 3539 vocantur
1160 3506 1343 3548 appetibilia

268 3556 405 3591 propter
419 3551 655 3581 necessitatem:
676 3549 868 3591 inquantum
883 3551 1002 3583 scilicet
1016 3551 1185 3583 necessitas
1201 3551 1344 3591 corporis

274 3605 311 3626 ea
333 3594 464 3635 requirit
495 3601 626 3635 propter
654 3594 858 3625 individuum
878 3596 930 3626 vel
958 3596 1107 3636 speciem.
1135 3613 1151 3619 ·—
1175 3596 1343 3633 Quaedam

1397 2185 1473 2206 vero
1498 2183 1572 2207 sunt
1591 2186 1733 2216 quorum
1757 2175 1861 2206 studia
1884 2176 2068 2216 simpliciter
2091 2183 2122 2206 et
2145 2176 2290 2207 absolute
2306 2186 2372 2206 non
2396 2182 2470 2206 sunt

1398 2219 1492 2256 mala,
1508 2220 1563 2250 sed
1587 2221 1694 2250 solum
1716 2220 1741 2251 si
1762 2220 1935 2260 explicetur
1958 2219 2167 2260 superfluitas.
2192 2220 2360 2251 Studiosos
2384 2220 2470 2250 enim

1398 2263 1540 2301 honoris,
1557 2264 1685 2304 gloriae,
1698 2265 1858 2300 victoriae,
1871 2263 2023 2300 filiorum,
2039 2271 2108 2300 etc„
2126 2274 2200 2295 cum
2216 2264 2362 2300 dicimus,
2379 2264 2470 2295 nullo

1398 2307 1554 2339 afficimus
1577 2318 1633 2339 eos
1652 2308 1744 2339 vitio:
1769 2308 1872 2339 immo
1892 2308 1996 2339 studia
2011 2308 2088 2339 haec
2103 2308 2275 2339 laudabilia
2292 2318 2468 2339 censemus.

1398 2353 1440 2383 Et
1462 2352 1541 2384 haec
1564 2360 1720 2384 vocantur
1736 2363 1800 2393 per
1822 2363 1856 2384 se
1879 2353 2072 2394 appetibilia.

1455 2397 1496 2428 Et
1526 2397 1600 2428 hinc
1629 2404 1715 2438 patet
1744 2407 1842 2438 quare
1873 2397 2148 2438 concupiscentiae
2179 2407 2390 2428 venereorum
2425 2397 2471 2427 di-

1398 2448 1511 2472 cantur
1523 2452 1661 2482 pravae,
1682 2442 1744 2472 hoc
1768 2449 1815 2473 est
1837 2442 1978 2478 vitiosae,
1995 2449 2025 2473 et
2045 2441 2319 2482 concupiscentiae
2339 2441 2471 2472 honoris

1398 2495 1479 2516 non:
1504 2487 1580 2528 quia
1597 2487 1723 2518 studere
1739 2486 1800 2517 illis
1825 2487 2061 2518 delectabilibus
2081 2492 2128 2517 est
2142 2492 2320 2526 peccatum,
2345 2486 2470 2516 studere

1398 2536 1507 2562 autem
1529 2531 1597 2563 istis
1621 2541 1698 2562 non.

1460 2577 1502 2607 Et
1524 2576 1607 2612 licet,
1631 2575 1809 2606 secundum
1833 2575 2006 2611 veritatem,
2027 2575 2059 2605 in
2083 2574 2226 2614 utrisque
2245 2574 2330 2604 solae
2353 2573 2469 2604 immo-

1398 2623 1523 2654 deratae
1539 2620 1814 2660 concupiscentiae
1829 2619 1892 2650 sint
1907 2628 2038 2660 pravae;
2063 2618 2207 2650 studium
2220 2618 2347 2648 illarum
2362 2624 2469 2648 tamen

1397 2667 1550 2707 importat
1578 2664 1895 2700 immoderationem,
1920 2673 2018 2705 quam
2048 2673 2114 2694 non
2144 2663 2295 2702 importat
2325 2662 2468 2692 studium

1398 2712 1544 2742 istorum.

1454 2756 1543 2785 Patet
1576 2754 1670 2784 etiam
1694 2752 1812 2792 duplex
1842 2752 1895 2782 illa
1925 2751 2005 2782 ratio
2034 2751 2154 2791 peccati
2178 2750 2210 2780 in
2240 2750 2469 2780 incontinentia

1399 2799 1597 2840 simpliciter:
1623 2797 1699 2838 quia
1722 2796 1840 2827 scilicet
1863 2803 1958 2832 errat;
1983 2803 2014 2826 et
2036 2796 2069 2826 in
2094 2794 2367 2834 concupiscentias
2386 2804 2468 2835 quae

1398 2851 1473 2875 sunt
1488 2843 1527 2873 de
1542 2851 1655 2882 genere
1671 2851 1841 2881 pravorum
1862 2840 2053 2877 studiorum,
2069 2839 2213 2870 declinat.
2238 2838 2468 2869 Incontinentia

1398 2895 1507 2919 autem
1531 2886 1709 2917 secundum
1732 2885 1826 2926 quid,
1851 2892 1929 2926 puta
1957 2884 2106 2921 honoris,
2130 2884 2238 2914 solum
2266 2890 2362 2913 errat:
2393 2882 2468 2923 quia

1399 2943 1465 2964 non
1489 2931 1625 2962 declinat
1647 2930 1680 2960 in
1712 2929 1983 2970 concupiscentias
2007 2939 2090 2970 quae
2114 2928 2176 2959 sint
2199 2928 2238 2958 de
2261 2937 2374 2967 genere
2397 2936 2467 2967 pra-

1398 2986 1514 3007 vorum
1539 2975 1731 3006 studiorum.
1756 2974 1797 3005 Et
1812 2974 1874 3004 hoc
1889 2973 2023 3005 intendit
2046 2975 2177 3008 Auctor,
2195 2982 2270 3003 cum
2286 2971 2466 3007 Aristotele,

1399 3031 1454 3062 per
1477 3020 1559 3050 hanc
1581 3019 1728 3050 litteram.

1455 3065 1506 3095 111.
1533 3064 1568 3094 ln
1593 3064 1705 3094 eodem
1731 3062 1872 3093 secundo
1906 3061 2039 3093 articulo
2063 3061 2199 3091 dubium
2229 3059 2364 3090 occurrit
2388 3059 2469 3089 circa

1398 3108 1662 3140 incontinentiam
1678 3107 1820 3138 secundo
1836 3106 1947 3137 modo.
1974 3105 2139 3143 Quoniam
2162 3105 2194 3135 in
2218 3104 2319 3134 littera
2343 3103 2466 3139 dicitur,

1401 3153 1497 3184 Circa
1519 3153 1600 3183 haec
1621 3151 1799 3183 attenditur
1813 3151 2075 3181 *incontinentia
2092 3150 2228 3189 proprie
2249 3147 2388 3188 quidem,
2411 3147 2469 3178 sed

1399 3207 1462 3228 non
1478 3196 1683 3237 simpliciter:
1706 3195 1738 3225 in
1754 3195 1811 3225 VII
1829 3201 1936 3226 autem
1953 3194 2055 3225 Ethic.
2072 3193 2089 3212 *
2112 3192 2296 3224 Aristoteles
2320 3191 2395 3222 dicit
2408 3193 2466 3222 hu-

1398 3240 1540 3272 iusmodi
1563 3239 1826 3271 incontinentiam
1842 3246 1985 3278 respectu
2010 3237 2152 3273 honoris,
2172 3244 2243 3275 etc„
2267 3246 2335 3266 esse
2356 3235 2467 3267 incon-

1398 3284 1565 3316 tinentiam
1578 3283 1754 3315 secundum
1773 3283 2023 3314 similitudinem.
2048 3281 2080 3312 Si
2097 3281 2181 3312 enim
2201 3281 2296 3311 habet
2311 3280 2468 3311 rationem

1398 3328 1645 3360 incontinentiae
1668 3327 1846 3359 secundum
1870 3326 2122 3362 similitudinem,
2139 3335 2215 3365 ergo
2231 3334 2299 3355 non
2322 3325 2467 3366 proprie:

1399 3380 1430 3404 et
1445 3373 1470 3403 si
1485 3372 1622 3413 proprie,
1643 3382 1718 3412 ergo
1734 3381 1800 3402 non
1818 3371 1995 3402 secundum
2011 3369 2262 3400 similitudinem.
2288 3369 2329 3400 Et
2347 3379 2466 3405 rursus,

1399 3418 1424 3448 si
1448 3417 1625 3448 secundum
1648 3415 1899 3452 similitudinem,
1915 3425 1990 3455 ergo
2014 3414 2242 3445 incontinentia
2259 3413 2350 3444 tertio
2366 3414 2466 3444 modo

1398 3462 1502 3503 posita
1524 3461 1557 3491 in
1581 3461 1696 3497 littera,
1721 3470 1803 3501 quae
1834 3459 1947 3490 dicitur
1971 3460 2202 3490 incontinentia
2228 3458 2401 3489 secundum
2428 3458 2468 3488 si-

1398 3506 1627 3543 militudinem,
1652 3504 1802 3536 coincidit
1825 3514 1899 3535 cum
1930 3503 2159 3535 incontinentia
2182 3502 2322 3533 secundo
2351 3502 2464 3532 modo:

1398 3551 1473 3591 quia
1496 3557 1629 3590 utraque
1653 3549 1748 3580 habet
1770 3548 2018 3580 incontinentiae
2040 3547 2198 3579 rationem
2225 3546 2402 3578 secundum
2426 3545 2465 3575 si-

1399 3595 1623 3625 militudinem.

2495 1150 2506 1160 ·
2519 1149 2585 1171 Vers.
2601 1155 2619 1178 5.

2497 1359 2550 1408 'so'
2567 1365 2652 1409 ‘.¹¹1¹e’0¹t¹'
2660 1365 2709 1408 231:

2498 3151 2507 3160 ³
2521 3150 2557 3172 Cf.
2572 3154 2620 3172 not.
2637 3158 2661 3174 α,

2495 3195 2505 3204 ·
2515 3193 2571 3216 Loc.
2588 3193 2636 3221 cit„
2649 3199 2672 3215 n.
2687 3199 2706 3215 2.
