2768 4198
41 766 52 777 ⁸
58 765 110 787 Vid.
121 765 254 786 Commeat.

41 792 113 814 Cniet.
136 794 189 819 post
212 793 254 812 m.

40 825 62 848 3,
76 824 140 840 uum.
157 823 182 844 u,
198 817 236 838 fin.

42 1002 255 1031 ’Adatot.Categ.,

43 1036 93 1059 cap.
108 1036 133 1058 ιι,
148 1036 171 1052 ιι.
186 1037 209 1057 4.

43 1080 54 1090 ·
68 1079 116 1107 Qu.
135 1084 199 1106 xxiv,
213 1081 256 1100 nrt.

50 1983 261 2014 ·ub.xx1v.enp.

49 2018 84 2039 Ιι,
90 2012 120 2036 ul.
127 2017 171 2040 vn,
180 2011 206 2034 in
216 2015 262 2034 vet.

49 2044 100 2062 8111.

49 2064 222 2130 ἧέἒῖιῗὲὸὲἳξ
228 2066 263 2114 :lt

50 2198 126 2221 ’Ast
141 2204 157 2220 1.

53 2576 67 2606 ,⁸
79 2575 148 2598 Vm.
163 2582 202 2604 20,
215 2581 250 2598 n.

903 295 1171 341 QUAESTIO
1202 295 1448 342 CLXXXIII,
1478 295 1776 333 ARTICULUS
1807 294 1858 331 IV

2395 307 2472 344 449

1069 420 1389 495 ARTICULUS
1420 453 1695 504 QUARTUS

574 531 732 578 UTRUM
756 545 1050 582 DIFFERENTIA
1073 546 1285 577 STATUUM
1308 546 1614 578 ATTENDATUR
1638 546 1877 578 SECUNDUM
1902 547 2184 585 INCIPIENTES,

1042 590 1356 621 PROFICIENTES
1379 590 1438 621 ET
1461 590 1715 622 PERFECTOS

952 670 982 694 In
1003 670 1086 699 Ioan„
1107 677 1235 702 cap..vn1‚
1255 670 1313 695 lect.
1331 677 1372 700 1v3
1391 670 1435 695 Ad
1456 671 1556 700 Galat„
1576 678 1632 703 cap.
1651 679 1676 700 v,
1696 671 1752 696 lect.
1772 679 1810 696 111.

315 765 330 795 2
347 769 375 784 a
397 768 454 795 ωαχ
496 762 517 787 D
534 761 708 792 QUARTUM
723 762 777 787 sm
793 749 1061 787 PRocED1TUR*.
1071 750 1232 787 Videtur
1246 753 1352 798 quod

309 773 369 814 μς»
402 791 410 799 ..
437 795 442 801 .

299 814 309 865 ῃ
330 796 411 861 A
446 847 455 860 ,

302 904 311 913 '
341 928 348 935 =
373 903 436 943 Ἢ)
452 902 627 947 fectos.
658 911 908 947 Diversorum
937 911 1040 947 enirn
1069 910 1241 947 diversae
1267 916 1355 947 sunt

282 964 421 1013 species
441 969 475 1000 et
490 970 507 986 ‘¹
526 964 761 1014 differentiae
774 964 806 1001 ²¹⁸.
837 964 915 1001 Sed
935 964 1148 1001 secundum
1167 964 1267 1000 hanc
1287 963 1355 1000 clis-

285 1017 482 1054 ferentiam
513 1017 783 1064 inchoationis,
813 1018 1005 1066 profectus
1035 1025 1071 1054 et
1098 1017 1354 1066 perfectionis,
1380 1017 1382 1063 ᾖ
1409 1018 1507 1065 gitur
1535 1017 1705 1055 servituti
1725 1018 1906 1055 iustitiae:
1938 1019 2028 1068 quia
2047 1032 2116 1068 per
2134 1027 2341 1068 utrumque
2362 1021 2481 1058 tendit

285 1070 507 1108 dividuntur
535 1071 675 1119 gradus
704 1071 887 1108 caritatis:
917 1079 958 1108 ut
996 1083 1110 1120 supra
1133 1070 1153 1092 ’¹‘
1180 1070 1355 1107 habitum
1381 1068 1382 1079 ³

285 1132 353 1171 est,
376 1137 465 1161 curn
494 1125 542 1162 de
572 1125 724 1161 caritate
745 1133 929 1172 ageretur.
959 1124 1061 1172 Ergo
1080 1124 1231 1160 videtur
1250 1124 1356 1172 quod

285 1178 499 1215 secundum
529 1179 603 1214 hoc
623 1190 701 1214 non
731 1177 777 1214 sit
796 1177 1018 1226 accipienda
1048 1177 1259 1214 differentia
1285 1185 1355 1214 sta-

285 1239 408 1268 tuum.

297 1332 305 1333 7
339 1296 378 1326 2.
393 1286 632 1330 PRAETEREA,
654 1291 782 1330 status,
804 1283 900 1320 sicut
918 1283 1062 1320 dictum
1084 1290 1140 1319 est
1153 1283 1185 1330 ²⁸,
1208 1283 1358 1331 respicit

287 1337 548 1375 conditionem
568 1337 757 1374 servitutis
771 1338 834 1374 vel
855 1336 1042 1374 libertatis.
1064 1336 1126 1373 Ad
1141 1348 1259 1384 quam
1279 1349 1358 1373 non

285 1390 438 1428 videtur
473 1390 664 1440 pertinere
701 1390 895 1440 praedicta
933 1389 1145 1427 differentia
1179 1389 1360 1438 incipien-

286 1444 394 1491 tium,
424 1444 707 1493 proficientium
737 1452 774 1480 et
801 1444 1070 1492 perfectorum.
1101 1443 1203 1491 Ergo
1227 1442 1358 1479 incon-

285 1497 484 1534 venienter
513 1505 630 1534 status
658 1509 728 1546 per
755 1497 825 1534 ista
855 1496 1045 1547 dividitur.

342 1552 377 1588 3.
400 1552 634 1596 Pius-mnu,
665 1550 905 1599 incipientes,
935 1549 1181 1598 proficientes
1210 1557 1247 1586 et
1275 1562 1359 1598 per-

287 1604 373 1641 fecti
394 1604 571 1652 distingui
590 1603 770 1640 videntur
789 1603 1002 1640 secundum
1018 1603 1137 1651 magis
1157 1610 1194 1639 et
1213 1602 1359 1640 minus:

287 1658 393 1707 quod
422 1657 574 1694 videtur
602 1657 724 1705 magis
757 1657 947 1706 pertinere
976 1657 1024 1693 ad
1055 1656 1241 1694 rationem
1280 1669 1361 1705 gra-

288 1711 371 1750 dus.
412 1710 490 1748 Sed
519 1710 592 1748 alia
622 1718 678 1747 est
711 1710 848 1748 divisio
883 1710 1072 1758 graduum
1110 1717 1147 1746 et
1179 1717 1359 1757 statuum,
1387 1734 1389 1744 2

288 1772 330 1802 ut
357 1777 473 1813 supra
495 1764 515 1786 *
543 1764 688 1802 dictum
727 1772 794 1801 est.
834 1765 926 1801 Non
961 1776 1051 1812 ergo
1088 1763 1362 1801 convenienter

289 1816 470 1856 dividitur
489 1825 606 1854 status
626 1818 840 1855 secundum
862 1817 1096 1867 incipientes,
1117 1817 1362 1865 proficientes

290 1880 327 1909 et
354 1872 557 1920 perfectos.

344 1925 420 1962 sizo
449 1935 597 1962 coum
625 1935 692 1960 EST
719 1923 826 1973 quod
855 1923 1063 1972 Gregorius
1091 1923 1191 1970 dicit,
1208 1923 1246 1960 in
1273 1924 1363 1961 Mo-

290 1978 361 2016 ral.
381 1977 423 2015 *z
457 1979 549 2015 Tres
575 1983 663 2014 sunt
695 1978 799 2014 modi
835 1989 1128 2015 conversorum:
1157 1977 1360 2023 inchoatio,

290 2031 468 2070 medietas
495 2036 607 2080 atque
627 2031 823 2080 perfectio.
854 2031 904 2068 Et
931 2043 1046 2080 super
1071 2031 1206 2080 Ezech.
1226 2030 1247 2052 ’¹‘
1275 2031 1364 2069 dicit

291 2085 397 2135 quod
425 2083 502 2122 alia
530 2090 619 2121 sunt
642 2084 789 2122 virtutis
817 2085 992 2131 exordia,
1022 2083 1128 2121 aliud
1148 2085 1361 2133 profectus,
1389 2083 1391 2100 ³

291 2138 398 2176 atiud
417 2138 612 2187 perfectio.

345 2192 573 2229 Responmzo
593 2203 778 2228 morannum
795 2191 914 2240 quod,
934 2191 1030 2228 sicut
1049 2203 1164 2240 supra
1179 2190 1200 2212 ’⁸‘
1219 2191 1363 2228 dictum

293 2253 362 2293 est,
382 2253 500 2282 status
527 2244 740 2282 libertatem
769 2244 922 2294 respicit
947 2245 1011 2281 vel
1039 2244 1274 2282 servitutem.
1306 2246 1364 2282 ln-

291 2298 444 2337 venitur
472 2306 602 2336 autern
629 2299 669 2335 in
698 2298 813 2335 rebus
842 2297 1098 2347 spiritualibus
1127 2298 1265 2347 duplex
1287 2311 1364 2335 ser-

292 2351 393 2390 vitus
423 2359 460 2389 et
479 2351 619 2401 duplex
638 2351 804 2389 libertas.
833 2351 920 2389 Una
939 2351 1095 2401 quidem
1121 2359 1178 2389 est
1205 2351 1366 2389 servitus
1391 2346 1392 2361 ¹

293 2404 451 2457 peccati,
472 2405 590 2442 altera
607 2417 702 2442 vero
732 2413 788 2442 est
806 2404 969 2442 servitus
988 2404 1166 2450 iustitiae;
1196 2405 1368 2442 similiter
1391 2424 1393 2440 ι

295 2458 409 2498 etiam
439 2466 495 2496 est
515 2458 655 2508 duplex
681 2458 846 2506 libertas,
867 2471 944 2496 una
972 2458 1132 2508 quidem
1152 2471 1174 2495 a
1193 2467 1364 2508 peccato,

295 2512 367 2551 alia
394 2522 490 2549 vero
509 2525 532 2549 a
551 2511 710 2558 iustitia;
740 2519 782 2549 ut
799 2519 904 2561 patet
930 2524 1001 2561 per
1025 2512 1367 2561 Apostolum‚xqui

295 2566 396 2612 dicit,
425 2566 539 2603 Rom.
558 2578 596 2602 vi
613 2564 650 2602 *ε
685 2566 781 2602 Cum
808 2565 911 2602 servi
935 2565 1059 2603 essetis
1080 2566 1240 2613 peccati,
1261 2565 1370 2603 liberi

294 2619 416 2665 fuistis
444 2619 626 2655 iustitiae:
663 2630 764 2655 nunc
799 2624 948 2665 autem,
976 2618 1124 2656 liberati
1149 2630 1174 2655 a
1195 2625 1366 2667 peccato,

295 2673 398 2711 servi
422 2673 507 2709 estis
521 2672 626 2721 sacti
652 2673 747 2708 Deo.
778 2672 846 2708 Est
874 2679 1002 2709 autem
1031 2671 1194 2709 servitus
1221 2673 1367 2722 peccati

296 2727 359 2764 vel
388 2725 569 2772 iustitiae,
600 2737 689 2762 cum
723 2724 856 2774 aliquis
883 2725 946 2763 vel
976 2737 1021 2762 ex
1052 2724 1184 2762 habitu
1222 2725 1368 2774 peccati

298 2780 348 2818 ad
377 2779 523 2816 malum
552 2778 762 2825 inclinatur,
781 2778 845 2815 vel
874 2790 920 2815 ex
948 2778 1080 2816 habitu
1109 2773 1270 2816 iustitiae
1289 2777 1369 2816 adss

297 2834 458 2871 bonum.
480 2832 659 2870 Similiter
678 2831 792 2869 etiam
811 2831 963 2869 libertas
983 2845 1005 2869 a
1023 2839 1184 2881 peccato
1205 2839 1260 2869 est
1280 2844 1368 2869 cum

300 2886 432 2936 aliquis
461 2886 510 2924 ab
530 2885 772 2923 inclinatione
800 2885 946 2934 peccati
975 2897 1054 2922 non
1082 2893 1298 2934 superatur:
1328 2885 1369 2922 li-

300 2941 427 2978 bertas
455 2947 584 2977 autem
615 2951 637 2976 a
664 2938 804 2976 iustitia
838 2947 894 2976 est
931 2951 1019 2975 curn
1048 2938 1180 2988 aliquis
1212 2946 1369 2988 propter

355 3072 384 3104 a)
402 3072 502 3104 species
519 3075 584 3098 et·
600 3071 687 3104 specie
705 3071 734 3097 P.

357 3105 382 3140 β)
401 3107 446 3134 ad.
459 3121 479 3127 -
497 3108 644 3133 inclinatur
660 3107 698 3132 ad
715 3107 762 3132 Pa.

451 3626 562 3651 smum:
580 3625 683 3651 Tmzox„
697 3625 729 3651 D.
741 3625 858 3651 Tuomn
876 3625 910 3652 T.
926 3627 982 3653 vn.

323 802 332 809 ⁴
412 792 473 864 {⁴320
497 803 710 841 differentia
743 811 910 840 statuum
941 816 1019 840 non
1052 803 1267 840 attendatur
1296 815 1353 839 se·
1378 810 1380 843 1

301 861 336 910 ,5
360 873 420 901 «ν,
438 860 463 896 '6
497 857 667 894 cundum
697 857 927 906 incipientes,
948 857 1192 906 proficientes
1214 864 1250 893 et
1267 869 1351 906 per·

1378 752 1380 760 v

1378 762 1380 775 1

1378 780 1380 796 l

1406 762 1579 787 amorem
1610 750 1771 787 iustitiae
1792 763 1870 787 non
1901 751 2111 788 retardatur
2139 765 2161 788 a
2186 754 2301 789 malo.
2331 753 2479 790 Verun-

1407 812 1559 851 tamen,
1589 803 1678 852 quia
1712 804 1833 841 homo
1872 805 2083 841 secundum
2115 807 2326 843 naturalem
2366 807 2478 844 ratio-

1408 869 1499 894 nem
1529 857 1577 894 ad
1606 857 1787 894 iustitiam
1806 858 2017 906 inclinatur,
2038 867 2240 907 peccatum
2269 867 2399 898 autem
2424 868 2480 898 est

1409 919 1542 947 contra
1570 911 1782 948 naturalem
1808 912 2008 958 rationem,
2031 925 2270 961 consequens
2300 921 2356 950 est
2375 914 2479 963 quod

1408 964 1562 1001 libertas
1591 977 1613 1001 a
1641 971 1800 1013 peccato
1830 965 1876 1002 sit
1894 978 1988 1002 vera
2007 966 2172 1013 libertas,
2192 979 2292 1014 quae
2322 967 2479 1004 coniun-

1409 1072 1530 1108 homo
1561 1071 1598 1108 in
1627 1071 1664 1108 id
1694 1071 1800 1120 quod
1830 1080 1885 1108 est
1914 1073 2147 1110 conveniens
2176 1073 2258 1110 sibi.
2299 1075 2348 1111 Et
2376 1074 2479 1111 sirni-

1410 1125 1492 1161 liter
1510 1137 1604 1161 vera
1623 1125 1784 1162 servitus
1805 1133 1860 1162 est
1879 1126 2041 1163 servitus
2065 1127 2220 1175 peccati,
2242 1127 2302 1164 cui
2322 1127 2480 1164 coniun—

1411 1179 1507 1226 gitur
1526 1178 1677 1215 libertas
1693 1190 1714 1214 a
1730 1178 1886 1215 iustitia:
1907 1179 1998 1228 quia
2017 1179 2158 1217 scilicet
2178 1193 2245 1229 per
2264 1181 2338 1218 hoc
2358 1181 2479 1218 horno

1411 1231 1619 1280 impeditur
1633 1232 1681 1268 ab
1694 1244 1740 1268 eo
1752 1233 1854 1280 quod
1873 1240 1927 1269 est
1942 1233 2137 1281 proprium
2155 1234 2236 1271 sibi.
2250 1235 2337 1270 Hoc
2352 1242 2480 1271 autern

1417 1284 1522 1333 quod
1542 1285 1662 1321 homo
1692 1285 1877 1322 efficiatur
1906 1299 2039 1323 servus
2059 1287 2220 1324 iustitiae
2239 1289 2300 1324 vel
2322 1289 2479 1336 peccati,

1414 1337 1595 1385 contingit
1613 1350 1682 1386 per
1700 1339 1912 1375 humanum
1941 1339 2128 1377 studium:
2159 1340 2253 1377 sicut
2272 1343 2481 1389 Apostolus

1413 1391 1558 1427 ibidem
1578 1390 1598 1412 '¹‘
1627 1390 1730 1428 dicit:
1765 1393 1838 1428 Cui
1863 1393 2043 1429 exhibetis
2070 1405 2137 1430 vos
2163 1406 2291 1431 servos
2319 1395 2370 1431 ad
2397 1396 2480 1432 obe-

1414 1444 1603 1490 diendum,
1623 1445 1725 1480 servi
1742 1445 1820 1481 eius
1839 1445 1923 1481 estis
1951 1447 2014 1482 cui
2040 1447 2210 1484 obedistis
2228 1453 2265 1483 Υῑ
2294 1449 2372 1484 sive
2394 1461 2482 1497 pec-

1415 1498 1509 1543 cati,
1539 1498 1590 1534 ad
1621 1503 1803 1542 mortem;
1830 1499 1908 1535 sive
1940 1500 2175 1546 obeditionis,
2205 1501 2257 1537 ad
2292 1502 2480 1539 iustitiam.

1416 1552 1458 1588 In
1488 1550 1594 1587 omni
1623 1559 1751 1587 autem
1771 1552 1942 1588 humano
1972 1552 2097 1589 studio
2119 1561 2173 1590 est
2192 1554 2362 1602 accipere
2383 1556 2483 1604 prin-

1417 1604 1575 1654 cipium,
1607 1604 1780 1641 medium
1819 1613 1855 1641 et
1888 1605 2108 1643 terminum.
2147 1608 2196 1643 Et
2234 1607 2320 1644 ideo
2351 1621 2484 1645 conse-

1416 1670 1538 1707 quens
1568 1666 1622 1694 est
1652 1658 1759 1706 quod
1788 1666 1905 1695 status
1934 1659 2134 1707 spiritualis
2163 1660 2352 1698 servitutis
2383 1669 2417 1698 et
2446 1662 2485 1698 li-

1417 1710 1571 1748 bertatis
1600 1711 1812 1748 secundum
1851 1711 1919 1748 tria
1952 1712 2215 1761 distinguatur:
2252 1714 2391 1751 scilicet
2429 1728 2485 1751 se-

1417 1765 1588 1802 cundum
1617 1764 1859 1814 principium,
1885 1765 1934 1802 ad
1962 1767 2067 1814 quod
2096 1768 2258 1815 pertinet
2285 1775 2402 1804 status
2430 1768 2485 1805 in-

1417 1817 1659 1867 cipientium;
1691 1826 1726 1855 et
1753 1818 1938 1865 medium,
1968 1819 2015 1856 ad
2045 1821 2149 1868 quod
2178 1820 2340 1869 pertinet
2368 1829 2485 1858 status

1415 1872 1715 1921 proficientIum;
1754 1879 1790 1908 et
1826 1872 2051 1920 terminum,
2090 1873 2138 1910 ad
2177 1886 2292 1922 quem
2326 1874 2486 1923 pertinet

1388 1963 1390 1967 ,
1417 1933 1534 1962 status
1562 1925 1830 1974 perfectorum.

1470 1981 1529 2016 An
1559 1990 1696 2015 PmMUM
1716 1990 1815 2015 ERGO
1835 1990 2020 2016 DICENDUM
2049 1980 2152 2028 quod
2181 1979 2332 2018 libertas
2353 1993 2375 2017 a
2398 1993 2485 2030 pec-

1389 2077 1391 2079 ,
1419 2039 1503 2069 cato
1523 2032 1566 2068 fit
1584 2043 1653 2080 per
1673 2031 1879 2078 caritatem,
1896 2044 1995 2080 quae
2014 2032 2237 2082 diffunditur
2255 2034 2292 2071 in
2313 2034 2487 2071 cordibus

1419 2086 1554 2122 nostris
1568 2096 1640 2134 per
1654 2085 1833 2133 Spiritum
1850 2086 2030 2123 Sanctum
2040 2083 2065 2132 ὃ,
2086 2094 2128 2122 ut
2147 2086 2279 2124 dicitur
2292 2088 2406 2124 Rom.
2417 2087 2484 2124 v*:

1419 2147 1456 2176 et
1475 2139 1565 2176 inde
1586 2146 1641 2175 est
1660 2138 1766 2186 quod
1787 2138 1921 2176 dicitur
1941 2139 1971 2175 II
1999 2139 2051 2175 ad
2073 2140 2159 2176 Cor.
2181 2152 2216 2177 111
2235 2139 2276 2177 *z
2312 2141 2386 2178 Ubi
2406 2141 2486 2189 Spi-
2514 2125 2529 2162 ⁸⁸

1418 2193 1511 2229 ritus
1538 2192 1707 2238 Domini,
1728 2192 1781 2228 ibi
1805 2192 1968 2229 libertas.
1999 2193 2047 2229 Et
2075 2192 2163 2230 ideo
2193 2193 2328 2231 eadem
2358 2202 2414 2231 est
2434 2194 2487 2231 di-

1418 2245 1516 2283 visio
1546 2245 1720 2292 caritatis,
1751 2253 1786 2281 et
1814 2253 1979 2282 statuum
2007 2246 2279 2294 pertinentium
2307 2248 2354 2284 ad
2384 2247 2487 2296 spiri-

1391 2331 1392 2339 ,
1418 2299 1561 2336 tualem
1591 2298 1815 2335 libertatem.

1391 2405 1393 2421 l

1473 2354 1533 2389 An
1562 2363 1754 2389 SECUNDUM
1783 2363 1968 2389 DICENDUM
1997 2352 2103 2401 quod
2131 2352 2373 2401 incipientes,
2402 2365 2489 2402 pro-

1419 2406 1590 2443 ficientes
1629 2413 1666 2442 et
1702 2404 1878 2453 perfecti,
1917 2405 2131 2443 secundum
2169 2406 2274 2454 quod
2311 2418 2380 2454 per
2415 2407 2490 2444 hoc

1419 2467 1538 2497 status
1581 2458 1720 2496 diversi
1763 2458 2059 2507 distinguuntur,
2098 2459 2272 2496 dicuntur
2312 2460 2489 2497 homines

1420 2525 1499 2550 non
1537 2511 1752 2549 secundum
1790 2512 2063 2560 quodcumque
2101 2513 2290 2550 studium:
2329 2513 2396 2550 sed
2432 2526 2489 2550 se-

1421 2566 1591 2603 cundum
1625 2565 1793 2602 studium
1823 2577 1957 2602 eorum
1986 2577 2085 2613 quae
2118 2565 2306 2614 pertinent
2331 2565 2380 2602 ad
2415 2566 2488 2614 spi-

1421 2619 1595 2657 ritualem
1633 2619 1844 2655 libertatem
1881 2619 1944 2655 vel
1987 2618 2231 2665 servitutem,
2266 2625 2306 2655 ut
2346 2618 2487 2656 dictum

1422 2680 1478 2710 est
1495 2672 1526 2709 *.

1475 2728 1534 2764 Αι)
1562 2737 1724 2762 TERTnJM
1759 2735 1944 2761 DtCENDUM
1977 2724 2102 2772 quod,
2133 2724 2229 2761 sicut
2263 2724 2367 2773 prius
2386 2724 2406 2746 ’¹‘
2434 2724 2487 2762 di-

1422 2787 1526 2816 ctum
1555 2786 1622 2826 est,
1643 2778 1734 2816 nihil
1760 2777 1938 2827 prohibet
1956 2777 1994 2814 in
2022 2777 2124 2815 idern
2154 2790 2378 2814 concurrere
2407 2790 2487 2826 gra·

1423 2833 1517 2870 dum
1546 2840 1582 2869 et
1610 2839 1759 2869 statum.
1796 2832 1899 2868 Nam
1929 2838 1966 2867 et
1993 2830 2032 2867 in
2060 2831 2174 2867 rebus
2203 2831 2406 2868 mundanis
2437 2831 2487 2868 illi

1422 2886 1486 2935 qui
1523 2893 1610 2922 sunt
1644 2884 1752 2922 liberi
1789 2897 1867 2921 non
1903 2885 2028 2921 solum
2065 2891 2152 2920 sunt
2184 2884 2334 2921 alterius
2372 2891 2488 2921 status

1422 2951 1538 2988 quam
1568 2938 1681 2986 servi,
1711 2937 1779 2975 sed
1809 2938 1923 2975 etiam
1951 2944 2037 2974 sunt
2065 2937 2205 2974 altioris
2233 2937 2384 2985 gradus.

1476 3071 1503 3104 γ)
1522 3071 1656 3096 obedistis.
1669 3084 1690 3089 -
1707 3070 1820 3095 obeditis
1838 3070 1910 3103 ApC.

1475 3105 1500 3139 δ)
1521 3106 1658 3131 Sanctum.
1670 3120 1690 3125 -
1707 3106 1753 3138 qui
1771 3106 1850 3131 datus
1869 3109 1909 3130 est
1927 3105 2001 3130 nobis
2019 3105 2116 3129 addunt
2135 3104 2181 3130 Pa.

2510 1405 2519 1415 ⁸
2533 1403 2599 1426 Vei-s.
2615 1403 2645 1425 16.

2515 2670 2525 2680 ⁴
2538 2669 2564 2690 ln
2583 2675 2688 2697 corpore,
2704 2673 2726 2691 et

2514 2699 2554 2718 art.
2570 2702 2586 2718 ι.

2515 2728 2525 2738 ⁸
2538 2727 2588 2749 Art.
2602 2733 2622 2755 3,
2637 2726 2666 2748 nd
2680 2733 2700 2755 3.
