2768 4198
0 3084 6 3097 v
0 3059 3 3065 ν
0 3001 6 3040 «ὴν
0 2945 6 2987 v-
0 2900 5 2932 vv-2
0 2763 8 2887 ..—‚-q⁷
6 2702 10 2707 .

943 264 1214 311 QUAEsrio
1245 264 1384 312 oxu,

268 346 362 384 tudo
392 353 428 382 et
456 353 613 382 ornatus
642 343 820 389 feminae,
852 351 888 380 et
915 355 1032 392 sapor
1051 343 1284 380 delectabilis
1305 343 1342 379 in

270 400 368 445 cibo,
390 407 427 435 et
447 398 561 436 etiam
591 397 700 435 odor.
731 397 780 434 Et
807 396 895 434 ideo
924 396 1179 445 principaliter
1197 404 1343 444 tempe·
1369 393 1370 433 ζ

270 453 389 490 rantia
418 459 474 490 est
501 452 601 488 circa
620 450 912 488 delectationem
932 458 1066 497 tactus,
1095 462 1194 499 quae
1214 462 1283 498 per
1303 461 1343 485 se
1370 468 1371 472 =

269 505 515 554 consequitur
548 505 675 554 ipsum
710 515 824 540 usum
863 515 992 540 rerum
1029 503 1343 548 necessariarum,

269 571 434 608 quarum
452 563 468 587 Υ
497 558 623 595 omnis
642 570 735 595 usus
764 556 877 594 estin
903 557 1108 605 tangendo.
1139 557 1251 594 Circa
1280 556 1344 594 de·

269 612 489 650 lectationes
508 619 638 649 autem
667 612 730 648 vel
759 618 891 659 gustus
919 612 981 647 vel
1012 611 1172 648 olfactus
1199 611 1262 647 vel
1290 610 1346 646 vi-

270 678 346 713 sus,
367 673 423 702 est
441 664 694 714 temperantia
719 671 755 700 et
774 664 1067 714 intemperantia
1095 662 1343 701 secundario:

269 719 496 769 inquantum
526 717 718 756 sensibilia
754 718 895 755 horum
924 730 1110 756 sensuum
1145 717 1347 754 conferunt

270 774 318 810 ad
348 772 611 810 delectabilem
640 784 756 809 usum
786 784 914 809 rerum
936 771 1250 817 necessariarum,
1281 769 1347 819 qui
1372 788 1374 791 v

270 826 433 875 pertinet
451 823 464 847 δ
494 827 543 864 ad
571 833 728 863 tactum.
759 825 861 873 Quia
880 833 1011 863 tamen
1039 833 1171 874 gustus
1190 824 1346 873 propin-

271 879 382 929 quior
411 887 467 916 est
495 879 609 916 tactui
648 891 766 928 quam
800 879 861 916 alii
891 891 1045 926 sensus,
1075 879 1163 916 ideo
1200 886 1347 926 tempe-

271 932 391 970 rantia
420 933 539 981 magis
570 940 626 970 est
659 933 757 970 circa
785 940 939 981 gustum
977 944 1094 982 quarn
1124 932 1224 968 circa
1251 931 1347 967 alios
1373 945 1375 963 :

272 999 417 1024 SenSUS.

1413 266 1713 304 ARTICULUS
1741 267 1792 303 V1
2398 280 2410 304 1
2420 279 2468 315 29

1397 345 1593 393 ciborum,
1625 354 1661 383 et
1694 346 1894 384 delectatio
1934 346 2179 384 essentialiter
2217 348 2343 396 ipsum
2380 359 2469 383 con-

1397 410 1574 446 sequens,
1605 400 1654 437 ad
1683 408 1828 437 tactum
1857 400 2040 449 pertinet:
2079 401 2182 438 unde
2211 400 2471 449 Philosophus

1398 450 1506 497 dicit,
1537 452 1574 488 in
1604 454 1635 489 II
1665 454 1711 490 de
1737 454 1880 490 Anima
1898 453 1939 500 ³⁸,
1970 453 2076 503 quod
2108 460 2227 491 tactus
2260 460 2314 491 est
2343 465 2474 490 sensus

1397 503 1576 550 alimenti,
1599 507 1789 543 nutrimur
1808 508 1908 544 enim
1928 508 2050 544 calido
2078 513 2115 544 et
2128 508 2297 558 frigido,
2318 507 2472 544 humido

1398 563 1435 593 et
1459 558 1570 595 sicco.
1601 559 1678 596 Sed
1706 560 1755 596 ad
1783 569 1936 608 gustum
1966 561 2127 610 pertinet
2157 560 2332 598 discretio
2362 573 2474 609 sapo-

1400 623 1498 656 rum,
1524 612 1588 660 qui
1609 612 1809 650 conferunt
1833 614 1886 651 ad·
1906 614 2198 652 delectationem
2219 614 2398 661 alimenti,
2419 613 2473 651 in-

1399 671 1588 712 quantum
1617 674 1704 701 sunt
1733 666 1838 713 signa
1868 668 2130 706 convenientis
2160 667 2392 706 nutrimenti.

1453 719 1512 753 An
1537 729 1729 756 SECUNDUM
1759 731 1944 758 memnon
1974 723 2078 770 quod
2107 721 2307 759 delectatio
2329 720 2475 770 saporis

1401 778 1456 807 est
1476 771 1586 819 quasi
1607 773 1903 820 superveniens:
1935 776 2003 812 sed
2033 775 2233 812 delectatio
2256 783 2378 812 tactus
2406 787 2476 824 per

1373 874 1374 877 Ἰ
1401 836 1441 860 se
1472 825 1717 873 consequitur
1745 838 1860 862 usum
1891 827 1963 864 cibi
1994 836 2029 865 et
2057 837 2182 876 potus.

1455 879 1514 913 AD
1534 889 1695 916 TERTmM
1715 891 1901 917 memnon
1920 882 2026 929 quod
2047 882 2202 919 deliciae
2222 881 2477 931 principaliter

1401 930 1560 980 quidem
1582 932 1793 969 consistunt
1813 932 1850 969 in
1870 934 1952 981 ipsa
1973 935 2182 973 substantia
2202 935 2388 972 alimenti:
2409 934 2476 971 sed

1374 1002 1375 1005 ¹
1403 984 1632 1021 secundario
1669 986 1705 1022 in
1735 986 1920 1034 exquisito
1951 1000 2087 1036 sapore
2123 997 2159 1026 et
2186 988 2476 1038 praeparatione

325 1043 383 1077 An
404 1052 541 1078 PmMUM
561 1052 661 1078 ERGO
681 1052 867 1078 Diei-:noum
888 1038 995 1089 quod
1016 1039 1132 1076 etiam
1153 1038 1234 1087 ipse
1255 1050 1347 1075 usus
1374 1066 1376 1073 ,

1404 1037 1592 1074 ciborum.

323 1164 351 1198 γ)
371 1171 496 1196 quarum.
507 1177 526 1183 -
544 1170 658 1196 quorum
679 1161 854 1195 ABEFlpCK.

1456 1159 1482 1192 ὃ)
1502 1161 1549 1193 qui
1564 1161 1692 1193 pertinet.
1706 1176 1724 1180 —
1742 1169 1811 1194 quae
1826 1163 1967 1195 pertinent
1986 1164 2041 1188 PH.

1243 1236 1406 1244 mm
1410 1237 1510 1244 ΜἊ

299 1334 365 1346 fr
420 1328 427 1329 ἡ
471 1322 474 1323 ’
1095 1311 1416 1354 ARTICULUS
1445 1311 1658 1354 SEXTUS

541 1408 699 1440 UTRUM
722 1406 900 1438 REGULA
923 1405 1592 1482 ΤΕΜΡΕΚΑΝΞῙΙᾷΙὲΒὸἐξΤΞΙξΒξΕΙΖῌΞὲ
1617 1404 1856 1438 SECUNDUM
1881 1407 2213 1440 NECESSITATEM

585 1530 661 1561 Infra.
680 1538 728 1563 qu.
747 1537 825 1560 cun.
844 1535 891 1555 art.
915 1537 942 1561 13
962 1529 986 1554 1·
1005 1529 1061 1559 11⁸³.
1081 1537 1126 1562 qu.
1145 1537 1216 1559 mn,
1236 1535 1283 1554 art.
1302 1537 1334 1561 45
1355 1530 1396 1555 De
1415 1530 1501 1560 Malo,
1521 1539 1567 1563 qu.
1586 1539 1638 1563 xiv,
1659 1537 1705 1557 art.
1730 1539 1751 1561 ι,
1771 1531 1803 1556 ad
1827 1538 1854 1561 ις
1874 1531 1905 1555 ΙΙΙ
1927 1531 2023 1561 Eehic„
2043 1531 2102 1557 lect.
2121 1540 2170 1557 xxi.

318 1632 371 1669 ,ῆι
396 1636 465 1667 ,Ὧι
487 1624 511 1650 n
535 1623 678 1649 sEx’run
701 1622 756 1648 sm
778 1622 1022 1648 puocam'rua.
1051 1609 1212 1648 Videtur
1239 1610 1347 1659 quod
1373 1616 1375 1663 ξ

308 1656 465 1710 84ῗῆ
489 1666 618 1714 regula
651 1664 927 1714 temperantiae
962 1677 1040 1702 non
1077 1664 1123 1701 sit
1158 1663 1347 1702 sumenda
1373 1676 1375 1678 ’

295 1710 413 1766 ,qu
426 1704 456 1759 ’ἐ
472 1718 704 1757 secundum
723 1718 990 1756 necessitatem
1009 1718 1219 1767 praesentis
1232 1718 1346 1755 vitae.

299 1767 313 1777 ⁸
333 1767 429 1802 ‘'³³²3‘'
446 1766 474 1807 X<
490 1772 675 1822 Superius
703 1772 807 1809 enim
841 1784 920 1810 non
949 1772 1140 1820 regulatur
1177 1772 1225 1808 ab
1254 1771 1349 1808 infe-

276 1827 377 1865 riori.
415 1828 492 1865 Sed
529 1826 803 1876 temperantia,
834 1837 923 1862 cum
952 1825 999 1862 sit
1026 1825 1146 1862 virtus
1175 1824 1348 1872 animae,

275 1889 332 1919 est
359 1880 534 1930 superior
553 1892 670 1929 quam
691 1879 897 1916 necessitas
916 1878 1137 1927 corporalis.
1168 1878 1271 1926 Ergo
1292 1890 1348 1915 re·
1375 1887 1377 1891 ¹

275 1935 363 1984 gula
390 1933 666 1982 temperantiae
686 1945 765 1969 non
791 1932 905 1969 debet
924 1932 1024 1969 sumi
1045 1933 1260 1968 secundum
1284 1944 1349 1968 ne-

276 1987 490 2025 cessitatem
521 1986 775 2035 corporalem.

332 2053 367 2078 2.
389 2041 625 2087 PRAETEREA,
641 2039 875 2088 quicumque
892 2038 1039 2076 excedit
1058 2040 1242 2088 regulam,
1262 2051 1351 2088 pec-

277 2102 347 2132 cat.
370 2094 409 2131 Si
425 2105 516 2142 ergo
536 2093 741 2130 necessitas
762 2092 970 2141 corporalis
991 2100 1089 2129 esset
1109 2093 1238 2141 regula
1257 2101 1351 2129 tem-

275 2147 484 2197 perantiae,
514 2146 746 2195 quicumque
767 2146 892 2194 aliqua
912 2146 1163 2184 delectatione
1182 2154 1352 2183 uteretur

277 2213 394 2251 supra
422 2200 684 2237 necessitatem
715 2207 889 2246 naturae,
919 2212 1017 2248 quae
1046 2200 1159 2237 valde
1189 2199 1351 2236 modicis

278 2262 456 2292 contenta
472 2261 538 2300 est,
558 2261 735 2303 peccaret
755 2260 887 2290 contra
905 2254 1211 2302 temperantiam.
1233 2253 1351 2300 Quod
1377 2267 1379 2269 ’

276 2309 429 2346 videtur
456 2319 539 2344 esse
567 2306 856 2344 inconveniens.

333 2363 367 2399 3.
394 2361 630 2407 PRAETEREA,
661 2360 786 2398 nullus
806 2360 992 2408 attingens
1012 2361 1184 2409 regulam
1204 2368 1350 2409 peccat.

277 2415 318 2452 Si
347 2426 437 2463 ergo
457 2413 663 2452 necessitas
683 2413 891 2463 corporalis
920 2422 1019 2451 esset
1047 2415 1177 2462 regula
1205 2422 1351 2463 tempe·
1378 2421 1379 2452 Ξ

276 2467 442 2516 tantiae,
471 2468 708 2516 quicumque
741 2476 910 2505 uteretur
941 2467 1067 2516 aliqua
1101 2467 1352 2506 delectatione
1378 2482 1379 2502 ι

276 2530 434 2572 propter
466 2521 732 2558 necessitatem
767 2521 1029 2570 corporalem,
1066 2530 1159 2571 puta
1194 2530 1379 2572 propter*

277 2577 489 2622 sanitatem,
519 2583 617 2612 esset
645 2575 829 2612 immunis
857 2588 880 2612 a
907 2583 1079 2624 peccato.
1110 2576 1197 2613 Hoc
1221 2584 1351 2613 autern
1378 2568 1379 2577 ¹

275 2629 429 2668 videtur
458 2641 539 2666 esse
575 2629 724 2666 falsum.
762 2629 866 2677 Ergo
902 2629 1107 2666 necessitas
1143 2629 1352 2679 corporalis

226 2687 229 2689 ’
278 2695 359 2721 non
388 2690 443 2720 est
471 2683 601 2731 regula
628 2682 914 2731 temperantiae.

37 2801 48 2812 ⁴
62 2799 119 2828 Cup.
133 2805 180 2822 xxx.

40 3122 50 3132 ⁸
85 3127 108 3143 u.
119 3126 199 3146 cum.
209 3124 252 3142 art.

40 3331 80 3354 ⁸8.
86 3331 130 3354 Th.
136 3332 189 3354 lect.
196 3337 252 3353 xxn.

138 3385 153 3419 β

333 2737 408 2775 SED
429 2748 577 2773 CONTRA
596 2748 663 2773 EST
682 2736 788 2784 quod
808 2735 1044 2784 Augustinus
1065 2736 1165 2784 dicit,
1187 2736 1226 2773 in
1255 2737 1351 2774 libro
1378 2756 1379 2788 3

278 2791 324 2828 de
350 2790 529 2828 Moribus
554 2789 680 2827 Eccle.
700 2789 739 2826 *ε
776 2790 908 2827 Habet
939 2790 1000 2827 vir
1032 2795 1247 2839 temperans
1267 2795 1284 2811 α
1313 2791 1351 2827 in
1378 2794 1380 2834 ξ

278 2845 390 2882 rebus
422 2844 534 2881 huius
566 2844 666 2880 vitae
703 2843 879 2893 regulam
918 2849 1076 2892 utroque
1117 2845 1153 2881 T
1149 2849 1352 2881 estamento
1378 2858 1379 2880 z

267 2899 484 2946 firmatam,
515 2903 556 2934 ut
581 2909 715 2934 eorum
735 2897 829 2934 nihil
851 2896 996 2947 diligat,
1026 2897 1119 2934 nihil
1139 2909 1212 2946 per
1229 2909 1269 2933 se
1287 2909 1353 2946 ap-

273 2952 477 3001 petendum
499 2956 628 3000 putet;
654 2951 722 2988 sed
747 2951 799 2988 ad
824 2951 923 2988 vitae
950 2950 1060 2987 huius
1079 2956 1191 2999 atque
1209 2951 1353 2998 officio-

279 3018 366 3043 rum
395 3005 662 3051 necessitatem,
692 3010 875 3054 quantum
902 3009 962 3041 sat
983 3010 1038 3041 est
1064 3009 1228 3053 usurpet,
1250 3010 1352 3041 uten-

279 3059 324 3096 tis
353 3058 546 3105 modestia,
576 3070 652 3095 non
681 3058 845 3095 amantis
873 3058 1023 3108 affectu.

334 3113 562 3150 Respommo
582 3124 770 3149 mcENDuM
789 3111 907 3161 quod,
929 3111 1023 3148 sicut
1052 3123 1098 3148 ex
1117 3110 1320 3160 praedictis
1333 3110 1354 3132 ’¹‘

262 3173 394 3214 ,patet,
424 3167 571 3203 bonum
598 3165 746 3203 virtutis
776 3165 932 3202 moralis
962 3164 1164 3214 praecipue
1188 3163 1355 3201 consistit
1379 3183 1381 3186 >

726 3232 816 3256 nam
849 3220 990 3256 bonum
1025 3219 1187 3255 hominis
1220 3223 1275 3254 est
1298 3229 1353 3254 se·
1379 3245 1380 3248 η

281 3272 446 3309 cundum
470 3273 656 3310 rationem
675 3285 765 3319 esse,
794 3280 836 3310 ut
864 3272 1073 3321 Dionysius
1094 3271 1192 3316 dicit,
1214 3283 1250 3307 1v
1270 3283 1352 3320 cap.
1379 3269 1381 3298 ἶ

281 3326 327 3363 de
355 3326 442 3362 Div.
462 3325 581 3363 Nom.
601 3326 622 3348 *
649 3327 884 3377 Praecipuus
912 3335 1042 3364 autem
1073 3325 1168 3363 ordo
1199 3324 1353 3362 rationis
1379 3344 1381 3346 >

283 3379 453 3416 consistit
481 3377 560 3416 exi*
588 3380 663 3416 hoc
690 3381 796 3430 quod
825 3380 951 3430 aliqua
979 3380 1018 3417 in
1045 3380 1166 3417 finem
1191 3378 1351 3425 ordinat,
1379 3408 1380 3411 η

282 3441 318 3470 et
347 3433 385 3469 in
413 3433 489 3469 hoc
517 3432 651 3469 ordine
680 3433 846 3470 maxime
876 3433 1047 3471 consistit
1074 3434 1222 3470 bonum
1243 3432 1354 3469 ratio·
1379 3463 1381 3466 .

281 3219 319 3255 in
349 3218 483 3256 ordine
511 3219 666 3256 rationis
678 3233 686 3256 :

282 3486 357 3523 nis:
395 3498 486 3523 nam
519 3486 667 3522 bonum
702 3487 819 3524 habet
850 3487 1038 3525 rationem
1070 3487 1178 3534 finis,
1210 3495 1245 3523 et
1273 3486 1353 3535 ipse

1401 1610 1489 1648 finis
1510 1619 1566 1648 est
1585 1612 1714 1660 regula
1730 1624 1868 1649 eorum
1889 1624 1986 1661 quae
2008 1620 2095 1649 sunt
2114 1614 2160 1650 ad
2182 1613 2313 1651 finem.
2337 1615 2480 1652 Omnia

1403 1672 1532 1702 autem
1554 1665 1793 1703 delectabilia
1812 1678 1911 1714 quae
1931 1666 1970 1703 in
1991 1678 2105 1702 usum
2125 1667 2293 1705 hominis
2308 1669 2480 1716 veniunt,

1403 1718 1628 1756 ordinantur
1665 1719 1714 1756 ad
1743 1719 1910 1768 aliquam
1941 1719 2040 1756 vitae
2069 1719 2182 1757 huius
2216 1722 2482 1760 necessitatem

1403 1773 1500 1809 sicut
1528 1772 1577 1810 ad
1606 1773 1737 1810 finem.
1773 1774 1822 1810 Et
1850 1773 1938 1810 ideo
1968 1774 2220 1822 temperantia
2248 1775 2385 1824 accipit
2414 1789 2483 1813 ne-

1405 1826 1620 1863 cessitatem
1658 1826 1772 1862 huius
1800 1826 1901 1863 vitae
1941 1826 2037 1863 sieut
2073 1828 2243 1875 regulam
2279 1829 2481 1866 delectabi-

1403 1880 1497 1916 lium
1526 1879 1664 1928 quibus
1694 1879 1828 1916 utitur:
1859 1887 1900 1916 ut
1928 1879 2069 1917 scilicet
2097 1888 2245 1918 tantum
2274 1881 2326 1919 eis
2356 1890 2483 1920 utatur

1376 1937 1377 1982 ζ
1406 1941 1594 1982 quantum
1624 1933 1829 1970 necessitas
1858 1933 1971 1970 huius
1999 1933 2101 1970 vitae
2131 1935 2297 1983 requirit.

1458 1988 1517 2023 An
1548 1998 1686 2023 PRIMUM
1715 1998 1814 2023 ERGO
1844 1999 2030 2024 DxCENnuM
2059 1989 2183 2035 quod,
2213 1988 2310 2026 sicut
2339 1989 2482 2026 dictum

1406 2048 1462 2077 est
1481 2040 1521 2086 ³⁸,
1552 2040 1757 2077 necessitas
1790 2040 1902 2077 huius
1930 2040 2030 2077 vitae
2066 2042 2181 2078 habet
2210 2043 2396 2079 rationem
2426 2055 2482 2079 re-

1406 2094 1517 2142 gulae
1556 2093 1782 2142 inquantum
1822 2102 1877 2130 est
1911 2094 2010 2131 finis.
2050 2094 2387 2133 Considerandum
2428 2104 2484 2133 est

1376 2164 1379 2199 3
1407 2155 1536 2184 autem
1566 2147 1673 2196 quod
1698 2147 1932 2196 quandoque
1953 2147 2055 2184 aliud
2086 2156 2142 2184 est
2170 2148 2256 2185 finis
2278 2149 2481 2198 operantis,

1408 2209 1443 2237 et
1472 2200 1575 2237 aliud
1604 2200 1691 2237 finis
1721 2200 1868 2249 operis:
1908 2201 2003 2237 sicut
2031 2209 2134 2249 patet
2170 2202 2276 2249 quod
2306 2203 2484 2240 aedifica-

1406 2254 1520 2291 tionis
1539 2253 1626 2290 finis
1648 2261 1703 2290 est
1722 2254 1874 2300 domus,
1896 2254 1964 2291 sed
1985 2254 2239 2292 aedificatoris
2259 2256 2345 2293 finis
2366 2269 2484 2305 quan-

1407 2309 1535 2356 doque
1566 2315 1622 2344 est
1650 2308 1811 2344 lucrum.
1843 2307 1906 2344 Sic
1929 2307 2040 2356 igitur
2067 2310 2344 2358 temperantiae
2364 2310 2482 2359 ipsius

1406 2361 1492 2399 finis
1528 2368 1564 2397 et
1598 2361 1726 2408 regula
1764 2369 1819 2398 est
1851 2361 2068 2398 beatitudo:
2109 2363 2177 2400 sed
2214 2362 2294 2400 eius
2322 2363 2376 2400 rei
2406 2376 2482 2413 qua

1407 2415 1533 2462 utitur,
1550 2414 1637 2451 finis
1659 2422 1695 2451 et
1714 2415 1844 2463 regula
1860 2422 1916 2452 est
1935 2415 2141 2452 necessitas
2161 2417 2354 2454 humanae
2369 2417 2483 2465 vitae,

1407 2469 1503 2506 infra
1532 2480 1652 2516 quarn
1682 2477 1738 2505 est
1766 2469 1804 2506 id
1834 2469 1940 2517 quod
1969 2469 2007 2506 in
2036 2482 2151 2506 usum
2179 2470 2282 2507 vitae
2309 2470 2427 2508 venit.

1461 2524 1521 2560 An
1547 2534 1741 2559 SECUNDUM
1769 2534 1955 2560 memnon
1982 2523 2087 2572 quod
2117 2524 2322 2561 necessitas
2347 2524 2483 2560 huma-

1408 2588 1480 2613 nae
1509 2576 1611 2613 vitae
1640 2583 1766 2624 potest
1794 2575 1936 2613 attendi
1969 2576 2190 2625 dupliciter:
2227 2590 2305 2614 uno
2342 2577 2482 2625 modo,

1408 2631 1623 2667 secundum
1653 2630 1758 2678 quod
1784 2629 1919 2666 dicitur
1947 2630 2206 2667 necessarium
2236 2631 2276 2667 id
2300 2631 2381 2667 sine
2408 2643 2481 2679 quo

1406 2696 1466 2720 res
1494 2683 1598 2720 nullo
1627 2683 1739 2720 modo
1769 2688 1893 2731 potest
1925 2695 2023 2729 esse,
2054 2683 2149 2720 sicut
2185 2684 2292 2720 cibus
2329 2691 2384 2720 est
2418 2696 2483 2720 ne-

1407 2737 1593 2774 cessarius
1623 2737 1779 2774 animali
1798 2736 1835 2782 *;
1867 2736 1940 2774 alio
1970 2737 2101 2783 modo,
2133 2739 2345 2775 secundum
2375 2737 2482 2785 quod

1407 2790 1666 2828 necessarium
1701 2790 1836 2827 dicitur
1872 2790 1911 2826 id
1940 2790 2020 2827 sine
2055 2803 2128 2838 quo
2164 2803 2224 2827 res
2259 2803 2333 2828 non
2362 2797 2486 2839 potest

1407 2844 1672 2881 convenienter
1699 2856 1788 2881 esse.
1808 2843 1829 2865 ²¹⁵
1857 2844 2130 2893 Temperantia
2159 2852 2288 2881 autem
2318 2857 2398 2881 non
2422 2857 2482 2881 so-

1406 2899 1488 2935 lum
1517 2897 1674 2935 attendit
1701 2897 1869 2946 primam
1898 2898 2176 2945 necessitatem,
2200 2899 2266 2935 sed
2289 2898 2403 2935 etiarn
2424 2911 2480 2935 se-

1409 2951 1596 2988 cundam:
1626 2951 1730 2988 unde
1758 2950 2016 3000 Philosophus
2046 2951 2145 2996 dicit⁷
2175 2951 2214 2988 in
2235 2953 2284 2988 ΙΙΙ
2304 2952 2424 2988 Ethic.
2448 2952 2480 2999 ²⁸,

1378 3024 1380 3054 j
1408 3005 1515 3053 quod
1549 3010 1777 3052 temperatus
1809 3005 1948 3053 appetit
1978 3005 2210 3042 delectabilia
2238 3011 2396 3054 propter
2422 3017 2481 3042 sa—

1408 3058 1583 3104 nitatem,
1621 3058 1682 3095 vel
1711 3064 1871 3107 propter
1907 3059 2047 3095 honam
2086 3059 2353 3095 habitudinem.
2396 3058 2482 3095 Alia

1407 3124 1502 3149 vero
1533 3124 1631 3160 quae
1661 3111 1710 3148 ad
1738 3112 1814 3148 hoc
1843 3124 1922 3148 non
1950 3120 2037 3148 sunt
2065 3113 2292 3159 necessaria,
2320 3119 2483 3160 possunt

1409 3165 1607 3213 dupliciter
1635 3178 1676 3201 se
1703 3165 1859 3202 habere.
1891 3165 2095 3212 Quaedam
2117 3165 2220 3202 enim
2246 3173 2332 3202 sunt
2360 3165 2482 3215 impe-

1409 3218 1579 3255 dimenta
1613 3218 1780 3255 sanitatis
1808 3219 1870 3255 vel
1909 3219 2034 3255 bonae
2068 3219 2312 3256 habitudinis.
2349 3219 2399 3256 Et
2425 3218 2482 3256 his

1409 3272 1512 3308 nullo
1551 3272 1671 3308 modo
1704 3279 1938 3320 temperatus
1975 3271 2113 3308 utitur:
2141 3272 2217 3308 hoc
2251 3272 2353 3309 enim
2385 3280 2482 3309 esset

1408 3332 1609 3373 peccatum
1642 3333 1775 3361 contra
1807 3324 2114 3373 temperantiam.
2152 3325 2358 3372 Quaedam
2386 3338 2481 3362 vero

1408 3386 1495 3415 sunt
1524 3390 1622 3427 quae
1643 3390 1721 3414 non
1742 3385 1829 3415 sunt
1856 3378 1915 3414 his
1934 3378 2221 3427 impedimenta.
2252 3380 2301 3415 Et
2319 3379 2379 3416 his
2399 3392 2483 3415 mo-

1409 3432 1538 3469 derate
1558 3431 1684 3477 utitur,
1705 3444 1775 3480 pro
1806 3432 1891 3468 loco
1914 3439 1950 3468 et
1968 3439 2144 3481 tempore
2174 3441 2210 3469 et
2235 3433 2482 3481 congruentia

1379 3516 1381 3533 3
1409 3498 1545 3522 eorum
1582 3485 1720 3533 quibus
1755 3484 1934 3522 convivit.
1973 3485 2023 3522 Et
2055 3485 2143 3523 ideo
2177 3485 2320 3524 ibidem
2354 3486 2482 3523 Philo-

337 3611 363 3644 α)
383 3614 574 3642 temperans.-
593 3611 758 3640 temperatus
779 3609 926 3636 PCILsEK.

426 3665 536 3688 §unnim
549 3662 651 3687 Tutor..
671 3662 704 3687 D.
718 3662 834 3687 Tnomn
853 3663 885 3687 Τ.
898 3663 952 3688 VII.

1463 3608 1488 3641 β)
1509 3615 1553 3633 ex.
1567 3622 1586 3628 -
1605 3608 1631 3633 in
1652 3608 1746 3633 PCGa.

2309 3671 2338 3696 ¹7

2502 462 2510 470 ⁸
2521 460 2575 482 Loc.
2586 460 2623 482 cit.
2634 461 2656 482 in
2667 467 2717 488 arg.

2502 494 2521 508 ².

2511 2056 2520 2065 ⁸
2535 2055 2559 2075 ln
2575 2060 2681 2082 corpore.

2511 2749 2519 2757 ⁵
2525 2748 2560 2770 Cf.
2567 2748 2663 2770 Aristot.
2672 2748 2723 2769 Me-

2509 2775 2602 2803 taphys.
2619 2775 2656 2796 lib.
2682 2775 2722 2806 IY,

2509 2807 2559 2850 ifl':
2570 2802 2722 2855 ffss,¹¹‘v3·1·.0⁵1;

2509 2861 2579 2904 μα.
2603 2882 2658 2903 ὼῑᾱΔ
2682 2881 2722 2903 lib.

2509 2909 2548 2933 XI,
2560 2915 2586 2930 ca
2606 2915 2694 2934 .vn;n.
2717 2925 2721 2929 .

2509 2946 2518 2949 -
2529 2936 2553 2957 S.
2564 2915 2608 2957 Tii.
2621 2936 2658 2957 lib⁴
2672 2915 2721 2956 mi.

2509 2963 2558 2984 lect.
2574 2969 2614 2983 vn.

2510 2991 2519 3000 ⁸
2533 2989 2590 3037 epi-pl
2605 2995 2636 3015 xi,
2648 2995 2668 3010 n.
2680 2988 2701 3009 8.
2714 2999 2724 3003 -

2509 3016 2533 3037 S.
2588 3033 2592 3037 .
2608 3017 2658 3037 lect.
2674 3021 2722 3036 xxi.
