2768 4198
63 887 72 897 ⁸
86 885 197 908 conclus.
213 891 229 906 ι.

62 932 73 943 ’
86 930 122 953 cf.
138 937 202 953 num.
223 936 246 952 n.

62 1912 73 1923 ⁸
83 1909 132 1948 Qn-
141 1915 224 1936 euru,
232 1913 274 1931 art.

65 2089 74 2100 ⁸
82 2087 119 2110 cf.
127 2094 166 2116 qu.
175 2092 278 2112 cxxxvii,

62 2120 104 2137 arr.
116 2121 135 2142 3,
143 2114 276 2136 Commeat.

258 2320 262 2324 ·
307 2306 401 2338 etiam
425 2312 457 2336 et
481 2302 685 2336 continentia.

932 282 1201 330 QUAESTIO
1231 282 1480 329 CXXXVIII,
1509 280 1808 318 ARTICULUS
1840 280 1868 316 Il

2431 279 2499 315 115

983 398 1319 431 Commentariis
1340 397 1595 430 cardinalis
1617 396 1821 430 Caietam

331 491 351 511 N
372 479 506 511 articulo
529 478 634 520 primo
657 477 853 519 quaestionis
874 477 1373 517 centesimaetrigesimaeoctavae

60 529 272 553 *Deb'ortitudine-
306 493 430 556 Idubia
452 524 554 555 multa
577 530 750 553 occurrunt
773 532 810 552 ex
833 522 981 558 Marriuo,
1003 521 1036 552 in
1060 522 1174 552 eodem
1197 528 1330 552 tractatu
1346 521 1373 558 *‚

61 577 70 587 ⁸
85 577 109 597 In
125 574 227 596 Notand.

301 570 333 600 in
350 579 405 611 qu.
424 569 463 600 de
478 567 613 599 Mollitie
625 567 651 597 *.
669 566 814 597 Primum
831 573 878 597 est
893 566 974 597 circa
988 566 1067 596 illud
1083 567 1172 607 quod
1188 566 1220 596 in
1241 576 1374 606 corpore

301 614 424 645 articuli
452 612 577 648 dicitur,
601 611 738 642 scilicet:
769 611 952 642 Secundum
983 611 1220 652 Philosophum,
1240 612 1375 651 proprie
1401 622 1402 644 3

302 659 407 689 mollis
429 658 551 689 dicitur
579 657 635 697 qui
658 656 777 687 recedit
799 666 820 686 a
844 656 924 686 bono
956 666 997 687 ex
1020 656 1150 687 tristitia
1175 660 1309 686 causata
1334 665 1376 685 ex
1401 645 1403 686 ἕ

301 702 427 744 defectu
447 702 707 738 delectationum,
732 701 826 741 quasi
840 700 954 731 cedens
969 701 1066 731 debili
1080 701 1228 731 moventi.
1254 699 1375 730 Contra
1401 687 1404 740 ἶ

302 748 363 778 hoc
387 746 547 788 siquidem
570 745 738 786 dupliciter
761 745 914 786 procedit.
944 745 1070 781 Primo,
1095 745 1259 784 arguendo
1287 745 1376 785 quod
1402 742 1403 778 J

303 802 368 823 non
393 792 501 822 solum
523 790 578 821 tali
602 790 743 821 tristitiae
767 790 882 820 cedens
906 797 952 821 est
975 789 1100 826 mollis,
1129 789 1183 820 sed
1208 788 1303 820 etiam
1328 799 1376 819 ce·
1402 801 1404 804 ’

302 837 380 868 dens
403 835 564 877 aliquibus
588 835 718 866 tristitiis
742 845 779 865 ex
802 834 947 875 positivis
971 834 1073 865 causis
1094 833 1249 864 afflictivis
1268 843 1377 864 causa·
1403 827 1404 859 ἶ

302 881 350 912 tis.
370 899 391 904 -
416 880 563 912 Secundo
580 880 606 916 *,
632 880 720 921 quod
745 890 811 910 non
826 879 931 910 omnis
956 880 1070 910 cedens
1093 878 1147 909 tali
1170 878 1312 909 tristitiae
1335 878 1378 908 ita
1403 900 1405 904 ,

305 933 339 957 ut
362 925 487 956 recedat
510 936 528 955 a
551 926 650 961 bono,
668 931 715 955 est
738 923 845 954 mollis
861 924 887 954 *.

358 971 399 1001 Et
417 969 457 1000 ad
481 969 623 1010 primum
639 969 771 1010 quidem
792 969 895 1000 multa
917 967 1015 999 affert.
1047 967 1109 998 Sed
1132 966 1287 1008 quoniam
1312 966 1376 1007 pri-
1403 985 1405 987 v

303 1024 395 1045 mum
425 1024 492 1044 non
508 1021 555 1045 est
582 1021 692 1045 contra
715 1017 900 1049 Auctorem,
918 1012 1065 1053 quamvis
1089 1021 1224 1051 arguens
1246 1017 1377 1052 putave-
1403 1024 1405 1043 Α,

303 1060 342 1090 rit
366 1066 396 1090 et
419 1059 530 1089 dixerit
546 1069 578 1089 se
603 1059 792 1099 impugnare
808 1057 841 1088 in
861 1058 923 1088 hoc
938 1063 1084 1087 sanctum
1111 1056 1285 1092 Thomam,
1303 1055 1376 1086 ideo

304 1114 369 1134 non
393 1103 488 1134 affero
509 1113 566 1134 sua
590 1109 787 1143 argumenta,
810 1102 864 1133 sed
882 1101 1017 1132 ostendo
1033 1101 1119 1131 unde
1135 1110 1201 1130 non
1225 1099 1377 1131 intellexit
1404 1107 1405 1132 ξ

303 1152 488 1180 Auctorem.
513 1149 561 1189 Ly
578 1148 662 1179 enim
682 1148 817 1188 proprie
831 1147 864 1177 in
888 1146 947 1176 hac
967 1145 1068 1176 littera
1085 1144 1262 1186 aequivalet
1286 1144 1326 1174 ad
1344 1144 1377 1184 ly
1404 1181 1405 1184 Ἴ

299 1193 544 1234 principaliter:
567 1199 598 1223 et
614 1203 680 1223 non
696 1191 873 1233 aequivalet
896 1190 936 1221 ad
959 1190 991 1231 ly
1014 1189 1132 1226 solum,
1150 1195 1185 1218 ut
1200 1188 1258 1219 iste
1282 1188 1377 1218 inter-

304 1240 443 1278 pretatus
467 1244 524 1268 est.
549 1237 594 1268 lta
617 1237 707 1278 quod
723 1246 789 1267 non
810 1242 857 1266 est
880 1244 991 1265 sensus
1013 1234 1134 1264 litterae
1158 1233 1248 1273 quod
1271 1232 1378 1262 mollis

303 1289 350 1313 est
373 1283 481 1314 solum
511 1282 659 1312 recedens
678 1292 696 1311 a
715 1282 803 1311 bono
823 1286 954 1320 propter
983 1277 1142 1309 tristitiam
1178 1287 1214 1307 ex
1239 1277 1376 1307 carentia
1404 1290 1405 1301 ι

300 1327 551 1358 delectationum
577 1333 755 1357 causatam:
786 1325 841 1355 sed
865 1331 912 1354 est
935 1332 1046 1354 sensus
1076 1322 1166 1362 quod
1193 1321 1302 1352 mollis
1331 1327 1378 1352 est
1404 1333 1405 1336 ¹

303 1371 516 1413 principaliter
539 1371 687 1402 recedens
711 1380 727 1400 a
752 1370 839 1400 bono
864 1375 994 1408 propter
1016 1366 1204 1398 huiusmodi
1227 1365 1377 1397 tristitias,
1403 1370 1406 1402 Ι

305 1416 396 1448 Unde
427 1416 460 1446 in
491 1416 550 1455 hac
566 1416 676 1446 eadem
691 1414 792 1445 littera
817 1412 931 1443 dicitur
952 1412 1042 1453 quod
1066 1410 1172 1441 mollis
1192 1418 1238 1441 est
1261 1411 1316 1451 qui
1339 1410 1379 1441 de

295 1460 396 1500 facili
411 1460 531 1491 recedit
545 1469 565 1489 a
589 1458 670 1490 bono
689 1463 825 1500 propter
851 1456 1012 1498 difficilia,
1030 1465 1114 1497 quae
1135 1456 1297 1486 sustinere
1313 1464 1376 1485 non

297 1510 414 1546 potest.
440 1505 498 1535 Per
513 1504 590 1534 haec
606 1503 691 1534 enim
715 1502 819 1538 verba,
844 1501 877 1532 in
896 1500 1054 1541 principio
1075 1500 1218 1540 corporis
1242 1499 1376 1535 articuli,
1403 1536 1405 1544 ⁴

303 1553 426 1581 Auctor
441 1547 550 1579 definit
569 1548 717 1579 mollem:
743 1553 774 1577 et
797 1546 1018 1588 postmodum,
1036 1545 1206 1576 excludens
1229 1554 1305 1575 eum
1321 1544 1378 1584 qui

303 1604 321 1625 a
336 1593 462 1634 magnis
480 1592 612 1624 tristitiis
626 1592 763 1623 vincitur
785 1601 803 1621 a
827 1600 963 1622 numero
988 1590 1156 1625 mollium,
1181 1596 1242 1620 tres
1261 1589 1377 1630 gradus

303 1637 530 1670 retrahentium
556 1647 574 1667 a
597 1638 685 1668 bono
710 1636 812 1678 ponit,
829 1635 947 1666 scilicet
970 1642 1108 1671 metum,
1134 1633 1326 1670 delectabile,
1348 1640 1379 1664 et
1403 1648 1405 1674 ⁴]

303 1683 474 1714 carentiam
497 1681 756 1718 delectationum,
778 1680 973 1712 concludens
989 1679 1079 1720 quod
1103 1689 1140 1709 ex
1165 1678 1212 1709 his
1229 1679 1375 1719 proprie,
1404 1685 1405 1700 ¹

303 1727 364 1758 hoc
381 1733 427 1758 est
440 1727 675 1767 principaliter,
693 1725 807 1768 aliquis
839 1725 954 1756 dicitur
977 1724 1094 1760 mollis,
1112 1723 1289 1754 secundum
1307 1723 1377 1754 Phi-

302 1771 491 1812 losophum.
516 1771 616 1809 Quod
639 1778 686 1802 est
713 1780 835 1801 verum.
873 1769 959 1800 Cum
983 1769 1044 1799 hoc
1067 1776 1175 1799 tamen
1205 1774 1266 1798 stat
1289 1768 1378 1809 quod
1404 1789 1405 1800 ι

303 1816 398 1848 etiam
414 1816 466 1847 ille
483 1816 539 1857 qui
562 1826 580 1846 a
604 1815 819 1846 mediocribus
846 1813 978 1845 tristitiis
1009 1823 1046 1844 ex
1069 1813 1230 1853 aliquibus
1261 1812 1377 1843 contri-

303 1861 458 1893 stantibus
478 1860 572 1891 illatis
590 1860 734 1896 vincitur,
752 1859 791 1890 sit
808 1859 903 1890 etiam
920 1858 1037 1888 mollis.
1062 1857 1192 1888 Dictum
1213 1857 1307 1887 etiam
1332 1864 1378 1887 est
1404 1879 1406 1895 ,

303 1916 398 1947 supra
412 1905 431 1924 ⁵
455 1905 544 1946 quod
561 1905 690 1945 proprie
713 1903 868 1935 fortitudo
892 1910 938 1933 est
953 1902 1033 1934 circa
1058 1901 1197 1942 pericula
1214 1901 1326 1932 mortis
1345 1901 1378 1931 in
1405 1899 1406 1941 J

303 1951 405 1981 bello:
432 1957 463 1980 et
486 1959 542 1989 per
566 1950 627 1980 hoc
651 1949 845 1979 declaratum
865 1955 911 1978 est
935 1957 1000 1977 non
1024 1946 1147 1976 excludi
1171 1946 1249 1987 quin
1267 1956 1378 1976 secun·
1405 1959 1406 1963 =

305 1995 393 2025 dario
415 1994 455 2025 sit
473 1994 569 2024 etiam
593 1993 673 2024 circa
697 1993 773 2023 alias
797 1999 915 2023 mortes
939 1991 1148 2022 sustinendas.

359 2039 529 2069 Advertere
553 2047 684 2079 quoque
708 2037 759 2068 hic
782 2037 907 2077 expedit
930 2036 1029 2076 quod,
1051 2035 1132 2066 sicut
1151 2038 1272 2065 Auctor
1291 2035 1380 2066 aliter
1406 2058 1407 2072 2

306 2082 554 2124 perseverantiae
572 2082 703 2112 nomine
720 2082 819 2112 utitur
834 2091 933 2122 quam
950 2081 1133 2111 Aristoteles
1147 2077 1172 2116 *,
1192 2080 1234 2110 ita
1251 2086 1281 2110 et
1298 2079 1378 2109 mol-

305 2128 405 2159 litiem
429 2127 518 2158 aliter
541 2127 662 2167 accipit.
695 2127 777 2157 Nam
806 2126 892 2166 apud
920 2128 1094 2155 Auctorem
1119 2134 1177 2164 pro
1202 2134 1276 2154 vero
1301 2124 1379 2154 vitio
1406 2121 1408 2157 ὲ

306 2172 452 2209 sumitur,
477 2171 563 2212 apud
584 2171 788 2202 Aristotelem
808 2177 916 2201 autem
940 2179 999 2210 pro
1015 2168 1202 2209 imperfecto
1218 2168 1250 2198 in
1267 2178 1380 2208 genere

307 2217 389 2248 vitii:
415 2223 451 2248 ut
474 2223 559 2257 patet
575 2225 612 2246 ex
635 2215 792 2256 oppositis
809 2215 911 2250 bonis,
929 2214 1047 2244 scilicet
1070 2212 1301 2254 perseverantia
1320 2213 1379 2243 vir-

306 2269 388 2297 tute,
416 2270 447 2292 et
469 2260 700 2301 perseverantia
724 2260 757 2290 in
780 2258 967 2300 imperfecto
991 2267 1104 2298 genere
1134 2257 1274 2293 virtutis;
1299 2257 1381 2288 sicut

363 2351 399 2381 11.
425 2350 524 2387 Quod
555 2355 662 2380 autem
693 2349 835 2379 secundo
866 2348 940 2378 loco
971 2346 1173 2382 confutatur,
1199 2353 1246 2377 est
1272 2353 1382 2377 contra
1407 2348 1409 2376 ἰ

307 2398 480 2426 Auctorem
503 2393 536 2423 in
560 2394 622 2424 hoc
641 2394 726 2432 loco,
743 2393 776 2423 in
791 2392 999 2432 responsione
1016 2392 1055 2422 ad
1075 2391 1233 2431 primum:
1259 2397 1290 2422 et
1308 2391 1381 2421 ideo

1484 476 1605 513 Tertio,
1630 476 1706 517 quia
1729 475 1836 506 omnis
1859 475 1965 506 delitia
1990 474 2125 515 pertinet
2149 474 2188 504 ad
2212 474 2502 514 intemperantiam.

1428 523 1474 551 Ac
1499 531 1554 562 per
1575 521 1648 556 hoc,
1672 520 1698 551 si
1722 527 1768 551 est
1791 520 1950 561 quaedam
1966 519 2127 556 mollities,
2152 519 2321 559 pertinebit
2336 519 2375 549 ad
2392 519 2504 550 intem-

1429 566 1613 616 perantiam.
1638 565 1724 605 Ergo
1749 565 1899 596 mollities
1919 574 1985 595 non
2003 571 2049 595 est
2072 564 2212 595 totaliter
2227 564 2376 605 opposita
2401 574 2503 604 perse-

1428 617 1598 640 verantnae.

1484 654 1537 685 IV.
1563 655 1723 692 Quartum
1747 654 1882 685 dubium
1897 653 1915 673 *
1938 661 1984 684 est
2008 653 2089 684 circa
2113 653 2357 694 responsionem
2381 653 2420 683 ad
2444 660 2503 684 ter-

1430 788 1555 819 sionem
1583 788 1761 819 secundum
1777 788 1867 829 quod
1884 787 2082 824 huiusmodi,
2099 794 2154 818 aut
2170 794 2217 818 est
2238 787 2432 823 delectabile,
2450 793 2506 817 aut

1431 843 1539 864 carens
1554 833 1672 863 labore.
1698 832 1730 863 Si
1746 832 1899 873 primum,
1921 842 1996 872 ergo
2019 832 2151 868 lusivus,
2168 839 2204 863 ut
2226 838 2379 872 appetens
2394 831 2504 862 remis-

1431 877 1566 914 sionem,
1580 887 1646 907 non
1663 885 1709 908 est
1726 877 1879 907 dicendus
1895 876 2012 912 monis,
2026 877 2081 907 sed
2096 876 2317 907 incontinens:
2338 876 2413 917 quia
2430 886 2504 917 pro-

1403 937 1404 940 *
1432 930 1501 962 pter
1530 921 1774 952 delectationem
1806 921 1920 951 deserit
1950 922 2083 952 bonum.
2108 939 2129 944 -
2150 921 2182 951 Si
2207 921 2403 960 secundum,
2429 931 2504 961 ergo

1431 966 1581 997 mollities
1615 975 1681 996 non
1712 973 1759 996 est
1783 965 1999 996 universaliter
2030 965 2109 996 circa
2133 965 2290 996 tristitiam
2315 976 2351 996 ex
2381 965 2504 996 defectu

1432 1009 1665 1041 delectationis:
1695 1010 1786 1040 cuius
1817 1009 2006 1050 oppositum
2037 1010 2225 1040 determinat
2257 1010 2342 1040 idem
2373 1010 2504 1041 Doctor.

1404 1058 1405 1075 ³
1431 1055 1520 1085 Patet
1546 1054 1790 1094 consequentia:
1816 1054 1891 1094 quia
1916 1054 2052 1090 lusivus‚
2074 1061 2108 1084 ut
2132 1054 2251 1094 appetit
2275 1054 2505 1090 remissionem,

1431 1099 1512 1139 fugit
1538 1099 1681 1128 laborem
1706 1098 1944 1128 contristantem
1969 1105 1999 1128 et
2023 1099 2256 1129 molestantem.

1488 1144 1526 1174 V.
1551 1143 1602 1172 Ad
1626 1142 1750 1183 obiecta
1773 1142 1903 1173 secundi
1929 1142 2016 1172 dubii
2032 1142 2049 1161 *
2073 1142 2186 1173 dicitur
2205 1143 2294 1183 quod
2314 1153 2418 1173 sermo
2435 1143 2504 1173 Ari-

1432 1187 1562 1223 stotelis,
1588 1186 1763 1218 formaliter
1786 1187 1974 1223 intellectus,
1993 1197 2057 1217 non
2078 1186 2172 1217 infert
2195 1187 2284 1227 quod
2308 1197 2442 1227 arguens
2459 1188 2508 1218 in—

1432 1232 1541 1263 tendit.
1567 1231 1733 1268 Quoniam
1757 1231 1942 1262 Aristoteles
1966 1232 2034 1262 vult
2060 1229 2176 1274 [quod]
2204 1241 2269 1261 non
2294 1242 2388 1272 posse
2405 1242 2507 1263 carere

1432 1275 1694 1307 delectationibus
1718 1275 1912 1316 quibusdam
1936 1283 2103 1316 propterea
2127 1276 2203 1316 quia
2226 1276 2270 1306 sic
2295 1276 2404 1306 nutriti
2424 1283 2507 1313 sunt,

1431 1328 1468 1351 ut
1483 1331 1571 1360 reges
1587 1320 1793 1361 Scytharum;
1818 1321 1868 1350 vel
1888 1327 2018 1361 propter
2033 1319 2250 1351 infirmitatem
2267 1321 2507 1360 complexionis,

1432 1372 1468 1396 ut
1492 1365 1657 1401 mulieres;
1686 1375 1753 1395 non
1778 1372 1823 1395 est
1842 1364 1919 1396 vitii.
1952 1365 1993 1395 Et
2017 1375 2128 1395 verum
2152 1371 2214 1395 est:
2247 1365 2402 1405 quoniam
2428 1372 2510 1396 recta

1432 1410 1512 1440 ratio
1537 1409 1632 1440 habet
1660 1416 1695 1439 ut
1719 1408 1950 1449 complexionis
1974 1417 2004 1440 et
2028 1409 2268 1440 consuetudinis
2292 1409 2371 1440 ratio
2395 1409 2508 1440 habea-

1432 1462 1500 1489 tur:
1525 1454 1567 1484 ita
1591 1454 1679 1495 quod
1704 1453 1736 1484 id
1761 1454 1848 1494 quod
1874 1461 1955 1484 esset
1978 1454 2123 1484 mollitiei
2148 1454 2262 1484 vitium
2286 1454 2319 1484 in
2340 1464 2417 1490 uno,
2443 1464 2509 1484 non

1432 1506 1479 1530 est
1507 1498 1657 1529 mollities
1681 1498 1714 1528 in
1738 1498 1819 1534 alio;
1849 1498 1930 1529 sicut
1961 1498 2056 1529 etiam
2086 1498 2175 1539 quod
2206 1506 2287 1529 esset
2317 1498 2447 1529 ebrietas
2477 1499 2509 1529 in

1432 1554 1509 1580 une,
1534 1551 1581 1574 est
1604 1543 1757 1574 sobrietas
1781 1543 1813 1573 in
1838 1543 1912 1574 alio.
1937 1543 2009 1579 Sed,
2035 1550 2069 1574 ut
2093 1550 2188 1583 patet,
2213 1553 2250 1573 ex
2280 1543 2341 1573 hoc
2371 1554 2436 1573 non
2462 1553 2509 1574 se-

1404 1607 1405 1610 =
1431 1589 1541 1630 quitur
1564 1588 1728 1619 conclusio
1752 1588 1922 1627 arguentis,
1948 1588 2081 1618 scilicet:
2106 1588 2180 1618 Non
2197 1587 2303 1618 omnis
2319 1588 2432 1618 cedens
2457 1588 2510 1618 tri-

1432 1633 1533 1665 stitiae
1562 1643 1598 1663 ex
1629 1632 1765 1663 carentia
1799 1633 2046 1663 delectationum
2076 1632 2118 1663 ita
2147 1639 2182 1663 ut
2210 1633 2334 1663 recedat
2361 1643 2377 1662 a
2401 1633 2509 1668 bono,

1432 1686 1478 1709 est
1502 1677 1619 1708 mollis.

1488 1722 1634 1754 Secunda
1666 1731 1798 1764 quoque
1822 1722 1960 1752 obiectio
1986 1722 2030 1752 nil
2058 1722 2171 1752 obstat.
2205 1721 2289 1759 Quia
2313 1722 2402 1762 sequi
2427 1722 2510 1752 dele-

1432 1768 1585 1799 ctationes
1610 1766 1800 1796 necessarias
1825 1776 1889 1796 non
1915 1773 1962 1797 est
1983 1766 2146 1797 vitiosum.
2172 1766 2232 1796 Sed
2257 1766 2282 1796 si
2306 1773 2437 1806 propter
2461 1776 2509 1796 ca-

1433 1812 1566 1843 rentiam
1583 1810 1818 1851 superfluarum
1842 1811 1978 1841 declinet
1993 1822 2010 1841 a
2027 1812 2126 1846 bono,
2143 1817 2190 1841 est
2209 1810 2374 1841 manifeste
2392 1811 2508 1842 mollis.

1433 1857 1465 1888 Si
1489 1866 1564 1887 vero
1590 1862 1719 1896 propter
1743 1855 1914 1886 carentiam
1938 1855 2183 1886 necessariarum
2208 1855 2323 1895 aliquis
2340 1855 2511 1886 declinaret

1433 1912 1451 1932 a
1467 1902 1566 1936 bono,
1582 1900 1625 1931 ita
1641 1899 1731 1940 quod
1748 1909 1814 1930 non
1832 1907 1962 1940 propter
1978 1900 2147 1930 carentiam
2166 1900 2326 1936 subtracti,
2338 1900 2393 1930 sed
2410 1900 2510 1940 ipsius

1434 1944 1652 1976 delectationis
1677 1951 1712 1974 ut
1735 1943 1789 1980 sic,
1815 1954 1833 1974 a
1852 1945 1939 1976 bono
1957 1945 2123 1981 recederet,
2141 1944 2248 1975 mollis
2265 1955 2396 1985 quoque
2414 1952 2510 1975 esset:

1406 2014 1407 2030 ;
1433 1990 1589 2032 quoniam
1614 1988 1838 2019 delectationes
1855 1989 2046 2020 necessariae
2063 1999 2128 2019 non
2146 1996 2220 2020 sunt
2244 1996 2374 2029 propter
2390 1999 2432 2026 se,
2456 1990 2510 2019 sed

1434 2042 1564 2076 propter
1588 2034 1756 2069 subtracta,
1777 2040 1854 2073 puta
1871 2034 1978 2064 cibum
1995 2034 2044 2064 vel
2068 2040 2193 2074 potum.
2219 2034 2312 2064 Unde
2336 2033 2391 2074 qui
2417 2034 2512 2064 decli-

1435 2086 1523 2110 naret
1545 2090 1563 2109 a
1586 2078 1702 2108 virtute
1732 2077 1808 2118 quia
1832 2078 1921 2108 cibus
1951 2089 2015 2108 non
2044 2079 2177 2109 delectat
2201 2088 2295 2114 eum,
2321 2078 2375 2118 qui
2405 2086 2511 2108 tamen

1434 2125 1574 2165 prodest,
1600 2122 1707 2153 mollis
1724 2129 1814 2158 esset,
1839 2123 1986 2163 quamvis
2011 2123 2176 2153 delectatio
2193 2123 2253 2153 cibi
2278 2123 2317 2153 sit
2340 2123 2512 2153 necessaria

1434 2175 1566 2209 propter
1589 2167 1781 2198 cibationem
1806 2173 1837 2197 et
1858 2167 1957 2197 vitam
1981 2167 2178 2198 animalium.
2203 2168 2276 2197 Non
2301 2174 2381 2197 esset
2405 2174 2512 2198 autern

1436 2213 1544 2244 mollis
1568 2212 1593 2242 si
1618 2211 1690 2242 cibo
1714 2220 1779 2241 non
1805 2211 1970 2242 delectanti
1996 2212 2164 2252 praeponit
2187 2211 2412 2242 delectantem:
2438 2211 2513 2252 quia

1407 2255 1409 2270 ²
1437 2267 1504 2288 non
1535 2266 1591 2297 per
1620 2256 1682 2286 hoc
1712 2255 1829 2286 recedit
1857 2266 1874 2286 a
1897 2256 2021 2286 virtutis
2045 2257 2143 2287 bono.
2168 2257 2209 2287 Et
2233 2255 2258 2286 si
2282 2256 2314 2286 in
2340 2256 2400 2286 hoc
2426 2266 2511 2287 exce-

1408 2333 1409 2338 ,
1436 2303 1532 2338 deret,
1557 2301 1597 2331 ad
1621 2300 1714 2340 gulae
1738 2300 1851 2330 vitium
1876 2307 2039 2341 spectaret.

1492 2347 1546 2377 Vl.
1572 2345 1620 2376 Ad
1644 2344 1773 2375 tertium
1797 2346 2021 2386 respondendo
2047 2345 2182 2375 dubium
2198 2345 2225 2381 *,
2251 2345 2366 2375 dicitur
2389 2345 2428 2375 ad
2453 2345 2512 2384 pri-

1437 2401 1529 2422 mum
1552 2390 1643 2431 quod
1666 2389 1771 2419 delitia
1796 2396 1843 2420 est
1866 2390 2002 2430 species,
2027 2390 2077 2420 vel
2100 2389 2327 2431 quasi-species
2351 2390 2512 2420 mollitiei.

2533 663 2542 672 ⁸
2551 662 2575 683 In
2584 667 2646 689 resp.
2665 661 2694 682 ad
2702 661 2746 682 ob—

1430 699 1512 730 tium
1526 699 1554 729 *.
1579 699 1676 735 Haec,
1693 698 1808 739 inquit,
1831 698 1997 739 responsio
2023 708 2089 729 non
2112 698 2236 728 videtur
2260 697 2339 728 mihi
2364 707 2505 728 consona
2532 688 2746 743 {efflas-common—

1431 744 1520 775 dictis
1544 743 1688 774 eiusdem
1712 743 1872 774 Doctoris.
1899 746 2011 783 Arguo
2036 743 2122 773 enim
2139 742 2192 774 sic.
2217 745 2376 783 Appetere
2396 742 2504 773 remis·
2533 743 2543 752 ⁸
2557 741 2591 763 Cf·
2608 747 2672 763 ”⁰¹¹¹-
2687 747 2726 762 vn.

2534 1149 2544 1160 ⁸
2558 1149 2630 1171 Num.
2643 1155 2668 1171 ιι.

2539 2352 2550 2363 ⁸
2563 2351 2635 2374 Num.
2649 2357 2683 2374 m.

65 2443 78 2456 ⁸
94 2443 120 2465 ln
141 2440 242 2464 Not-nd.
257 2445 280 2463 et
305 2438 462 2470 afferenda
474 2445 550 2469 sunt
561 2444 747 2478 argumenta
759 2438 827 2468 eius
839 2435 865 2468 *.
886 2435 1135 2467 Ριὶῐηυπι“εςῑ
1147 2445 1184 2466 ex
1196 2435 1382 2467 auctoritate
1437 2437 1478 2467 Et
1501 2442 1634 2476 negatur
1657 2434 1902 2474 consequentia:
1932 2435 2025 2476 Ergo
2050 2444 2113 2465 non
2137 2434 2294 2475 differunt
2312 2444 2414 2475 penes
2437 2444 2512 2465 con-

0 2512 3 2524 ,
66 2469 216 2535 &finalia
231 2501 267 2516 vs
305 2483 494 2519 Aristotelis,
512 2483 568 2513 Vll
584 2483 688 2514 Ethic.
705 2483 733 2519 *,
753 2482 843 2524 quod
857 2481 942 2512 vinci
958 2492 976 2512 a
993 2480 1129 2512 carentia
1145 2480 1381 2511 delectabilium
1408 2481 1409 2487 ¹
1438 2485 1560 2518 notata,
1578 2485 1613 2510 ut
1635 2479 1712 2509 dicit
1741 2479 1888 2510 Thomas.
1912 2479 1980 2511 Stat
2003 2479 2089 2509 enim
2109 2480 2198 2520 quod
2222 2479 2341 2520 aliquid
2359 2479 2514 2520 exprimat

7 2543 8 2546 ¹
65 2522 123 2574 soc-¹¹¹
142 2521 279 2572 ζ’ἷῐώξξιζ
300 2533 437 2570 propter
465 2533 618 2579 naturam
640 2528 864 2569 generationis
886 2531 944 2557 aut
961 2531 1098 2566 propter
1126 2525 1378 2566 aegritudinem,
1408 2532 1410 2554 ἱ
1436 2525 1567 2556 inferius
1590 2523 1680 2565 quod
1705 2533 1770 2553 non
1795 2524 1950 2575 exprimat
1972 2524 2128 2564 superius.
2364 2568 2370 2574 ι

11 2586 36 2603 ’.
306 2582 372 2604 non
397 2579 444 2603 est
467 2573 621 2603 mollme1.
1408 2599 1410 2612 ,
1493 2570 1543 2601 Ad
1574 2568 1751 2600 secundum
1780 2577 1856 2599 vero
1886 2569 2000 2599 dicitur
2022 2568 2112 2610 quod
2144 2569 2226 2598 male
2257 2575 2426 2608 exponitur
2457 2569 2511 2598 de-

65 2612 158 2641 ⁴¹¹³¹⁶··
173 2621 264 2643 n-²‚5·
364 2617 549 2668 Secu-ndum
577 2624 625 2647 est
654 2616 745 2657 quia,
770 2616 948 2666 secundum
978 2614 1230 2665 Aristotelem-’¹‘⁷
1255 2615 1381 2665 aliquae
1408 2617 1410 2627 ¹
1436 2615 1512 2646 litia.
1627 2658 1633 2664 1
2177 2657 2207 2663 ..
2488 2657 2494 2663 ⁶

0 2536 15 2736 i-
307 2659 1383 2738 Ξὲῗὲἓέἓὲἓὲἱῗξῗὲἒεὲἰξῗῗῖῗῐίοεὲοῗῖξέἶὲῗιὲἓῖἓῗῗεὲώῗὲῗ
1409 2691 1411 2725 τ
1438 2659 1545 2734 ...1313
1565 2665 1694 2733 ῗῖὲῗὲῗ
1707 2664 1874 2734 ’ἃέἳὶἳζᾙ
1895 2657 2513 2732 ἰῖἱῗιῖξέῗῗῖῐῑςῗεῗὲῗὲυέαἶὲἒοοέἒέξ

0 2737 16 2823 ξ
308 2759 378 2793 pter
401 2751 572 2782 carentiam
596 2750 830 2791 superfluarum
855 2749 1113 2780 delectationum.
1197 2727 1204 2739 ’
1308 2714 1328 2744 p
1494 2748 1563 2778 V11.
1585 2713 1638 2778 {Ad
1654 2754 1806 2788 quartum
1821 2713 1955 2777 dubfium
1967 2746 1985 2765 *
2008 2726 2122 2777 dicitur
2138 2747 2227 2787 quod
2242 2753 2389 2786 appetere
2404 2724 2512 2776 remis:
2539 2754 2549 2763 ·
2563 2753 2634 2774 Num.
2649 2759 2680 2774 ιν.

8 2816 10 2822 ›
67 2799 120 2850 {eg-
129 2797 281 2847 fn’cssgfitfffigss
363 2796 417 2826 111.
441 2795 589 2859 Temni?
605 2795 742 2845 dubium
759 2793 956 2846 ex·eodem.*
978 2800 1025 2823 est
1041 2793 1122 2844 circa
1138 2792 1384 2843 responsionem
1410 2791 1412 2825 ἒ,
1438 2792 1619 2843 sionem-in
1643 2792 1810 2832 proposito
1836 2798 1882 2843 est
1906 2798 2053 2831 appetere
2077 2790 2279 2842 negationem
2304 2790 2430 2821 laboris.
2471 2791 2512 2821 Et

0 2825 12 2951 ξ
308 2837 1385 2928 ataias.·.}{⁸;22.2:.21::52:32232,”2252ssaaa3:³03?
1411 2848 1413 2903 ῑ
1440 2835 2512 2913 {assisterem²22siffzffzuz‘ua0sszzzze'x0sszzz

0 2954 7 3006 ,ἓ
307 2909 395 2982 litieii
415 2930 501 2971 Ergo
526 2940 592 2960 non
609 2929 726 2959 habent
741 2928 810 2959 illas
822 2928 960 2958 diversas
976 2906 1221 2958 connotationes
1236 2936 1316 2967 quas
1339 2926 1386 2956 di·
1411 2906 1414 2971 l
1435 2927 1584 2967 praecise
1607 2927 1694 2957 circa
1717 2926 1867 2956 tristitias
1890 2935 1932 2955 ex
1954 2925 2098 2956 absentia
2121 2904 2376 2955 delectabilium:
2400 2933 2511 2954 conce-

522 2997 530 3005 .
1412 2974 1413 2996 ἢ
1463 2971 1470 2978 .
1527 2994 1534 3001 .
1552 2988 1573 2994 -
1778 2970 1785 2976 .
1808 2970 1814 2976 .
2259 2969 2266 2975 .
2488 2968 2511 2991 .-

0 3007 5 3045 .1
309 2981 351 3006 ⁶¹²
373 2975 518 3005 Th⁰¹¹¹⁸⁵
1441 2971 1542 3051 33:¹31,
1566 2971 1731 3054 ..¹223ss
1742 2969 2512 3054 {1¹⁶3}qssss‘ssussssss‘ffdi'c'ssssssfflssss‘'21‘'322‘53-
2540 3012 2634 3033 mum.
2651 3018 2666 3033 ι.

364 3020 454 3050 Tum
484 3019 559 3059 quia
593 3029 630 3048 ex
661 3017 846 3048 nominibus
869 3017 946 3057 ipsis
969 3016 1095 3046 videtur
1123 3015 1329 3056 oppositum:
1355 3022 1386 3046 et
1412 3010 1414 3088 j

310 3064 439 3104 proprie
470 3063 635 3094 delitiosus
669 3069 716 3094 est
745 3062 800 3103 qui
824 3071 891 3092 non
915 3067 1021 3101 potest
1050 3059 1178 3090 sufferre
1209 3059 1383 3090 absentiam
1412 3091 1414 3098 y

310 3108 567 3139 delectationum.

1412 3101 1414 3108 ,
1440 3066 1525 3095 tera,
1551 3059 1605 3090 ubi
1637 3069 1781 3100 expresse
1805 3059 1880 3089 dicit
1902 3059 1991 3099 quod
2026 3068 2089 3089 non
2109 3068 2205 3098 posse
2235 3058 2395 3088 sustinere
2422 3057 2511 3087 labo-

1412 3109 1414 3138 ζ
1441 3106 1529 3135 riosa
1548 3106 1690 3144 pertinet
1712 3104 1755 3135 ad
1777 3104 1952 3134 mollitiem.

1081 3276 1401 3318 ARTICULUS
1432 3275 1736 3318 SECUNDUS

838 3368 995 3399 UTRUM
1018 3367 1281 3398 PERTINACIA
1305 3365 1573 3397 OPPONATUR
1597 3365 1984 3396 PERSEVERANTIAE

369 3502 376 3509 .
435 3498 444 3506 „
464 3485 478 3509 ζ-
527 3468 549 3493 D
569 3467 760 3494 SECUNDUM
775 3468 828 3494 s1c
843 3467 1085 3493 PROCEDlTUR.
1101 3455 1262 3492 Videtur
1277 3455 1383 3503 quod
1408 3454 1410 3461 '

357 3511 366 3518 “
384 3509 392 3517 ”
412 3531 420 3541 «
526 3509 733 3559 pertinacia
769 3522 848 3547 non
883 3517 1103 3559 opponatur
1135 3521 1383 3558 perseveran-
1409 3544 1410 3547 ,

379 3592 402 3610 ,«
512 3562 611 3600 tiae.
642 3562 742 3599 Dicit
770 3563 872 3599 enirn
902 3563 1122 3611 Gregorius,
1148 3563 1274 3599 XXXI
1294 3563 1383 3599 Mo-

374 3634 383 3653 e
407 3621 462 3650 l'fl
487 3610 598 3655 Mal.
618 3615 650 3661 ²¹⁸,
680 3616 785 3664 quod
814 3615 1021 3664 pertinacia
1050 3616 1166 3653 oritur
1201 3628 1246 3653 ex
1280 3615 1382 3653 inani
1409 3658 1411 3664 Ι

1437 3454 1570 3502 gloria.
1602 3454 1680 3490 Sed
1707 3453 1830 3490 inanis
1858 3453 1976 3501 gloria
2004 3465 2083 3490 non
2104 3453 2312 3502 opponitur
2335 3466 2512 3502 perseve-

1437 3508 1595 3555 rantiae,
1627 3507 1693 3544 sed
1723 3507 1844 3555 magis
1873 3507 2185 3555 magnanimitati,
2207 3515 2248 3544 ut
2277 3519 2391 3556 supra
2410 3507 2430 3528 ’Β
2459 3506 2511 3543 di-

1439 3569 1542 3598 ctum
1574 3569 1640 3598 est.
1676 3561 1778 3608 Ergo
1809 3560 2014 3609 pertinacia
2043 3573 2121 3597 non
2151 3561 2357 3610 opponitur
2385 3572 2510 3609 perse-

1438 3623 1647 3653 verantiae.

2541 3506 2599 3533 ⁸Qu.
2609 3511 2691 3531 cxxxn,
2700 3509 2741 3526 art.

2539 3539 2557 3554 2.

73 3606 81 3614 ⁸
105 3605 161 3635 Cap⁴
181 3610 238 3629 xcv,
258 3604 286 3624 al.
337 3604 357 3621 r*

74 3637 128 3655 xvu,
138 3637 160 3652 ιη
170 3634 214 3652 vet.
223 3636 286 3652 xxxt.

0 3609 5 3686 ..w-w
0 3152 12 3590 .-*.--.Wv-v=-w*vsm
0 3093 5 3134 2=v1
0 3049 5 3078 κ’
