<?xml version="1.0" encoding="UTF-8"?>
<!DOCTYPE html PUBLIC "-//W3C//DTD XHTML 1.0 Transitional//EN"
    "http://www.w3.org/TR/xhtml1/DTD/xhtml1-transitional.dtd">
<html xmlns="http://www.w3.org/1999/xhtml" xml:lang="en" lang="en">
 <head>
  <title>
</title>
<meta http-equiv="Content-Type" content="text/html;charset=utf-8" />
  <meta name='ocr-system' content='tesseract 3.04.00' />
  <meta name='ocr-capabilities' content='ocr_page ocr_carea ocr_par ocr_line ocrx_word'/>
</head>
<body>
  <div class='ocr_page' id='page_1' title='image "./operaomniaiussui10thom_0264.png"; bbox 0 0 2768 4198; ppageno 0'>
   <div class='ocr_carea' id='block_1_1' title="bbox 45 999 217 1021">
    <p class='ocr_par' dir='ltr' id='par_1_1' title="bbox 45 999 217 1021">
     <span class='ocr_line' id='line_1_1' title="bbox 45 999 217 1021; baseline -0.006 0"><span class='ocrx_word' id='word_1_1' title='bbox 45 1000 54 1010; x_wconf 77' lang='lat'>⁸</span> <span class='ocrx_word' id='word_1_2' title='bbox 70 999 103 1021; x_wconf 64' lang='lat' dir='ltr'>Cf.</span> <span class='ocrx_word' id='word_1_3' title='bbox 121 1005 183 1021; x_wconf 91' lang='lat' dir='ltr'>num.</span> <span class='ocrx_word' id='word_1_4' title='bbox 198 1006 217 1020; x_wconf 89' lang='lat' dir='ltr'>v.</span> 
     </span>
    </p>
   </div>
   <div class='ocr_carea' id='block_1_2' title="bbox 47 2638 257 2666">
    <p class='ocr_par' dir='ltr' id='par_1_2' title="bbox 47 2638 257 2666">
     <span class='ocr_line' id='line_1_2' title="bbox 47 2638 257 2666; baseline 0 -6"><span class='ocrx_word' id='word_1_5' title='bbox 47 2640 55 2649; x_wconf 99' lang='lat'>⁸</span> <span class='ocrx_word' id='word_1_6' title='bbox 70 2638 101 2660; x_wconf 84' lang='lat' dir='ltr'>Ca</span> <span class='ocrx_word' id='word_1_7' title='bbox 121 2644 257 2666; x_wconf 85' lang='lat' dir='ltr'>.1v‚n.2.-</span> 
     </span>
    </p>
   </div>
   <div class='ocr_carea' id='block_1_3' title="bbox 45 2666 260 3313">
    <p class='ocr_par' dir='ltr' id='par_1_3' title="bbox 45 2666 260 3313">
     <span class='ocr_line' id='line_1_3' title="bbox 45 2666 228 2687; baseline 0 -1"><span class='ocrx_word' id='word_1_8' title='bbox 45 2666 69 2687; x_wconf 79' lang='lat' dir='ltr'>S.</span> <span class='ocrx_word' id='word_1_9' title='bbox 123 2681 127 2686; x_wconf 86' lang='lat'>.</span> <span class='ocrx_word' id='word_1_10' title='bbox 142 2666 192 2687; x_wconf 86' lang='lat' dir='ltr'>lect.</span> <span class='ocrx_word' id='word_1_11' title='bbox 208 2672 228 2686; x_wconf 81' lang='lat' dir='ltr'>v.</span> 
     </span>
     <span class='ocr_line' id='line_1_4' title="bbox 52 3265 260 3292; baseline 0 -6"><span class='ocrx_word' id='word_1_12' title='bbox 52 3266 60 3275; x_wconf 85' lang='lat'>⁸</span> <span class='ocrx_word' id='word_1_13' title='bbox 75 3265 141 3286; x_wconf 81' lang='lat' dir='ltr'>Marc.</span> <span class='ocrx_word' id='word_1_14' title='bbox 153 3270 202 3292; x_wconf 82' lang='lat' dir='ltr'>eap.</span> <span class='ocrx_word' id='word_1_15' title='bbox 214 3271 260 3289; x_wconf 78' lang='lat' dir='ltr'>xvi,</span> 
     </span>
     <span class='ocr_line' id='line_1_5' title="bbox 51 3291 155 3313; baseline 0.01 -1"><span class='ocrx_word' id='word_1_16' title='bbox 51 3297 107 3313; x_wconf 85' lang='lat' dir='ltr'>vers.</span> <span class='ocrx_word' id='word_1_17' title='bbox 125 3291 155 3313; x_wconf 87' lang='lat'>16.</span> 
     </span>
    </p>
   </div>
   <div class='ocr_carea' id='block_1_4' title="bbox 53 3529 219 3684">
    <p class='ocr_par' dir='ltr' id='par_1_4' title="bbox 53 3529 219 3632">
     <span class='ocr_line' id='line_1_6' title="bbox 53 3529 186 3558; baseline 0.008 -8"><span class='ocrx_word' id='word_1_18' title='bbox 53 3530 61 3540; x_wconf 91' lang='lat'>⁸</span> <span class='ocrx_word' id='word_1_19' title='bbox 76 3529 140 3551; x_wconf 78' lang='lat' dir='ltr'>vers.</span> <span class='ocrx_word' id='word_1_20' title='bbox 157 3536 186 3558; x_wconf 69' lang='lat'>19,</span> 
     </span>
     <span class='ocr_line' id='line_1_7' title="bbox 54 3556 219 3585; baseline 0.006 -8"><span class='ocrx_word' id='word_1_21' title='bbox 54 3558 73 3566; x_wconf 89' lang='lat'>⁸⁸</span> <span class='ocrx_word' id='word_1_22' title='bbox 88 3556 152 3578; x_wconf 76' lang='lat' dir='ltr'>Vers.</span> <span class='ocrx_word' id='word_1_23' title='bbox 167 3563 187 3585; x_wconf 82' lang='lat'>3,</span> <span class='ocrx_word' id='word_1_24' title='bbox 202 3563 219 3584; x_wconf 82' lang='lat'>5.</span> 
     </span>
     <span class='ocr_line' id='line_1_8' title="bbox 54 3583 208 3604; baseline 0.013 -2"><span class='ocrx_word' id='word_1_25' title='bbox 54 3584 84 3592; x_wconf 85' lang='lat'>¹⁸·</span> <span class='ocrx_word' id='word_1_26' title='bbox 100 3583 163 3604; x_wconf 73' lang='lat' dir='ltr'>Vera.</span> <span class='ocrx_word' id='word_1_27' title='bbox 179 3589 208 3604; x_wconf 84' lang='lat'>21.</span> 
     </span>
     <span class='ocr_line' id='line_1_9' title="bbox 54 3609 178 3632; baseline 0.008 -3"><span class='ocrx_word' id='word_1_28' title='bbox 54 3610 61 3619; x_wconf 91' lang='lat'>⁸</span> <span class='ocrx_word' id='word_1_29' title='bbox 77 3609 141 3631; x_wconf 78' lang='lat' dir='ltr'>Vers.</span> <span class='ocrx_word' id='word_1_30' title='bbox 157 3610 178 3632; x_wconf 88' lang='lat'>8.</span> 
     </span>
    </p>

    <p class='ocr_par' dir='ltr' id='par_1_5' title="bbox 54 3636 208 3684">
     <span class='ocr_line' id='line_1_10' title="bbox 54 3636 202 3664; baseline 0 -7"><span class='ocrx_word' id='word_1_31' title='bbox 54 3638 73 3645; x_wconf 76' lang='lat'>⁸·</span> <span class='ocrx_word' id='word_1_32' title='bbox 89 3636 152 3658; x_wconf 72' lang='lat' dir='ltr'>Vera.</span> <span class='ocrx_word' id='word_1_33' title='bbox 168 3642 202 3664; x_wconf 80' lang='lat'>29,</span> 
     </span>
     <span class='ocr_line' id='line_1_11' title="bbox 54 3662 208 3684; baseline 0.013 -2"><span class='ocrx_word' id='word_1_34' title='bbox 54 3663 85 3672; x_wconf 86' lang='lat'>⁸¹⁸</span> <span class='ocrx_word' id='word_1_35' title='bbox 100 3662 164 3684; x_wconf 72' lang='lat' dir='ltr'>Vera.</span> <span class='ocrx_word' id='word_1_36' title='bbox 180 3669 208 3684; x_wconf 82' lang='lat'>2¹.</span> 
     </span>
    </p>
   </div>
   <div class='ocr_carea' id='block_1_5' title="bbox 288 308 362 333">
    <p class='ocr_par' dir='ltr' id='par_1_6' title="bbox 288 308 362 333">
     <span class='ocr_line' id='line_1_12' title="bbox 288 308 362 333; baseline 0 0"><span class='ocrx_word' id='word_1_37' title='bbox 288 308 362 333; x_wconf 82' lang='lat'>222</span> 
     </span>
    </p>
   </div>
   <div class='ocr_carea' id='block_1_6' title="bbox 281 371 1355 3695">
    <p class='ocr_par' dir='ltr' id='par_1_7' title="bbox 286 371 1350 452">
     <span class='ocr_line' id='line_1_13' title="bbox 286 371 1350 416; baseline -0.008 -9"><span class='ocrx_word' id='word_1_38' title='bbox 286 376 353 416; x_wconf 87' lang='lat' dir='ltr'>ipsa</span> <span class='ocrx_word' id='word_1_39' title='bbox 376 376 408 407; x_wconf 94' lang='lat' dir='ltr'>in</span> <span class='ocrx_word' id='word_1_40' title='bbox 433 386 465 406; x_wconf 92' lang='lat' dir='ltr'>se</span> <span class='ocrx_word' id='word_1_41' title='bbox 481 386 546 407; x_wconf 91' lang='lat' dir='ltr'>non</span> <span class='ocrx_word' id='word_1_42' title='bbox 570 376 730 406; x_wconf 89' lang='lat' dir='ltr'>contineat</span> <span class='ocrx_word' id='word_1_43' title='bbox 744 380 974 404; x_wconf 88' lang='lat' dir='ltr'>nocumentum</span> <span class='ocrx_word' id='word_1_44' title='bbox 999 371 1106 411; x_wconf 90' lang='lat' dir='ltr'>prolis,</span> <span class='ocrx_word' id='word_1_45' title='bbox 1123 371 1211 411; x_wconf 93' lang='lat' dir='ltr'>quod</span> <span class='ocrx_word' id='word_1_46' title='bbox 1229 372 1350 399; x_wconf 85' lang='lat' dir='ltr'>Auctor</span> 
     </span>
     <span class='ocr_line' id='line_1_14' title="bbox 286 416 1070 452; baseline -0.008 -2"><span class='ocrx_word' id='word_1_47' title='bbox 286 420 369 451; x_wconf 93' lang='lat' dir='ltr'>dicit.</span> <span class='ocrx_word' id='word_1_48' title='bbox 394 421 435 451; x_wconf 90' lang='lat' dir='ltr'>Et</span> <span class='ocrx_word' id='word_1_49' title='bbox 458 421 501 452; x_wconf 91' lang='lat' dir='ltr'>sic</span> <span class='ocrx_word' id='word_1_50' title='bbox 524 428 584 451; x_wconf 88' lang='lat' dir='ltr'>stat</span> <span class='ocrx_word' id='word_1_51' title='bbox 607 420 727 450; x_wconf 90' lang='lat' dir='ltr'>dictum</span> <span class='ocrx_word' id='word_1_52' title='bbox 750 418 898 449; x_wconf 84' lang='lat' dir='ltr'>Auctoris</span> <span class='ocrx_word' id='word_1_53' title='bbox 921 416 1070 446; x_wconf 89' lang='lat' dir='ltr'>solidum.</span> 
     </span>
    </p>

    <p class='ocr_par' dir='ltr' id='par_1_8' title="bbox 281 457 1351 1211">
     <span class='ocr_line' id='line_1_15' title="bbox 342 457 1350 506; baseline -0.011 -10"><span class='ocrx_word' id='word_1_54' title='bbox 342 466 381 496; x_wconf 90' lang='lat' dir='ltr'>Et</span> <span class='ocrx_word' id='word_1_55' title='bbox 404 466 475 495; x_wconf 91' lang='lat' dir='ltr'>licet</span> <span class='ocrx_word' id='word_1_56' title='bbox 498 466 559 495; x_wconf 93' lang='lat' dir='ltr'>hoc</span> <span class='ocrx_word' id='word_1_57' title='bbox 587 462 848 495; x_wconf 90' lang='lat' dir='ltr'>sufficientissime</span> <span class='ocrx_word' id='word_1_58' title='bbox 876 460 1027 495; x_wconf 89' lang='lat' dir='ltr'>sufficiat,</span> <span class='ocrx_word' id='word_1_59' title='bbox 1053 460 1092 489; x_wconf 88' lang='lat' dir='ltr'>ad</span> <span class='ocrx_word' id='word_1_60' title='bbox 1118 457 1350 506; x_wconf 81' lang='lat' dir='ltr'>plenitudinem</span> 
     </span>
     <span class='ocr_line' id='line_1_16' title="bbox 286 501 1351 551; baseline -0.01 -10"><span class='ocrx_word' id='word_1_61' title='bbox 286 519 391 541; x_wconf 85' lang='lat' dir='ltr'>tamen</span> <span class='ocrx_word' id='word_1_62' title='bbox 416 509 590 545; x_wconf 89' lang='lat' dir='ltr'>doctrinae,</span> <span class='ocrx_word' id='word_1_63' title='bbox 615 508 728 538; x_wconf 90' lang='lat' dir='ltr'>dicitur</span> <span class='ocrx_word' id='word_1_64' title='bbox 751 515 882 546; x_wconf 89' lang='lat' dir='ltr'>quoque</span> <span class='ocrx_word' id='word_1_65' title='bbox 906 504 1005 545; x_wconf 92' lang='lat' dir='ltr'>quod,</span> <span class='ocrx_word' id='word_1_66' title='bbox 1029 503 1104 544; x_wconf 84' lang='lat' dir='ltr'>quia</span> <span class='ocrx_word' id='word_1_67' title='bbox 1129 502 1216 533; x_wconf 90' lang='lat' dir='ltr'>nulla</span> <span class='ocrx_word' id='word_1_68' title='bbox 1240 501 1351 551; x_wconf 61' lang='lat' dir='ltr'>politia</span> 
     </span>
     <span class='ocr_line' id='line_1_17' title="bbox 286 546 1348 593; baseline -0.009 -8"><span class='ocrx_word' id='word_1_69' title='bbox 286 562 332 585; x_wconf 88' lang='lat' dir='ltr'>est</span> <span class='ocrx_word' id='word_1_70' title='bbox 355 554 467 584; x_wconf 89' lang='lat' dir='ltr'>melior</span> <span class='ocrx_word' id='word_1_71' title='bbox 490 553 598 593; x_wconf 90' lang='lat' dir='ltr'>politia</span> <span class='ocrx_word' id='word_1_72' title='bbox 623 551 757 587; x_wconf 88' lang='lat' dir='ltr'>Christi,</span> <span class='ocrx_word' id='word_1_73' title='bbox 782 559 880 590; x_wconf 89' lang='lat' dir='ltr'>quam</span> <span class='ocrx_word' id='word_1_74' title='bbox 903 549 935 578; x_wconf 93' lang='lat' dir='ltr'>in</span> <span class='ocrx_word' id='word_1_75' title='bbox 959 547 1098 578; x_wconf 87' lang='lat' dir='ltr'>Ecclesia</span> <span class='ocrx_word' id='word_1_76' title='bbox 1122 546 1239 582; x_wconf 76' lang='lat' dir='ltr'>statuit,</span> <span class='ocrx_word' id='word_1_77' title='bbox 1264 552 1295 576; x_wconf 90' lang='lat' dir='ltr'>et</span> <span class='ocrx_word' id='word_1_78' title='bbox 1317 555 1348 575; x_wconf 83' lang='lat' dir='ltr'>ln</span> 
     </span>
     <span class='ocr_line' id='line_1_18' title="bbox 287 591 1350 634; baseline -0.009 -4"><span class='ocrx_word' id='word_1_79' title='bbox 287 599 343 629; x_wconf 91' lang='lat' dir='ltr'>hac</span> <span class='ocrx_word' id='word_1_80' title='bbox 376 598 542 629; x_wconf 87' lang='lat' dir='ltr'>fornicatio</span> <span class='ocrx_word' id='word_1_81' title='bbox 570 604 616 627; x_wconf 91' lang='lat' dir='ltr'>est</span> <span class='ocrx_word' id='word_1_82' title='bbox 645 595 757 625; x_wconf 85' lang='lat' dir='ltr'>nociva</span> <span class='ocrx_word' id='word_1_83' title='bbox 784 594 879 634; x_wconf 89' lang='lat' dir='ltr'>proli:</span> <span class='ocrx_word' id='word_1_84' title='bbox 911 602 996 632; x_wconf 89' lang='lat' dir='ltr'>ergo.</span> <span class='ocrx_word' id='word_1_85' title='bbox 1021 609 1041 614; x_wconf 95' lang='lat'>-</span> <span class='ocrx_word' id='word_1_86' title='bbox 1065 591 1189 622; x_wconf 89' lang='lat' dir='ltr'>Dicitur</span> <span class='ocrx_word' id='word_1_87' title='bbox 1219 599 1350 631; x_wconf 92' lang='lat' dir='ltr'>quoque</span> 
     </span>
     <span class='ocr_line' id='line_1_19' title="bbox 286 637 1350 683; baseline -0.008 -10"><span class='ocrx_word' id='word_1_88' title='bbox 286 644 374 683; x_wconf 91' lang='lat' dir='ltr'>quod</span> <span class='ocrx_word' id='word_1_89' title='bbox 397 643 446 672; x_wconf 87' lang='lat' dir='ltr'>lex</span> <span class='ocrx_word' id='word_1_90' title='bbox 469 652 550 682; x_wconf 89' lang='lat' dir='ltr'>quae</span> <span class='ocrx_word' id='word_1_91' title='bbox 566 641 689 671; x_wconf 90' lang='lat' dir='ltr'>tolleret</span> <span class='ocrx_word' id='word_1_92' title='bbox 711 637 897 668; x_wconf 90' lang='lat' dir='ltr'>huiusmodi</span> <span class='ocrx_word' id='word_1_93' title='bbox 921 643 1164 671; x_wconf 80' lang='lat' dir='ltr'>nocumentum,</span> <span class='ocrx_word' id='word_1_94' title='bbox 1181 645 1220 665; x_wconf 90' lang='lat' dir='ltr'>ne</span> <span class='ocrx_word' id='word_1_95' title='bbox 1239 644 1350 674; x_wconf 92' lang='lat' dir='ltr'>seque-</span> 
     </span>
     <span class='ocr_line' id='line_1_20' title="bbox 286 678 1350 726; baseline -0.009 -8"><span class='ocrx_word' id='word_1_96' title='bbox 286 694 371 717; x_wconf 88' lang='lat' dir='ltr'>retur</span> <span class='ocrx_word' id='word_1_97' title='bbox 393 687 424 716; x_wconf 92' lang='lat' dir='ltr'>in</span> <span class='ocrx_word' id='word_1_98' title='bbox 449 686 581 726; x_wconf 90' lang='lat' dir='ltr'>prolem,</span> <span class='ocrx_word' id='word_1_99' title='bbox 606 690 802 714; x_wconf 86' lang='lat' dir='ltr'>attestaretur</span> <span class='ocrx_word' id='word_1_100' title='bbox 825 682 914 722; x_wconf 93' lang='lat' dir='ltr'>quod</span> <span class='ocrx_word' id='word_1_101' title='bbox 938 681 1042 711; x_wconf 90' lang='lat' dir='ltr'>coitus</span> <span class='ocrx_word' id='word_1_102' title='bbox 1065 681 1134 720; x_wconf 91' lang='lat' dir='ltr'>ipse</span> <span class='ocrx_word' id='word_1_103' title='bbox 1156 686 1237 710; x_wconf 92' lang='lat' dir='ltr'>esset</span> <span class='ocrx_word' id='word_1_104' title='bbox 1264 678 1350 708; x_wconf 91' lang='lat' dir='ltr'>noci-</span> 
     </span>
     <span class='ocr_line' id='line_1_21' title="bbox 285 723 1350 771; baseline -0.007 -11"><span class='ocrx_word' id='word_1_105' title='bbox 285 741 343 762; x_wconf 91' lang='lat' dir='ltr'>vus</span> <span class='ocrx_word' id='word_1_106' title='bbox 366 731 457 771; x_wconf 88' lang='lat' dir='ltr'>proli.</span> <span class='ocrx_word' id='word_1_107' title='bbox 482 731 564 760; x_wconf 90' lang='lat' dir='ltr'>Nam</span> <span class='ocrx_word' id='word_1_108' title='bbox 588 729 660 758; x_wconf 90' lang='lat' dir='ltr'>ideo</span> <span class='ocrx_word' id='word_1_109' title='bbox 685 737 750 757; x_wconf 90' lang='lat' dir='ltr'>non</span> <span class='ocrx_word' id='word_1_110' title='bbox 766 726 944 766; x_wconf 89' lang='lat' dir='ltr'>provideret</span> <span class='ocrx_word' id='word_1_111' title='bbox 968 724 1170 755; x_wconf 90' lang='lat' dir='ltr'>seminationi</span> <span class='ocrx_word' id='word_1_112' title='bbox 1186 723 1350 754; x_wconf 85' lang='lat' dir='ltr'>matrimo-</span> 
     </span>
     <span class='ocr_line' id='line_1_22' title="bbox 286 767 1348 814; baseline -0.008 -9"><span class='ocrx_word' id='word_1_113' title='bbox 286 775 375 811; x_wconf 85' lang='lat' dir='ltr'>niali,</span> <span class='ocrx_word' id='word_1_114' title='bbox 401 782 430 805; x_wconf 90' lang='lat' dir='ltr'>et</span> <span class='ocrx_word' id='word_1_115' title='bbox 454 774 630 814; x_wconf 86' lang='lat' dir='ltr'>provideret</span> <span class='ocrx_word' id='word_1_116' title='bbox 659 771 859 806; x_wconf 83' lang='lat' dir='ltr'>fornicariae,</span> <span class='ocrx_word' id='word_1_117' title='bbox 885 770 959 810; x_wconf 88' lang='lat' dir='ltr'>quia</span> <span class='ocrx_word' id='word_1_118' title='bbox 982 770 1035 799; x_wconf 88' lang='lat' dir='ltr'>illa</span> <span class='ocrx_word' id='word_1_119' title='bbox 1067 779 1133 799; x_wconf 90' lang='lat' dir='ltr'>non</span> <span class='ocrx_word' id='word_1_120' title='bbox 1165 775 1211 798; x_wconf 91' lang='lat' dir='ltr'>est</span> <span class='ocrx_word' id='word_1_121' title='bbox 1238 767 1348 798; x_wconf 91' lang='lat' dir='ltr'>nociva</span> 
     </span>
     <span class='ocr_line' id='line_1_23' title="bbox 285 811 1349 860; baseline -0.008 -10"><span class='ocrx_word' id='word_1_122' title='bbox 285 819 375 860; x_wconf 93' lang='lat' dir='ltr'>proli,</span> <span class='ocrx_word' id='word_1_123' title='bbox 394 826 425 849; x_wconf 90' lang='lat' dir='ltr'>et</span> <span class='ocrx_word' id='word_1_124' title='bbox 447 818 504 848; x_wconf 89' lang='lat' dir='ltr'>ista</span> <span class='ocrx_word' id='word_1_125' title='bbox 525 818 583 847; x_wconf 88' lang='lat' dir='ltr'>sic:</span> <span class='ocrx_word' id='word_1_126' title='bbox 609 824 639 846; x_wconf 93' lang='lat' dir='ltr'>et</span> <span class='ocrx_word' id='word_1_127' title='bbox 654 815 726 846; x_wconf 90' lang='lat' dir='ltr'>ideo</span> <span class='ocrx_word' id='word_1_128' title='bbox 748 815 799 846; x_wconf 92' lang='lat' dir='ltr'>isti</span> <span class='ocrx_word' id='word_1_129' title='bbox 815 814 950 845; x_wconf 81' lang='lat' dir='ltr'>afferunt</span> <span class='ocrx_word' id='word_1_130' title='bbox 971 813 1160 844; x_wconf 88' lang='lat' dir='ltr'>remedium.</span> <span class='ocrx_word' id='word_1_131' title='bbox 1183 830 1204 836; x_wconf 92' lang='lat'><em>-</em></span> <span class='ocrx_word' id='word_1_132' title='bbox 1228 811 1349 843; x_wconf 91' lang='lat' dir='ltr'>Dicitur</span> 
     </span>
     <span class='ocr_line' id='line_1_24' title="bbox 283 856 1349 903; baseline -0.008 -9"><span class='ocrx_word' id='word_1_133' title='bbox 283 873 413 903; x_wconf 90' lang='lat' dir='ltr'>quoque</span> <span class='ocrx_word' id='word_1_134' title='bbox 437 862 525 902; x_wconf 93' lang='lat' dir='ltr'>quod</span> <span class='ocrx_word' id='word_1_135' title='bbox 557 861 637 891; x_wconf 93' lang='lat' dir='ltr'>ordo</span> <span class='ocrx_word' id='word_1_136' title='bbox 661 859 853 900; x_wconf 88' lang='lat' dir='ltr'>provisionis</span> <span class='ocrx_word' id='word_1_137' title='bbox 885 858 984 899; x_wconf 90' lang='lat' dir='ltr'>prolis</span> <span class='ocrx_word' id='word_1_138' title='bbox 1008 868 1044 889; x_wconf 85' lang='lat' dir='ltr'>ex</span> <span class='ocrx_word' id='word_1_139' title='bbox 1067 858 1136 898; x_wconf 88' lang='lat' dir='ltr'>lege</span> <span class='ocrx_word' id='word_1_140' title='bbox 1165 864 1247 887; x_wconf 91' lang='lat' dir='ltr'>esset</span> <span class='ocrx_word' id='word_1_141' title='bbox 1271 856 1349 886; x_wconf 88' lang='lat' dir='ltr'>acci-</span> 
     </span>
     <span class='ocr_line' id='line_1_25' title="bbox 284 901 1350 941; baseline -0.006 -4"><span class='ocrx_word' id='word_1_142' title='bbox 284 907 427 941; x_wconf 89' lang='lat' dir='ltr'>dentalis,</span> <span class='ocrx_word' id='word_1_143' title='bbox 451 916 515 936; x_wconf 90' lang='lat' dir='ltr'>non</span> <span class='ocrx_word' id='word_1_144' title='bbox 540 905 700 936; x_wconf 82' lang='lat' dir='ltr'>naturalis.</span> <span class='ocrx_word' id='word_1_145' title='bbox 726 903 840 935; x_wconf 90' lang='lat' dir='ltr'>Coitus</span> <span class='ocrx_word' id='word_1_146' title='bbox 857 910 965 934; x_wconf 87' lang='lat' dir='ltr'>autem</span> <span class='ocrx_word' id='word_1_147' title='bbox 989 903 1082 934; x_wconf 91' lang='lat' dir='ltr'>debet</span> <span class='ocrx_word' id='word_1_148' title='bbox 1100 901 1231 932; x_wconf 86' lang='lat' dir='ltr'>iudicari</span> <span class='ocrx_word' id='word_1_149' title='bbox 1247 907 1350 932; x_wconf 90' lang='lat' dir='ltr'>rectus</span> 
     </span>
     <span class='ocr_line' id='line_1_26' title="bbox 282 946 1349 982; baseline -0.005 -2"><span class='ocrx_word' id='word_1_150' title='bbox 282 952 331 982; x_wconf 90' lang='lat' dir='ltr'>vel</span> <span class='ocrx_word' id='word_1_151' title='bbox 354 961 418 981; x_wconf 93' lang='lat' dir='ltr'>non</span> <span class='ocrx_word' id='word_1_152' title='bbox 443 957 545 981; x_wconf 91' lang='lat' dir='ltr'>rectus</span> <span class='ocrx_word' id='word_1_153' title='bbox 569 949 731 980; x_wconf 86' lang='lat' dir='ltr'>moraliter</span> <span class='ocrx_word' id='word_1_154' title='bbox 760 959 797 979; x_wconf 89' lang='lat' dir='ltr'>ex</span> <span class='ocrx_word' id='word_1_155' title='bbox 824 948 934 978; x_wconf 90' lang='lat' dir='ltr'>ordine</span> <span class='ocrx_word' id='word_1_156' title='bbox 957 948 1008 978; x_wconf 91' lang='lat' dir='ltr'>vel</span> <span class='ocrx_word' id='word_1_157' title='bbox 1031 946 1273 978; x_wconf 86' lang='lat' dir='ltr'>deordinatione</span> <span class='ocrx_word' id='word_1_158' title='bbox 1296 955 1349 975; x_wconf 84' lang='lat' dir='ltr'>na-</span> 
     </span>
     <span class='ocr_line' id='line_1_27' title="bbox 282 991 1350 1033; baseline -0.005 -7"><span class='ocrx_word' id='word_1_159' title='bbox 282 996 384 1032; x_wconf 88' lang='lat' dir='ltr'>turali,</span> <span class='ocrx_word' id='word_1_160' title='bbox 402 1005 468 1026; x_wconf 91' lang='lat' dir='ltr'>non</span> <span class='ocrx_word' id='word_1_161' title='bbox 483 994 678 1030; x_wconf 89' lang='lat' dir='ltr'>accidentali,</span> <span class='ocrx_word' id='word_1_162' title='bbox 696 1000 732 1024; x_wconf 89' lang='lat' dir='ltr'>ut</span> <span class='ocrx_word' id='word_1_163' title='bbox 747 1003 840 1033; x_wconf 85' lang='lat' dir='ltr'>saepe</span> <span class='ocrx_word' id='word_1_164' title='bbox 857 993 976 1023; x_wconf 90' lang='lat' dir='ltr'>dictum</span> <span class='ocrx_word' id='word_1_165' title='bbox 994 999 1040 1022; x_wconf 89' lang='lat' dir='ltr'>est</span> <span class='ocrx_word' id='word_1_166' title='bbox 1051 992 1078 1022; x_wconf 85' lang='lat'>*.</span> <span class='ocrx_word' id='word_1_167' title='bbox 1091 1009 1112 1015; x_wconf 94' lang='lat'>-</span> <span class='ocrx_word' id='word_1_168' title='bbox 1129 991 1252 1022; x_wconf 93' lang='lat' dir='ltr'>Dicitur</span> <span class='ocrx_word' id='word_1_169' title='bbox 1268 1000 1350 1031; x_wconf 85' lang='lat' dir='ltr'>quo-</span> 
     </span>
     <span class='ocr_line' id='line_1_28' title="bbox 281 1036 1350 1082; baseline -0.005 -12"><span class='ocrx_word' id='word_1_170' title='bbox 281 1050 343 1080; x_wconf 93' lang='lat' dir='ltr'>que</span> <span class='ocrx_word' id='word_1_171' title='bbox 366 1040 454 1082; x_wconf 90' lang='lat' dir='ltr'>quod</span> <span class='ocrx_word' id='word_1_172' title='bbox 478 1038 590 1079; x_wconf 90' lang='lat' dir='ltr'>politia</span> <span class='ocrx_word' id='word_1_173' title='bbox 612 1039 681 1074; x_wconf 84' lang='lat' dir='ltr'>ista,</span> <span class='ocrx_word' id='word_1_174' title='bbox 705 1044 742 1069; x_wconf 91' lang='lat' dir='ltr'>ut</span> <span class='ocrx_word' id='word_1_175' title='bbox 764 1037 963 1078; x_wconf 81' lang='lat' dir='ltr'>experientia,</span> <span class='ocrx_word' id='word_1_176' title='bbox 989 1036 1138 1076; x_wconf 83' lang='lat' dir='ltr'>magistra</span> <span class='ocrx_word' id='word_1_177' title='bbox 1161 1046 1282 1071; x_wconf 88' lang='lat' dir='ltr'>rerum,</span> <span class='ocrx_word' id='word_1_178' title='bbox 1306 1042 1350 1066; x_wconf 89' lang='lat' dir='ltr'>te-</span> 
     </span>
     <span class='ocr_line' id='line_1_29' title="bbox 282 1079 1350 1124; baseline -0.006 -9"><span class='ocrx_word' id='word_1_179' title='bbox 282 1091 389 1120; x_wconf 88' lang='lat' dir='ltr'>statur,</span> <span class='ocrx_word' id='word_1_180' title='bbox 415 1091 461 1114; x_wconf 92' lang='lat' dir='ltr'>est</span> <span class='ocrx_word' id='word_1_181' title='bbox 484 1084 523 1114; x_wconf 91' lang='lat' dir='ltr'>de</span> <span class='ocrx_word' id='word_1_182' title='bbox 547 1093 726 1124; x_wconf 87' lang='lat' dir='ltr'>nunquam,</span> <span class='ocrx_word' id='word_1_183' title='bbox 752 1089 807 1113; x_wconf 91' lang='lat' dir='ltr'>aut</span> <span class='ocrx_word' id='word_1_184' title='bbox 830 1082 922 1112; x_wconf 90' lang='lat' dir='ltr'>valde</span> <span class='ocrx_word' id='word_1_185' title='bbox 945 1091 1015 1112; x_wconf 81' lang='lat' dir='ltr'>raro</span> <span class='ocrx_word' id='word_1_186' title='bbox 1036 1081 1294 1120; x_wconf 87' lang='lat' dir='ltr'>contingentibus</span> <span class='ocrx_word' id='word_1_187' title='bbox 1317 1079 1350 1109; x_wconf 92' lang='lat' dir='ltr'>in</span> 
     </span>
     <span class='ocr_line' id='line_1_30' title="bbox 281 1125 1350 1169; baseline -0.005 -10"><span class='ocrx_word' id='word_1_188' title='bbox 281 1130 424 1160; x_wconf 89' lang='lat' dir='ltr'>humano</span> <span class='ocrx_word' id='word_1_189' title='bbox 439 1138 563 1168; x_wconf 86' lang='lat' dir='ltr'>genere,</span> <span class='ocrx_word' id='word_1_190' title='bbox 576 1128 609 1157; x_wconf 92' lang='lat' dir='ltr'>in</span> <span class='ocrx_word' id='word_1_191' title='bbox 625 1138 692 1169; x_wconf 93' lang='lat' dir='ltr'>quo</span> <span class='ocrx_word' id='word_1_192' title='bbox 705 1135 770 1158; x_wconf 90' lang='lat' dir='ltr'>tam</span> <span class='ocrx_word' id='word_1_193' title='bbox 786 1127 849 1157; x_wconf 89' lang='lat' dir='ltr'>late</span> <span class='ocrx_word' id='word_1_194' title='bbox 865 1126 978 1157; x_wconf 85' lang='lat' dir='ltr'>diffusa</span> <span class='ocrx_word' id='word_1_195' title='bbox 993 1132 1040 1156; x_wconf 92' lang='lat' dir='ltr'>est</span> <span class='ocrx_word' id='word_1_196' title='bbox 1054 1125 1233 1156; x_wconf 88' lang='lat' dir='ltr'>fornicatio.</span> <span class='ocrx_word' id='word_1_197' title='bbox 1251 1127 1350 1155; x_wconf 88' lang='lat' dir='ltr'>Actus</span> 
     </span>
     <span class='ocr_line' id='line_1_31' title="bbox 281 1169 1350 1211; baseline -0.005 -7"><span class='ocrx_word' id='word_1_198' title='bbox 281 1181 388 1204; x_wconf 84' lang='lat' dir='ltr'>autem</span> <span class='ocrx_word' id='word_1_199' title='bbox 412 1173 549 1203; x_wconf 88' lang='lat' dir='ltr'>morales</span> <span class='ocrx_word' id='word_1_200' title='bbox 570 1182 635 1202; x_wconf 91' lang='lat' dir='ltr'>non</span> <span class='ocrx_word' id='word_1_201' title='bbox 659 1179 734 1202; x_wconf 90' lang='lat' dir='ltr'>sunt</span> <span class='ocrx_word' id='word_1_202' title='bbox 749 1182 786 1202; x_wconf 89' lang='lat' dir='ltr'>ex</span> <span class='ocrx_word' id='word_1_203' title='bbox 805 1181 875 1202; x_wconf 88' lang='lat' dir='ltr'>raro</span> <span class='ocrx_word' id='word_1_204' title='bbox 896 1170 1153 1211; x_wconf 85' lang='lat' dir='ltr'>contingentibus</span> <span class='ocrx_word' id='word_1_205' title='bbox 1170 1169 1350 1200; x_wconf 90' lang='lat' dir='ltr'>excusandi.</span> 
     </span>
    </p>

    <p class='ocr_par' dir='ltr' id='par_1_9' title="bbox 281 1213 1351 1392">
     <span class='ocr_line' id='line_1_32' title="bbox 336 1213 1350 1258; baseline -0.004 -10"><span class='ocrx_word' id='word_1_206' title='bbox 336 1219 376 1249; x_wconf 88' lang='lat' dir='ltr'>Et</span> <span class='ocrx_word' id='word_1_207' title='bbox 399 1227 455 1258; x_wconf 90' lang='lat' dir='ltr'>per</span> <span class='ocrx_word' id='word_1_208' title='bbox 478 1217 553 1248; x_wconf 89' lang='lat' dir='ltr'>haec</span> <span class='ocrx_word' id='word_1_209' title='bbox 578 1217 690 1247; x_wconf 87' lang='lat' dir='ltr'>eadem</span> <span class='ocrx_word' id='word_1_210' title='bbox 714 1216 849 1246; x_wconf 90' lang='lat' dir='ltr'>omnino</span> <span class='ocrx_word' id='word_1_211' title='bbox 873 1222 959 1256; x_wconf 88' lang='lat' dir='ltr'>patet</span> <span class='ocrx_word' id='word_1_212' title='bbox 982 1215 1072 1256; x_wconf 90' lang='lat' dir='ltr'>quod</span> <span class='ocrx_word' id='word_1_213' title='bbox 1095 1215 1273 1245; x_wconf 90' lang='lat' dir='ltr'>secundum</span> <span class='ocrx_word' id='word_1_214' title='bbox 1303 1213 1350 1243; x_wconf 89' lang='lat' dir='ltr'>di-</span> 
     </span>
     <span class='ocr_line' id='line_1_33' title="bbox 281 1260 1351 1301; baseline -0.004 -8"><span class='ocrx_word' id='word_1_215' title='bbox 281 1270 378 1299; x_wconf 89' lang='lat' dir='ltr'>ctum,</span> <span class='ocrx_word' id='word_1_216' title='bbox 404 1262 530 1297; x_wconf 90' lang='lat' dir='ltr'>scilicet,</span> <span class='ocrx_word' id='word_1_217' title='bbox 546 1262 734 1292; x_wconf 86' lang='lat' dir='ltr'>Fornicatio</span> <span class='ocrx_word' id='word_1_218' title='bbox 743 1262 855 1301; x_wconf 77' lang='lat' dir='ltr'>privat</span> <span class='ocrx_word' id='word_1_219' title='bbox 866 1261 991 1301; x_wconf 85' lang='lat' dir='ltr'>prolem</span> <span class='ocrx_word' id='word_1_220' title='bbox 1009 1269 1090 1290; x_wconf 86' lang='lat' dir='ltr'>cura</span> <span class='ocrx_word' id='word_1_221' title='bbox 1109 1260 1271 1300; x_wconf 81' lang='lat' dir='ltr'>parentis,</span> <span class='ocrx_word' id='word_1_222' title='bbox 1291 1265 1351 1289; x_wconf 89' lang='lat' dir='ltr'>stat</span> 
     </span>
     <span class='ocr_line' id='line_1_34' title="bbox 281 1305 1349 1347; baseline -0.003 -10"><span class='ocrx_word' id='word_1_223' title='bbox 281 1307 435 1338; x_wconf 87' lang='lat' dir='ltr'>solidum:</span> <span class='ocrx_word' id='word_1_224' title='bbox 453 1313 484 1337; x_wconf 92' lang='lat' dir='ltr'>et</span> <span class='ocrx_word' id='word_1_225' title='bbox 498 1307 586 1347; x_wconf 92' lang='lat' dir='ltr'>quod</span> <span class='ocrx_word' id='word_1_226' title='bbox 602 1305 744 1346; x_wconf 88' lang='lat' dir='ltr'>provisio</span> <span class='ocrx_word' id='word_1_227' title='bbox 762 1305 839 1345; x_wconf 87' lang='lat' dir='ltr'>legis</span> <span class='ocrx_word' id='word_1_228' title='bbox 855 1305 934 1335; x_wconf 90' lang='lat' dir='ltr'>nihil</span> <span class='ocrx_word' id='word_1_229' title='bbox 947 1310 1073 1335; x_wconf 86' lang='lat' dir='ltr'>excusat</span> <span class='ocrx_word' id='word_1_230' title='bbox 1089 1311 1266 1344; x_wconf 90' lang='lat' dir='ltr'>peccatum,</span> <span class='ocrx_word' id='word_1_231' title='bbox 1279 1310 1349 1339; x_wconf 71' lang='lat' dir='ltr'>etc„</span> 
     </span>
     <span class='ocr_line' id='line_1_35' title="bbox 282 1350 739 1392; baseline -0.004 -10"><span class='ocrx_word' id='word_1_232' title='bbox 282 1359 317 1382; x_wconf 90' lang='lat' dir='ltr'>ut</span> <span class='ocrx_word' id='word_1_233' title='bbox 341 1352 444 1392; x_wconf 85' lang='lat' dir='ltr'>primo</span> <span class='ocrx_word' id='word_1_234' title='bbox 468 1351 568 1381; x_wconf 92' lang='lat' dir='ltr'>modo</span> <span class='ocrx_word' id='word_1_235' title='bbox 592 1350 739 1380; x_wconf 86' lang='lat' dir='ltr'>diximus.</span> 
     </span>
    </p>

    <p class='ocr_par' dir='ltr' id='par_1_10' title="bbox 281 1392 1352 1836">
     <span class='ocr_line' id='line_1_36' title="bbox 337 1392 1352 1430; baseline -0.005 -3"><span class='ocrx_word' id='word_1_236' title='bbox 337 1396 405 1427; x_wconf 87' lang='lat' dir='ltr'>XII.</span> <span class='ocrx_word' id='word_1_237' title='bbox 429 1396 577 1426; x_wconf 89' lang='lat' dir='ltr'>Tertium</span> <span class='ocrx_word' id='word_1_238' title='bbox 600 1402 708 1425; x_wconf 87' lang='lat' dir='ltr'>autem</span> <span class='ocrx_word' id='word_1_239' title='bbox 737 1394 873 1429; x_wconf 89' lang='lat' dir='ltr'>dictum,</span> <span class='ocrx_word' id='word_1_240' title='bbox 898 1393 1029 1430; x_wconf 89' lang='lat' dir='ltr'>scilicet,</span> <span class='ocrx_word' id='word_1_241' title='bbox 1052 1393 1240 1424; x_wconf 85' lang='lat' dir='ltr'>Fornicatio</span> <span class='ocrx_word' id='word_1_242' title='bbox 1269 1392 1352 1422; x_wconf 84' lang='lat' dir='ltr'>tollit</span> 
     </span>
     <span class='ocr_line' id='line_1_37' title="bbox 282 1438 1352 1481; baseline -0.005 -10"><span class='ocrx_word' id='word_1_243' title='bbox 282 1441 502 1472; x_wconf 77' lang='lat' dir='ltr'>certitudinem</span> <span class='ocrx_word' id='word_1_244' title='bbox 521 1440 644 1481; x_wconf 82' lang='lat' dir='ltr'>prolis,</span> <span class='ocrx_word' id='word_1_245' title='bbox 669 1449 735 1469; x_wconf 90' lang='lat' dir='ltr'>non</span> <span class='ocrx_word' id='word_1_246' title='bbox 759 1438 935 1468; x_wconf 85' lang='lat' dir='ltr'>excluditur</span> <span class='ocrx_word' id='word_1_247' title='bbox 962 1447 1018 1477; x_wconf 91' lang='lat' dir='ltr'>per</span> <span class='ocrx_word' id='word_1_248' title='bbox 1040 1438 1102 1468; x_wconf 91' lang='lat' dir='ltr'>hoc</span> <span class='ocrx_word' id='word_1_249' title='bbox 1135 1438 1223 1478; x_wconf 92' lang='lat' dir='ltr'>quod</span> <span class='ocrx_word' id='word_1_250' title='bbox 1247 1443 1352 1477; x_wconf 89' lang='lat' dir='ltr'>potest</span> 
     </span>
     <span class='ocr_line' id='line_1_38' title="bbox 282 1481 1350 1525; baseline -0.004 -10"><span class='ocrx_word' id='word_1_251' title='bbox 282 1484 347 1515; x_wconf 89' lang='lat' dir='ltr'>fieri</span> <span class='ocrx_word' id='word_1_252' title='bbox 371 1486 419 1515; x_wconf 91' lang='lat' dir='ltr'>lex</span> <span class='ocrx_word' id='word_1_253' title='bbox 451 1485 622 1525; x_wconf 88' lang='lat' dir='ltr'>providens</span> <span class='ocrx_word' id='word_1_254' title='bbox 646 1484 685 1514; x_wconf 93' lang='lat' dir='ltr'>de</span> <span class='ocrx_word' id='word_1_255' title='bbox 709 1483 894 1513; x_wconf 89' lang='lat' dir='ltr'>certitudine</span> <span class='ocrx_word' id='word_1_256' title='bbox 925 1481 1099 1513; x_wconf 89' lang='lat' dir='ltr'>sufficiente</span> <span class='ocrx_word' id='word_1_257' title='bbox 1123 1482 1162 1512; x_wconf 91' lang='lat' dir='ltr'>ad</span> <span class='ocrx_word' id='word_1_258' title='bbox 1190 1481 1350 1512; x_wconf 88' lang='lat' dir='ltr'>educatio-</span> 
     </span>
     <span class='ocr_line' id='line_1_39' title="bbox 283 1526 1351 1570; baseline -0.004 -10"><span class='ocrx_word' id='word_1_259' title='bbox 283 1539 355 1560; x_wconf 87' lang='lat' dir='ltr'>nem</span> <span class='ocrx_word' id='word_1_260' title='bbox 380 1529 487 1570; x_wconf 88' lang='lat' dir='ltr'>prolis.</span> <span class='ocrx_word' id='word_1_261' title='bbox 516 1530 604 1559; x_wconf 91' lang='lat' dir='ltr'>Tum</span> <span class='ocrx_word' id='word_1_262' title='bbox 628 1528 703 1569; x_wconf 89' lang='lat' dir='ltr'>quia</span> <span class='ocrx_word' id='word_1_263' title='bbox 727 1534 814 1568; x_wconf 92' lang='lat' dir='ltr'>pater</span> <span class='ocrx_word' id='word_1_264' title='bbox 837 1527 869 1557; x_wconf 90' lang='lat' dir='ltr'>in</span> <span class='ocrx_word' id='word_1_265' title='bbox 893 1527 1037 1557; x_wconf 91' lang='lat' dir='ltr'>humano</span> <span class='ocrx_word' id='word_1_266' title='bbox 1061 1536 1174 1567; x_wconf 84' lang='lat' dir='ltr'>genere</span> <span class='ocrx_word' id='word_1_267' title='bbox 1199 1526 1351 1556; x_wconf 91' lang='lat' dir='ltr'>sollicitus</span> 
     </span>
     <span class='ocr_line' id='line_1_40' title="bbox 282 1571 1351 1613; baseline -0.005 -8"><span class='ocrx_word' id='word_1_268' title='bbox 282 1574 464 1605; x_wconf 82' lang='lat' dir='ltr'>naturaliter</span> <span class='ocrx_word' id='word_1_269' title='bbox 480 1580 526 1604; x_wconf 91' lang='lat' dir='ltr'>est</span> <span class='ocrx_word' id='word_1_270' title='bbox 542 1583 606 1603; x_wconf 92' lang='lat' dir='ltr'>non</span> <span class='ocrx_word' id='word_1_271' title='bbox 631 1574 670 1603; x_wconf 94' lang='lat' dir='ltr'>de</span> <span class='ocrx_word' id='word_1_272' title='bbox 690 1572 919 1613; x_wconf 82' lang='lat' dir='ltr'>qualicumque</span> <span class='ocrx_word' id='word_1_273' title='bbox 943 1571 1139 1606; x_wconf 89' lang='lat' dir='ltr'>certitudine,</span> <span class='ocrx_word' id='word_1_274' title='bbox 1161 1571 1215 1601; x_wconf 89' lang='lat' dir='ltr'>sed</span> <span class='ocrx_word' id='word_1_275' title='bbox 1232 1571 1271 1600; x_wconf 94' lang='lat' dir='ltr'>de</span> <span class='ocrx_word' id='word_1_276' title='bbox 1287 1580 1351 1601; x_wconf 92' lang='lat' dir='ltr'>cer—</span> 
     </span>
     <span class='ocr_line' id='line_1_41' title="bbox 282 1615 1350 1649; baseline -0.004 0"><span class='ocrx_word' id='word_1_277' title='bbox 282 1619 416 1649; x_wconf 89' lang='lat' dir='ltr'>titudine</span> <span class='ocrx_word' id='word_1_278' title='bbox 440 1618 624 1649; x_wconf 88' lang='lat' dir='ltr'>excludente</span> <span class='ocrx_word' id='word_1_279' title='bbox 648 1617 788 1647; x_wconf 90' lang='lat' dir='ltr'>alienum</span> <span class='ocrx_word' id='word_1_280' title='bbox 805 1616 1014 1647; x_wconf 88' lang='lat' dir='ltr'>concubitum</span> <span class='ocrx_word' id='word_1_281' title='bbox 1038 1626 1112 1646; x_wconf 91' lang='lat' dir='ltr'>cum</span> <span class='ocrx_word' id='word_1_282' title='bbox 1132 1615 1185 1646; x_wconf 89' lang='lat' dir='ltr'>illa</span> <span class='ocrx_word' id='word_1_283' title='bbox 1201 1615 1350 1645; x_wconf 88' lang='lat' dir='ltr'>muliere:</span> 
     </span>
     <span class='ocr_line' id='line_1_42' title="bbox 282 1660 1352 1701; baseline -0.004 -7"><span class='ocrx_word' id='word_1_284' title='bbox 282 1663 384 1695; x_wconf 91' lang='lat' dir='ltr'>coitus</span> <span class='ocrx_word' id='word_1_285' title='bbox 414 1670 521 1693; x_wconf 91' lang='lat' dir='ltr'>autern</span> <span class='ocrx_word' id='word_1_286' title='bbox 550 1663 741 1700; x_wconf 37' lang='lat' dir='ltr'>solutorum,</span> <span class='ocrx_word' id='word_1_287' title='bbox 759 1671 824 1691; x_wconf 88' lang='lat' dir='ltr'>non</span> <span class='ocrx_word' id='word_1_288' title='bbox 855 1661 1032 1701; x_wconf 90' lang='lat' dir='ltr'>ponit·per</span> <span class='ocrx_word' id='word_1_289' title='bbox 1058 1670 1090 1690; x_wconf 92' lang='lat' dir='ltr'>se</span> <span class='ocrx_word' id='word_1_290' title='bbox 1114 1660 1278 1690; x_wconf 89' lang='lat' dir='ltr'>vinculum</span> <span class='ocrx_word' id='word_1_291' title='bbox 1303 1669 1352 1690; x_wconf 86' lang='lat' dir='ltr'>ex-</span> 
     </span>
     <span class='ocr_line' id='line_1_43' title="bbox 282 1703 1352 1745; baseline -0.004 -7"><span class='ocrx_word' id='word_1_292' title='bbox 282 1708 412 1738; x_wconf 91' lang='lat' dir='ltr'>cludens</span> <span class='ocrx_word' id='word_1_293' title='bbox 435 1708 576 1737; x_wconf 86' lang='lat' dir='ltr'>alienum</span> <span class='ocrx_word' id='word_1_294' title='bbox 593 1706 810 1737; x_wconf 88' lang='lat' dir='ltr'>concubitum.</span> <span class='ocrx_word' id='word_1_295' title='bbox 834 1706 900 1736; x_wconf 92' lang='lat' dir='ltr'>Nec</span> <span class='ocrx_word' id='word_1_296' title='bbox 925 1704 1114 1745; x_wconf 90' lang='lat' dir='ltr'>oppositum</span> <span class='ocrx_word' id='word_1_297' title='bbox 1130 1711 1236 1744; x_wconf 88' lang='lat' dir='ltr'>potest</span> <span class='ocrx_word' id='word_1_298' title='bbox 1252 1703 1352 1734; x_wconf 88' lang='lat' dir='ltr'>facere</span> 
     </span>
     <span class='ocr_line' id='line_1_44' title="bbox 282 1748 1351 1792; baseline -0.004 -10"><span class='ocrx_word' id='word_1_299' title='bbox 282 1753 330 1782; x_wconf 90' lang='lat' dir='ltr'>lex</span> <span class='ocrx_word' id='word_1_300' title='bbox 358 1752 436 1792; x_wconf 93' lang='lat' dir='ltr'>quin</span> <span class='ocrx_word' id='word_1_301' title='bbox 466 1751 608 1791; x_wconf 90' lang='lat' dir='ltr'>implicet</span> <span class='ocrx_word' id='word_1_302' title='bbox 638 1751 703 1780; x_wconf 93' lang='lat' dir='ltr'>duo</span> <span class='ocrx_word' id='word_1_303' title='bbox 735 1749 988 1780; x_wconf 87' lang='lat' dir='ltr'>contradictoria.</span> <span class='ocrx_word' id='word_1_304' title='bbox 1016 1766 1038 1772; x_wconf 94' lang='lat'>-</span> <span class='ocrx_word' id='word_1_305' title='bbox 1065 1750 1154 1780; x_wconf 91' lang='lat' dir='ltr'>Tum</span> <span class='ocrx_word' id='word_1_306' title='bbox 1185 1748 1260 1789; x_wconf 90' lang='lat' dir='ltr'>quia</span> <span class='ocrx_word' id='word_1_307' title='bbox 1289 1748 1351 1779; x_wconf 91' lang='lat' dir='ltr'>hoc</span> 
     </span>
     <span class='ocr_line' id='line_1_45' title="bbox 281 1793 1293 1836; baseline -0.004 -9"><span class='ocrx_word' id='word_1_308' title='bbox 281 1797 376 1827; x_wconf 87' lang='lat' dir='ltr'>etiam</span> <span class='ocrx_word' id='word_1_309' title='bbox 400 1803 480 1826; x_wconf 89' lang='lat' dir='ltr'>esset</span> <span class='ocrx_word' id='word_1_310' title='bbox 503 1805 559 1836; x_wconf 92' lang='lat' dir='ltr'>per</span> <span class='ocrx_word' id='word_1_311' title='bbox 582 1795 735 1830; x_wconf 84' lang='lat' dir='ltr'>accidens,</span> <span class='ocrx_word' id='word_1_312' title='bbox 757 1802 787 1824; x_wconf 93' lang='lat' dir='ltr'>et</span> <span class='ocrx_word' id='word_1_313' title='bbox 810 1804 875 1824; x_wconf 91' lang='lat' dir='ltr'>non</span> <span class='ocrx_word' id='word_1_314' title='bbox 899 1804 936 1824; x_wconf 85' lang='lat' dir='ltr'>ex</span> <span class='ocrx_word' id='word_1_315' title='bbox 959 1801 1070 1824; x_wconf 89' lang='lat' dir='ltr'>natura</span> <span class='ocrx_word' id='word_1_316' title='bbox 1095 1793 1293 1824; x_wconf 90' lang='lat' dir='ltr'>concubitus.</span> 
     </span>
    </p>

    <p class='ocr_par' dir='ltr' id='par_1_11' title="bbox 281 1837 1351 2404">
     <span class='ocr_line' id='line_1_46' title="bbox 337 1837 1351 1878; baseline -0.004 -7"><span class='ocrx_word' id='word_1_317' title='bbox 337 1840 485 1871; x_wconf 87' lang='lat' dir='ltr'>Similiter</span> <span class='ocrx_word' id='word_1_318' title='bbox 507 1850 572 1870; x_wconf 89' lang='lat' dir='ltr'>non</span> <span class='ocrx_word' id='word_1_319' title='bbox 597 1838 772 1869; x_wconf 91' lang='lat' dir='ltr'>excluditur</span> <span class='ocrx_word' id='word_1_320' title='bbox 788 1848 844 1878; x_wconf 92' lang='lat' dir='ltr'>per</span> <span class='ocrx_word' id='word_1_321' title='bbox 862 1838 924 1868; x_wconf 91' lang='lat' dir='ltr'>hoc</span> <span class='ocrx_word' id='word_1_322' title='bbox 947 1838 1046 1878; x_wconf 91' lang='lat' dir='ltr'>quod,</span> <span class='ocrx_word' id='word_1_323' title='bbox 1064 1837 1089 1867; x_wconf 92' lang='lat' dir='ltr'>si</span> <span class='ocrx_word' id='word_1_324' title='bbox 1105 1837 1219 1868; x_wconf 90' lang='lat' dir='ltr'>mulier</span> <span class='ocrx_word' id='word_1_325' title='bbox 1243 1837 1351 1876; x_wconf 87' lang='lat' dir='ltr'>paucis</span> 
     </span>
     <span class='ocr_line' id='line_1_47' title="bbox 281 1882 1351 1919; baseline -0.004 -4"><span class='ocrx_word' id='word_1_326' title='bbox 281 1895 313 1915; x_wconf 89' lang='lat' dir='ltr'>se</span> <span class='ocrx_word' id='word_1_327' title='bbox 338 1885 571 1919; x_wconf 85' lang='lat' dir='ltr'>communicat,</span> <span class='ocrx_word' id='word_1_328' title='bbox 596 1883 695 1914; x_wconf 86' lang='lat' dir='ltr'>facilis</span> <span class='ocrx_word' id='word_1_329' title='bbox 719 1889 766 1912; x_wconf 93' lang='lat' dir='ltr'>est</span> <span class='ocrx_word' id='word_1_330' title='bbox 795 1882 966 1918; x_wconf 88' lang='lat' dir='ltr'>certitudo;</span> <span class='ocrx_word' id='word_1_331' title='bbox 996 1882 1022 1912; x_wconf 91' lang='lat' dir='ltr'>si</span> <span class='ocrx_word' id='word_1_332' title='bbox 1052 1882 1174 1918; x_wconf 88' lang='lat' dir='ltr'>multis,</span> <span class='ocrx_word' id='word_1_333' title='bbox 1206 1891 1274 1911; x_wconf 90' lang='lat' dir='ltr'>rara</span> <span class='ocrx_word' id='word_1_334' title='bbox 1305 1888 1351 1911; x_wconf 86' lang='lat' dir='ltr'>est</span> 
     </span>
     <span class='ocr_line' id='line_1_48' title="bbox 281 1926 1350 1969; baseline -0.004 -9"><span class='ocrx_word' id='word_1_335' title='bbox 281 1930 396 1969; x_wconf 90' lang='lat' dir='ltr'>proles.</span> <span class='ocrx_word' id='word_1_336' title='bbox 420 1929 507 1959; x_wconf 88' lang='lat' dir='ltr'>Tum</span> <span class='ocrx_word' id='word_1_337' title='bbox 528 1928 602 1969; x_wconf 91' lang='lat' dir='ltr'>quia</span> <span class='ocrx_word' id='word_1_338' title='bbox 626 1927 766 1968; x_wconf 88' lang='lat' dir='ltr'>primum</span> <span class='ocrx_word' id='word_1_339' title='bbox 790 1934 837 1958; x_wconf 91' lang='lat' dir='ltr'>est</span> <span class='ocrx_word' id='word_1_340' title='bbox 859 1926 985 1962; x_wconf 88' lang='lat' dir='ltr'>falsum,</span> <span class='ocrx_word' id='word_1_341' title='bbox 1003 1927 1091 1967; x_wconf 91' lang='lat' dir='ltr'>quod</span> <span class='ocrx_word' id='word_1_342' title='bbox 1116 1926 1214 1956; x_wconf 88' lang='lat' dir='ltr'>facilis</span> <span class='ocrx_word' id='word_1_343' title='bbox 1230 1926 1271 1956; x_wconf 93' lang='lat' dir='ltr'>sit</span> <span class='ocrx_word' id='word_1_344' title='bbox 1287 1935 1350 1956; x_wconf 88' lang='lat' dir='ltr'>cer-</span> 
     </span>
     <span class='ocr_line' id='line_1_49' title="bbox 281 1971 1350 2013; baseline -0.004 -9"><span class='ocrx_word' id='word_1_345' title='bbox 281 1974 384 2005; x_wconf 90' lang='lat' dir='ltr'>titudo</span> <span class='ocrx_word' id='word_1_346' title='bbox 401 1974 432 2004; x_wconf 93' lang='lat' dir='ltr'>in</span> <span class='ocrx_word' id='word_1_347' title='bbox 450 1973 569 2013; x_wconf 87' lang='lat' dir='ltr'>paucis.</span> <span class='ocrx_word' id='word_1_348' title='bbox 595 1973 698 2002; x_wconf 91' lang='lat' dir='ltr'>Immo</span> <span class='ocrx_word' id='word_1_349' title='bbox 716 1971 903 2011; x_wconf 88' lang='lat' dir='ltr'>coniugatae</span> <span class='ocrx_word' id='word_1_350' title='bbox 920 1981 994 2002; x_wconf 90' lang='lat' dir='ltr'>cum</span> <span class='ocrx_word' id='word_1_351' title='bbox 1009 1971 1108 2002; x_wconf 89' lang='lat' dir='ltr'>altero</span> <span class='ocrx_word' id='word_1_352' title='bbox 1130 1978 1254 2001; x_wconf 88' lang='lat' dir='ltr'>tantum</span> <span class='ocrx_word' id='word_1_353' title='bbox 1279 1980 1350 2001; x_wconf 89' lang='lat' dir='ltr'>coe-</span> 
     </span>
     <span class='ocr_line' id='line_1_50' title="bbox 281 2015 1349 2055; baseline -0.004 -6"><span class='ocrx_word' id='word_1_354' title='bbox 281 2025 389 2053; x_wconf 81' lang='lat' dir='ltr'>unteS,</span> <span class='ocrx_word' id='word_1_355' title='bbox 414 2018 558 2048; x_wconf 90' lang='lat' dir='ltr'>nesciunt</span> <span class='ocrx_word' id='word_1_356' title='bbox 581 2027 621 2047; x_wconf 90' lang='lat' dir='ltr'>an</span> <span class='ocrx_word' id='word_1_357' title='bbox 644 2016 702 2046; x_wconf 83' lang='lat' dir='ltr'>viri</span> <span class='ocrx_word' id='word_1_358' title='bbox 726 2026 766 2046; x_wconf 89' lang='lat' dir='ltr'>an</span> <span class='ocrx_word' id='word_1_359' title='bbox 790 2016 923 2047; x_wconf 80' lang='lat' dir='ltr'>adulteri</span> <span class='ocrx_word' id='word_1_360' title='bbox 948 2015 988 2046; x_wconf 87' lang='lat' dir='ltr'>sit</span> <span class='ocrx_word' id='word_1_361' title='bbox 1010 2015 1111 2051; x_wconf 92' lang='lat' dir='ltr'>filius,</span> <span class='ocrx_word' id='word_1_362' title='bbox 1136 2022 1172 2046; x_wconf 90' lang='lat' dir='ltr'>ut</span> <span class='ocrx_word' id='word_1_363' title='bbox 1194 2015 1280 2055; x_wconf 83' lang='lat' dir='ltr'>ipsae</span> <span class='ocrx_word' id='word_1_364' title='bbox 1304 2022 1349 2045; x_wconf 88' lang='lat' dir='ltr'>te-</span> 
     </span>
     <span class='ocr_line' id='line_1_51' title="bbox 281 2059 1351 2102; baseline -0.003 -9"><span class='ocrx_word' id='word_1_365' title='bbox 281 2069 412 2094; x_wconf 88' lang='lat' dir='ltr'>stantur.</span> <span class='ocrx_word' id='word_1_366' title='bbox 428 2079 449 2086; x_wconf 89' lang='lat'>-</span> <span class='ocrx_word' id='word_1_367' title='bbox 465 2063 553 2092; x_wconf 91' lang='lat' dir='ltr'>Tum</span> <span class='ocrx_word' id='word_1_368' title='bbox 570 2061 646 2102; x_wconf 86' lang='lat' dir='ltr'>quia</span> <span class='ocrx_word' id='word_1_369' title='bbox 661 2071 729 2091; x_wconf 86' lang='lat' dir='ltr'>mas</span> <span class='ocrx_word' id='word_1_370' title='bbox 754 2067 801 2091; x_wconf 91' lang='lat' dir='ltr'>est</span> <span class='ocrx_word' id='word_1_371' title='bbox 824 2060 1006 2091; x_wconf 80' lang='lat' dir='ltr'>naturaliter</span> <span class='ocrx_word' id='word_1_372' title='bbox 1029 2060 1184 2091; x_wconf 90' lang='lat' dir='ltr'>sollicitus</span> <span class='ocrx_word' id='word_1_373' title='bbox 1200 2060 1239 2090; x_wconf 93' lang='lat' dir='ltr'>de</span> <span class='ocrx_word' id='word_1_374' title='bbox 1263 2059 1351 2091; x_wconf 90' lang='lat' dir='ltr'>certi-</span> 
     </span>
     <span class='ocr_line' id='line_1_52' title="bbox 281 2104 1350 2147; baseline -0.003 -9"><span class='ocrx_word' id='word_1_375' title='bbox 281 2107 390 2139; x_wconf 88' lang='lat' dir='ltr'>tudine</span> <span class='ocrx_word' id='word_1_376' title='bbox 414 2117 469 2147; x_wconf 90' lang='lat' dir='ltr'>per</span> <span class='ocrx_word' id='word_1_377' title='bbox 493 2106 708 2137; x_wconf 86' lang='lat' dir='ltr'>exclusionem</span> <span class='ocrx_word' id='word_1_378' title='bbox 729 2105 823 2136; x_wconf 89' lang='lat' dir='ltr'>etiam</span> <span class='ocrx_word' id='word_1_379' title='bbox 847 2105 942 2136; x_wconf 90' lang='lat' dir='ltr'>unius</span> <span class='ocrx_word' id='word_1_380' title='bbox 966 2105 1103 2136; x_wconf 87' lang='lat' dir='ltr'>alterius.</span> <span class='ocrx_word' id='word_1_381' title='bbox 1127 2122 1148 2128; x_wconf 93' lang='lat'><em>—</em></span> <span class='ocrx_word' id='word_1_382' title='bbox 1172 2105 1261 2135; x_wconf 91' lang='lat' dir='ltr'>Tum</span> <span class='ocrx_word' id='word_1_383' title='bbox 1275 2104 1350 2145; x_wconf 89' lang='lat' dir='ltr'>quia</span> 
     </span>
     <span class='ocr_line' id='line_1_53' title="bbox 282 2149 1350 2190; baseline -0.004 -7"><span class='ocrx_word' id='word_1_384' title='bbox 282 2152 391 2183; x_wconf 84' lang='lat' dir='ltr'>omnia</span> <span class='ocrx_word' id='word_1_385' title='bbox 414 2152 492 2183; x_wconf 80' lang='lat' dir='ltr'>haec</span> <span class='ocrx_word' id='word_1_386' title='bbox 516 2158 590 2181; x_wconf 89' lang='lat' dir='ltr'>sunt</span> <span class='ocrx_word' id='word_1_387' title='bbox 609 2160 664 2190; x_wconf 89' lang='lat' dir='ltr'>per</span> <span class='ocrx_word' id='word_1_388' title='bbox 687 2150 840 2181; x_wconf 87' lang='lat' dir='ltr'>accidens.</span> <span class='ocrx_word' id='word_1_389' title='bbox 865 2150 948 2180; x_wconf 88' lang='lat' dir='ltr'>Nam</span> <span class='ocrx_word' id='word_1_390' title='bbox 964 2159 1020 2189; x_wconf 92' lang='lat' dir='ltr'>per</span> <span class='ocrx_word' id='word_1_391' title='bbox 1043 2160 1085 2185; x_wconf 91' lang='lat' dir='ltr'>se,</span> <span class='ocrx_word' id='word_1_392' title='bbox 1102 2159 1138 2180; x_wconf 89' lang='lat' dir='ltr'>ex</span> <span class='ocrx_word' id='word_1_393' title='bbox 1155 2159 1221 2190; x_wconf 91' lang='lat' dir='ltr'>quo</span> <span class='ocrx_word' id='word_1_394' title='bbox 1246 2149 1350 2180; x_wconf 88' lang='lat' dir='ltr'>soluta</span> 
     </span>
     <span class='ocr_line' id='line_1_54' title="bbox 283 2194 1349 2232; baseline -0.003 -5"><span class='ocrx_word' id='word_1_395' title='bbox 283 2203 347 2232; x_wconf 89' lang='lat' dir='ltr'>est,</span> <span class='ocrx_word' id='word_1_396' title='bbox 373 2195 527 2227; x_wconf 88' lang='lat' dir='ltr'>certitudo</span> <span class='ocrx_word' id='word_1_397' title='bbox 561 2205 627 2225; x_wconf 90' lang='lat' dir='ltr'>non</span> <span class='ocrx_word' id='word_1_398' title='bbox 657 2194 745 2224; x_wconf 89' lang='lat' dir='ltr'>adest</span> <span class='ocrx_word' id='word_1_399' title='bbox 768 2204 804 2225; x_wconf 88' lang='lat' dir='ltr'>ex</span> <span class='ocrx_word' id='word_1_400' title='bbox 835 2201 946 2225; x_wconf 91' lang='lat' dir='ltr'>natura</span> <span class='ocrx_word' id='word_1_401' title='bbox 967 2194 1097 2225; x_wconf 88' lang='lat' dir='ltr'>vinculi.</span> <span class='ocrx_word' id='word_1_402' title='bbox 1122 2212 1143 2217; x_wconf 98' lang='lat'>-</span> <span class='ocrx_word' id='word_1_403' title='bbox 1166 2194 1349 2224; x_wconf 91' lang='lat' dir='ltr'>Ridiculum</span> 
     </span>
     <span class='ocr_line' id='line_1_55' title="bbox 283 2238 1349 2279; baseline -0.003 -8"><span class='ocrx_word' id='word_1_404' title='bbox 283 2247 390 2271; x_wconf 89' lang='lat' dir='ltr'>autem</span> <span class='ocrx_word' id='word_1_405' title='bbox 414 2247 461 2270; x_wconf 92' lang='lat' dir='ltr'>est</span> <span class='ocrx_word' id='word_1_406' title='bbox 483 2239 619 2270; x_wconf 89' lang='lat' dir='ltr'>obiicere</span> <span class='ocrx_word' id='word_1_407' title='bbox 642 2239 746 2279; x_wconf 92' lang='lat' dir='ltr'>quod,</span> <span class='ocrx_word' id='word_1_408' title='bbox 771 2239 797 2268; x_wconf 83' lang='lat' dir='ltr'>si</span> <span class='ocrx_word' id='word_1_409' title='bbox 821 2249 895 2269; x_wconf 89' lang='lat' dir='ltr'>cum</span> <span class='ocrx_word' id='word_1_410' title='bbox 918 2239 1042 2274; x_wconf 89' lang='lat' dir='ltr'>multis,</span> <span class='ocrx_word' id='word_1_411' title='bbox 1067 2249 1135 2269; x_wconf 88' lang='lat' dir='ltr'>rara</span> <span class='ocrx_word' id='word_1_412' title='bbox 1165 2244 1211 2269; x_wconf 92' lang='lat' dir='ltr'>est</span> <span class='ocrx_word' id='word_1_413' title='bbox 1234 2238 1349 2278; x_wconf 91' lang='lat' dir='ltr'>proles.</span> 
     </span>
     <span class='ocr_line' id='line_1_56' title="bbox 282 2282 1350 2323; baseline -0.003 -8"><span class='ocrx_word' id='word_1_414' title='bbox 282 2285 365 2315; x_wconf 90' lang='lat' dir='ltr'>Nam</span> <span class='ocrx_word' id='word_1_415' title='bbox 390 2294 447 2315; x_wconf 90' lang='lat' dir='ltr'>nec</span> <span class='ocrx_word' id='word_1_416' title='bbox 470 2284 578 2314; x_wconf 88' lang='lat' dir='ltr'>raritas</span> <span class='ocrx_word' id='word_1_417' title='bbox 610 2293 666 2313; x_wconf 91' lang='lat' dir='ltr'>nec</span> <span class='ocrx_word' id='word_1_418' title='bbox 693 2283 869 2323; x_wconf 82' lang='lat' dir='ltr'>frequentia</span> <span class='ocrx_word' id='word_1_419' title='bbox 898 2283 996 2323; x_wconf 89' lang='lat' dir='ltr'>prolis</span> <span class='ocrx_word' id='word_1_420' title='bbox 1021 2282 1094 2313; x_wconf 91' lang='lat' dir='ltr'>facit</span> <span class='ocrx_word' id='word_1_421' title='bbox 1123 2283 1265 2323; x_wconf 86' lang='lat' dir='ltr'>culpam:</span> <span class='ocrx_word' id='word_1_422' title='bbox 1295 2283 1350 2313; x_wconf 92' lang='lat' dir='ltr'>sed</span> 
     </span>
     <span class='ocr_line' id='line_1_57' title="bbox 285 2326 1349 2367; baseline 0 -9"><span class='ocrx_word' id='word_1_423' title='bbox 285 2329 447 2360; x_wconf 80' lang='lat' dir='ltr'>destitutio</span> <span class='ocrx_word' id='word_1_424' title='bbox 472 2327 621 2359; x_wconf 85' lang='lat' dir='ltr'>naturalis</span> <span class='ocrx_word' id='word_1_425' title='bbox 646 2327 766 2358; x_wconf 90' lang='lat' dir='ltr'>ordinis</span> <span class='ocrx_word' id='word_1_426' title='bbox 789 2338 806 2358; x_wconf 84' lang='lat' dir='ltr'>a</span> <span class='ocrx_word' id='word_1_427' title='bbox 831 2327 937 2358; x_wconf 91' lang='lat' dir='ltr'>debito</span> <span class='ocrx_word' id='word_1_428' title='bbox 961 2327 1159 2367; x_wconf 80' lang='lat' dir='ltr'>naturalique</span> <span class='ocrx_word' id='word_1_429' title='bbox 1187 2326 1249 2358; x_wconf 91' lang='lat' dir='ltr'>fine</span> <span class='ocrx_word' id='word_1_430' title='bbox 1273 2327 1349 2358; x_wconf 85' lang='lat' dir='ltr'>tanti</span> 
     </span>
     <span class='ocr_line' id='line_1_58' title="bbox 284 2373 526 2404; baseline -0.004 0"><span class='ocrx_word' id='word_1_431' title='bbox 284 2373 361 2404; x_wconf 90' lang='lat' dir='ltr'>boni</span> <span class='ocrx_word' id='word_1_432' title='bbox 386 2373 526 2403; x_wconf 87' lang='lat' dir='ltr'>humani.</span> 
     </span>
    </p>

    <p class='ocr_par' dir='ltr' id='par_1_12' title="bbox 283 2415 1352 2680">
     <span class='ocr_line' id='line_1_59' title="bbox 342 2415 1351 2457; baseline -0.002 -9"><span class='ocrx_word' id='word_1_433' title='bbox 342 2418 386 2448; x_wconf 88' lang='lat' dir='ltr'>Ex</span> <span class='ocrx_word' id='word_1_434' title='bbox 411 2417 561 2447; x_wconf 90' lang='lat' dir='ltr'>omnibus</span> <span class='ocrx_word' id='word_1_435' title='bbox 592 2423 698 2447; x_wconf 88' lang='lat' dir='ltr'>autem</span> <span class='ocrx_word' id='word_1_436' title='bbox 727 2416 817 2447; x_wconf 90' lang='lat' dir='ltr'>dictis</span> <span class='ocrx_word' id='word_1_437' title='bbox 849 2423 936 2456; x_wconf 90' lang='lat' dir='ltr'>patet</span> <span class='ocrx_word' id='word_1_438' title='bbox 965 2426 1063 2457; x_wconf 90' lang='lat' dir='ltr'>quam</span> <span class='ocrx_word' id='word_1_439' title='bbox 1093 2426 1166 2446; x_wconf 89' lang='lat' dir='ltr'>vera</span> <span class='ocrx_word' id='word_1_440' title='bbox 1191 2426 1225 2446; x_wconf 87' lang='lat' dir='ltr'>ac</span> <span class='ocrx_word' id='word_1_441' title='bbox 1251 2415 1351 2446; x_wconf 85' lang='lat' dir='ltr'>solida</span> 
     </span>
     <span class='ocr_line' id='line_1_60' title="bbox 285 2460 1352 2497; baseline -0.003 -4"><span class='ocrx_word' id='word_1_442' title='bbox 285 2462 325 2493; x_wconf 90' lang='lat' dir='ltr'>sit</span> <span class='ocrx_word' id='word_1_443' title='bbox 348 2461 496 2492; x_wconf 86' lang='lat' dir='ltr'>Auctoris</span> <span class='ocrx_word' id='word_1_444' title='bbox 520 2461 662 2491; x_wconf 88' lang='lat' dir='ltr'>doctrina</span> <span class='ocrx_word' id='word_1_445' title='bbox 686 2471 720 2491; x_wconf 90' lang='lat' dir='ltr'>ac</span> <span class='ocrx_word' id='word_1_446' title='bbox 744 2461 841 2497; x_wconf 89' lang='lat' dir='ltr'>ratio,</span> <span class='ocrx_word' id='word_1_447' title='bbox 867 2461 984 2492; x_wconf 90' lang='lat' dir='ltr'>docens</span> <span class='ocrx_word' id='word_1_448' title='bbox 1019 2460 1263 2491; x_wconf 87' lang='lat' dir='ltr'>fornicationem</span> <span class='ocrx_word' id='word_1_449' title='bbox 1286 2470 1352 2491; x_wconf 89' lang='lat' dir='ltr'>esse</span> 
     </span>
     <span class='ocr_line' id='line_1_61' title="bbox 285 2504 1352 2546; baseline -0.002 -9"><span class='ocrx_word' id='word_1_450' title='bbox 285 2507 418 2537; x_wconf 84' lang='lat' dir='ltr'>mortale</span> <span class='ocrx_word' id='word_1_451' title='bbox 442 2513 608 2546; x_wconf 91' lang='lat' dir='ltr'>peccatum</span> <span class='ocrx_word' id='word_1_452' title='bbox 632 2506 809 2536; x_wconf 89' lang='lat' dir='ltr'>secundum</span> <span class='ocrx_word' id='word_1_453' title='bbox 829 2514 874 2535; x_wconf 89' lang='lat' dir='ltr'>se:</span> <span class='ocrx_word' id='word_1_454' title='bbox 901 2515 974 2536; x_wconf 91' lang='lat' dir='ltr'>cum</span> <span class='ocrx_word' id='word_1_455' title='bbox 998 2504 1156 2541; x_wconf 85' lang='lat' dir='ltr'>facillime,</span> <span class='ocrx_word' id='word_1_456' title='bbox 1177 2505 1244 2536; x_wconf 90' lang='lat' dir='ltr'>sine</span> <span class='ocrx_word' id='word_1_457' title='bbox 1263 2504 1352 2536; x_wconf 90' lang='lat' dir='ltr'>omni</span> 
     </span>
     <span class='ocr_line' id='line_1_62' title="bbox 284 2549 1352 2586; baseline -0.001 -5"><span class='ocrx_word' id='word_1_458' title='bbox 284 2551 378 2586; x_wconf 88' lang='lat' dir='ltr'>fuco,</span> <span class='ocrx_word' id='word_1_459' title='bbox 404 2550 470 2581; x_wconf 88' lang='lat' dir='ltr'>sine</span> <span class='ocrx_word' id='word_1_460' title='bbox 504 2549 719 2585; x_wconf 85' lang='lat' dir='ltr'>adminiculis,</span> <span class='ocrx_word' id='word_1_461' title='bbox 745 2559 857 2580; x_wconf 89' lang='lat' dir='ltr'>omnes</span> <span class='ocrx_word' id='word_1_462' title='bbox 885 2549 1083 2580; x_wconf 86' lang='lat' dir='ltr'>difficultates</span> <span class='ocrx_word' id='word_1_463' title='bbox 1113 2549 1289 2580; x_wconf 90' lang='lat' dir='ltr'>accidentes</span> <span class='ocrx_word' id='word_1_464' title='bbox 1317 2559 1352 2580; x_wconf 87' lang='lat' dir='ltr'>ex</span> 
     </span>
     <span class='ocr_line' id='line_1_63' title="bbox 284 2593 1350 2635; baseline -0.001 -10"><span class='ocrx_word' id='word_1_465' title='bbox 284 2596 340 2626; x_wconf 91' lang='lat' dir='ltr'>illo</span> <span class='ocrx_word' id='word_1_466' title='bbox 357 2605 422 2625; x_wconf 90' lang='lat' dir='ltr'>uno</span> <span class='ocrx_word' id='word_1_467' title='bbox 441 2594 650 2625; x_wconf 89' lang='lat' dir='ltr'>fundamento</span> <span class='ocrx_word' id='word_1_468' title='bbox 666 2594 789 2625; x_wconf 88' lang='lat' dir='ltr'>solutae</span> <span class='ocrx_word' id='word_1_469' title='bbox 812 2593 884 2625; x_wconf 89' lang='lat' dir='ltr'>sint.</span> <span class='ocrx_word' id='word_1_470' title='bbox 907 2594 1030 2625; x_wconf 88' lang='lat' dir='ltr'>Dicitur</span> <span class='ocrx_word' id='word_1_471' title='bbox 1053 2594 1138 2625; x_wconf 89' lang='lat' dir='ltr'>enim</span> <span class='ocrx_word' id='word_1_472' title='bbox 1155 2594 1187 2624; x_wconf 93' lang='lat' dir='ltr'>in</span> <span class='ocrx_word' id='word_1_473' title='bbox 1210 2595 1251 2625; x_wconf 95' lang='lat' dir='ltr'>IV</span> <span class='ocrx_word' id='word_1_474' title='bbox 1267 2595 1350 2635; x_wconf 79' lang='lat' dir='ltr'><em>Phy-</em></span> 
     </span>
     <span class='ocr_line' id='line_1_64' title="bbox 283 2638 1280 2680; baseline -0.002 -9"><span class='ocrx_word' id='word_1_475' title='bbox 283 2641 339 2671; x_wconf 86' lang='lat' dir='ltr'>sic.</span> <span class='ocrx_word' id='word_1_476' title='bbox 363 2640 397 2675; x_wconf 78' lang='lat'>³¹⁸,</span> <span class='ocrx_word' id='word_1_477' title='bbox 426 2639 514 2680; x_wconf 92' lang='lat' dir='ltr'>quod</span> <span class='ocrx_word' id='word_1_478' title='bbox 538 2639 622 2679; x_wconf 86' lang='lat' dir='ltr'>quod</span> <span class='ocrx_word' id='word_1_479' title='bbox 645 2639 722 2678; x_wconf 85' lang='lat' dir='ltr'>quid</span> <span class='ocrx_word' id='word_1_480' title='bbox 745 2644 791 2669; x_wconf 84' lang='lat' dir='ltr'>est</span> <span class='ocrx_word' id='word_1_481' title='bbox 814 2638 908 2670; x_wconf 88' lang='lat' dir='ltr'>solvit</span> <span class='ocrx_word' id='word_1_482' title='bbox 932 2648 1045 2669; x_wconf 91' lang='lat' dir='ltr'>omnes</span> <span class='ocrx_word' id='word_1_483' title='bbox 1069 2638 1280 2670; x_wconf 83' lang='lat' dir='ltr'>difficultates.</span> 
     </span>
    </p>

    <p class='ocr_par' dir='ltr' id='par_1_13' title="bbox 283 2683 1354 3169">
     <span class='ocr_line' id='line_1_65' title="bbox 340 2683 1352 2724; baseline -0.001 -10"><span class='ocrx_word' id='word_1_484' title='bbox 340 2684 422 2714; x_wconf 89' lang='lat' dir='ltr'>XIII.</span> <span class='ocrx_word' id='word_1_485' title='bbox 448 2684 597 2723; x_wconf 86' lang='lat' dir='ltr'>Superest</span> <span class='ocrx_word' id='word_1_486' title='bbox 619 2683 720 2714; x_wconf 92' lang='lat' dir='ltr'>modo</span> <span class='ocrx_word' id='word_1_487' title='bbox 744 2690 919 2714; x_wconf 90' lang='lat' dir='ltr'>monstrare</span> <span class='ocrx_word' id='word_1_488' title='bbox 943 2683 1119 2714; x_wconf 89' lang='lat' dir='ltr'>dicentibus</span> <span class='ocrx_word' id='word_1_489' title='bbox 1142 2684 1231 2724; x_wconf 94' lang='lat' dir='ltr'>quod</span> <span class='ocrx_word' id='word_1_490' title='bbox 1256 2683 1352 2714; x_wconf 87' lang='lat' dir='ltr'>forni-</span> 
     </span>
     <span class='ocr_line' id='line_1_66' title="bbox 285 2727 1352 2769; baseline 0 -11"><span class='ocrx_word' id='word_1_491' title='bbox 285 2728 366 2759; x_wconf 87' lang='lat' dir='ltr'>catio</span> <span class='ocrx_word' id='word_1_492' title='bbox 391 2728 524 2769; x_wconf 88' lang='lat' dir='ltr'>simplex</span> <span class='ocrx_word' id='word_1_493' title='bbox 548 2737 614 2758; x_wconf 92' lang='lat' dir='ltr'>non</span> <span class='ocrx_word' id='word_1_494' title='bbox 637 2734 683 2758; x_wconf 91' lang='lat' dir='ltr'>est</span> <span class='ocrx_word' id='word_1_495' title='bbox 714 2728 847 2758; x_wconf 90' lang='lat' dir='ltr'>mortale</span> <span class='ocrx_word' id='word_1_496' title='bbox 870 2735 1037 2768; x_wconf 90' lang='lat' dir='ltr'>peccatum</span> <span class='ocrx_word' id='word_1_497' title='bbox 1062 2727 1121 2758; x_wconf 90' lang='lat' dir='ltr'>nisi</span> <span class='ocrx_word' id='word_1_498' title='bbox 1148 2728 1223 2769; x_wconf 88' lang='lat' dir='ltr'>quia</span> <span class='ocrx_word' id='word_1_499' title='bbox 1246 2727 1352 2768; x_wconf 90' lang='lat' dir='ltr'>prohi-</span> 
     </span>
     <span class='ocr_line' id='line_1_67' title="bbox 284 2772 1352 2812; baseline -0.001 -9"><span class='ocrx_word' id='word_1_500' title='bbox 284 2773 347 2804; x_wconf 88' lang='lat' dir='ltr'>bita</span> <span class='ocrx_word' id='word_1_501' title='bbox 372 2772 477 2803; x_wconf 88' lang='lat' dir='ltr'>divina</span> <span class='ocrx_word' id='word_1_502' title='bbox 496 2773 583 2812; x_wconf 89' lang='lat' dir='ltr'>lege,</span> <span class='ocrx_word' id='word_1_503' title='bbox 609 2772 697 2812; x_wconf 90' lang='lat' dir='ltr'>quod</span> <span class='ocrx_word' id='word_1_504' title='bbox 721 2772 869 2812; x_wconf 88' lang='lat' dir='ltr'>ignorant</span> <span class='ocrx_word' id='word_1_505' title='bbox 897 2772 1037 2803; x_wconf 87' lang='lat' dir='ltr'>divinam</span> <span class='ocrx_word' id='word_1_506' title='bbox 1069 2772 1180 2812; x_wconf 75' lang='lat' dir='ltr'>legem.</span> <span class='ocrx_word' id='word_1_507' title='bbox 1217 2773 1281 2803; x_wconf 87' lang='lat' dir='ltr'>Lex</span> <span class='ocrx_word' id='word_1_508' title='bbox 1306 2772 1352 2803; x_wconf 93' lang='lat' dir='ltr'>di-</span> 
     </span>
     <span class='ocr_line' id='line_1_68' title="bbox 283 2817 1353 2858; baseline 0 -11"><span class='ocrx_word' id='word_1_509' title='bbox 283 2818 356 2847; x_wconf 86' lang='lat' dir='ltr'>vina</span> <span class='ocrx_word' id='word_1_510' title='bbox 375 2817 407 2847; x_wconf 88' lang='lat' dir='ltr'>in</span> <span class='ocrx_word' id='word_1_511' title='bbox 432 2827 518 2847; x_wconf 88' lang='lat' dir='ltr'>novo</span> <span class='ocrx_word' id='word_1_512' title='bbox 541 2817 749 2847; x_wconf 88' lang='lat' dir='ltr'>Testamento</span> <span class='ocrx_word' id='word_1_513' title='bbox 767 2817 892 2847; x_wconf 88' lang='lat' dir='ltr'>nullum</span> <span class='ocrx_word' id='word_1_514' title='bbox 918 2824 1122 2858; x_wconf 88' lang='lat' dir='ltr'>praeceptum</span> <span class='ocrx_word' id='word_1_515' title='bbox 1139 2826 1218 2858; x_wconf 89' lang='lat' dir='ltr'>pure</span> <span class='ocrx_word' id='word_1_516' title='bbox 1234 2817 1353 2848; x_wconf 89' lang='lat' dir='ltr'>morale</span> 
     </span>
     <span class='ocr_line' id='line_1_69' title="bbox 285 2861 1351 2901; baseline 0 -9"><span class='ocrx_word' id='word_1_517' title='bbox 285 2862 425 2893; x_wconf 90' lang='lat' dir='ltr'>continet</span> <span class='ocrx_word' id='word_1_518' title='bbox 449 2861 507 2891; x_wconf 89' lang='lat' dir='ltr'>nisi</span> <span class='ocrx_word' id='word_1_519' title='bbox 532 2862 571 2891; x_wconf 92' lang='lat' dir='ltr'>de</span> <span class='ocrx_word' id='word_1_520' title='bbox 601 2862 722 2892; x_wconf 88' lang='lat' dir='ltr'>actibus</span> <span class='ocrx_word' id='word_1_521' title='bbox 756 2871 793 2891; x_wconf 79' lang='lat' dir='ltr'>ex</span> <span class='ocrx_word' id='word_1_522' title='bbox 817 2871 876 2891; x_wconf 90' lang='lat' dir='ltr'>suo</span> <span class='ocrx_word' id='word_1_523' title='bbox 901 2871 1014 2901; x_wconf 86' lang='lat' dir='ltr'>genere</span> <span class='ocrx_word' id='word_1_524' title='bbox 1044 2861 1137 2892; x_wconf 90' lang='lat' dir='ltr'>bonis</span> <span class='ocrx_word' id='word_1_525' title='bbox 1167 2868 1222 2892; x_wconf 87' lang='lat' dir='ltr'>aut</span> <span class='ocrx_word' id='word_1_526' title='bbox 1250 2862 1351 2893; x_wconf 89' lang='lat' dir='ltr'>malis.</span> 
     </span>
     <span class='ocr_line' id='line_1_70' title="bbox 284 2905 1353 2947; baseline -0.001 -10"><span class='ocrx_word' id='word_1_527' title='bbox 284 2907 346 2937; x_wconf 90' lang='lat' dir='ltr'>Sed</span> <span class='ocrx_word' id='word_1_528' title='bbox 369 2912 575 2946; x_wconf 89' lang='lat' dir='ltr'>praeceptum</span> <span class='ocrx_word' id='word_1_529' title='bbox 600 2906 637 2936; x_wconf 93' lang='lat' dir='ltr'>de</span> <span class='ocrx_word' id='word_1_530' title='bbox 662 2905 871 2936; x_wconf 84' lang='lat' dir='ltr'>fornicatione</span> <span class='ocrx_word' id='word_1_531' title='bbox 895 2913 941 2937; x_wconf 89' lang='lat' dir='ltr'>est</span> <span class='ocrx_word' id='word_1_532' title='bbox 961 2913 1164 2947; x_wconf 89' lang='lat' dir='ltr'>praeceptum</span> <span class='ocrx_word' id='word_1_533' title='bbox 1190 2916 1268 2946; x_wconf 90' lang='lat' dir='ltr'>pure</span> <span class='ocrx_word' id='word_1_534' title='bbox 1285 2916 1353 2937; x_wconf 86' lang='lat' dir='ltr'>mo·</span> 
     </span>
     <span class='ocr_line' id='line_1_71' title="bbox 284 2950 1353 2991; baseline 0.001 -10"><span class='ocrx_word' id='word_1_535' title='bbox 284 2951 358 2982; x_wconf 90' lang='lat' dir='ltr'>rale.</span> <span class='ocrx_word' id='word_1_536' title='bbox 388 2951 472 2990; x_wconf 88' lang='lat' dir='ltr'>Ergo</span> <span class='ocrx_word' id='word_1_537' title='bbox 497 2950 540 2980; x_wconf 91' lang='lat' dir='ltr'>sic</span> <span class='ocrx_word' id='word_1_538' title='bbox 563 2950 746 2989; x_wconf 87' lang='lat' dir='ltr'>negativum</span> <span class='ocrx_word' id='word_1_539' title='bbox 774 2957 820 2981; x_wconf 89' lang='lat' dir='ltr'>est</span> <span class='ocrx_word' id='word_1_540' title='bbox 847 2951 885 2981; x_wconf 89' lang='lat' dir='ltr'>de</span> <span class='ocrx_word' id='word_1_541' title='bbox 916 2950 1038 2982; x_wconf 89' lang='lat' dir='ltr'>actibus</span> <span class='ocrx_word' id='word_1_542' title='bbox 1064 2961 1120 2991; x_wconf 90' lang='lat' dir='ltr'>per</span> <span class='ocrx_word' id='word_1_543' title='bbox 1151 2961 1182 2981; x_wconf 89' lang='lat' dir='ltr'>se</span> <span class='ocrx_word' id='word_1_544' title='bbox 1214 2951 1317 2982; x_wconf 84' lang='lat' dir='ltr'>malis.</span> <span class='ocrx_word' id='word_1_545' title='bbox 1333 2968 1353 2975; x_wconf 92' lang='lat'><em>—</em></span> 
     </span>
     <span class='ocr_line' id='line_1_72' title="bbox 284 2995 1354 3036; baseline 0 -10"><span class='ocrx_word' id='word_1_546' title='bbox 284 2996 324 3026; x_wconf 87' lang='lat' dir='ltr'>Et</span> <span class='ocrx_word' id='word_1_547' title='bbox 348 3005 414 3026; x_wconf 90' lang='lat' dir='ltr'>non</span> <span class='ocrx_word' id='word_1_548' title='bbox 438 2995 476 3025; x_wconf 94' lang='lat' dir='ltr'>de</span> <span class='ocrx_word' id='word_1_549' title='bbox 510 3004 564 3034; x_wconf 93' lang='lat' dir='ltr'>per</span> <span class='ocrx_word' id='word_1_550' title='bbox 587 3005 619 3024; x_wconf 88' lang='lat' dir='ltr'>se</span> <span class='ocrx_word' id='word_1_551' title='bbox 645 2995 735 3025; x_wconf 88' lang='lat' dir='ltr'>malis</span> <span class='ocrx_word' id='word_1_552' title='bbox 758 2995 935 3026; x_wconf 85' lang='lat' dir='ltr'>venialiter:</span> <span class='ocrx_word' id='word_1_553' title='bbox 967 2995 1042 3036; x_wconf 89' lang='lat' dir='ltr'>quia</span> <span class='ocrx_word' id='word_1_554' title='bbox 1071 2996 1195 3026; x_wconf 91' lang='lat' dir='ltr'>nullum</span> <span class='ocrx_word' id='word_1_555' title='bbox 1226 2996 1258 3026; x_wconf 92' lang='lat' dir='ltr'>in</span> <span class='ocrx_word' id='word_1_556' title='bbox 1286 2996 1354 3036; x_wconf 87' lang='lat' dir='ltr'>lege</span> 
     </span>
     <span class='ocr_line' id='line_1_73' title="bbox 286 3039 1353 3080; baseline 0.001 -11"><span class='ocrx_word' id='word_1_557' title='bbox 286 3049 367 3069; x_wconf 89' lang='lat' dir='ltr'>nova</span> <span class='ocrx_word' id='word_1_558' title='bbox 391 3039 549 3070; x_wconf 90' lang='lat' dir='ltr'>invenitur</span> <span class='ocrx_word' id='word_1_559' title='bbox 573 3049 651 3079; x_wconf 91' lang='lat' dir='ltr'>pure</span> <span class='ocrx_word' id='word_1_560' title='bbox 675 3039 794 3070; x_wconf 89' lang='lat' dir='ltr'>morale</span> <span class='ocrx_word' id='word_1_561' title='bbox 818 3040 1192 3080; x_wconf 71' lang='lat' dir='ltr'>praeceptumobligans</span> <span class='ocrx_word' id='word_1_562' title='bbox 1207 3041 1247 3070; x_wconf 90' lang='lat' dir='ltr'>ad</span> <span class='ocrx_word' id='word_1_563' title='bbox 1270 3050 1353 3071; x_wconf 90' lang='lat' dir='ltr'>mor-</span> 
     </span>
     <span class='ocr_line' id='line_1_74' title="bbox 285 3084 1352 3124; baseline 0.002 -10"><span class='ocrx_word' id='word_1_564' title='bbox 285 3085 360 3119; x_wconf 84' lang='lat' dir='ltr'>tale,</span> <span class='ocrx_word' id='word_1_565' title='bbox 385 3084 424 3114; x_wconf 95' lang='lat' dir='ltr'>de</span> <span class='ocrx_word' id='word_1_566' title='bbox 448 3091 518 3114; x_wconf 91' lang='lat' dir='ltr'>actu</span> <span class='ocrx_word' id='word_1_567' title='bbox 549 3093 605 3123; x_wconf 91' lang='lat' dir='ltr'>per</span> <span class='ocrx_word' id='word_1_568' title='bbox 628 3093 660 3113; x_wconf 89' lang='lat' dir='ltr'>se</span> <span class='ocrx_word' id='word_1_569' title='bbox 684 3084 770 3114; x_wconf 91' lang='lat' dir='ltr'>malo</span> <span class='ocrx_word' id='word_1_570' title='bbox 795 3084 966 3115; x_wconf 83' lang='lat' dir='ltr'>venialiter.</span> <span class='ocrx_word' id='word_1_571' title='bbox 991 3102 1012 3107; x_wconf 92' lang='lat'><em>-</em></span> <span class='ocrx_word' id='word_1_572' title='bbox 1036 3084 1120 3124; x_wconf 87' lang='lat' dir='ltr'>Ergo</span> <span class='ocrx_word' id='word_1_573' title='bbox 1145 3092 1191 3115; x_wconf 91' lang='lat' dir='ltr'>est</span> <span class='ocrx_word' id='word_1_574' title='bbox 1220 3085 1260 3115; x_wconf 89' lang='lat' dir='ltr'>de</span> <span class='ocrx_word' id='word_1_575' title='bbox 1283 3092 1352 3116; x_wconf 85' lang='lat' dir='ltr'>actu</span> 
     </span>
     <span class='ocr_line' id='line_1_75' title="bbox 287 3128 1088 3169; baseline 0.001 -11"><span class='ocrx_word' id='word_1_576' title='bbox 287 3138 340 3169; x_wconf 88' lang='lat' dir='ltr'>per</span> <span class='ocrx_word' id='word_1_577' title='bbox 356 3138 388 3158; x_wconf 91' lang='lat' dir='ltr'>se</span> <span class='ocrx_word' id='word_1_578' title='bbox 412 3128 497 3158; x_wconf 87' lang='lat' dir='ltr'>malo</span> <span class='ocrx_word' id='word_1_579' title='bbox 521 3128 704 3159; x_wconf 89' lang='lat' dir='ltr'>mortaliter.</span> <span class='ocrx_word' id='word_1_580' title='bbox 730 3128 828 3165; x_wconf 91' lang='lat' dir='ltr'>Quod</span> <span class='ocrx_word' id='word_1_581' title='bbox 852 3135 898 3159; x_wconf 89' lang='lat' dir='ltr'>est</span> <span class='ocrx_word' id='word_1_582' title='bbox 920 3129 1088 3159; x_wconf 89' lang='lat' dir='ltr'>intentum.</span> 
     </span>
    </p>

    <p class='ocr_par' dir='ltr' id='par_1_14' title="bbox 288 3171 1354 3432">
     <span class='ocr_line' id='line_1_76' title="bbox 342 3171 1353 3214; baseline 0.002 -12"><span class='ocrx_word' id='word_1_583' title='bbox 342 3172 423 3207; x_wconf 90' lang='lat' dir='ltr'>Dixi,</span> <span class='ocrx_word' id='word_1_584' title='bbox 436 3182 520 3212; x_wconf 87' lang='lat' dir='ltr'>pure</span> <span class='ocrx_word' id='word_1_585' title='bbox 535 3172 678 3203; x_wconf 85' lang='lat' dir='ltr'>morale:</span> <span class='ocrx_word' id='word_1_586' title='bbox 701 3180 831 3212; x_wconf 90' lang='lat' dir='ltr'>propter</span> <span class='ocrx_word' id='word_1_587' title='bbox 852 3180 1058 3213; x_wconf 85' lang='lat' dir='ltr'>praeceptum</span> <span class='ocrx_word' id='word_1_588' title='bbox 1076 3173 1115 3203; x_wconf 90' lang='lat' dir='ltr'>de</span> <span class='ocrx_word' id='word_1_589' title='bbox 1131 3171 1192 3204; x_wconf 89' lang='lat' dir='ltr'>fide</span> <span class='ocrx_word' id='word_1_590' title='bbox 1216 3172 1353 3214; x_wconf 89' lang='lat' dir='ltr'>fideique</span> 
     </span>
     <span class='ocr_line' id='line_1_77' title="bbox 288 3217 1354 3259; baseline 0.003 -13"><span class='ocrx_word' id='word_1_591' title='bbox 288 3217 497 3253; x_wconf 87' lang='lat' dir='ltr'>sacramentis,</span> <span class='ocrx_word' id='word_1_592' title='bbox 509 3224 554 3253; x_wconf 92' lang='lat' dir='ltr'>ut,</span> <span class='ocrx_word' id='word_1_593' title='bbox 569 3217 634 3254; x_wconf 86' lang='lat' dir='ltr'>Qui</span> <span class='ocrx_word' id='word_1_594' title='bbox 649 3227 712 3248; x_wconf 85' lang='lat' dir='ltr'>non</span> <span class='ocrx_word' id='word_1_595' title='bbox 729 3218 902 3248; x_wconf 83' lang='lat' dir='ltr'>crediderit</span> <span class='ocrx_word' id='word_1_596' title='bbox 917 3223 947 3248; x_wconf 90' lang='lat' dir='ltr'>et</span> <span class='ocrx_word' id='word_1_597' title='bbox 962 3218 1140 3259; x_wconf 63' lang='lat' dir='ltr'>baptizatus</span> <span class='ocrx_word' id='word_1_598' title='bbox 1147 3217 1268 3258; x_wconf 83' lang='lat' dir='ltr'>fuerit,</span> <span class='ocrx_word' id='word_1_599' title='bbox 1280 3228 1354 3249; x_wconf 87' lang='lat' dir='ltr'>con-</span> 
     </span>
     <span class='ocr_line' id='line_1_78' title="bbox 288 3260 1353 3302; baseline 0.003 -12"><span class='ocrx_word' id='word_1_600' title='bbox 288 3260 490 3291; x_wconf 87' lang='lat' dir='ltr'>demnabitur</span> <span class='ocrx_word' id='word_1_601' title='bbox 503 3261 530 3297; x_wconf 81' lang='lat'>*,</span> <span class='ocrx_word' id='word_1_602' title='bbox 556 3268 613 3292; x_wconf 90' lang='lat' dir='ltr'>etc.</span> <span class='ocrx_word' id='word_1_603' title='bbox 638 3279 658 3284; x_wconf 77' lang='lat'>-</span> <span class='ocrx_word' id='word_1_604' title='bbox 682 3261 787 3292; x_wconf 89' lang='lat' dir='ltr'>Minor</span> <span class='ocrx_word' id='word_1_605' title='bbox 803 3269 850 3293; x_wconf 89' lang='lat' dir='ltr'>est</span> <span class='ocrx_word' id='word_1_606' title='bbox 874 3272 928 3302; x_wconf 93' lang='lat' dir='ltr'>per</span> <span class='ocrx_word' id='word_1_607' title='bbox 953 3272 985 3293; x_wconf 89' lang='lat' dir='ltr'>se</span> <span class='ocrx_word' id='word_1_608' title='bbox 1002 3269 1087 3298; x_wconf 86' lang='lat' dir='ltr'>nota,</span> <span class='ocrx_word' id='word_1_609' title='bbox 1105 3262 1237 3293; x_wconf 85' lang='lat' dir='ltr'>scilicet:</span> <span class='ocrx_word' id='word_1_610' title='bbox 1262 3263 1353 3294; x_wconf 87' lang='lat' dir='ltr'>Prae-</span> 
     </span>
     <span class='ocr_line' id='line_1_79' title="bbox 289 3305 1354 3346; baseline 0.004 -12"><span class='ocrx_word' id='word_1_611' title='bbox 289 3311 415 3343; x_wconf 90' lang='lat' dir='ltr'>ceptum</span> <span class='ocrx_word' id='word_1_612' title='bbox 440 3306 477 3335; x_wconf 92' lang='lat' dir='ltr'>de</span> <span class='ocrx_word' id='word_1_613' title='bbox 501 3315 566 3335; x_wconf 89' lang='lat' dir='ltr'>non</span> <span class='ocrx_word' id='word_1_614' title='bbox 591 3305 778 3336; x_wconf 86' lang='lat' dir='ltr'>fornicando</span> <span class='ocrx_word' id='word_1_615' title='bbox 802 3314 848 3337; x_wconf 91' lang='lat' dir='ltr'>est</span> <span class='ocrx_word' id='word_1_616' title='bbox 872 3316 951 3346; x_wconf 89' lang='lat' dir='ltr'>pure</span> <span class='ocrx_word' id='word_1_617' title='bbox 974 3307 1104 3338; x_wconf 87' lang='lat' dir='ltr'>morale.</span> <span class='ocrx_word' id='word_1_618' title='bbox 1136 3306 1176 3338; x_wconf 83' lang='lat' dir='ltr'>Et</span> <span class='ocrx_word' id='word_1_619' title='bbox 1205 3307 1354 3338; x_wconf 89' lang='lat' dir='ltr'>declarari</span> 
     </span>
     <span class='ocr_line' id='line_1_80' title="bbox 290 3349 1354 3391; baseline 0.005 -14"><span class='ocrx_word' id='word_1_620' title='bbox 290 3356 396 3387; x_wconf 87' lang='lat' dir='ltr'>posset</span> <span class='ocrx_word' id='word_1_621' title='bbox 419 3358 455 3379; x_wconf 83' lang='lat' dir='ltr'>ex</span> <span class='ocrx_word' id='word_1_622' title='bbox 472 3349 671 3380; x_wconf 86' lang='lat' dir='ltr'>distinctione</span> <span class='ocrx_word' id='word_1_623' title='bbox 689 3358 930 3391; x_wconf 89' lang='lat' dir='ltr'>praeceptorum</span> <span class='ocrx_word' id='word_1_624' title='bbox 947 3351 1120 3382; x_wconf 88' lang='lat' dir='ltr'>moralium</span> <span class='ocrx_word' id='word_1_625' title='bbox 1135 3352 1173 3382; x_wconf 90' lang='lat' dir='ltr'>ab</span> <span class='ocrx_word' id='word_1_626' title='bbox 1190 3351 1273 3382; x_wconf 84' lang='lat' dir='ltr'>aliis:</span> <span class='ocrx_word' id='word_1_627' title='bbox 1286 3373 1288 3377; x_wconf 34' lang='grc' dir='ltr'><em>ψ</em></span> <span class='ocrx_word' id='word_1_628' title='bbox 1300 3353 1354 3383; x_wconf 90' lang='lat' dir='ltr'>sed</span> 
     </span>
     <span class='ocr_line' id='line_1_81' title="bbox 290 3401 622 3432; baseline 0.006 -10"><span class='ocrx_word' id='word_1_629' title='bbox 290 3401 374 3422; x_wconf 88' lang='lat' dir='ltr'>nunc</span> <span class='ocrx_word' id='word_1_630' title='bbox 399 3402 462 3422; x_wconf 90' lang='lat' dir='ltr'>non</span> <span class='ocrx_word' id='word_1_631' title='bbox 488 3401 622 3432; x_wconf 88' lang='lat' dir='ltr'>oportet.</span> 
     </span>
    </p>

    <p class='ocr_par' dir='ltr' id='par_1_15' title="bbox 289 3436 1355 3695">
     <span class='ocr_line' id='line_1_82' title="bbox 346 3436 1355 3479; baseline 0.006 -14"><span class='ocrx_word' id='word_1_632' title='bbox 346 3436 446 3466; x_wconf 88' lang='lat' dir='ltr'>Maior</span> <span class='ocrx_word' id='word_1_633' title='bbox 473 3444 579 3467; x_wconf 85' lang='lat' dir='ltr'>autem</span> <span class='ocrx_word' id='word_1_634' title='bbox 609 3439 775 3477; x_wconf 86' lang='lat' dir='ltr'>probatur,</span> <span class='ocrx_word' id='word_1_635' title='bbox 800 3439 922 3479; x_wconf 89' lang='lat' dir='ltr'>primo,</span> <span class='ocrx_word' id='word_1_636' title='bbox 948 3439 1124 3476; x_wconf 89' lang='lat' dir='ltr'>inductive,</span> <span class='ocrx_word' id='word_1_637' title='bbox 1150 3440 1355 3472; x_wconf 86' lang='lat' dir='ltr'>discurrendo</span> 
     </span>
     <span class='ocr_line' id='line_1_83' title="bbox 291 3480 1354 3525; baseline 0.007 -16"><span class='ocrx_word' id='word_1_638' title='bbox 291 3489 346 3520; x_wconf 90' lang='lat' dir='ltr'>per</span> <span class='ocrx_word' id='word_1_639' title='bbox 369 3480 476 3510; x_wconf 90' lang='lat' dir='ltr'>omnia</span> <span class='ocrx_word' id='word_1_640' title='bbox 499 3489 664 3520; x_wconf 89' lang='lat' dir='ltr'>praecepta</span> <span class='ocrx_word' id='word_1_641' title='bbox 687 3483 819 3513; x_wconf 87' lang='lat' dir='ltr'>moralia</span> <span class='ocrx_word' id='word_1_642' title='bbox 842 3483 1038 3515; x_wconf 85' lang='lat' dir='ltr'>Christianae</span> <span class='ocrx_word' id='word_1_643' title='bbox 1062 3484 1153 3515; x_wconf 85' lang='lat' dir='ltr'>vitae.</span> <span class='ocrx_word' id='word_1_644' title='bbox 1184 3484 1252 3515; x_wconf 90' lang='lat' dir='ltr'>Nisi</span> <span class='ocrx_word' id='word_1_645' title='bbox 1282 3485 1354 3525; x_wconf 90' lang='lat' dir='ltr'>quis</span> 
     </span>
     <span class='ocr_line' id='line_1_84' title="bbox 290 3523 1354 3566; baseline 0.007 -13"><span class='ocrx_word' id='word_1_646' title='bbox 290 3523 396 3554; x_wconf 85' lang='lat' dir='ltr'>afferat</span> <span class='ocrx_word' id='word_1_647' title='bbox 414 3524 594 3554; x_wconf 83' lang='lat' dir='ltr'>instantiam</span> <span class='ocrx_word' id='word_1_648' title='bbox 611 3525 649 3555; x_wconf 91' lang='lat' dir='ltr'>de</span> <span class='ocrx_word' id='word_1_649' title='bbox 664 3525 731 3565; x_wconf 89' lang='lat' dir='ltr'>ipsa</span> <span class='ocrx_word' id='word_1_650' title='bbox 747 3525 965 3559; x_wconf 84' lang='lat' dir='ltr'>fornicatione.</span> <span class='ocrx_word' id='word_1_651' title='bbox 991 3529 1082 3566; x_wconf 88' lang='lat' dir='ltr'>Quae</span> <span class='ocrx_word' id='word_1_652' title='bbox 1097 3528 1192 3559; x_wconf 88' lang='lat' dir='ltr'>etiam</span> <span class='ocrx_word' id='word_1_653' title='bbox 1208 3529 1354 3562; x_wconf 85' lang='lat' dir='ltr'>instantia</span> 
     </span>
     <span class='ocr_line' id='line_1_85' title="bbox 291 3568 1354 3610; baseline 0.007 -13"><span class='ocrx_word' id='word_1_654' title='bbox 291 3568 378 3598; x_wconf 85' lang='lat' dir='ltr'>nulla</span> <span class='ocrx_word' id='word_1_655' title='bbox 391 3569 511 3598; x_wconf 91' lang='lat' dir='ltr'>ratione</span> <span class='ocrx_word' id='word_1_656' title='bbox 523 3568 601 3599; x_wconf 87' lang='lat' dir='ltr'>fulta</span> <span class='ocrx_word' id='word_1_657' title='bbox 614 3576 702 3599; x_wconf 87' lang='lat' dir='ltr'>esset.</span> <span class='ocrx_word' id='word_1_658' title='bbox 720 3570 806 3600; x_wconf 90' lang='lat' dir='ltr'>Tum</span> <span class='ocrx_word' id='word_1_659' title='bbox 824 3571 898 3610; x_wconf 89' lang='lat' dir='ltr'>quia</span> <span class='ocrx_word' id='word_1_660' title='bbox 914 3572 1080 3603; x_wconf 90' lang='lat' dir='ltr'>fornicatio</span> <span class='ocrx_word' id='word_1_661' title='bbox 1097 3581 1354 3610; x_wconf 86' lang='lat' dir='ltr'>connumeratur,</span> 
     </span>
     <span class='ocr_line' id='line_1_86' title="bbox 289 3612 1353 3656; baseline 0.006 -14"><span class='ocrx_word' id='word_1_662' title='bbox 289 3613 332 3643; x_wconf 86' lang='lat' dir='ltr'>ad</span> <span class='ocrx_word' id='word_1_663' title='bbox 357 3612 463 3643; x_wconf 84' lang='lat' dir='ltr'>Galat.</span> <span class='ocrx_word' id='word_1_664' title='bbox 479 3622 499 3641; x_wconf 85' lang='lat' dir='ltr'>v</span> <span class='ocrx_word' id='word_1_665' title='bbox 514 3612 541 3648; x_wconf 70' lang='lat'>¹⁸,</span> <span class='ocrx_word' id='word_1_666' title='bbox 558 3619 589 3642; x_wconf 89' lang='lat' dir='ltr'>et</span> <span class='ocrx_word' id='word_1_667' title='bbox 604 3613 646 3642; x_wconf 77' lang='lat' dir='ltr'>ad</span> <span class='ocrx_word' id='word_1_668' title='bbox 668 3613 783 3652; x_wconf 85' lang='lat' dir='ltr'>Ephes.</span> <span class='ocrx_word' id='word_1_669' title='bbox 800 3624 819 3643; x_wconf 89' lang='lat' dir='ltr'>v</span> <span class='ocrx_word' id='word_1_670' title='bbox 836 3615 869 3634; x_wconf 70' lang='lat'>*²⁸²</span> <span class='ocrx_word' id='word_1_671' title='bbox 893 3616 1019 3654; x_wconf 79' lang='lat' dir='ltr'>pluries,</span> <span class='ocrx_word' id='word_1_672' title='bbox 1044 3623 1074 3647; x_wconf 90' lang='lat' dir='ltr'>et</span> <span class='ocrx_word' id='word_1_673' title='bbox 1097 3617 1227 3656; x_wconf 81' lang='lat' dir='ltr'>Apocal.</span> <span class='ocrx_word' id='word_1_674' title='bbox 1252 3627 1281 3647; x_wconf 74' lang='lat' dir='ltr'>rx</span> <span class='ocrx_word' id='word_1_675' title='bbox 1302 3618 1353 3637; x_wconf 78' lang='lat'>*¹⁸¹*</span> 
     </span>
     <span class='ocr_line' id='line_1_87' title="bbox 291 3656 1353 3695; baseline 0.006 -9"><span class='ocrx_word' id='word_1_676' title='bbox 291 3663 322 3687; x_wconf 90' lang='lat' dir='ltr'>et</span> <span class='ocrx_word' id='word_1_677' title='bbox 344 3666 393 3686; x_wconf 84' lang='lat' dir='ltr'>xxt</span> <span class='ocrx_word' id='word_1_678' title='bbox 409 3657 442 3691; x_wconf 89' lang='lat'>*,</span> <span class='ocrx_word' id='word_1_679' title='bbox 467 3656 510 3687; x_wconf 87' lang='lat' dir='ltr'>ad</span> <span class='ocrx_word' id='word_1_680' title='bbox 531 3657 622 3687; x_wconf 85' lang='lat' dir='ltr'>Rom.</span> <span class='ocrx_word' id='word_1_681' title='bbox 644 3667 654 3686; x_wconf 95' lang='lat'>1</span> <span class='ocrx_word' id='word_1_682' title='bbox 670 3657 718 3693; x_wconf 86' lang='lat'>**,</span> <span class='ocrx_word' id='word_1_683' title='bbox 745 3658 769 3687; x_wconf 89' lang='lat' dir='ltr'>II</span> <span class='ocrx_word' id='word_1_684' title='bbox 794 3658 836 3688; x_wconf 89' lang='lat' dir='ltr'>ad</span> <span class='ocrx_word' id='word_1_685' title='bbox 862 3659 936 3690; x_wconf 85' lang='lat' dir='ltr'>Cor.</span> <span class='ocrx_word' id='word_1_686' title='bbox 960 3660 1081 3695; x_wconf 84' lang='lat' dir='ltr'>x11*&#39;&#39;‘*,</span> <span class='ocrx_word' id='word_1_687' title='bbox 1105 3660 1185 3692; x_wconf 86' lang='lat' dir='ltr'>inter</span> <span class='ocrx_word' id='word_1_688' title='bbox 1208 3661 1291 3691; x_wconf 84' lang='lat' dir='ltr'>mala</span> <span class='ocrx_word' id='word_1_689' title='bbox 1318 3672 1353 3692; x_wconf 87' lang='lat' dir='ltr'>ex</span> 
     </span>
    </p>
   </div>
   <div class='ocr_carea' id='block_1_7' title="bbox 1376 1405 1382 2210">
    <p class='ocr_par' dir='ltr' id='par_1_16' title="bbox 1376 1405 1382 2210">
     <span class='ocr_line' id='line_1_88' title="bbox 1376 1405 1382 2210; baseline 0 0"><span class='ocrx_word' id='word_1_690' title='bbox 1376 1405 1382 2210; x_wconf 95' lang='lat' dir='ltr'> </span> 
     </span>
    </p>
   </div>
   <div class='ocr_carea' id='block_1_8' title="bbox 1376 1405 1382 2379">
    <p class='ocr_par' dir='ltr' id='par_1_17' title="bbox 1376 1405 1382 2379">
     <span class='ocr_line' id='line_1_89' title="bbox 1376 1405 1382 2379; baseline 0 0"><span class='ocrx_word' id='word_1_691' title='bbox 1376 1405 1382 2379; x_wconf 95' lang='lat' dir='ltr'> </span> 
     </span>
    </p>
   </div>
   <div class='ocr_carea' id='block_1_9' title="bbox 963 290 1788 340">
    <p class='ocr_par' dir='ltr' id='par_1_18' title="bbox 963 290 1788 340">
     <span class='ocr_line' id='line_1_90' title="bbox 963 290 1788 340; baseline -0.002 -9"><span class='ocrx_word' id='word_1_692' title='bbox 963 291 1230 340; x_wconf 90' lang='lat' dir='ltr'>QUAESTIO</span> <span class='ocrx_word' id='word_1_693' title='bbox 1261 290 1399 335; x_wconf 83' lang='lat' dir='ltr'>CLIV,</span> <span class='ocrx_word' id='word_1_694' title='bbox 1428 291 1727 329; x_wconf 88' lang='lat' dir='ltr'>ARTICULUS</span> <span class='ocrx_word' id='word_1_695' title='bbox 1758 293 1788 328; x_wconf 95' lang='lat' dir='ltr'>II</span> 
     </span>
    </p>
   </div>
   <div class='ocr_carea' id='block_1_10' title="bbox 1403 370 2480 1744">
    <p class='ocr_par' dir='ltr' id='par_1_19' title="bbox 1404 370 2477 590">
     <span class='ocr_line' id='line_1_91' title="bbox 1405 370 2474 412; baseline 0.002 -13"><span class='ocrx_word' id='word_1_696' title='bbox 1405 370 1470 400; x_wconf 92' lang='lat' dir='ltr'>suis</span> <span class='ocrx_word' id='word_1_697' title='bbox 1487 371 1660 410; x_wconf 89' lang='lat' dir='ltr'>speciebus.</span> <span class='ocrx_word' id='word_1_698' title='bbox 1685 372 1760 402; x_wconf 92' lang='lat' dir='ltr'>Non</span> <span class='ocrx_word' id='word_1_699' title='bbox 1784 381 1859 412; x_wconf 90' lang='lat' dir='ltr'>ergo</span> <span class='ocrx_word' id='word_1_700' title='bbox 1882 372 1951 412; x_wconf 88' lang='lat' dir='ltr'>ipsa</span> <span class='ocrx_word' id='word_1_701' title='bbox 1965 372 2035 402; x_wconf 91' lang='lat' dir='ltr'>sola</span> <span class='ocrx_word' id='word_1_702' title='bbox 2054 382 2119 402; x_wconf 89' lang='lat' dir='ltr'>non</span> <span class='ocrx_word' id='word_1_703' title='bbox 2136 378 2183 402; x_wconf 91' lang='lat' dir='ltr'>est</span> <span class='ocrx_word' id='word_1_704' title='bbox 2199 372 2283 402; x_wconf 86' lang='lat' dir='ltr'>mala</span> <span class='ocrx_word' id='word_1_705' title='bbox 2298 381 2335 401; x_wconf 84' lang='lat' dir='ltr'>ex</span> <span class='ocrx_word' id='word_1_706' title='bbox 2350 381 2474 410; x_wconf 86' lang='lat' dir='ltr'>genere,</span> 
     </span>
     <span class='ocr_line' id='line_1_92' title="bbox 1405 415 2477 457; baseline 0.002 -13"><span class='ocrx_word' id='word_1_707' title='bbox 1405 415 1459 444; x_wconf 89' lang='lat' dir='ltr'>sed</span> <span class='ocrx_word' id='word_1_708' title='bbox 1473 421 1598 445; x_wconf 91' lang='lat' dir='ltr'>tantum</span> <span class='ocrx_word' id='word_1_709' title='bbox 1622 416 1698 456; x_wconf 88' lang='lat' dir='ltr'>quia</span> <span class='ocrx_word' id='word_1_710' title='bbox 1718 416 1886 456; x_wconf 88' lang='lat' dir='ltr'>prohibita.</span> <span class='ocrx_word' id='word_1_711' title='bbox 1911 434 1932 440; x_wconf 94' lang='lat'>-</span> <span class='ocrx_word' id='word_1_712' title='bbox 1956 417 2045 447; x_wconf 90' lang='lat' dir='ltr'>Tum</span> <span class='ocrx_word' id='word_1_713' title='bbox 2068 416 2143 457; x_wconf 87' lang='lat' dir='ltr'>quia</span> <span class='ocrx_word' id='word_1_714' title='bbox 2165 417 2252 447; x_wconf 91' lang='lat' dir='ltr'>Deus</span> <span class='ocrx_word' id='word_1_715' title='bbox 2269 426 2335 446; x_wconf 92' lang='lat' dir='ltr'>non</span> <span class='ocrx_word' id='word_1_716' title='bbox 2358 415 2477 446; x_wconf 90' lang='lat' dir='ltr'>invidet</span> 
     </span>
     <span class='ocr_line' id='line_1_93' title="bbox 1404 459 2475 500; baseline 0.002 -12"><span class='ocrx_word' id='word_1_717' title='bbox 1404 459 1540 489; x_wconf 89' lang='lat' dir='ltr'>homini.</span> <span class='ocrx_word' id='word_1_718' title='bbox 1564 459 1605 490; x_wconf 92' lang='lat' dir='ltr'>Et</span> <span class='ocrx_word' id='word_1_719' title='bbox 1628 460 1766 500; x_wconf 90' lang='lat' dir='ltr'>reliquas</span> <span class='ocrx_word' id='word_1_720' title='bbox 1789 460 1889 491; x_wconf 89' lang='lat' dir='ltr'>licitas</span> <span class='ocrx_word' id='word_1_721' title='bbox 1918 461 2142 492; x_wconf 87' lang='lat' dir='ltr'>delectationes</span> <span class='ocrx_word' id='word_1_722' title='bbox 2166 460 2290 491; x_wconf 91' lang='lat' dir='ltr'>homini</span> <span class='ocrx_word' id='word_1_723' title='bbox 2321 460 2475 491; x_wconf 89' lang='lat' dir='ltr'>concedit.</span> 
     </span>
     <span class='ocr_line' id='line_1_94' title="bbox 1405 502 2476 545; baseline 0.003 -13"><span class='ocrx_word' id='word_1_724' title='bbox 1405 502 1472 533; x_wconf 92' lang='lat' dir='ltr'>Cur</span> <span class='ocrx_word' id='word_1_725' title='bbox 1495 513 1570 542; x_wconf 87' lang='lat' dir='ltr'>ergo</span> <span class='ocrx_word' id='word_1_726' title='bbox 1598 503 1692 534; x_wconf 87' lang='lat' dir='ltr'>istam</span> <span class='ocrx_word' id='word_1_727' title='bbox 1722 505 1825 534; x_wconf 88' lang='lat' dir='ltr'>solam</span> <span class='ocrx_word' id='word_1_728' title='bbox 1854 503 1974 536; x_wconf 88' lang='lat' dir='ltr'>vetuit?</span> <span class='ocrx_word' id='word_1_729' title='bbox 1996 523 2017 528; x_wconf 97' lang='lat'><strong>—</strong></span> <span class='ocrx_word' id='word_1_730' title='bbox 2041 506 2130 536; x_wconf 90' lang='lat' dir='ltr'>Tum</span> <span class='ocrx_word' id='word_1_731' title='bbox 2161 505 2236 545; x_wconf 87' lang='lat' dir='ltr'>quia</span> <span class='ocrx_word' id='word_1_732' title='bbox 2259 504 2340 535; x_wconf 83' lang='lat' dir='ltr'>ratio</span> <span class='ocrx_word' id='word_1_733' title='bbox 2368 505 2476 535; x_wconf 91' lang='lat' dir='ltr'>subest</span> 
     </span>
     <span class='ocr_line' id='line_1_95' title="bbox 1405 547 2400 590; baseline 0.003 -14"><span class='ocrx_word' id='word_1_734' title='bbox 1405 547 1570 577; x_wconf 88' lang='lat' dir='ltr'>manifeste</span> <span class='ocrx_word' id='word_1_735' title='bbox 1593 549 1683 587; x_wconf 92' lang='lat' dir='ltr'>quod</span> <span class='ocrx_word' id='word_1_736' title='bbox 1707 548 1874 579; x_wconf 88' lang='lat' dir='ltr'>fornicatio</span> <span class='ocrx_word' id='word_1_737' title='bbox 1899 556 1945 580; x_wconf 93' lang='lat' dir='ltr'>est</span> <span class='ocrx_word' id='word_1_738' title='bbox 1969 559 2006 580; x_wconf 90' lang='lat' dir='ltr'>ex</span> <span class='ocrx_word' id='word_1_739' title='bbox 2028 550 2157 590; x_wconf 92' lang='lat' dir='ltr'>propria</span> <span class='ocrx_word' id='word_1_740' title='bbox 2180 549 2283 590; x_wconf 89' lang='lat' dir='ltr'>specie</span> <span class='ocrx_word' id='word_1_741' title='bbox 2308 549 2400 579; x_wconf 89' lang='lat' dir='ltr'>mala.</span> 
     </span>
    </p>

    <p class='ocr_par' dir='ltr' id='par_1_20' title="bbox 1403 592 2480 1611">
     <span class='ocr_line' id='line_1_96' title="bbox 1459 592 2476 634; baseline 0.003 -13"><span class='ocrx_word' id='word_1_742' title='bbox 1459 592 1615 622; x_wconf 82' lang='lat' dir='ltr'>Probatur</span> <span class='ocrx_word' id='word_1_743' title='bbox 1638 592 1751 622; x_wconf 91' lang='lat' dir='ltr'>deinde</span> <span class='ocrx_word' id='word_1_744' title='bbox 1779 593 1911 624; x_wconf 86' lang='lat' dir='ltr'>ratione.</span> <span class='ocrx_word' id='word_1_745' title='bbox 1941 593 2026 630; x_wconf 91' lang='lat' dir='ltr'>Quia</span> <span class='ocrx_word' id='word_1_746' title='bbox 2050 604 2146 624; x_wconf 91' lang='lat' dir='ltr'>omne</span> <span class='ocrx_word' id='word_1_747' title='bbox 2174 601 2380 634; x_wconf 89' lang='lat' dir='ltr'>praeceptum</span> <span class='ocrx_word' id='word_1_748' title='bbox 2407 603 2476 624; x_wconf 89' lang='lat' dir='ltr'>mo-</span> 
     </span>
     <span class='ocr_line' id='line_1_97' title="bbox 1405 635 2476 678; baseline 0.003 -13"><span class='ocrx_word' id='word_1_749' title='bbox 1405 635 1468 665; x_wconf 90' lang='lat' dir='ltr'>rale</span> <span class='ocrx_word' id='word_1_750' title='bbox 1492 636 1671 666; x_wconf 88' lang='lat' dir='ltr'>humanum</span> <span class='ocrx_word' id='word_1_751' title='bbox 1702 636 1827 667; x_wconf 87' lang='lat' dir='ltr'>divinae</span> <span class='ocrx_word' id='word_1_752' title='bbox 1854 637 1932 678; x_wconf 87' lang='lat' dir='ltr'>legis</span> <span class='ocrx_word' id='word_1_753' title='bbox 1956 638 1988 668; x_wconf 91' lang='lat' dir='ltr'>in</span> <span class='ocrx_word' id='word_1_754' title='bbox 2013 638 2075 668; x_wconf 89' lang='lat' dir='ltr'>hoc</span> <span class='ocrx_word' id='word_1_755' title='bbox 2105 648 2171 669; x_wconf 92' lang='lat' dir='ltr'>uno</span> <span class='ocrx_word' id='word_1_756' title='bbox 2194 638 2292 669; x_wconf 89' lang='lat' dir='ltr'>verbo</span> <span class='ocrx_word' id='word_1_757' title='bbox 2315 638 2476 678; x_wconf 88' lang='lat' dir='ltr'>impletur,</span> 
     </span>
     <span class='ocr_line' id='line_1_98' title="bbox 1404 680 2477 722; baseline 0.004 -12"><span class='ocrx_word' id='word_1_758' title='bbox 1404 680 1532 720; x_wconf 84' lang='lat' dir='ltr'>Diliges</span> <span class='ocrx_word' id='word_1_759' title='bbox 1551 681 1739 720; x_wconf 83' lang='lat' dir='ltr'>proximum</span> <span class='ocrx_word' id='word_1_760' title='bbox 1770 686 1861 712; x_wconf 84' lang='lat' dir='ltr'>tuum</span> <span class='ocrx_word' id='word_1_761' title='bbox 1885 683 1969 713; x_wconf 82' lang='lat' dir='ltr'>sicut</span> <span class='ocrx_word' id='word_1_762' title='bbox 2000 684 2158 722; x_wconf 80' lang='lat' dir='ltr'>teipsum,</span> <span class='ocrx_word' id='word_1_763' title='bbox 2181 690 2218 714; x_wconf 88' lang='lat' dir='ltr'>ut</span> <span class='ocrx_word' id='word_1_764' title='bbox 2239 683 2283 714; x_wconf 86' lang='lat' dir='ltr'>ad</span> <span class='ocrx_word' id='word_1_765' title='bbox 2304 683 2398 713; x_wconf 86' lang='lat' dir='ltr'>Rom.</span> <span class='ocrx_word' id='word_1_766' title='bbox 2423 693 2477 713; x_wconf 87' lang='lat' dir='ltr'>xm</span> 
     </span>
     <span class='ocr_line' id='line_1_99' title="bbox 1405 724 2476 766; baseline 0.004 -12"><span class='ocrx_word' id='word_1_767' title='bbox 1405 724 1534 754; x_wconf 90' lang='lat' dir='ltr'>dicitur:</span> <span class='ocrx_word' id='word_1_768' title='bbox 1567 724 1622 754; x_wconf 90' lang='lat' dir='ltr'>ubi</span> <span class='ocrx_word' id='word_1_769' title='bbox 1639 734 1783 764; x_wconf 85' lang='lat' dir='ltr'>expresse</span> <span class='ocrx_word' id='word_1_770' title='bbox 1808 725 1923 756; x_wconf 88' lang='lat' dir='ltr'>dicitur</span> <span class='ocrx_word' id='word_1_771' title='bbox 1936 726 1964 760; x_wconf 88' lang='lat'>*.</span> <span class='ocrx_word' id='word_1_772' title='bbox 1980 733 2063 766; x_wconf 91' lang='lat' dir='ltr'>post,</span> <span class='ocrx_word' id='word_1_773' title='bbox 2084 727 2157 758; x_wconf 87' lang='lat' dir='ltr'>Non</span> <span class='ocrx_word' id='word_1_774' title='bbox 2177 727 2386 765; x_wconf 82' lang='lat' dir='ltr'>adulterabis,</span> <span class='ocrx_word' id='word_1_775' title='bbox 2402 727 2476 758; x_wconf 89' lang='lat' dir='ltr'>Non</span> 
     </span>
     <span class='ocr_line' id='line_1_100' title="bbox 1404 768 2477 809; baseline 0.003 -10"><span class='ocrx_word' id='word_1_776' title='bbox 1404 768 1538 806; x_wconf 85' lang='lat' dir='ltr'>occides,</span> <span class='ocrx_word' id='word_1_777' title='bbox 1560 775 1632 799; x_wconf 87' lang='lat' dir='ltr'>etc.:</span> <span class='ocrx_word' id='word_1_778' title='bbox 1656 769 1699 799; x_wconf 88' lang='lat' dir='ltr'>Et</span> <span class='ocrx_word' id='word_1_779' title='bbox 1714 770 1744 800; x_wconf 85' lang='lat' dir='ltr'>si</span> <span class='ocrx_word' id='word_1_780' title='bbox 1758 770 1843 809; x_wconf 84' lang='lat' dir='ltr'>quod</span> <span class='ocrx_word' id='word_1_781' title='bbox 1865 775 1913 801; x_wconf 78' lang='lat' dir='ltr'>est</span> <span class='ocrx_word' id='word_1_782' title='bbox 1925 771 2018 801; x_wconf 85' lang='lat' dir='ltr'>aliud</span> <span class='ocrx_word' id='word_1_783' title='bbox 2032 771 2235 809; x_wconf 83' lang='lat' dir='ltr'>mandatum,</span> <span class='ocrx_word' id='word_1_784' title='bbox 2252 773 2284 802; x_wconf 89' lang='lat' dir='ltr'>in</span> <span class='ocrx_word' id='word_1_785' title='bbox 2308 772 2368 802; x_wconf 86' lang='lat' dir='ltr'>hoc</span> <span class='ocrx_word' id='word_1_786' title='bbox 2382 772 2477 802; x_wconf 82' lang='lat' dir='ltr'>verbo</span> 
     </span>
     <span class='ocr_line' id='line_1_101' title="bbox 1405 814 2478 856; baseline 0.004 -13"><span class='ocrx_word' id='word_1_787' title='bbox 1405 814 1626 851; x_wconf 83' lang='lat' dir='ltr'>instauratur,</span> <span class='ocrx_word' id='word_1_788' title='bbox 1651 814 1780 854; x_wconf 83' lang='lat' dir='ltr'>Diliges</span> <span class='ocrx_word' id='word_1_789' title='bbox 1797 815 1986 854; x_wconf 83' lang='lat' dir='ltr'>proximum</span> <span class='ocrx_word' id='word_1_790' title='bbox 2009 820 2100 846; x_wconf 89' lang='lat' dir='ltr'>tuum</span> <span class='ocrx_word' id='word_1_791' title='bbox 2124 816 2207 846; x_wconf 80' lang='lat' dir='ltr'>sicut</span> <span class='ocrx_word' id='word_1_792' title='bbox 2233 817 2388 856; x_wconf 81' lang='lat' dir='ltr'>teipsum:</span> <span class='ocrx_word' id='word_1_793' title='bbox 2409 817 2478 856; x_wconf 80' lang='lat' dir='ltr'>ple·</span> 
     </span>
     <span class='ocr_line' id='line_1_102' title="bbox 1405 858 2477 901; baseline 0.003 -13"><span class='ocrx_word' id='word_1_794' title='bbox 1405 858 1516 888; x_wconf 84' lang='lat' dir='ltr'>nitudo</span> <span class='ocrx_word' id='word_1_795' title='bbox 1540 867 1620 898; x_wconf 82' lang='lat' dir='ltr'>ergo</span> <span class='ocrx_word' id='word_1_796' title='bbox 1637 858 1719 899; x_wconf 81' lang='lat' dir='ltr'>legis</span> <span class='ocrx_word' id='word_1_797' title='bbox 1735 863 1782 888; x_wconf 82' lang='lat' dir='ltr'>est</span> <span class='ocrx_word' id='word_1_798' title='bbox 1799 858 1936 889; x_wconf 84' lang='lat' dir='ltr'>dilectio.</span> <span class='ocrx_word' id='word_1_799' title='bbox 1961 858 2045 895; x_wconf 90' lang='lat' dir='ltr'>Dixi,</span> <span class='ocrx_word' id='word_1_800' title='bbox 2059 860 2238 890; x_wconf 80' lang='lat' dir='ltr'>humanum</span> <span class='ocrx_word' id='word_1_801' title='bbox 2248 866 2477 901; x_wconf 79' lang='lat' dir='ltr'>praeceptum:</span> 
     </span>
     <span class='ocr_line' id='line_1_103' title="bbox 1404 903 2477 945; baseline 0.005 -14"><span class='ocrx_word' id='word_1_802' title='bbox 1404 909 1534 942; x_wconf 91' lang='lat' dir='ltr'>propter</span> <span class='ocrx_word' id='word_1_803' title='bbox 1549 909 1715 943; x_wconf 87' lang='lat' dir='ltr'>praecepta</span> <span class='ocrx_word' id='word_1_804' title='bbox 1732 912 1815 943; x_wconf 89' lang='lat' dir='ltr'>quae</span> <span class='ocrx_word' id='word_1_805' title='bbox 1835 909 1911 933; x_wconf 86' lang='lat' dir='ltr'>sunt</span> <span class='ocrx_word' id='word_1_806' title='bbox 1933 903 1973 933; x_wconf 90' lang='lat' dir='ltr'>de</span> <span class='ocrx_word' id='word_1_807' title='bbox 1997 903 2077 940; x_wconf 92' lang='lat' dir='ltr'>Deo,</span> <span class='ocrx_word' id='word_1_808' title='bbox 2093 910 2138 939; x_wconf 92' lang='lat' dir='ltr'>ut,</span> <span class='ocrx_word' id='word_1_809' title='bbox 2155 904 2285 945; x_wconf 74' lang='lat' dir='ltr'>Diliges</span> <span class='ocrx_word' id='word_1_810' title='bbox 2301 905 2477 936; x_wconf 87' lang='lat' dir='ltr'>Dominum</span> 
     </span>
     <span class='ocr_line' id='line_1_104' title="bbox 1403 946 2478 989; baseline 0.003 -12"><span class='ocrx_word' id='word_1_811' title='bbox 1403 947 1509 977; x_wconf 90' lang='lat' dir='ltr'>Deum</span> <span class='ocrx_word' id='word_1_812' title='bbox 1526 952 1617 977; x_wconf 86' lang='lat' dir='ltr'>tuum</span> <span class='ocrx_word' id='word_1_813' title='bbox 1633 946 1660 983; x_wconf 87' lang='lat'>*,</span> <span class='ocrx_word' id='word_1_814' title='bbox 1678 953 1708 978; x_wconf 88' lang='lat' dir='ltr'>et</span> <span class='ocrx_word' id='word_1_815' title='bbox 1726 947 1924 978; x_wconf 85' lang='lat' dir='ltr'>huiusmodi.</span> <span class='ocrx_word' id='word_1_816' title='bbox 1953 947 2001 978; x_wconf 89' lang='lat' dir='ltr'>Ex</span> <span class='ocrx_word' id='word_1_817' title='bbox 2016 947 2076 978; x_wconf 87' lang='lat' dir='ltr'>hac</span> <span class='ocrx_word' id='word_1_818' title='bbox 2094 954 2203 979; x_wconf 83' lang='lat' dir='ltr'>autem</span> <span class='ocrx_word' id='word_1_819' title='bbox 2220 949 2407 989; x_wconf 83' lang='lat' dir='ltr'>Apostolica</span> <span class='ocrx_word' id='word_1_820' title='bbox 2421 950 2478 980; x_wconf 92' lang='lat' dir='ltr'>do-</span> 
     </span>
     <span class='ocr_line' id='line_1_105' title="bbox 1404 991 2479 1032; baseline 0.002 -10"><span class='ocrx_word' id='word_1_821' title='bbox 1404 991 1503 1023; x_wconf 87' lang='lat' dir='ltr'>ctrina</span> <span class='ocrx_word' id='word_1_822' title='bbox 1525 991 1659 1022; x_wconf 90' lang='lat' dir='ltr'>habetur</span> <span class='ocrx_word' id='word_1_823' title='bbox 1690 991 1780 1032; x_wconf 91' lang='lat' dir='ltr'>quod</span> <span class='ocrx_word' id='word_1_824' title='bbox 1812 998 1981 1032; x_wconf 86' lang='lat' dir='ltr'>praecepta</span> <span class='ocrx_word' id='word_1_825' title='bbox 2011 992 2157 1032; x_wconf 87' lang='lat' dir='ltr'>negativa</span> <span class='ocrx_word' id='word_1_826' title='bbox 2180 999 2256 1024; x_wconf 87' lang='lat' dir='ltr'>sunt</span> <span class='ocrx_word' id='word_1_827' title='bbox 2285 1001 2395 1025; x_wconf 87' lang='lat' dir='ltr'>contra</span> <span class='ocrx_word' id='word_1_828' title='bbox 2421 994 2479 1024; x_wconf 89' lang='lat' dir='ltr'>hu-</span> 
     </span>
     <span class='ocr_line' id='line_1_106' title="bbox 1404 1035 2478 1076; baseline 0.003 -10"><span class='ocrx_word' id='word_1_829' title='bbox 1404 1046 1538 1066; x_wconf 86' lang='lat' dir='ltr'>manum</span> <span class='ocrx_word' id='word_1_830' title='bbox 1571 1036 1712 1072; x_wconf 85' lang='lat' dir='ltr'>bonum,</span> <span class='ocrx_word' id='word_1_831' title='bbox 1745 1035 1820 1076; x_wconf 88' lang='lat' dir='ltr'>quia</span> <span class='ocrx_word' id='word_1_832' title='bbox 1843 1043 1919 1067; x_wconf 91' lang='lat' dir='ltr'>sunt</span> <span class='ocrx_word' id='word_1_833' title='bbox 1947 1043 2058 1067; x_wconf 90' lang='lat' dir='ltr'>contra</span> <span class='ocrx_word' id='word_1_834' title='bbox 2088 1036 2294 1069; x_wconf 85' lang='lat' dir='ltr'>dilectionem</span> <span class='ocrx_word' id='word_1_835' title='bbox 2320 1037 2478 1075; x_wconf 88' lang='lat' dir='ltr'>hominis,</span> 
     </span>
     <span class='ocr_line' id='line_1_107' title="bbox 1404 1080 2478 1121; baseline 0.004 -11"><span class='ocrx_word' id='word_1_836' title='bbox 1404 1091 1468 1121; x_wconf 87' lang='lat' dir='ltr'>qua</span> <span class='ocrx_word' id='word_1_837' title='bbox 1484 1080 1609 1111; x_wconf 91' lang='lat' dir='ltr'>homini</span> <span class='ocrx_word' id='word_1_838' title='bbox 1632 1081 1756 1111; x_wconf 90' lang='lat' dir='ltr'>bonum</span> <span class='ocrx_word' id='word_1_839' title='bbox 1775 1080 1856 1111; x_wconf 90' lang='lat' dir='ltr'>velle</span> <span class='ocrx_word' id='word_1_840' title='bbox 1873 1080 2044 1112; x_wconf 85' lang='lat' dir='ltr'>debemus:</span> <span class='ocrx_word' id='word_1_841' title='bbox 2069 1081 2155 1112; x_wconf 89' lang='lat' dir='ltr'>unde</span> <span class='ocrx_word' id='word_1_842' title='bbox 2178 1081 2343 1121; x_wconf 87' lang='lat' dir='ltr'>praemisit</span> <span class='ocrx_word' id='word_1_843' title='bbox 2356 1081 2389 1112; x_wconf 77' lang='lat'>*2</span> <span class='ocrx_word' id='word_1_844' title='bbox 2413 1082 2478 1114; x_wconf 87' lang='lat' dir='ltr'>Ne-</span> 
     </span>
     <span class='ocr_line' id='line_1_108' title="bbox 1404 1125 2477 1167; baseline 0.003 -12"><span class='ocrx_word' id='word_1_845' title='bbox 1404 1126 1483 1156; x_wconf 88' lang='lat' dir='ltr'>mini</span> <span class='ocrx_word' id='word_1_846' title='bbox 1505 1125 1679 1166; x_wconf 82' lang='lat' dir='ltr'>quidquam</span> <span class='ocrx_word' id='word_1_847' title='bbox 1695 1125 1848 1162; x_wconf 85' lang='lat' dir='ltr'>debeatis,</span> <span class='ocrx_word' id='word_1_848' title='bbox 1865 1126 1929 1156; x_wconf 84' lang='lat' dir='ltr'>nisi</span> <span class='ocrx_word' id='word_1_849' title='bbox 1954 1130 1990 1156; x_wconf 86' lang='lat' dir='ltr'>ut</span> <span class='ocrx_word' id='word_1_850' title='bbox 2013 1126 2148 1157; x_wconf 75' lang='lat' dir='ltr'>invicem</span> <span class='ocrx_word' id='word_1_851' title='bbox 2170 1125 2326 1167; x_wconf 71' lang='lat' dir='ltr'>diligatis.</span> <span class='ocrx_word' id='word_1_852' title='bbox 2351 1126 2385 1157; x_wconf 92' lang='lat' dir='ltr'>Si</span> <span class='ocrx_word' id='word_1_853' title='bbox 2401 1136 2477 1167; x_wconf 80' lang='lat' dir='ltr'>ergo</span> 
     </span>
     <span class='ocr_line' id='line_1_109' title="bbox 1405 1169 2478 1212; baseline 0.003 -13"><span class='ocrx_word' id='word_1_854' title='bbox 1405 1176 1610 1210; x_wconf 87' lang='lat' dir='ltr'>praeceptum</span> <span class='ocrx_word' id='word_1_855' title='bbox 1626 1170 1665 1199; x_wconf 92' lang='lat' dir='ltr'>de</span> <span class='ocrx_word' id='word_1_856' title='bbox 1681 1179 1747 1200; x_wconf 90' lang='lat' dir='ltr'>non</span> <span class='ocrx_word' id='word_1_857' title='bbox 1763 1169 1951 1200; x_wconf 86' lang='lat' dir='ltr'>fornicando</span> <span class='ocrx_word' id='word_1_858' title='bbox 1968 1176 2015 1201; x_wconf 85' lang='lat' dir='ltr'>est</span> <span class='ocrx_word' id='word_1_859' title='bbox 2030 1177 2237 1210; x_wconf 88' lang='lat' dir='ltr'>praeceptum</span> <span class='ocrx_word' id='word_1_860' title='bbox 2250 1170 2375 1201; x_wconf 88' lang='lat' dir='ltr'>divinae</span> <span class='ocrx_word' id='word_1_861' title='bbox 2389 1170 2478 1212; x_wconf 84' lang='lat' dir='ltr'>legis,</span> 
     </span>
     <span class='ocr_line' id='line_1_110' title="bbox 1404 1214 2478 1256; baseline 0.002 -12"><span class='ocrx_word' id='word_1_862' title='bbox 1404 1224 1479 1254; x_wconf 87' lang='lat' dir='ltr'>ergo</span> <span class='ocrx_word' id='word_1_863' title='bbox 1511 1221 1557 1245; x_wconf 86' lang='lat' dir='ltr'>est</span> <span class='ocrx_word' id='word_1_864' title='bbox 1583 1214 1623 1244; x_wconf 93' lang='lat' dir='ltr'>de</span> <span class='ocrx_word' id='word_1_865' title='bbox 1646 1221 1718 1245; x_wconf 87' lang='lat' dir='ltr'>actu</span> <span class='ocrx_word' id='word_1_866' title='bbox 1743 1221 1852 1244; x_wconf 86' lang='lat' dir='ltr'>contra</span> <span class='ocrx_word' id='word_1_867' title='bbox 1874 1214 2056 1245; x_wconf 89' lang='lat' dir='ltr'>humanum</span> <span class='ocrx_word' id='word_1_868' title='bbox 2080 1215 2221 1245; x_wconf 87' lang='lat' dir='ltr'>bonum:</span> <span class='ocrx_word' id='word_1_869' title='bbox 2246 1215 2391 1256; x_wconf 85' lang='lat' dir='ltr'>alioquin</span> <span class='ocrx_word' id='word_1_870' title='bbox 2411 1225 2478 1246; x_wconf 91' lang='lat' dir='ltr'>non</span> 
     </span>
     <span class='ocr_line' id='line_1_111' title="bbox 1404 1259 2479 1300; baseline 0.002 -11"><span class='ocrx_word' id='word_1_871' title='bbox 1404 1259 1589 1299; x_wconf 90' lang='lat' dir='ltr'>impleretur</span> <span class='ocrx_word' id='word_1_872' title='bbox 1605 1259 1766 1298; x_wconf 87' lang='lat' dir='ltr'>diligendo</span> <span class='ocrx_word' id='word_1_873' title='bbox 1783 1259 1968 1299; x_wconf 84' lang='lat' dir='ltr'>proximum</span> <span class='ocrx_word' id='word_1_874' title='bbox 1984 1259 2065 1290; x_wconf 91' lang='lat' dir='ltr'>sicut</span> <span class='ocrx_word' id='word_1_875' title='bbox 2082 1259 2234 1300; x_wconf 89' lang='lat' dir='ltr'>seipsum.</span> <span class='ocrx_word' id='word_1_876' title='bbox 2260 1259 2293 1291; x_wconf 87' lang='lat' dir='ltr'>Si</span> <span class='ocrx_word' id='word_1_877' title='bbox 2309 1267 2415 1291; x_wconf 88' lang='lat' dir='ltr'>autem</span> <span class='ocrx_word' id='word_1_878' title='bbox 2432 1267 2479 1292; x_wconf 85' lang='lat' dir='ltr'>est</span> 
     </span>
     <span class='ocr_line' id='line_1_112' title="bbox 1404 1303 2479 1345; baseline 0.002 -11"><span class='ocrx_word' id='word_1_879' title='bbox 1404 1304 1444 1334; x_wconf 87' lang='lat' dir='ltr'>de</span> <span class='ocrx_word' id='word_1_880' title='bbox 1467 1310 1537 1334; x_wconf 87' lang='lat' dir='ltr'>actu</span> <span class='ocrx_word' id='word_1_881' title='bbox 1558 1310 1668 1334; x_wconf 86' lang='lat' dir='ltr'>contra</span> <span class='ocrx_word' id='word_1_882' title='bbox 1686 1303 1866 1334; x_wconf 86' lang='lat' dir='ltr'>humanum</span> <span class='ocrx_word' id='word_1_883' title='bbox 1886 1304 2021 1340; x_wconf 87' lang='lat' dir='ltr'>bonum,</span> <span class='ocrx_word' id='word_1_884' title='bbox 2039 1313 2114 1344; x_wconf 85' lang='lat' dir='ltr'>ergo</span> <span class='ocrx_word' id='word_1_885' title='bbox 2138 1311 2185 1335; x_wconf 91' lang='lat' dir='ltr'>est</span> <span class='ocrx_word' id='word_1_886' title='bbox 2208 1304 2247 1334; x_wconf 91' lang='lat' dir='ltr'>de</span> <span class='ocrx_word' id='word_1_887' title='bbox 2266 1311 2338 1335; x_wconf 86' lang='lat' dir='ltr'>actu</span> <span class='ocrx_word' id='word_1_888' title='bbox 2362 1305 2419 1345; x_wconf 92' lang='lat' dir='ltr'>qui</span> <span class='ocrx_word' id='word_1_889' title='bbox 2442 1314 2479 1336; x_wconf 87' lang='lat' dir='ltr'>ex</span> 
     </span>
     <span class='ocr_line' id='line_1_113' title="bbox 1405 1348 2480 1389; baseline 0.003 -11"><span class='ocrx_word' id='word_1_890' title='bbox 1405 1358 1462 1379; x_wconf 90' lang='lat' dir='ltr'>sua</span> <span class='ocrx_word' id='word_1_891' title='bbox 1484 1348 1613 1388; x_wconf 88' lang='lat' dir='ltr'>propria</span> <span class='ocrx_word' id='word_1_892' title='bbox 1638 1348 1759 1378; x_wconf 88' lang='lat' dir='ltr'>ratione</span> <span class='ocrx_word' id='word_1_893' title='bbox 1783 1354 1830 1378; x_wconf 91' lang='lat' dir='ltr'>est</span> <span class='ocrx_word' id='word_1_894' title='bbox 1853 1355 2018 1388; x_wconf 87' lang='lat' dir='ltr'>peccatum</span> <span class='ocrx_word' id='word_1_895' title='bbox 2042 1349 2192 1384; x_wconf 83' lang='lat' dir='ltr'>mortale,</span> <span class='ocrx_word' id='word_1_896' title='bbox 2217 1355 2248 1379; x_wconf 90' lang='lat' dir='ltr'>et</span> <span class='ocrx_word' id='word_1_897' title='bbox 2270 1355 2318 1380; x_wconf 88' lang='lat' dir='ltr'>est</span> <span class='ocrx_word' id='word_1_898' title='bbox 2341 1349 2480 1389; x_wconf 83' lang='lat' dir='ltr'>prohibi-</span> 
     </span>
     <span class='ocr_line' id='line_1_114' title="bbox 1405 1392 2479 1433; baseline 0 -9"><span class='ocrx_word' id='word_1_899' title='bbox 1405 1400 1456 1424; x_wconf 90' lang='lat' dir='ltr'>tus</span> <span class='ocrx_word' id='word_1_900' title='bbox 1472 1392 1547 1433; x_wconf 89' lang='lat' dir='ltr'>quia</span> <span class='ocrx_word' id='word_1_901' title='bbox 1572 1393 1691 1428; x_wconf 89' lang='lat' dir='ltr'>malus,</span> <span class='ocrx_word' id='word_1_902' title='bbox 1717 1399 1747 1423; x_wconf 88' lang='lat' dir='ltr'>et</span> <span class='ocrx_word' id='word_1_903' title='bbox 1768 1402 1834 1423; x_wconf 93' lang='lat' dir='ltr'>non</span> <span class='ocrx_word' id='word_1_904' title='bbox 1858 1393 1963 1423; x_wconf 86' lang='lat' dir='ltr'>malus</span> <span class='ocrx_word' id='word_1_905' title='bbox 1986 1393 2060 1433; x_wconf 88' lang='lat' dir='ltr'>quia</span> <span class='ocrx_word' id='word_1_906' title='bbox 2085 1393 2274 1432; x_wconf 88' lang='lat' dir='ltr'>prohibitus.</span> <span class='ocrx_word' id='word_1_907' title='bbox 2294 1410 2316 1416; x_wconf 94' lang='lat'><em>—</em></span> <span class='ocrx_word' id='word_1_908' title='bbox 2339 1393 2382 1424; x_wconf 94' lang='lat' dir='ltr'>Et</span> <span class='ocrx_word' id='word_1_909' title='bbox 2403 1404 2479 1425; x_wconf 83' lang='lat' dir='ltr'>con-</span> 
     </span>
     <span class='ocr_line' id='line_1_115' title="bbox 1404 1436 2479 1474; baseline 0.003 -7"><span class='ocrx_word' id='word_1_910' title='bbox 1404 1437 1558 1468; x_wconf 87' lang='lat' dir='ltr'>firmatur.</span> <span class='ocrx_word' id='word_1_911' title='bbox 1584 1437 1669 1474; x_wconf 88' lang='lat' dir='ltr'>Quia</span> <span class='ocrx_word' id='word_1_912' title='bbox 1692 1436 1860 1469; x_wconf 88' lang='lat' dir='ltr'>fornicatio</span> <span class='ocrx_word' id='word_1_913' title='bbox 1880 1437 1913 1467; x_wconf 89' lang='lat' dir='ltr'>in</span> <span class='ocrx_word' id='word_1_914' title='bbox 1937 1447 1970 1468; x_wconf 91' lang='lat' dir='ltr'>se</span> <span class='ocrx_word' id='word_1_915' title='bbox 1993 1445 2048 1468; x_wconf 89' lang='lat' dir='ltr'>aut</span> <span class='ocrx_word' id='word_1_916' title='bbox 2071 1444 2117 1468; x_wconf 87' lang='lat' dir='ltr'>est</span> <span class='ocrx_word' id='word_1_917' title='bbox 2141 1445 2249 1468; x_wconf 86' lang='lat' dir='ltr'>contra</span> <span class='ocrx_word' id='word_1_918' title='bbox 2272 1437 2479 1470; x_wconf 87' lang='lat' dir='ltr'>dilectionem</span> 
     </span>
     <span class='ocr_line' id='line_1_116' title="bbox 1404 1481 2479 1522; baseline 0.002 -10"><span class='ocrx_word' id='word_1_919' title='bbox 1404 1481 1541 1522; x_wconf 88' lang='lat' dir='ltr'>proximi</span> <span class='ocrx_word' id='word_1_920' title='bbox 1558 1491 1613 1512; x_wconf 91' lang='lat' dir='ltr'>seu</span> <span class='ocrx_word' id='word_1_921' title='bbox 1637 1482 1828 1512; x_wconf 88' lang='lat' dir='ltr'>humanam:</span> <span class='ocrx_word' id='word_1_922' title='bbox 1853 1488 1909 1513; x_wconf 90' lang='lat' dir='ltr'>aut</span> <span class='ocrx_word' id='word_1_923' title='bbox 1925 1492 2001 1513; x_wconf 89' lang='lat' dir='ltr'>non.</span> <span class='ocrx_word' id='word_1_924' title='bbox 2026 1482 2059 1513; x_wconf 91' lang='lat' dir='ltr'>Si</span> <span class='ocrx_word' id='word_1_925' title='bbox 2076 1489 2123 1513; x_wconf 92' lang='lat' dir='ltr'>est</span> <span class='ocrx_word' id='word_1_926' title='bbox 2142 1489 2252 1513; x_wconf 92' lang='lat' dir='ltr'>contra</span> <span class='ocrx_word' id='word_1_927' title='bbox 2275 1481 2479 1514; x_wconf 83' lang='lat' dir='ltr'>dilectionem</span> 
     </span>
     <span class='ocr_line' id='line_1_117' title="bbox 1405 1526 2478 1568; baseline 0.002 -12"><span class='ocrx_word' id='word_1_928' title='bbox 1405 1526 1542 1567; x_wconf 85' lang='lat' dir='ltr'>proximi</span> <span class='ocrx_word' id='word_1_929' title='bbox 1575 1532 1631 1557; x_wconf 88' lang='lat' dir='ltr'>aut</span> <span class='ocrx_word' id='word_1_930' title='bbox 1653 1526 1843 1562; x_wconf 88' lang='lat' dir='ltr'>humanam,</span> <span class='ocrx_word' id='word_1_931' title='bbox 1869 1526 2002 1557; x_wconf 91' lang='lat' dir='ltr'>habetur</span> <span class='ocrx_word' id='word_1_932' title='bbox 2031 1527 2200 1558; x_wconf 89' lang='lat' dir='ltr'>intentum.</span> <span class='ocrx_word' id='word_1_933' title='bbox 2233 1526 2265 1558; x_wconf 87' lang='lat' dir='ltr'>Si</span> <span class='ocrx_word' id='word_1_934' title='bbox 2295 1536 2378 1564; x_wconf 88' lang='lat' dir='ltr'>non,</span> <span class='ocrx_word' id='word_1_935' title='bbox 2403 1537 2478 1568; x_wconf 84' lang='lat' dir='ltr'>ergo</span> 
     </span>
     <span class='ocr_line' id='line_1_118' title="bbox 1405 1571 2370 1611; baseline 0.001 -10"><span class='ocrx_word' id='word_1_936' title='bbox 1405 1571 1572 1611; x_wconf 89' lang='lat' dir='ltr'>plenitudo</span> <span class='ocrx_word' id='word_1_937' title='bbox 1595 1571 1673 1611; x_wconf 88' lang='lat' dir='ltr'>legis</span> <span class='ocrx_word' id='word_1_938' title='bbox 1696 1581 1762 1601; x_wconf 93' lang='lat' dir='ltr'>non</span> <span class='ocrx_word' id='word_1_939' title='bbox 1793 1578 1839 1602; x_wconf 88' lang='lat' dir='ltr'>est</span> <span class='ocrx_word' id='word_1_940' title='bbox 1863 1571 2005 1602; x_wconf 89' lang='lat' dir='ltr'>dilectio:</span> <span class='ocrx_word' id='word_1_941' title='bbox 2030 1578 2140 1602; x_wconf 88' lang='lat' dir='ltr'>contra</span> <span class='ocrx_word' id='word_1_942' title='bbox 2163 1571 2370 1611; x_wconf 87' lang='lat' dir='ltr'>Apostolum.</span> 
     </span>
    </p>

    <p class='ocr_par' dir='ltr' id='par_1_21' title="bbox 1406 1614 2479 1744">
     <span class='ocr_line' id='line_1_119' title="bbox 1460 1614 2478 1656; baseline 0.001 -10"><span class='ocrx_word' id='word_1_943' title='bbox 1460 1616 1526 1646; x_wconf 92' lang='lat' dir='ltr'>Nec</span> <span class='ocrx_word' id='word_1_944' title='bbox 1550 1614 1698 1655; x_wconf 85' lang='lat' dir='ltr'>effugitur</span> <span class='ocrx_word' id='word_1_945' title='bbox 1720 1615 1797 1646; x_wconf 86' lang='lat' dir='ltr'>haec</span> <span class='ocrx_word' id='word_1_946' title='bbox 1821 1615 1901 1646; x_wconf 87' lang='lat' dir='ltr'>ratio</span> <span class='ocrx_word' id='word_1_947' title='bbox 1918 1615 2052 1646; x_wconf 88' lang='lat' dir='ltr'>dicendo</span> <span class='ocrx_word' id='word_1_948' title='bbox 2076 1615 2167 1656; x_wconf 91' lang='lat' dir='ltr'>quod</span> <span class='ocrx_word' id='word_1_949' title='bbox 2186 1615 2354 1647; x_wconf 88' lang='lat' dir='ltr'>fornicatio</span> <span class='ocrx_word' id='word_1_950' title='bbox 2379 1622 2478 1649; x_wconf 77' lang='lat' dir='ltr'>estex</span> 
     </span>
     <span class='ocr_line' id='line_1_120' title="bbox 1406 1659 2478 1701; baseline 0.002 -11"><span class='ocrx_word' id='word_1_951' title='bbox 1406 1660 1534 1700; x_wconf 88' lang='lat' dir='ltr'>propria</span> <span class='ocrx_word' id='word_1_952' title='bbox 1558 1659 1679 1690; x_wconf 87' lang='lat' dir='ltr'>ratione</span> <span class='ocrx_word' id='word_1_953' title='bbox 1703 1660 1786 1690; x_wconf 84' lang='lat' dir='ltr'>mala</span> <span class='ocrx_word' id='word_1_954' title='bbox 1810 1660 1980 1696; x_wconf 89' lang='lat' dir='ltr'>moraliter,</span> <span class='ocrx_word' id='word_1_955' title='bbox 2005 1660 2060 1690; x_wconf 92' lang='lat' dir='ltr'>sed</span> <span class='ocrx_word' id='word_1_956' title='bbox 2083 1670 2149 1691; x_wconf 88' lang='lat' dir='ltr'>non</span> <span class='ocrx_word' id='word_1_957' title='bbox 2173 1660 2254 1691; x_wconf 87' lang='lat' dir='ltr'>adeo</span> <span class='ocrx_word' id='word_1_958' title='bbox 2281 1661 2364 1691; x_wconf 86' lang='lat' dir='ltr'>mala</span> <span class='ocrx_word' id='word_1_959' title='bbox 2388 1661 2478 1701; x_wconf 88' lang='lat' dir='ltr'>quod</span> 
     </span>
     <span class='ocr_line' id='line_1_121' title="bbox 1406 1704 2479 1744; baseline 0.002 -10"><span class='ocrx_word' id='word_1_960' title='bbox 1406 1704 1446 1734; x_wconf 91' lang='lat' dir='ltr'>sit</span> <span class='ocrx_word' id='word_1_961' title='bbox 1470 1711 1636 1744; x_wconf 86' lang='lat' dir='ltr'>peccatum</span> <span class='ocrx_word' id='word_1_962' title='bbox 1659 1705 1808 1736; x_wconf 87' lang='lat' dir='ltr'>mortale:</span> <span class='ocrx_word' id='word_1_963' title='bbox 1841 1705 1924 1736; x_wconf 90' lang='lat' dir='ltr'>sicut</span> <span class='ocrx_word' id='word_1_964' title='bbox 1946 1705 2147 1736; x_wconf 86' lang='lat' dir='ltr'>mendacium</span> <span class='ocrx_word' id='word_1_965' title='bbox 2176 1710 2223 1736; x_wconf 82' lang='lat' dir='ltr'>est</span> <span class='ocrx_word' id='word_1_966' title='bbox 2244 1705 2421 1736; x_wconf 83' lang='lat' dir='ltr'>secundum</span> <span class='ocrx_word' id='word_1_967' title='bbox 2443 1715 2479 1736; x_wconf 81' lang='lat' dir='ltr'>se</span> 
     </span>
    </p>
   </div>
   <div class='ocr_carea' id='block_1_11' title="bbox 1377 1749 2516 1790">
    <p class='ocr_par' dir='ltr' id='par_1_22' title="bbox 1377 1749 2516 1790">
     <span class='ocr_line' id='line_1_122' title="bbox 1377 1749 2516 1790; baseline 0.002 -11"><span class='ocrx_word' id='word_1_968' title='bbox 1377 1767 1379 1779; x_wconf 83' lang='lat'>.</span> <span class='ocrx_word' id='word_1_969' title='bbox 1400 1758 1541 1789; x_wconf 77' lang='lat' dir='ltr'>pravum</span> <span class='ocrx_word' id='word_1_970' title='bbox 1557 1749 1585 1784; x_wconf 88' lang='grc'>*,</span> <span class='ocrx_word' id='word_1_971' title='bbox 1609 1758 1676 1779; x_wconf 89' lang='lat' dir='ltr'>non</span> <span class='ocrx_word' id='word_1_972' title='bbox 1699 1755 1807 1779; x_wconf 86' lang='lat' dir='ltr'>tamen</span> <span class='ocrx_word' id='word_1_973' title='bbox 1823 1756 1869 1780; x_wconf 89' lang='lat' dir='ltr'>est</span> <span class='ocrx_word' id='word_1_974' title='bbox 1885 1756 2053 1789; x_wconf 82' lang='lat' dir='ltr'>peccatum</span> <span class='ocrx_word' id='word_1_975' title='bbox 2072 1749 2205 1782; x_wconf 81' lang='lat' dir='ltr'>mortale</span> <span class='ocrx_word' id='word_1_976' title='bbox 2221 1759 2259 1780; x_wconf 90' lang='lat' dir='ltr'>ex</span> <span class='ocrx_word' id='word_1_977' title='bbox 2279 1759 2338 1780; x_wconf 91' lang='lat' dir='ltr'>suo</span> <span class='ocrx_word' id='word_1_978' title='bbox 2354 1759 2478 1790; x_wconf 84' lang='lat' dir='ltr'>genere.</span> <span class='ocrx_word' id='word_1_979' title='bbox 2505 1758 2516 1770; x_wconf 76' lang='lat'>⁸</span> 
     </span>
    </p>
   </div>
   <div class='ocr_carea' id='block_1_12' title="bbox 1404 1792 2482 2146">
    <p class='ocr_par' dir='ltr' id='par_1_23' title="bbox 1404 1792 2482 2146">
     <span class='ocr_line' id='line_1_123' title="bbox 1406 1792 2479 1835; baseline 0.002 -12"><span class='ocrx_word' id='word_1_980' title='bbox 1406 1793 1479 1823; x_wconf 85' lang='lat' dir='ltr'>Hoc</span> <span class='ocrx_word' id='word_1_981' title='bbox 1502 1792 1587 1823; x_wconf 84' lang='lat' dir='ltr'>enirn</span> <span class='ocrx_word' id='word_1_982' title='bbox 1611 1800 1657 1824; x_wconf 86' lang='lat' dir='ltr'>est</span> <span class='ocrx_word' id='word_1_983' title='bbox 1680 1800 1803 1824; x_wconf 84' lang='lat' dir='ltr'>mutare</span> <span class='ocrx_word' id='word_1_984' title='bbox 1826 1794 2058 1834; x_wconf 86' lang='lat' dir='ltr'>quaestionem,</span> <span class='ocrx_word' id='word_1_985' title='bbox 2076 1801 2107 1825; x_wconf 88' lang='lat' dir='ltr'>et</span> <span class='ocrx_word' id='word_1_986' title='bbox 2129 1794 2278 1825; x_wconf 86' lang='lat' dir='ltr'>reducere</span> <span class='ocrx_word' id='word_1_987' title='bbox 2301 1795 2342 1825; x_wconf 90' lang='lat' dir='ltr'>ad</span> <span class='ocrx_word' id='word_1_988' title='bbox 2364 1794 2479 1835; x_wconf 88' lang='lat' dir='ltr'>princi-</span> 
     </span>
     <span class='ocr_line' id='line_1_124' title="bbox 1406 1836 2480 1878; baseline 0.003 -11"><span class='ocrx_word' id='word_1_989' title='bbox 1406 1837 1507 1877; x_wconf 89' lang='lat' dir='ltr'>pium.</span> <span class='ocrx_word' id='word_1_990' title='bbox 1539 1836 1607 1867; x_wconf 91' lang='lat' dir='ltr'>Cur</span> <span class='ocrx_word' id='word_1_991' title='bbox 1629 1837 1717 1868; x_wconf 87' lang='lat' dir='ltr'>Deus</span> <span class='ocrx_word' id='word_1_992' title='bbox 1745 1837 1807 1868; x_wconf 91' lang='lat' dir='ltr'>hoc</span> <span class='ocrx_word' id='word_1_993' title='bbox 1831 1838 1939 1868; x_wconf 90' lang='lat' dir='ltr'>solum</span> <span class='ocrx_word' id='word_1_994' title='bbox 1962 1838 2084 1869; x_wconf 88' lang='lat' dir='ltr'>veniale</span> <span class='ocrx_word' id='word_1_995' title='bbox 2111 1848 2148 1869; x_wconf 83' lang='lat' dir='ltr'>ex</span> <span class='ocrx_word' id='word_1_996' title='bbox 2170 1848 2285 1878; x_wconf 83' lang='lat' dir='ltr'>genere</span> <span class='ocrx_word' id='word_1_997' title='bbox 2315 1838 2480 1871; x_wconf 82' lang='lat' dir='ltr'>constituit</span> 
     </span>
     <span class='ocr_line' id='line_1_125' title="bbox 1406 1881 2479 1923; baseline 0.004 -12"><span class='ocrx_word' id='word_1_998' title='bbox 1406 1891 1443 1911; x_wconf 85' lang='lat' dir='ltr'>ex</span> <span class='ocrx_word' id='word_1_999' title='bbox 1467 1881 1683 1921; x_wconf 87' lang='lat' dir='ltr'>prohibitione</span> <span class='ocrx_word' id='word_1_1000' title='bbox 1712 1882 1860 1912; x_wconf 89' lang='lat' dir='ltr'>mortale:</span> <span class='ocrx_word' id='word_1_1001' title='bbox 1886 1891 1961 1913; x_wconf 90' lang='lat' dir='ltr'>cum</span> <span class='ocrx_word' id='word_1_1002' title='bbox 1981 1882 2090 1913; x_wconf 88' lang='lat' dir='ltr'>omnia</span> <span class='ocrx_word' id='word_1_1003' title='bbox 2106 1882 2228 1923; x_wconf 88' lang='lat' dir='ltr'>reliqua</span> <span class='ocrx_word' id='word_1_1004' title='bbox 2246 1883 2332 1914; x_wconf 84' lang='lat' dir='ltr'>mala</span> <span class='ocrx_word' id='word_1_1005' title='bbox 2347 1883 2479 1915; x_wconf 78' lang='lat' dir='ltr'>moralia</span> 
     </span>
     <span class='ocr_line' id='line_1_126' title="bbox 1406 1925 2480 1968; baseline 0.002 -12"><span class='ocrx_word' id='word_1_1006' title='bbox 1406 1935 1443 1956; x_wconf 87' lang='lat' dir='ltr'>ex</span> <span class='ocrx_word' id='word_1_1007' title='bbox 1467 1935 1527 1956; x_wconf 91' lang='lat' dir='ltr'>suo</span> <span class='ocrx_word' id='word_1_1008' title='bbox 1555 1935 1669 1966; x_wconf 91' lang='lat' dir='ltr'>genere</span> <span class='ocrx_word' id='word_1_1009' title='bbox 1691 1926 1842 1962; x_wconf 87' lang='lat' dir='ltr'>venialia,</span> <span class='ocrx_word' id='word_1_1010' title='bbox 1868 1936 1932 1957; x_wconf 87' lang='lat' dir='ltr'>non</span> <span class='ocrx_word' id='word_1_1011' title='bbox 1957 1926 2018 1957; x_wconf 88' lang='lat' dir='ltr'>nisi</span> <span class='ocrx_word' id='word_1_1012' title='bbox 2046 1934 2082 1957; x_wconf 92' lang='lat' dir='ltr'>ut</span> <span class='ocrx_word' id='word_1_1013' title='bbox 2103 1926 2239 1958; x_wconf 88' lang='lat' dir='ltr'>venialia</span> <span class='ocrx_word' id='word_1_1014' title='bbox 2261 1925 2480 1968; x_wconf 83' lang='lat' dir='ltr'>prohibuerit?</span> 
     </span>
     <span class='ocr_line' id='line_1_127' title="bbox 1404 1969 2480 2012; baseline 0.003 -12"><span class='ocrx_word' id='word_1_1015' title='bbox 1404 1970 1560 2011; x_wconf 89' lang='lat' dir='ltr'>Nunquid</span> <span class='ocrx_word' id='word_1_1016' title='bbox 1576 1970 1693 2010; x_wconf 89' lang='lat' dir='ltr'>gaudet</span> <span class='ocrx_word' id='word_1_1017' title='bbox 1705 1970 1792 2001; x_wconf 90' lang='lat' dir='ltr'>Deus</span> <span class='ocrx_word' id='word_1_1018' title='bbox 1809 1970 1842 2001; x_wconf 90' lang='lat' dir='ltr'>in</span> <span class='ocrx_word' id='word_1_1019' title='bbox 1859 1970 2110 2011; x_wconf 84' lang='lat' dir='ltr'>multiplicandis</span> <span class='ocrx_word' id='word_1_1020' title='bbox 2122 1971 2258 2012; x_wconf 84' lang='lat' dir='ltr'>peccatis</span> <span class='ocrx_word' id='word_1_1021' title='bbox 2273 1969 2480 2003; x_wconf 78' lang='lat' dir='ltr'>mortalibus?</span> 
     </span>
     <span class='ocr_line' id='line_1_128' title="bbox 1406 2015 2480 2056; baseline 0.004 -11"><span class='ocrx_word' id='word_1_1022' title='bbox 1406 2015 1447 2045; x_wconf 89' lang='lat' dir='ltr'>Et</span> <span class='ocrx_word' id='word_1_1023' title='bbox 1469 2025 1544 2046; x_wconf 91' lang='lat' dir='ltr'>cum</span> <span class='ocrx_word' id='word_1_1024' title='bbox 1569 2015 1657 2046; x_wconf 90' lang='lat' dir='ltr'>nulla</span> <span class='ocrx_word' id='word_1_1025' title='bbox 1680 2015 1782 2055; x_wconf 88' lang='lat' dir='ltr'>possit</span> <span class='ocrx_word' id='word_1_1026' title='bbox 1801 2015 1996 2047; x_wconf 87' lang='lat' dir='ltr'>rationabilis</span> <span class='ocrx_word' id='word_1_1027' title='bbox 2019 2025 2114 2047; x_wconf 89' lang='lat' dir='ltr'>causa</span> <span class='ocrx_word' id='word_1_1028' title='bbox 2137 2015 2234 2047; x_wconf 84' lang='lat' dir='ltr'>huius</span> <span class='ocrx_word' id='word_1_1029' title='bbox 2257 2015 2480 2056; x_wconf 67' lang='lat' dir='ltr'>singularitatis</span> 
     </span>
     <span class='ocr_line' id='line_1_129' title="bbox 1406 2059 2480 2102; baseline 0.002 -12"><span class='ocrx_word' id='word_1_1030' title='bbox 1406 2059 1566 2099; x_wconf 80' lang='lat' dir='ltr'>assignari,</span> <span class='ocrx_word' id='word_1_1031' title='bbox 1592 2066 1686 2090; x_wconf 87' lang='lat' dir='ltr'>restat</span> <span class='ocrx_word' id='word_1_1032' title='bbox 1710 2066 1746 2090; x_wconf 93' lang='lat' dir='ltr'>ut</span> <span class='ocrx_word' id='word_1_1033' title='bbox 1768 2059 1925 2091; x_wconf 86' lang='lat' dir='ltr'>fateamur</span> <span class='ocrx_word' id='word_1_1034' title='bbox 1947 2060 2038 2101; x_wconf 91' lang='lat' dir='ltr'>quod</span> <span class='ocrx_word' id='word_1_1035' title='bbox 2061 2060 2134 2091; x_wconf 90' lang='lat' dir='ltr'>ideo</span> <span class='ocrx_word' id='word_1_1036' title='bbox 2159 2066 2207 2092; x_wconf 85' lang='lat' dir='ltr'>est</span> <span class='ocrx_word' id='word_1_1037' title='bbox 2228 2070 2247 2091; x_wconf 87' lang='lat' dir='ltr'>a</span> <span class='ocrx_word' id='word_1_1038' title='bbox 2269 2061 2340 2092; x_wconf 90' lang='lat' dir='ltr'>Deo</span> <span class='ocrx_word' id='word_1_1039' title='bbox 2371 2059 2480 2102; x_wconf 76' lang='lat' dir='ltr'>prohi—</span> 
     </span>
     <span class='ocr_line' id='line_1_130' title="bbox 1406 2104 2482 2146; baseline 0.004 -12"><span class='ocrx_word' id='word_1_1040' title='bbox 1406 2104 1470 2134; x_wconf 89' lang='lat' dir='ltr'>bita</span> <span class='ocrx_word' id='word_1_1041' title='bbox 1493 2104 1568 2145; x_wconf 83' lang='lat' dir='ltr'>quia</span> <span class='ocrx_word' id='word_1_1042' title='bbox 1585 2110 1631 2135; x_wconf 90' lang='lat' dir='ltr'>est</span> <span class='ocrx_word' id='word_1_1043' title='bbox 1645 2104 1823 2135; x_wconf 90' lang='lat' dir='ltr'>secundum</span> <span class='ocrx_word' id='word_1_1044' title='bbox 1839 2114 1872 2136; x_wconf 88' lang='lat' dir='ltr'>se</span> <span class='ocrx_word' id='word_1_1045' title='bbox 1888 2104 1988 2135; x_wconf 88' lang='lat' dir='ltr'>mala:</span> <span class='ocrx_word' id='word_1_1046' title='bbox 2013 2111 2044 2135; x_wconf 90' lang='lat' dir='ltr'>et</span> <span class='ocrx_word' id='word_1_1047' title='bbox 2062 2105 2136 2136; x_wconf 92' lang='lat' dir='ltr'>ideo</span> <span class='ocrx_word' id='word_1_1048' title='bbox 2153 2105 2212 2136; x_wconf 93' lang='lat' dir='ltr'>sub</span> <span class='ocrx_word' id='word_1_1049' title='bbox 2228 2112 2356 2137; x_wconf 80' lang='lat' dir='ltr'>aeterna</span> <span class='ocrx_word' id='word_1_1050' title='bbox 2377 2115 2482 2146; x_wconf 67' lang='lat' dir='ltr'>poena</span> 
     </span>
    </p>
   </div>
   <div class='ocr_carea' id='block_1_13' title="bbox 2506 733 2680 763">
    <p class='ocr_par' dir='ltr' id='par_1_24' title="bbox 2506 733 2680 763">
     <span class='ocr_line' id='line_1_131' title="bbox 2506 733 2680 763; baseline 0.006 -8"><span class='ocrx_word' id='word_1_1051' title='bbox 2506 734 2514 743; x_wconf 98' lang='lat'>⁸</span> <span class='ocrx_word' id='word_1_1052' title='bbox 2531 733 2595 756; x_wconf 78' lang='lat' dir='ltr'>Vera.</span> <span class='ocrx_word' id='word_1_1053' title='bbox 2611 740 2634 763; x_wconf 89' lang='lat'>9,</span> <span class='ocrx_word' id='word_1_1054' title='bbox 2649 740 2680 756; x_wconf 86' lang='grc' dir='ltr'>ιο.</span> 
     </span>
    </p>
   </div>
   <div class='ocr_carea' id='block_1_14' title="bbox 2506 958 2718 1014">
    <p class='ocr_par' dir='ltr' id='par_1_25' title="bbox 2506 958 2718 1014">
     <span class='ocr_line' id='line_1_132' title="bbox 2507 958 2718 985; baseline -0.005 -5"><span class='ocrx_word' id='word_1_1055' title='bbox 2507 958 2600 980; x_wconf 74' lang='lat' dir='ltr'>⁸Matth.</span> <span class='ocrx_word' id='word_1_1056' title='bbox 2606 963 2657 985; x_wconf 67' lang='lat' dir='ltr'>esp.</span> <span class='ocrx_word' id='word_1_1057' title='bbox 2663 963 2718 984; x_wconf 73' lang='lat' dir='ltr'>xxa,</span> 
     </span>
     <span class='ocr_line' id='line_1_133' title="bbox 2506 990 2707 1014; baseline 0 -8"><span class='ocrx_word' id='word_1_1058' title='bbox 2506 990 2565 1007; x_wconf 76' lang='lat' dir='ltr'>vers.</span> <span class='ocrx_word' id='word_1_1059' title='bbox 2578 990 2612 1014; x_wconf 83' lang='lat'>37.</span> <span class='ocrx_word' id='word_1_1060' title='bbox 2680 1005 2682 1009; x_wconf 78' lang='grc'>,</span> <span class='ocrx_word' id='word_1_1061' title='bbox 2704 1004 2707 1010; x_wconf 86' lang='grc'><em>,</em></span> 
     </span>
    </p>
   </div>
   <div class='ocr_carea' id='block_1_15' title="bbox 2506 1089 2633 1112">
    <p class='ocr_par' dir='ltr' id='par_1_26' title="bbox 2506 1089 2633 1112">
     <span class='ocr_line' id='line_1_134' title="bbox 2506 1089 2633 1112; baseline 0 -1"><span class='ocrx_word' id='word_1_1062' title='bbox 2506 1090 2516 1100; x_wconf 89' lang='lat'>⁸</span> <span class='ocrx_word' id='word_1_1063' title='bbox 2530 1089 2596 1111; x_wconf 73' lang='lat' dir='ltr'>Vere.</span> <span class='ocrx_word' id='word_1_1064' title='bbox 2611 1089 2633 1112; x_wconf 82' lang='lat'>8.</span> 
     </span>
    </p>
   </div>
   <div class='ocr_carea' id='block_1_16' title="bbox 1406 2148 2527 2189">
    <p class='ocr_par' dir='ltr' id='par_1_27' title="bbox 1406 2148 2527 2189">
     <span class='ocr_line' id='line_1_135' title="bbox 1406 2148 2527 2189; baseline 0.004 -10"><span class='ocrx_word' id='word_1_1065' title='bbox 1406 2148 1575 2189; x_wconf 85' lang='lat' dir='ltr'>prohibita,</span> <span class='ocrx_word' id='word_1_1066' title='bbox 1599 2149 1675 2189; x_wconf 88' lang='lat' dir='ltr'>quia</span> <span class='ocrx_word' id='word_1_1067' title='bbox 1699 2157 1755 2185; x_wconf 89' lang='lat' dir='ltr'>est,</span> <span class='ocrx_word' id='word_1_1068' title='bbox 1780 2159 1847 2180; x_wconf 91' lang='lat' dir='ltr'>non</span> <span class='ocrx_word' id='word_1_1069' title='bbox 1870 2156 2002 2189; x_wconf 88' lang='lat' dir='ltr'>praeter,</span> <span class='ocrx_word' id='word_1_1070' title='bbox 2026 2150 2081 2180; x_wconf 89' lang='lat' dir='ltr'>sed</span> <span class='ocrx_word' id='word_1_1071' title='bbox 2106 2156 2216 2181; x_wconf 89' lang='lat' dir='ltr'>contra</span> <span class='ocrx_word' id='word_1_1072' title='bbox 2243 2149 2368 2181; x_wconf 88' lang='lat' dir='ltr'>bonum</span> <span class='ocrx_word' id='word_1_1073' title='bbox 2391 2156 2482 2183; x_wconf 80' lang='lat' dir='ltr'>nota-</span> <span class='ocrx_word' id='word_1_1074' title='bbox 2524 2171 2527 2178; x_wconf 54' lang='grc' dir='ltr'><em>ι</em></span> 
     </span>
    </p>
   </div>
   <div class='ocr_carea' id='block_1_17' title="bbox 1406 2193 2484 3036">
    <p class='ocr_par' dir='ltr' id='par_1_28' title="bbox 1406 2193 2481 2279">
     <span class='ocr_line' id='line_1_136' title="bbox 1406 2193 2481 2235; baseline 0.004 -12"><span class='ocrx_word' id='word_1_1075' title='bbox 1406 2193 1469 2224; x_wconf 84' lang='lat' dir='ltr'>bile</span> <span class='ocrx_word' id='word_1_1076' title='bbox 1492 2193 1636 2224; x_wconf 85' lang='lat' dir='ltr'>humano</span> <span class='ocrx_word' id='word_1_1077' title='bbox 1660 2193 1766 2233; x_wconf 85' lang='lat' dir='ltr'>generi</span> <span class='ocrx_word' id='word_1_1078' title='bbox 1790 2193 1944 2231; x_wconf 87' lang='lat' dir='ltr'>debitum,</span> <span class='ocrx_word' id='word_1_1079' title='bbox 1965 2201 2000 2224; x_wconf 92' lang='lat' dir='ltr'>ut</span> <span class='ocrx_word' id='word_1_1080' title='bbox 2024 2194 2219 2226; x_wconf 82' lang='lat' dir='ltr'>declaratum</span> <span class='ocrx_word' id='word_1_1081' title='bbox 2242 2200 2289 2226; x_wconf 83' lang='lat' dir='ltr'>est</span> <span class='ocrx_word' id='word_1_1082' title='bbox 2304 2194 2331 2226; x_wconf 74' lang='lat'>¹⁸².</span> <span class='ocrx_word' id='word_1_1083' title='bbox 2355 2195 2398 2226; x_wconf 92' lang='lat' dir='ltr'>Et</span> <span class='ocrx_word' id='word_1_1084' title='bbox 2410 2203 2481 2235; x_wconf 76' lang='lat' dir='ltr'>gra-</span> 
     </span>
     <span class='ocr_line' id='line_1_137' title="bbox 1406 2237 2309 2279; baseline 0.002 -11"><span class='ocrx_word' id='word_1_1085' title='bbox 1406 2237 1464 2268; x_wconf 86' lang='lat' dir='ltr'>tias</span> <span class='ocrx_word' id='word_1_1086' title='bbox 1487 2247 1620 2277; x_wconf 80' lang='lat' dir='ltr'>agamus</span> <span class='ocrx_word' id='word_1_1087' title='bbox 1644 2237 1719 2268; x_wconf 92' lang='lat' dir='ltr'>divo</span> <span class='ocrx_word' id='word_1_1088' title='bbox 1743 2237 1901 2275; x_wconf 84' lang='lat' dir='ltr'>Thomae,</span> <span class='ocrx_word' id='word_1_1089' title='bbox 1925 2238 1981 2279; x_wconf 90' lang='lat' dir='ltr'>qui</span> <span class='ocrx_word' id='word_1_1090' title='bbox 2006 2248 2066 2269; x_wconf 91' lang='lat' dir='ltr'>nos</span> <span class='ocrx_word' id='word_1_1091' title='bbox 2089 2238 2166 2270; x_wconf 88' lang='lat' dir='ltr'>haec</span> <span class='ocrx_word' id='word_1_1092' title='bbox 2189 2239 2309 2270; x_wconf 83' lang='lat' dir='ltr'>docuit.</span> 
     </span>
    </p>

    <p class='ocr_par' dir='ltr' id='par_1_29' title="bbox 1406 2282 2484 3036">
     <span class='ocr_line' id='line_1_138' title="bbox 1463 2282 2481 2323; baseline 0.003 -11"><span class='ocrx_word' id='word_1_1093' title='bbox 1463 2282 1546 2313; x_wconf 90' lang='lat' dir='ltr'>XIV.</span> <span class='ocrx_word' id='word_1_1094' title='bbox 1571 2282 1633 2314; x_wconf 88' lang='lat' dir='ltr'>Sed</span> <span class='ocrx_word' id='word_1_1095' title='bbox 1655 2282 1745 2323; x_wconf 90' lang='lat' dir='ltr'>quod</span> <span class='ocrx_word' id='word_1_1096' title='bbox 1762 2283 1881 2314; x_wconf 89' lang='lat' dir='ltr'>multos</span> <span class='ocrx_word' id='word_1_1097' title='bbox 1898 2283 1930 2314; x_wconf 90' lang='lat' dir='ltr'>in</span> <span class='ocrx_word' id='word_1_1098' title='bbox 1953 2282 2012 2313; x_wconf 87' lang='lat' dir='ltr'>hac</span> <span class='ocrx_word' id='word_1_1099' title='bbox 2028 2290 2059 2313; x_wconf 92' lang='lat' dir='ltr'>et</span> <span class='ocrx_word' id='word_1_1100' title='bbox 2074 2282 2108 2313; x_wconf 86' lang='lat' dir='ltr'>in</span> <span class='ocrx_word' id='word_1_1101' title='bbox 2131 2283 2200 2314; x_wconf 85' lang='lat' dir='ltr'>aliis</span> <span class='ocrx_word' id='word_1_1102' title='bbox 2217 2283 2391 2315; x_wconf 85' lang='lat' dir='ltr'>moralibus</span> <span class='ocrx_word' id='word_1_1103' title='bbox 2415 2293 2481 2315; x_wconf 75' lang='lat' dir='ltr'>ma-</span> 
     </span>
     <span class='ocr_line' id='line_1_139' title="bbox 1406 2325 2482 2368; baseline 0.003 -12"><span class='ocrx_word' id='word_1_1104' title='bbox 1406 2325 1491 2357; x_wconf 90' lang='lat' dir='ltr'>teriis</span> <span class='ocrx_word' id='word_1_1105' title='bbox 1515 2326 1648 2367; x_wconf 88' lang='lat' dir='ltr'>decipit,</span> <span class='ocrx_word' id='word_1_1106' title='bbox 1674 2333 1720 2357; x_wconf 89' lang='lat' dir='ltr'>est</span> <span class='ocrx_word' id='word_1_1107' title='bbox 1744 2326 1819 2366; x_wconf 87' lang='lat' dir='ltr'>quia</span> <span class='ocrx_word' id='word_1_1108' title='bbox 1844 2337 1909 2358; x_wconf 91' lang='lat' dir='ltr'>non</span> <span class='ocrx_word' id='word_1_1109' title='bbox 1941 2333 2107 2367; x_wconf 85' lang='lat' dir='ltr'>penetrant</span> <span class='ocrx_word' id='word_1_1110' title='bbox 2130 2328 2221 2368; x_wconf 93' lang='lat' dir='ltr'>quod</span> <span class='ocrx_word' id='word_1_1111' title='bbox 2245 2328 2402 2359; x_wconf 87' lang='lat' dir='ltr'>rectitudo</span> <span class='ocrx_word' id='word_1_1112' title='bbox 2425 2338 2482 2359; x_wconf 84' lang='lat' dir='ltr'>na-</span> 
     </span>
     <span class='ocr_line' id='line_1_140' title="bbox 1407 2370 2482 2413; baseline 0.002 -12"><span class='ocrx_word' id='word_1_1113' title='bbox 1407 2370 1517 2404; x_wconf 85' lang='lat' dir='ltr'>turalis</span> <span class='ocrx_word' id='word_1_1114' title='bbox 1540 2371 1573 2401; x_wconf 91' lang='lat' dir='ltr'>in</span> <span class='ocrx_word' id='word_1_1115' title='bbox 1598 2370 1747 2402; x_wconf 86' lang='lat' dir='ltr'>humanis</span> <span class='ocrx_word' id='word_1_1116' title='bbox 1771 2371 1892 2402; x_wconf 87' lang='lat' dir='ltr'>actibus</span> <span class='ocrx_word' id='word_1_1117' title='bbox 1912 2381 1977 2402; x_wconf 91' lang='lat' dir='ltr'>non</span> <span class='ocrx_word' id='word_1_1118' title='bbox 1998 2378 2044 2402; x_wconf 90' lang='lat' dir='ltr'>est</span> <span class='ocrx_word' id='word_1_1119' title='bbox 2067 2372 2246 2403; x_wconf 88' lang='lat' dir='ltr'>secundum</span> <span class='ocrx_word' id='word_1_1120' title='bbox 2262 2382 2299 2402; x_wconf 89' lang='lat' dir='ltr'>ea</span> <span class='ocrx_word' id='word_1_1121' title='bbox 2318 2382 2400 2413; x_wconf 89' lang='lat' dir='ltr'>quae</span> <span class='ocrx_word' id='word_1_1122' title='bbox 2425 2382 2482 2413; x_wconf 85' lang='lat' dir='ltr'>per</span> 
     </span>
     <span class='ocr_line' id='line_1_141' title="bbox 1407 2415 2481 2456; baseline 0.001 -10"><span class='ocrx_word' id='word_1_1123' title='bbox 1407 2415 1552 2446; x_wconf 87' lang='lat' dir='ltr'>accidens</span> <span class='ocrx_word' id='word_1_1124' title='bbox 1575 2416 1781 2455; x_wconf 88' lang='lat' dir='ltr'>contingunt:</span> <span class='ocrx_word' id='word_1_1125' title='bbox 1814 2423 1844 2446; x_wconf 93' lang='lat' dir='ltr'>et</span> <span class='ocrx_word' id='word_1_1126' title='bbox 1867 2416 1957 2456; x_wconf 92' lang='lat' dir='ltr'>quod</span> <span class='ocrx_word' id='word_1_1127' title='bbox 1981 2415 2136 2447; x_wconf 89' lang='lat' dir='ltr'>certitudo</span> <span class='ocrx_word' id='word_1_1128' title='bbox 2167 2415 2391 2447; x_wconf 87' lang='lat' dir='ltr'>mathematica</span> <span class='ocrx_word' id='word_1_1129' title='bbox 2414 2426 2481 2448; x_wconf 90' lang='lat' dir='ltr'>non</span> 
     </span>
     <span class='ocr_line' id='line_1_142' title="bbox 1408 2459 2481 2500; baseline 0.002 -10"><span class='ocrx_word' id='word_1_1130' title='bbox 1408 2466 1455 2490; x_wconf 87' lang='lat' dir='ltr'>est</span> <span class='ocrx_word' id='word_1_1131' title='bbox 1482 2460 1655 2500; x_wconf 85' lang='lat' dir='ltr'>expetenda</span> <span class='ocrx_word' id='word_1_1132' title='bbox 1678 2460 1711 2490; x_wconf 88' lang='lat' dir='ltr'>in</span> <span class='ocrx_word' id='word_1_1133' title='bbox 1735 2459 1929 2497; x_wconf 85' lang='lat' dir='ltr'>moralibus,</span> <span class='ocrx_word' id='word_1_1134' title='bbox 1953 2461 2009 2491; x_wconf 89' lang='lat' dir='ltr'>sed</span> <span class='ocrx_word' id='word_1_1135' title='bbox 2033 2460 2320 2492; x_wconf 79' lang='lat' dir='ltr'>demonstrationes</span> <span class='ocrx_word' id='word_1_1136' title='bbox 2345 2461 2481 2492; x_wconf 86' lang='lat' dir='ltr'>morales</span> 
     </span>
     <span class='ocr_line' id='line_1_143' title="bbox 1408 2505 2479 2546; baseline 0.001 -11"><span class='ocrx_word' id='word_1_1137' title='bbox 1408 2511 1484 2535; x_wconf 92' lang='lat' dir='ltr'>tunc</span> <span class='ocrx_word' id='word_1_1138' title='bbox 1507 2511 1582 2535; x_wconf 90' lang='lat' dir='ltr'>sunt</span> <span class='ocrx_word' id='word_1_1139' title='bbox 1605 2511 1707 2536; x_wconf 89' lang='lat' dir='ltr'>certae</span> <span class='ocrx_word' id='word_1_1140' title='bbox 1731 2514 1805 2535; x_wconf 93' lang='lat' dir='ltr'>cum</span> <span class='ocrx_word' id='word_1_1141' title='bbox 1830 2505 2004 2537; x_wconf 85' lang='lat' dir='ltr'>ostendunt</span> <span class='ocrx_word' id='word_1_1142' title='bbox 2026 2505 2058 2535; x_wconf 92' lang='lat' dir='ltr'>id</span> <span class='ocrx_word' id='word_1_1143' title='bbox 2082 2505 2172 2546; x_wconf 87' lang='lat' dir='ltr'>quod</span> <span class='ocrx_word' id='word_1_1144' title='bbox 2196 2515 2252 2546; x_wconf 89' lang='lat' dir='ltr'>per</span> <span class='ocrx_word' id='word_1_1145' title='bbox 2275 2515 2308 2536; x_wconf 89' lang='lat' dir='ltr'>se</span> <span class='ocrx_word' id='word_1_1146' title='bbox 2335 2512 2366 2536; x_wconf 91' lang='lat' dir='ltr'>et</span> <span class='ocrx_word' id='word_1_1147' title='bbox 2389 2512 2425 2536; x_wconf 89' lang='lat' dir='ltr'>ut</span> <span class='ocrx_word' id='word_1_1148' title='bbox 2446 2505 2479 2536; x_wconf 89' lang='lat' dir='ltr'>in</span> 
     </span>
     <span class='ocr_line' id='line_1_144' title="bbox 1408 2549 2482 2589; baseline 0.002 -10"><span class='ocrx_word' id='word_1_1149' title='bbox 1408 2549 1553 2589; x_wconf 89' lang='lat' dir='ltr'>pluribus</span> <span class='ocrx_word' id='word_1_1150' title='bbox 1576 2556 1698 2580; x_wconf 91' lang='lat' dir='ltr'>rectum</span> <span class='ocrx_word' id='word_1_1151' title='bbox 1721 2556 1776 2580; x_wconf 82' lang='lat' dir='ltr'>aut</span> <span class='ocrx_word' id='word_1_1152' title='bbox 1799 2559 1865 2580; x_wconf 91' lang='lat' dir='ltr'>non</span> <span class='ocrx_word' id='word_1_1153' title='bbox 1889 2556 2010 2580; x_wconf 88' lang='lat' dir='ltr'>rectum</span> <span class='ocrx_word' id='word_1_1154' title='bbox 2036 2556 2097 2586; x_wconf 89' lang='lat' dir='ltr'>est;</span> <span class='ocrx_word' id='word_1_1155' title='bbox 2122 2556 2152 2580; x_wconf 92' lang='lat' dir='ltr'>et</span> <span class='ocrx_word' id='word_1_1156' title='bbox 2175 2549 2252 2580; x_wconf 87' lang='lat' dir='ltr'>haec</span> <span class='ocrx_word' id='word_1_1157' title='bbox 2266 2550 2315 2588; x_wconf 53' lang='lat' dir='ltr'>⁶ad</span> <span class='ocrx_word' id='word_1_1158' title='bbox 2339 2557 2482 2581; x_wconf 86' lang='lat' dir='ltr'>constru—</span> 
     </span>
     <span class='ocr_line' id='line_1_145' title="bbox 1408 2593 2483 2635; baseline 0.001 -11"><span class='ocrx_word' id='word_1_1159' title='bbox 1408 2593 1548 2624; x_wconf 88' lang='lat' dir='ltr'>ctionem</span> <span class='ocrx_word' id='word_1_1160' title='bbox 1573 2593 1757 2624; x_wconf 86' lang='lat' dir='ltr'>universalis</span> <span class='ocrx_word' id='word_1_1161' title='bbox 1780 2593 1812 2624; x_wconf 93' lang='lat' dir='ltr'>in</span> <span class='ocrx_word' id='word_1_1162' title='bbox 1838 2594 2011 2625; x_wconf 89' lang='lat' dir='ltr'>moralibus</span> <span class='ocrx_word' id='word_1_1163' title='bbox 2035 2593 2213 2631; x_wconf 89' lang='lat' dir='ltr'>sufficiunt,</span> <span class='ocrx_word' id='word_1_1164' title='bbox 2241 2593 2300 2625; x_wconf 87' lang='lat' dir='ltr'>nisi</span> <span class='ocrx_word' id='word_1_1165' title='bbox 2324 2595 2411 2635; x_wconf 88' lang='lat' dir='ltr'>apud</span> <span class='ocrx_word' id='word_1_1166' title='bbox 2434 2593 2483 2626; x_wconf 85' lang='lat' dir='ltr'>di-</span> 
     </span>
     <span class='ocr_line' id='line_1_146' title="bbox 1407 2638 2484 2679; baseline 0.002 -11"><span class='ocrx_word' id='word_1_1167' title='bbox 1407 2638 1558 2678; x_wconf 86' lang='lat' dir='ltr'>sciplinae</span> <span class='ocrx_word' id='word_1_1168' title='bbox 1578 2638 1752 2679; x_wconf 89' lang='lat' dir='ltr'>incapaces,</span> <span class='ocrx_word' id='word_1_1169' title='bbox 1771 2645 1828 2669; x_wconf 92' lang='lat' dir='ltr'>etc.</span> <span class='ocrx_word' id='word_1_1170' title='bbox 1845 2638 1863 2658; x_wconf 83' lang='grc'>*</span> <span class='ocrx_word' id='word_1_1171' title='bbox 1886 2639 1962 2676; x_wconf 94' lang='lat' dir='ltr'>Quo</span> <span class='ocrx_word' id='word_1_1172' title='bbox 1978 2638 2014 2669; x_wconf 90' lang='lat' dir='ltr'>fit</span> <span class='ocrx_word' id='word_1_1173' title='bbox 2029 2645 2065 2669; x_wconf 91' lang='lat' dir='ltr'>ut</span> <span class='ocrx_word' id='word_1_1174' title='bbox 2088 2638 2162 2670; x_wconf 81' lang='lat' dir='ltr'>satis</span> <span class='ocrx_word' id='word_1_1175' title='bbox 2186 2638 2342 2670; x_wconf 86' lang='lat' dir='ltr'>inerudite</span> <span class='ocrx_word' id='word_1_1176' title='bbox 2362 2638 2484 2671; x_wconf 87' lang='lat' dir='ltr'>dicatur</span> 
     </span>
     <span class='ocr_line' id='line_1_147' title="bbox 1408 2682 2482 2725; baseline 0.001 -11"><span class='ocrx_word' id='word_1_1177' title='bbox 1408 2683 1498 2723; x_wconf 92' lang='lat' dir='ltr'>quod</span> <span class='ocrx_word' id='word_1_1178' title='bbox 1522 2682 1656 2723; x_wconf 87' lang='lat' dir='ltr'>privatio</span> <span class='ocrx_word' id='word_1_1179' title='bbox 1680 2682 1801 2713; x_wconf 90' lang='lat' dir='ltr'>ordinis</span> <span class='ocrx_word' id='word_1_1180' title='bbox 1825 2683 1864 2714; x_wconf 85' lang='lat' dir='ltr'>ad</span> <span class='ocrx_word' id='word_1_1181' title='bbox 1887 2683 2125 2723; x_wconf 87' lang='lat' dir='ltr'>generationem</span> <span class='ocrx_word' id='word_1_1182' title='bbox 2148 2693 2215 2714; x_wconf 90' lang='lat' dir='ltr'>non</span> <span class='ocrx_word' id='word_1_1183' title='bbox 2237 2690 2284 2714; x_wconf 90' lang='lat' dir='ltr'>est</span> <span class='ocrx_word' id='word_1_1184' title='bbox 2307 2683 2482 2725; x_wconf 82' lang='lat' dir='ltr'>adaequata</span> 
     </span>
     <span class='ocr_line' id='line_1_148' title="bbox 1408 2727 2481 2770; baseline 0.001 -12"><span class='ocrx_word' id='word_1_1185' title='bbox 1408 2734 1439 2758; x_wconf 89' lang='lat' dir='ltr'>et</span> <span class='ocrx_word' id='word_1_1186' title='bbox 1463 2727 1590 2768; x_wconf 90' lang='lat' dir='ltr'>propria</span> <span class='ocrx_word' id='word_1_1187' title='bbox 1614 2727 1694 2758; x_wconf 87' lang='lat' dir='ltr'>ratio</span> <span class='ocrx_word' id='word_1_1188' title='bbox 1720 2737 1817 2768; x_wconf 85' lang='lat' dir='ltr'>quare</span> <span class='ocrx_word' id='word_1_1189' title='bbox 1847 2727 2036 2759; x_wconf 88' lang='lat' dir='ltr'>concubitus</span> <span class='ocrx_word' id='word_1_1190' title='bbox 2064 2727 2214 2759; x_wconf 83' lang='lat' dir='ltr'>reddatur</span> <span class='ocrx_word' id='word_1_1191' title='bbox 2236 2727 2382 2765; x_wconf 86' lang='lat' dir='ltr'>illicitus,</span> <span class='ocrx_word' id='word_1_1192' title='bbox 2405 2727 2481 2770; x_wconf 86' lang='lat' dir='ltr'>quia</span> 
     </span>
     <span class='ocr_line' id='line_1_149' title="bbox 1409 2771 2480 2813; baseline 0.002 -11"><span class='ocrx_word' id='word_1_1193' title='bbox 1409 2772 1598 2803; x_wconf 88' lang='lat' dir='ltr'>concubitus</span> <span class='ocrx_word' id='word_1_1194' title='bbox 1621 2782 1695 2803; x_wconf 90' lang='lat' dir='ltr'>cum</span> <span class='ocrx_word' id='word_1_1195' title='bbox 1720 2772 1815 2803; x_wconf 89' lang='lat' dir='ltr'>sterili</span> <span class='ocrx_word' id='word_1_1196' title='bbox 1841 2782 1939 2803; x_wconf 90' lang='lat' dir='ltr'>uxore</span> <span class='ocrx_word' id='word_1_1197' title='bbox 1963 2782 2029 2803; x_wconf 89' lang='lat' dir='ltr'>non</span> <span class='ocrx_word' id='word_1_1198' title='bbox 2052 2779 2099 2804; x_wconf 89' lang='lat' dir='ltr'>est</span> <span class='ocrx_word' id='word_1_1199' title='bbox 2121 2779 2215 2813; x_wconf 87' lang='lat' dir='ltr'>aptus</span> <span class='ocrx_word' id='word_1_1200' title='bbox 2237 2772 2278 2803; x_wconf 91' lang='lat' dir='ltr'>ad</span> <span class='ocrx_word' id='word_1_1201' title='bbox 2305 2771 2480 2813; x_wconf 77' lang='lat' dir='ltr'>generatio-</span> 
     </span>
     <span class='ocr_line' id='line_1_150' title="bbox 1409 2816 2481 2858; baseline 0.001 -11"><span class='ocrx_word' id='word_1_1202' title='bbox 1409 2827 1483 2847; x_wconf 89' lang='lat' dir='ltr'>nem</span> <span class='ocrx_word' id='word_1_1203' title='bbox 1507 2823 1538 2847; x_wconf 91' lang='lat' dir='ltr'>et</span> <span class='ocrx_word' id='word_1_1204' title='bbox 1561 2824 1668 2847; x_wconf 87' lang='lat' dir='ltr'>tamen</span> <span class='ocrx_word' id='word_1_1205' title='bbox 1691 2824 1738 2847; x_wconf 87' lang='lat' dir='ltr'>est</span> <span class='ocrx_word' id='word_1_1206' title='bbox 1761 2816 1879 2847; x_wconf 89' lang='lat' dir='ltr'>licitus:</span> <span class='ocrx_word' id='word_1_1207' title='bbox 1904 2817 1947 2848; x_wconf 89' lang='lat' dir='ltr'>ita</span> <span class='ocrx_word' id='word_1_1208' title='bbox 1971 2817 2059 2858; x_wconf 89' lang='lat' dir='ltr'>quod</span> <span class='ocrx_word' id='word_1_1209' title='bbox 2083 2827 2150 2848; x_wconf 91' lang='lat' dir='ltr'>non</span> <span class='ocrx_word' id='word_1_1210' title='bbox 2173 2817 2364 2848; x_wconf 87' lang='lat' dir='ltr'>erubescunt</span> <span class='ocrx_word' id='word_1_1211' title='bbox 2379 2817 2481 2849; x_wconf 85' lang='lat' dir='ltr'>dicere</span> 
     </span>
     <span class='ocr_line' id='line_1_151' title="bbox 1408 2860 2482 2903; baseline 0 -11"><span class='ocrx_word' id='word_1_1212' title='bbox 1408 2862 1507 2903; x_wconf 90' lang='lat' dir='ltr'>quod,</span> <span class='ocrx_word' id='word_1_1213' title='bbox 1528 2868 1827 2902; x_wconf 86' lang='lat' dir='ltr'>quantumcumque</span> <span class='ocrx_word' id='word_1_1214' title='bbox 1844 2861 2032 2892; x_wconf 87' lang='lat' dir='ltr'>concubitus</span> <span class='ocrx_word' id='word_1_1215' title='bbox 2053 2871 2126 2893; x_wconf 89' lang='lat' dir='ltr'>cum</span> <span class='ocrx_word' id='word_1_1216' title='bbox 2148 2861 2244 2892; x_wconf 87' lang='lat' dir='ltr'>sterili</span> <span class='ocrx_word' id='word_1_1217' title='bbox 2259 2870 2316 2903; x_wconf 86' lang='lat' dir='ltr'>per</span> <span class='ocrx_word' id='word_1_1218' title='bbox 2338 2860 2482 2892; x_wconf 77' lang='lat' dir='ltr'>accidens</span> 
     </span>
     <span class='ocr_line' id='line_1_152' title="bbox 1409 2905 2482 2947; baseline 0 -11"><span class='ocrx_word' id='word_1_1219' title='bbox 1409 2906 1448 2937; x_wconf 88' lang='lat' dir='ltr'>sit</span> <span class='ocrx_word' id='word_1_1220' title='bbox 1471 2906 1598 2947; x_wconf 91' lang='lat' dir='ltr'>ineptus</span> <span class='ocrx_word' id='word_1_1221' title='bbox 1622 2906 1661 2936; x_wconf 88' lang='lat' dir='ltr'>ad</span> <span class='ocrx_word' id='word_1_1222' title='bbox 1677 2905 1925 2946; x_wconf 85' lang='lat' dir='ltr'>generationem,</span> <span class='ocrx_word' id='word_1_1223' title='bbox 1942 2916 1979 2937; x_wconf 91' lang='lat' dir='ltr'>ex</span> <span class='ocrx_word' id='word_1_1224' title='bbox 2003 2906 2064 2937; x_wconf 89' lang='lat' dir='ltr'>hoc</span> <span class='ocrx_word' id='word_1_1225' title='bbox 2081 2905 2225 2947; x_wconf 89' lang='lat' dir='ltr'>sequitur</span> <span class='ocrx_word' id='word_1_1226' title='bbox 2239 2906 2328 2947; x_wconf 91' lang='lat' dir='ltr'>quod</span> <span class='ocrx_word' id='word_1_1227' title='bbox 2349 2915 2414 2936; x_wconf 93' lang='lat' dir='ltr'>non</span> <span class='ocrx_word' id='word_1_1228' title='bbox 2431 2915 2482 2937; x_wconf 88' lang='lat' dir='ltr'>or-</span> 
     </span>
     <span class='ocr_line' id='line_1_153' title="bbox 1409 2949 2481 2992; baseline -0.001 -10"><span class='ocrx_word' id='word_1_1229' title='bbox 1409 2950 1510 2982; x_wconf 90' lang='lat' dir='ltr'>dinari</span> <span class='ocrx_word' id='word_1_1230' title='bbox 1527 2951 1567 2981; x_wconf 87' lang='lat' dir='ltr'>ad</span> <span class='ocrx_word' id='word_1_1231' title='bbox 1580 2950 1818 2991; x_wconf 83' lang='lat' dir='ltr'>generationem</span> <span class='ocrx_word' id='word_1_1232' title='bbox 1842 2960 1908 2981; x_wconf 89' lang='lat' dir='ltr'>non</span> <span class='ocrx_word' id='word_1_1233' title='bbox 1933 2957 1979 2982; x_wconf 88' lang='lat' dir='ltr'>est</span> <span class='ocrx_word' id='word_1_1234' title='bbox 2002 2950 2142 2991; x_wconf 85' lang='lat' dir='ltr'>praecisa</span> <span class='ocrx_word' id='word_1_1235' title='bbox 2157 2957 2189 2982; x_wconf 90' lang='lat' dir='ltr'>et</span> <span class='ocrx_word' id='word_1_1236' title='bbox 2203 2951 2379 2992; x_wconf 86' lang='lat' dir='ltr'>adaequata</span> <span class='ocrx_word' id='word_1_1237' title='bbox 2401 2949 2481 2981; x_wconf 86' lang='lat' dir='ltr'>ratio</span> 
     </span>
     <span class='ocr_line' id='line_1_154' title="bbox 1409 2994 2481 3036; baseline 0 -10"><span class='ocrx_word' id='word_1_1238' title='bbox 1409 2995 1523 3031; x_wconf 90' lang='lat' dir='ltr'>illiciti,</span> <span class='ocrx_word' id='word_1_1239' title='bbox 1548 2995 1624 3036; x_wconf 85' lang='lat' dir='ltr'>quia</span> <span class='ocrx_word' id='word_1_1240' title='bbox 1653 2994 1849 3036; x_wconf 87' lang='lat' dir='ltr'>ubicumque</span> <span class='ocrx_word' id='word_1_1241' title='bbox 1876 2994 2070 3026; x_wconf 90' lang='lat' dir='ltr'>inveniretur</span> <span class='ocrx_word' id='word_1_1242' title='bbox 2099 3005 2137 3026; x_wconf 84' lang='lat' dir='ltr'>ex</span> <span class='ocrx_word' id='word_1_1243' title='bbox 2163 3004 2371 3036; x_wconf 87' lang='lat' dir='ltr'>quocumque</span> <span class='ocrx_word' id='word_1_1244' title='bbox 2402 2994 2481 3026; x_wconf 80' lang='lat' dir='ltr'>acei-</span> 
     </span>
    </p>
   </div>
   <div class='ocr_carea' id='block_1_18' title="bbox 2509 2200 2708 2230">
    <p class='ocr_par' dir='ltr' id='par_1_30' title="bbox 2509 2200 2708 2230">
     <span class='ocr_line' id='line_1_155' title="bbox 2509 2200 2708 2230; baseline 0 -7"><span class='ocrx_word' id='word_1_1245' title='bbox 2509 2201 2519 2211; x_wconf 94' lang='lat'>⁸</span> <span class='ocrx_word' id='word_1_1246' title='bbox 2532 2200 2603 2223; x_wconf 80' lang='lat' dir='ltr'>Num.</span> <span class='ocrx_word' id='word_1_1247' title='bbox 2618 2206 2643 2223; x_wconf 78' lang='grc' dir='ltr'>π</span> <span class='ocrx_word' id='word_1_1248' title='bbox 2655 2207 2708 2230; x_wconf 76' lang='lat' dir='ltr'>sqq.</span> 
     </span>
    </p>
   </div>
   <div class='ocr_carea' id='block_1_19' title="bbox 2507 2641 2721 2752">
    <p class='ocr_par' dir='ltr' id='par_1_31' title="bbox 2507 2641 2721 2752">
     <span class='ocr_line' id='line_1_156' title="bbox 2507 2641 2721 2699; baseline 0 -1"><span class='ocrx_word' id='word_1_1249' title='bbox 2507 2641 2721 2699; x_wconf 51' lang='grc' dir='ltr'>ἱιῧῗῖιέῗὶἰῖ</span> 
     </span>
     <span class='ocr_line' id='line_1_157' title="bbox 2508 2695 2720 2752; baseline 0 -6"><span class='ocrx_word' id='word_1_1250' title='bbox 2508 2702 2536 2746; x_wconf 61' lang='lat'>{¹13</span> <span class='ocrx_word' id='word_1_1251' title='bbox 2543 2695 2656 2752; x_wconf 52' lang='lat' dir='ltr'>aaa</span> <span class='ocrx_word' id='word_1_1252' title='bbox 2669 2697 2720 2719; x_wconf 71' lang='lat'><strong>¹⁶⁶¹·</strong></span> 
     </span>
    </p>
   </div>
   <div class='ocr_carea' id='block_1_20' title="bbox 2507 2739 2720 2800">
    <p class='ocr_par' dir='ltr' id='par_1_32' title="bbox 2507 2739 2720 2800">
     <span class='ocr_line' id='line_1_158' title="bbox 2507 2739 2720 2800; baseline 0 -1"><span class='ocrx_word' id='word_1_1253' title='bbox 2507 2756 2670 2800; x_wconf 57' lang='lat' dir='ltr'>taff-3:⁴³*</span> <span class='ocrx_word' id='word_1_1254' title='bbox 2715 2739 2720 2772; x_wconf 82' lang='lat'>³</span> 
     </span>
    </p>
   </div>
   <div class='ocr_carea' id='block_1_21' title="bbox 1410 3038 2510 3076">
    <p class='ocr_par' dir='ltr' id='par_1_33' title="bbox 1410 3038 2510 3076">
     <span class='ocr_line' id='line_1_159' title="bbox 1410 3038 2510 3076; baseline -0.002 -5"><span class='ocrx_word' id='word_1_1255' title='bbox 1410 3040 1513 3076; x_wconf 89' lang='lat' dir='ltr'>dente,</span> <span class='ocrx_word' id='word_1_1256' title='bbox 1538 3040 1742 3071; x_wconf 89' lang='lat' dir='ltr'>constitueret</span> <span class='ocrx_word' id='word_1_1257' title='bbox 1765 3039 1920 3071; x_wconf 89' lang='lat' dir='ltr'>illicitum.</span> <span class='ocrx_word' id='word_1_1258' title='bbox 1946 3039 2007 3070; x_wconf 85' lang='lat' dir='ltr'>Hic</span> <span class='ocrx_word' id='word_1_1259' title='bbox 2031 3039 2116 3070; x_wconf 87' lang='lat' dir='ltr'>enim</span> <span class='ocrx_word' id='word_1_1260' title='bbox 2140 3039 2266 3070; x_wconf 85' lang='lat' dir='ltr'>Martini</span> <span class='ocrx_word' id='word_1_1261' title='bbox 2291 3049 2377 3070; x_wconf 88' lang='lat' dir='ltr'>error</span> <span class='ocrx_word' id='word_1_1262' title='bbox 2399 3038 2482 3070; x_wconf 86' lang='lat' dir='ltr'>into·</span> <span class='ocrx_word' id='word_1_1263' title='bbox 2508 3064 2510 3067; x_wconf 94' lang='lat'>.</span> 
     </span>
    </p>
   </div>
   <div class='ocr_carea' id='block_1_22' title="bbox 1408 3083 2483 3693">
    <p class='ocr_par' dir='ltr' id='par_1_34' title="bbox 1408 3083 2483 3693">
     <span class='ocr_line' id='line_1_160' title="bbox 1408 3083 2482 3125; baseline -0.001 -10"><span class='ocrx_word' id='word_1_1264' title='bbox 1408 3084 1555 3122; x_wconf 90' lang='lat' dir='ltr'>lerabilis,</span> <span class='ocrx_word' id='word_1_1265' title='bbox 1571 3083 1781 3116; x_wconf 88' lang='lat' dir='ltr'>destructivus</span> <span class='ocrx_word' id='word_1_1266' title='bbox 1801 3084 1899 3116; x_wconf 87' lang='lat' dir='ltr'>totius</span> <span class='ocrx_word' id='word_1_1267' title='bbox 1919 3083 2143 3125; x_wconf 85' lang='lat' dir='ltr'>philosophiae</span> <span class='ocrx_word' id='word_1_1268' title='bbox 2161 3083 2301 3120; x_wconf 86' lang='lat' dir='ltr'>moralis,</span> <span class='ocrx_word' id='word_1_1269' title='bbox 2318 3083 2482 3115; x_wconf 90' lang='lat' dir='ltr'>miscendo</span> 
     </span>
     <span class='ocr_line' id='line_1_161' title="bbox 1410 3127 2481 3170; baseline -0.001 -10"><span class='ocrx_word' id='word_1_1270' title='bbox 1410 3139 1466 3170; x_wconf 87' lang='lat' dir='ltr'>per</span> <span class='ocrx_word' id='word_1_1271' title='bbox 1491 3139 1524 3160; x_wconf 91' lang='lat' dir='ltr'>se</span> <span class='ocrx_word' id='word_1_1272' title='bbox 1548 3136 1578 3160; x_wconf 91' lang='lat' dir='ltr'>et</span> <span class='ocrx_word' id='word_1_1273' title='bbox 1602 3139 1658 3170; x_wconf 89' lang='lat' dir='ltr'>per</span> <span class='ocrx_word' id='word_1_1274' title='bbox 1685 3128 1840 3164; x_wconf 81' lang='lat' dir='ltr'>accidens,</span> <span class='ocrx_word' id='word_1_1275' title='bbox 1870 3135 1900 3160; x_wconf 87' lang='lat' dir='ltr'>et</span> <span class='ocrx_word' id='word_1_1276' title='bbox 1923 3138 1960 3160; x_wconf 84' lang='lat' dir='ltr'>ex</span> <span class='ocrx_word' id='word_1_1277' title='bbox 1983 3127 2032 3159; x_wconf 87' lang='lat' dir='ltr'>his</span> <span class='ocrx_word' id='word_1_1278' title='bbox 2054 3138 2138 3170; x_wconf 88' lang='lat' dir='ltr'>quae</span> <span class='ocrx_word' id='word_1_1279' title='bbox 2161 3135 2236 3159; x_wconf 87' lang='lat' dir='ltr'>sunt</span> <span class='ocrx_word' id='word_1_1280' title='bbox 2258 3137 2314 3169; x_wconf 87' lang='lat' dir='ltr'>per</span> <span class='ocrx_word' id='word_1_1281' title='bbox 2337 3128 2481 3159; x_wconf 87' lang='lat' dir='ltr'>accidens</span> 
     </span>
     <span class='ocr_line' id='line_1_162' title="bbox 1410 3172 2483 3214; baseline 0.001 -10"><span class='ocrx_word' id='word_1_1282' title='bbox 1410 3173 1578 3205; x_wconf 86' lang='lat' dir='ltr'>falsificans</span> <span class='ocrx_word' id='word_1_1283' title='bbox 1602 3173 1779 3204; x_wconf 84' lang='lat' dir='ltr'>universale</span> <span class='ocrx_word' id='word_1_1284' title='bbox 1803 3183 1839 3205; x_wconf 83' lang='lat' dir='ltr'>ex</span> <span class='ocrx_word' id='word_1_1285' title='bbox 1868 3172 1916 3204; x_wconf 84' lang='lat' dir='ltr'>his</span> <span class='ocrx_word' id='word_1_1286' title='bbox 1938 3182 2021 3214; x_wconf 86' lang='lat' dir='ltr'>quae</span> <span class='ocrx_word' id='word_1_1287' title='bbox 2044 3179 2119 3203; x_wconf 88' lang='lat' dir='ltr'>sunt</span> <span class='ocrx_word' id='word_1_1288' title='bbox 2141 3182 2198 3213; x_wconf 87' lang='lat' dir='ltr'>per</span> <span class='ocrx_word' id='word_1_1289' title='bbox 2221 3182 2263 3209; x_wconf 91' lang='lat' dir='ltr'>se,</span> <span class='ocrx_word' id='word_1_1290' title='bbox 2281 3172 2354 3204; x_wconf 86' lang='lat' dir='ltr'>satis</span> <span class='ocrx_word' id='word_1_1291' title='bbox 2377 3173 2483 3205; x_wconf 88' lang='lat' dir='ltr'>exclu-</span> 
     </span>
     <span class='ocr_line' id='line_1_163' title="bbox 1410 3216 2482 3258; baseline -0.001 -9"><span class='ocrx_word' id='word_1_1292' title='bbox 1410 3229 1463 3249; x_wconf 90' lang='lat' dir='ltr'>sus</span> <span class='ocrx_word' id='word_1_1293' title='bbox 1487 3225 1534 3250; x_wconf 88' lang='lat' dir='ltr'>est</span> <span class='ocrx_word' id='word_1_1294' title='bbox 1557 3219 1596 3249; x_wconf 90' lang='lat' dir='ltr'>ab</span> <span class='ocrx_word' id='word_1_1295' title='bbox 1627 3217 1795 3250; x_wconf 75' lang='lat' dir='ltr'>Aristotele</span> <span class='ocrx_word' id='word_1_1296' title='bbox 1825 3217 1960 3249; x_wconf 85' lang='lat' dir='ltr'>docente</span> <span class='ocrx_word' id='word_1_1297' title='bbox 1974 3216 1992 3236; x_wconf 82' lang='grc'>*</span> <span class='ocrx_word' id='word_1_1298' title='bbox 2023 3216 2126 3258; x_wconf 85' lang='lat' dir='ltr'>qualis</span> <span class='ocrx_word' id='word_1_1299' title='bbox 2153 3217 2186 3247; x_wconf 92' lang='lat' dir='ltr'>in</span> <span class='ocrx_word' id='word_1_1300' title='bbox 2214 3217 2390 3248; x_wconf 87' lang='lat' dir='ltr'>moralibus</span> <span class='ocrx_word' id='word_1_1301' title='bbox 2417 3227 2482 3249; x_wconf 87' lang='lat' dir='ltr'>cer-</span> 
     </span>
     <span class='ocr_line' id='line_1_164' title="bbox 1410 3260 2482 3304; baseline 0 -10"><span class='ocrx_word' id='word_1_1302' title='bbox 1410 3263 1524 3300; x_wconf 86' lang='lat' dir='ltr'>titudo,</span> <span class='ocrx_word' id='word_1_1303' title='bbox 1536 3262 1642 3304; x_wconf 87' lang='lat' dir='ltr'>qualia</span> <span class='ocrx_word' id='word_1_1304' title='bbox 1659 3262 1720 3294; x_wconf 82' lang='lat' dir='ltr'>sint</span> <span class='ocrx_word' id='word_1_1305' title='bbox 1736 3261 1871 3293; x_wconf 85' lang='lat' dir='ltr'>moralia</span> <span class='ocrx_word' id='word_1_1306' title='bbox 1887 3260 2090 3293; x_wconf 82' lang='lat' dir='ltr'>universalia:</span> <span class='ocrx_word' id='word_1_1307' title='bbox 2112 3261 2274 3302; x_wconf 86' lang='lat' dir='ltr'>praevisus</span> <span class='ocrx_word' id='word_1_1308' title='bbox 2291 3268 2321 3293; x_wconf 89' lang='lat' dir='ltr'>et</span> <span class='ocrx_word' id='word_1_1309' title='bbox 2337 3261 2482 3294; x_wconf 79' lang='lat' dir='ltr'>exclusus</span> 
     </span>
     <span class='ocr_line' id='line_1_165' title="bbox 1411 3305 2481 3343; baseline -0.001 -5"><span class='ocrx_word' id='word_1_1310' title='bbox 1411 3315 1457 3339; x_wconf 91' lang='lat' dir='ltr'>est</span> <span class='ocrx_word' id='word_1_1311' title='bbox 1472 3307 1510 3338; x_wconf 91' lang='lat' dir='ltr'>ab</span> <span class='ocrx_word' id='word_1_1312' title='bbox 1527 3310 1678 3343; x_wconf 83' lang='lat' dir='ltr'>Auctore,</span> <span class='ocrx_word' id='word_1_1313' title='bbox 1694 3306 1728 3337; x_wconf 90' lang='lat' dir='ltr'>in</span> <span class='ocrx_word' id='word_1_1314' title='bbox 1750 3305 1831 3338; x_wconf 88' lang='lat' dir='ltr'>libro</span> <span class='ocrx_word' id='word_1_1315' title='bbox 1850 3305 1973 3337; x_wconf 81' lang='lat' dir='ltr'>Contra</span> <span class='ocrx_word' id='word_1_1316' title='bbox 1991 3305 2084 3337; x_wconf 87' lang='lat' dir='ltr'>Gent.</span> <span class='ocrx_word' id='word_1_1317' title='bbox 2100 3308 2117 3325; x_wconf 78' lang='lat'>¹⁸⁸</span> <span class='ocrx_word' id='word_1_1318' title='bbox 2141 3312 2171 3337; x_wconf 90' lang='lat' dir='ltr'>et</span> <span class='ocrx_word' id='word_1_1319' title='bbox 2187 3305 2247 3337; x_wconf 88' lang='lat' dir='ltr'>hic.</span> <span class='ocrx_word' id='word_1_1320' title='bbox 2272 3306 2356 3337; x_wconf 92' lang='lat' dir='ltr'>Perit</span> <span class='ocrx_word' id='word_1_1321' title='bbox 2375 3305 2481 3338; x_wconf 86' lang='lat' dir='ltr'>omnis</span> 
     </span>
     <span class='ocr_line' id='line_1_166' title="bbox 1411 3350 2482 3392; baseline -0.001 -9"><span class='ocrx_word' id='word_1_1322' title='bbox 1411 3351 1563 3388; x_wconf 89' lang='lat' dir='ltr'>doctrina,</span> <span class='ocrx_word' id='word_1_1323' title='bbox 1588 3351 1648 3382; x_wconf 91' lang='lat' dir='ltr'>nisi</span> <span class='ocrx_word' id='word_1_1324' title='bbox 1670 3350 1798 3382; x_wconf 86' lang='lat' dir='ltr'>sistatur</span> <span class='ocrx_word' id='word_1_1325' title='bbox 1820 3350 1852 3381; x_wconf 87' lang='lat' dir='ltr'>in</span> <span class='ocrx_word' id='word_1_1326' title='bbox 1877 3350 1926 3381; x_wconf 85' lang='lat' dir='ltr'>his</span> <span class='ocrx_word' id='word_1_1327' title='bbox 1948 3359 2031 3391; x_wconf 86' lang='lat' dir='ltr'>quae</span> <span class='ocrx_word' id='word_1_1328' title='bbox 2054 3357 2129 3381; x_wconf 86' lang='lat' dir='ltr'>sunt</span> <span class='ocrx_word' id='word_1_1329' title='bbox 2152 3360 2208 3392; x_wconf 90' lang='lat' dir='ltr'>per</span> <span class='ocrx_word' id='word_1_1330' title='bbox 2230 3360 2273 3382; x_wconf 91' lang='lat' dir='ltr'>se.</span> <span class='ocrx_word' id='word_1_1331' title='bbox 2298 3351 2346 3382; x_wconf 91' lang='lat' dir='ltr'>De</span> <span class='ocrx_word' id='word_1_1332' title='bbox 2361 3350 2482 3382; x_wconf 86' lang='lat' dir='ltr'>ratione</span> 
     </span>
     <span class='ocr_line' id='line_1_167' title="bbox 1410 3394 2482 3436; baseline -0.001 -9"><span class='ocrx_word' id='word_1_1333' title='bbox 1410 3395 1629 3428; x_wconf 85' lang='lat' dir='ltr'>seminationis</span> <span class='ocrx_word' id='word_1_1334' title='bbox 1652 3394 1850 3426; x_wconf 86' lang='lat' dir='ltr'>voluntariae</span> <span class='ocrx_word' id='word_1_1335' title='bbox 1873 3401 1920 3425; x_wconf 88' lang='lat' dir='ltr'>est</span> <span class='ocrx_word' id='word_1_1336' title='bbox 1942 3395 2031 3436; x_wconf 90' lang='lat' dir='ltr'>quod</span> <span class='ocrx_word' id='word_1_1337' title='bbox 2060 3395 2238 3426; x_wconf 89' lang='lat' dir='ltr'>secundum</span> <span class='ocrx_word' id='word_1_1338' title='bbox 2262 3405 2294 3426; x_wconf 88' lang='lat' dir='ltr'>se</span> <span class='ocrx_word' id='word_1_1339' title='bbox 2318 3395 2482 3427; x_wconf 86' lang='lat' dir='ltr'>ordinetur</span> 
     </span>
     <span class='ocr_line' id='line_1_168' title="bbox 1410 3439 2482 3480; baseline -0.001 -8"><span class='ocrx_word' id='word_1_1340' title='bbox 1410 3441 1451 3472; x_wconf 85' lang='lat' dir='ltr'>ad</span> <span class='ocrx_word' id='word_1_1341' title='bbox 1473 3440 1721 3480; x_wconf 83' lang='lat' dir='ltr'>generationem,</span> <span class='ocrx_word' id='word_1_1342' title='bbox 1746 3449 1804 3470; x_wconf 88' lang='lat' dir='ltr'>nec</span> <span class='ocrx_word' id='word_1_1343' title='bbox 1826 3439 1889 3469; x_wconf 90' lang='lat' dir='ltr'>hoc</span> <span class='ocrx_word' id='word_1_1344' title='bbox 1914 3448 2058 3480; x_wconf 85' lang='lat' dir='ltr'>unquam</span> <span class='ocrx_word' id='word_1_1345' title='bbox 2081 3439 2196 3470; x_wconf 86' lang='lat' dir='ltr'>auferri</span> <span class='ocrx_word' id='word_1_1346' title='bbox 2219 3446 2341 3480; x_wconf 87' lang='lat' dir='ltr'>potest:</span> <span class='ocrx_word' id='word_1_1347' title='bbox 2365 3439 2421 3471; x_wconf 92' lang='lat' dir='ltr'>sed</span> <span class='ocrx_word' id='word_1_1348' title='bbox 2444 3449 2482 3471; x_wconf 81' lang='lat' dir='ltr'>ex</span> 
     </span>
     <span class='ocr_line' id='line_1_169' title="bbox 1410 3483 2481 3525; baseline -0.001 -9"><span class='ocrx_word' id='word_1_1349' title='bbox 1410 3484 1625 3520; x_wconf 81' lang='lat' dir='ltr'>accidentibus</span> <span class='ocrx_word' id='word_1_1350' title='bbox 1647 3483 1852 3524; x_wconf 85' lang='lat' dir='ltr'>aegritudinis</span> <span class='ocrx_word' id='word_1_1351' title='bbox 1875 3483 1926 3514; x_wconf 85' lang='lat' dir='ltr'>vel</span> <span class='ocrx_word' id='word_1_1352' title='bbox 1949 3483 2072 3520; x_wconf 89' lang='lat' dir='ltr'>aetatis,</span> <span class='ocrx_word' id='word_1_1353' title='bbox 2097 3491 2172 3521; x_wconf 88' lang='lat' dir='ltr'>etc.,</span> <span class='ocrx_word' id='word_1_1354' title='bbox 2196 3483 2231 3514; x_wconf 86' lang='lat' dir='ltr'>fit</span> <span class='ocrx_word' id='word_1_1355' title='bbox 2254 3493 2310 3525; x_wconf 86' lang='lat' dir='ltr'>per</span> <span class='ocrx_word' id='word_1_1356' title='bbox 2338 3483 2481 3515; x_wconf 79' lang='lat' dir='ltr'>accidens</span> 
     </span>
     <span class='ocr_line' id='line_1_170' title="bbox 1410 3526 2482 3568; baseline -0.001 -8"><span class='ocrx_word' id='word_1_1357' title='bbox 1410 3536 1446 3560; x_wconf 91' lang='lat' dir='ltr'>ut</span> <span class='ocrx_word' id='word_1_1358' title='bbox 1468 3529 1501 3559; x_wconf 90' lang='lat' dir='ltr'>in</span> <span class='ocrx_word' id='word_1_1359' title='bbox 1524 3529 1583 3560; x_wconf 89' lang='lat' dir='ltr'>hac</span> <span class='ocrx_word' id='word_1_1360' title='bbox 1606 3538 1672 3559; x_wconf 86' lang='lat' dir='ltr'>non</span> <span class='ocrx_word' id='word_1_1361' title='bbox 1695 3527 1844 3558; x_wconf 84' lang='lat' dir='ltr'>sortiatur</span> <span class='ocrx_word' id='word_1_1362' title='bbox 1868 3526 2015 3559; x_wconf 77' lang='lat' dir='ltr'>effectum</span> <span class='ocrx_word' id='word_1_1363' title='bbox 2030 3528 2253 3568; x_wconf 87' lang='lat' dir='ltr'>generationis.</span> <span class='ocrx_word' id='word_1_1364' title='bbox 2278 3527 2350 3559; x_wconf 80' lang='lat' dir='ltr'>Hoc</span> <span class='ocrx_word' id='word_1_1365' title='bbox 2373 3534 2482 3559; x_wconf 77' lang='lat' dir='ltr'>autem</span> 
     </span>
     <span class='ocr_line' id='line_1_171' title="bbox 1410 3571 2481 3614; baseline -0.001 -10"><span class='ocrx_word' id='word_1_1366' title='bbox 1410 3583 1476 3604; x_wconf 91' lang='lat' dir='ltr'>non</span> <span class='ocrx_word' id='word_1_1367' title='bbox 1507 3580 1633 3604; x_wconf 85' lang='lat' dir='ltr'>accusat</span> <span class='ocrx_word' id='word_1_1368' title='bbox 1663 3571 1871 3604; x_wconf 87' lang='lat' dir='ltr'>concubitum</span> <span class='ocrx_word' id='word_1_1369' title='bbox 1904 3571 2120 3612; x_wconf 88' lang='lat' dir='ltr'>coniugalem,</span> <span class='ocrx_word' id='word_1_1370' title='bbox 2146 3573 2221 3614; x_wconf 88' lang='lat' dir='ltr'>quia</span> <span class='ocrx_word' id='word_1_1371' title='bbox 2251 3582 2306 3613; x_wconf 89' lang='lat' dir='ltr'>per</span> <span class='ocrx_word' id='word_1_1372' title='bbox 2337 3571 2481 3604; x_wconf 88' lang='lat' dir='ltr'>accidens</span> 
     </span>
     <span class='ocr_line' id='line_1_172' title="bbox 1409 3615 2480 3658; baseline -0.002 -10"><span class='ocrx_word' id='word_1_1373' title='bbox 1409 3625 1473 3648; x_wconf 88' lang='lat' dir='ltr'>est:</span> <span class='ocrx_word' id='word_1_1374' title='bbox 1498 3618 1579 3648; x_wconf 86' lang='lat' dir='ltr'>sicut</span> <span class='ocrx_word' id='word_1_1375' title='bbox 1603 3627 1660 3648; x_wconf 88' lang='lat' dir='ltr'>nec</span> <span class='ocrx_word' id='word_1_1376' title='bbox 1683 3617 1717 3647; x_wconf 92' lang='lat' dir='ltr'>id</span> <span class='ocrx_word' id='word_1_1377' title='bbox 1739 3616 1827 3658; x_wconf 90' lang='lat' dir='ltr'>quod</span> <span class='ocrx_word' id='word_1_1378' title='bbox 1854 3622 1900 3646; x_wconf 91' lang='lat' dir='ltr'>est</span> <span class='ocrx_word' id='word_1_1379' title='bbox 1923 3626 1978 3656; x_wconf 87' lang='lat' dir='ltr'>per</span> <span class='ocrx_word' id='word_1_1380' title='bbox 2002 3617 2146 3648; x_wconf 86' lang='lat' dir='ltr'>accidens</span> <span class='ocrx_word' id='word_1_1381' title='bbox 2179 3623 2306 3648; x_wconf 87' lang='lat' dir='ltr'>excusat</span> <span class='ocrx_word' id='word_1_1382' title='bbox 2329 3615 2480 3648; x_wconf 88' lang='lat' dir='ltr'>concubi-</span> 
     </span>
     <span class='ocr_line' id='line_1_173' title="bbox 1410 3661 1720 3693; baseline -0.003 0"><span class='ocrx_word' id='word_1_1383' title='bbox 1410 3669 1479 3693; x_wconf 89' lang='lat' dir='ltr'>tum</span> <span class='ocrx_word' id='word_1_1384' title='bbox 1504 3661 1720 3693; x_wconf 87' lang='lat' dir='ltr'>fornicarium.</span> 
     </span>
    </p>
   </div>
   <div class='ocr_carea' id='block_1_23' title="bbox 2510 3225 2588 3248">
    <p class='ocr_par' dir='ltr' id='par_1_35' title="bbox 2510 3225 2588 3248">
     <span class='ocr_line' id='line_1_174' title="bbox 2510 3225 2588 3248; baseline 0 0"><span class='ocrx_word' id='word_1_1385' title='bbox 2510 3225 2520 3236; x_wconf 82' lang='lat'>⁸</span> <span class='ocrx_word' id='word_1_1386' title='bbox 2528 3225 2588 3248; x_wconf 70' lang='lat' dir='ltr'>thid.</span> 
     </span>
    </p>
   </div>
   <div class='ocr_carea' id='block_1_24' title="bbox 2509 3313 2720 3363">
    <p class='ocr_par' dir='ltr' id='par_1_36' title="bbox 2509 3313 2720 3363">
     <span class='ocr_line' id='line_1_175' title="bbox 2510 3313 2720 3342; baseline -0.005 -6"><span class='ocrx_word' id='word_1_1387' title='bbox 2510 3315 2519 3325; x_wconf 91' lang='lat'>⁸</span> <span class='ocrx_word' id='word_1_1388' title='bbox 2535 3313 2586 3336; x_wconf 76' lang='lat' dir='ltr'>ub.</span> <span class='ocrx_word' id='word_1_1389' title='bbox 2606 3313 2651 3342; x_wconf 88' lang='lat' dir='ltr'>m,</span> <span class='ocrx_word' id='word_1_1390' title='bbox 2669 3319 2720 3342; x_wconf 68' lang='lat' dir='ltr'>up.</span> 
     </span>
     <span class='ocr_line' id='line_1_176' title="bbox 2509 3346 2578 3363; baseline -0.014 0"><span class='ocrx_word' id='word_1_1391' title='bbox 2509 3346 2578 3363; x_wconf 79' lang='lat' dir='ltr'>cxxn.</span> 
     </span>
    </p>
   </div>
  </div>
 </body>
</html>
