2768 4198
58 1702 69 1713 ⁸
84 1701 129 1728 Qu.
152 1705 213 1726 xcix,
228 1703 270 1721 art.

58 1734 78 1750 2.

58 1805 271 1881 ,franssfra

56 1866 65 1882 ί
84 1866 99 1881 α
102 1876 107 1881 .

59 2346 67 2354 “
82 2344 137 2371 Cap.
152 2349 198 2364 xvi.

61 2822 70 2832 ⁸
81 2822 127 2849 Qu.
138 2826 220 2846 Lmv,
229 2823 270 2841 art.

61 2855 84 2876 3;
100 2854 138 2875 qu.
152 2852 214 2873 xcix,
229 2849 268 2868 art.

61 2881 81 2899 2,
97 2874 124 2896 ad
139 2880 162 2900 2;
178 2873 200 2894 1·
216 2873 270 2898 11²²,

62 2907 99 2929 qu.
114 2906 178 2927 xvni,
193 2903 232 2921 art.
249 2899 270 2925 6,

61 2934 113 2975 ΖἸ).
130 2959 180 2982 ¹¹75·

162 3191 179 3217 Υ

66 3249 76 3259 ’
89 3248 144 3275 Cap.
160 3252 208 3268 vin.

303 285 377 320 242

301 360 347 383 est
370 353 453 383 salus
477 359 508 383 et
529 353 592 383 vita
616 352 734 393 patriae
765 360 862 392 quam
887 349 981 380 unius
1008 347 1120 388 privati
1143 346 1269 377 rustici:
1300 355 1366 376 non

300 407 429 438 possem
445 404 549 428 tamen
567 407 636 437 ego,
661 396 780 436 privata
796 395 988 428 auctoritate,
1013 392 1119 422 rustici
1135 391 1232 421 vitam
1256 390 1366 420 tollere

301 449 336 472 ut
359 442 417 472 toti
441 442 558 482 patriae
582 441 679 471 vitam
702 441 819 475 darem,
844 438 917 478 quia
941 446 1006 466 non
1032 436 1104 466 licet
1127 435 1227 465 facere
1243 434 1366 464 malum

301 494 336 517 ut
359 486 481 517 eveniat
505 486 636 516 bonum.
660 502 681 507 -
705 484 745 514 Et
768 484 792 513 si
817 481 991 522 quaeritur:
1018 480 1104 516 Quid
1128 478 1243 509 facient
1266 485 1367 508 mater

301 538 331 561 et
354 529 436 561 filius
461 529 684 572 tantummodo
709 524 825 557 relicti?
853 524 1090 564 Respondetur:
1116 524 1289 554 Recurrent
1313 522 1365 552 de-

300 582 372 605 vote
397 575 434 604 ad
458 577 631 604 Auctorem
655 578 799 606 naturae,
826 569 875 599 cui
899 567 1054 598 incumbit
1079 577 1152 598 cura
1177 576 1364 598 conservan-

301 620 412 649 darum
436 618 627 658 specierum,
652 617 770 656 quique
800 613 907 644 statuit
931 612 1031 643 causis
1056 611 1202 642 secundis
1226 610 1365 651 speciem

301 662 547 693 conservandam
567 670 632 691 non
649 670 703 699 per
718 665 850 688 matrem
867 665 898 687 et
916 664 1048 697 patrem.
1073 656 1114 686 Et
1132 655 1246 695 procul
1265 654 1364 685 dubio

299 708 396 742 Deus,
421 706 475 747 qui
499 715 561 735 non
585 704 690 745 deficit
713 704 744 732 in
770 702 970 738 necessariis,
996 700 1184 740 provideret.

356 751 406 780 Ad
434 750 604 780 secundam
633 755 739 778 autem
771 746 983 776 abiectionem
1014 744 1128 775 dicitur
1157 743 1245 784 quod
1275 753 1365 773 casus

300 805 363 825 non
389 801 433 824 est
456 792 679 827 admittendus,
704 786 777 831 quia
802 790 920 820 claudit
934 787 1222 828 incompossibilia:
1248 787 1366 817 scilicet

299 839 386 878 quod
410 838 496 868 Deus
520 835 720 877 praeceperit,
747 843 781 866 ut
806 835 843 864 de
867 834 950 864 facto
976 832 1152 874 praecepit,
1177 831 1287 872 primis
1310 842 1365 871 pa-

298 882 446 917 rentibus,
474 881 624 917 Crescite,
650 885 679 910 et
702 880 822 919 replete
837 884 959 909 terram
967 885 979 915 ,·
1003 885 1033 908 et
1056 877 1145 918 quod
1169 876 1271 906 Evam
1295 875 1364 906 talis

298 924 524 966 complexionis
549 924 654 954 fecerit
682 930 717 954 ut
741 930 821 954 esset
845 923 951 963 inepta
975 922 1013 952 ad
1038 921 1275 961 generationem
1298 930 1365 950 ma—

297 971 468 1001 sculorum.
493 970 684 1009 Repugnant
699 968 785 998 enim
801 968 877 998 haec
894 968 960 997 duo
977 967 1016 997 ad
1032 966 1184 996 invicem:
1209 964 1366 1006 quoniam

297 1025 332 1044 ex
356 1014 459 1054 primo
483 1013 626 1054 sequitur
649 1013 836 1053 oppositum
862 1011 1002 1048 secundi,
1027 1018 1058 1041 et
1081 1020 1119 1040 ex
1141 1009 1283 1040 secundo
1307 1019 1365 1049 op-

981 269 1248 317 QUAESTIO
1284 267 1422 315 CLIV,
1451 269 1749 307 ARTICULUS
1780 270 1814 306 X

1420 347 1564 386 positum
1587 348 1692 387 primi.
1717 349 1801 379 Nam
1824 349 1849 379 si
1866 349 1927 389 ipsi
1950 349 2043 390 primi
2061 356 2205 390 parentes
2221 357 2424 390 praeceptum
2443 360 2492 381 ac-

1421 399 1572 431 ceperunt
1595 398 1632 422 ut
1654 399 1838 432 generarent
1860 403 1897 424 ex
1918 394 2028 434 seipsis
2051 394 2226 434 repleturos
2246 401 2371 431 terram,
2397 404 2492 434 opor—

1420 434 1480 467 tuit
1503 435 1605 466 Evam
1636 445 1703 466 esse
1726 436 1897 468 fecundam
1921 438 2088 479 utriusque
2111 447 2222 469 sexus:
2254 439 2398 479 alioquin
2428 439 2492 469 iam

1420 488 1486 510 non
1517 489 1554 509 ex
1583 480 1688 510 Adam
1712 488 1743 511 et
1765 481 1843 518 Eva,
1867 483 1922 512 sed
1951 492 2015 513 una
2045 483 2106 513 alia
2136 483 2312 514 necessario
2342 483 2492 524 requisita

1420 523 1551 563 repletio
1575 531 1657 554 esset
1680 531 1779 555 terrae
1802 532 1838 556 ut
1860 536 1879 556 a
1901 526 2013 566 primis
2037 527 2233 567 parentibus,
2258 527 2415 568 quoniam
2438 527 2492 558 illa

1420 566 1480 597 alia
1511 574 1591 598 esset
1619 567 1721 607 prima
1745 576 1845 600 mater
1867 571 2095 602 masculorum.
2120 589 2138 594 -
2161 571 2343 608 Praeterea,
2368 572 2492 602 incom—

1420 610 1569 650 possibile
1586 619 1632 642 est
1655 612 1765 651 primis
1787 614 1969 653 parentibus
1994 622 2029 646 ut
2052 616 2114 646 sint
2137 615 2322 656 imperfecta
2337 616 2492 656 principia

1418 654 1658 695 imperfectione
1683 656 1866 696 privationis
1890 659 2050 690 naturalis.
2076 660 2250 697 Quoniam,
2275 668 2311 691 ut
2329 660 2443 691 dicitur
2458 660 2491 690 in

1420 699 1446 729 ΙΙ
1462 700 1648 740 Metaphys.
1665 700 1692 736 *‚
1717 700 1854 740 perfecta
1877 702 2031 743 principia
2053 705 2237 736 naturaliter
2251 711 2326 735 sunt
2344 713 2416 735 ante
2432 705 2491 735 im-

1419 743 1565 783 perfecta.
1601 743 1736 775 Constat
1765 752 1874 776 autern
1903 747 1992 787 quod
2023 748 2093 778 talis
2117 757 2207 779 casus
2231 749 2323 789 ponit
2346 756 2491 789 parentes

1418 787 1540 828 primos
1564 788 1718 828 principia
1736 789 1921 829 imperfecta
1942 791 2102 822 humanae
2117 793 2232 832 speciei
2251 793 2492 834 imperfectione

1419 831 1569 863 naturalis
1594 832 1798 872 privationis:
1830 835 1985 874 quoniam
2009 843 2113 867 essent
2143 837 2264 877 privata
2287 838 2423 870 naturali
2447 838 2491 868 fe—

1419 876 1578 907 cunditate
1611 878 1841 909 masculorum.
1863 896 1885 901 -
1914 879 2045 910 Falsum
2075 890 2208 922 quoque
2235 891 2272 912 ex
2304 882 2394 913 dictis
2424 892 2491 913 esse

1419 927 1506 960 patet
1524 921 1614 961 quod
1629 921 1708 952 ratio
1724 922 1854 952 moralis
1869 922 2086 954 indubitanter
2101 925 2212 956 suadet
2227 926 2490 957 commixtionem

1419 965 1515 996 talem
1539 972 1669 1006 propter
1692 967 1941 997 conservandam
1965 968 2103 1008 speciem
2127 978 2194 1000 esse
2217 969 2346 1011 licitam.

2026 1018 2029 1020 ·
2044 1014 2050 1027 Ι

1098 1163 1418 1206 ARTICULUS
1459 1162 1711 1207 DECIMUS

785 1259 941 1290 UTRUM
966 1256 1260 1289 SACRILEGIUM
1284 1255 1432 1286 Possm*
1456 1255 1556 1287 ESSE
1581 1256 1752 1288 SPECIES
1776 1258 1998 1290 LUXURIAE

924 1339 1016 1371 Supra,
1036 1342 1083 1362 art.
1105 1344 1127 1367 1,
1147 1337 1179 1360 ad
1201 1335 1213 1360 3
1220 1343 1227 1365 ;
1247 1336 1281 1359 IV
1301 1335 1384 1364 sent„
1404 1335 1462 1360 dist.
1482 1343 1532 1364 ιιι,
1552 1340 1599 1361 art.
1617 1343 1643 1366 4,
1663 1336 1713 1369 qu⁸
1733 1344 1756 1366 2,
1777 1337 1808 1362 ad
1828 1345 1853 1370 7.

325 1439 335 1458 Ἰ
380 1443 386 1455 x

325 1448 381 1481 „⁰355
408 1441 471 1480 ἶνές

321 1465 481 1534 ιω

346 1511 367 1537 ⁸]
444 1514 467 1541 I)
490 1526 496 1531 -

312 1530 433 1589 ’ὅκῃ
454 1534 476 1573 (1
509 1528 650 1566 xuriae.
681 1527 831 1564 Eadem
862 1525 963 1562 enim
983 1523 1129 1573 species
1159 1535 1237 1560 non
1261 1522 1365 1559 inve-

298 1743 437 1791 legium
468 1755 546 1779 non
574 1748 699 1790 potest
725 1739 817 1788 poni
847 1738 993 1787 species
1022 1737 1202 1774 luxuriae.

352 1808 386 1832 2.
404 1797 636 1839 Pmaraam,
654 1794 692 1830 in
712 1792 894 1838 Decretis,
911 1790 1071 1827 XXXVI
1090 1790 1217 1836 Caus.,
1235 1787 1363 1837 qu.1*,

298 1849 535 1896 sacrilegium
570 1860 648 1884 non
677 1846 830 1895 ponitur
865 1845 960 1881 inter
988 1843 1058 1880 alia
1086 1855 1185 1891 quae
1214 1853 1364 1890 ponun-

297 1911 356 1939 tur
384 1902 530 1950 species
559 1900 737 1937 luxuriae.
769 1899 870 1946 Ergo
899 1897 1051 1934 videtur
1079 1895 1184 1945 quod
1213 1907 1291 1931 non
1320 1894 1365 1931 sit
1391 1907 1392 1943 j

295 1956 464 1992 luxuriae
493 1954 649 2002 species.

351 2010 385 2046 3.
408 2010 641 2054 PRAETEREA,
663 2006 757 2042 sicut
776 2017 845 2053 per
873 2003 1061 2040 luxuriam
1092 2001 1273 2049 contingit
1301 2000 1365 2037 ali-

295 2063 386 2110 quid
402 2061 484 2098 fieri
501 2068 632 2098 contra
648 2059 814 2108 aliquam
832 2070 912 2094 rem
929 2069 1090 2102 sacram,
1103 2056 1151 2092 ita
1169 2055 1282 2092 etiam
1297 2066 1366 2103 per

295 2115 366 2153 alia
385 2115 567 2152 vitiorum
587 2125 737 2162 genera.
761 2112 836 2149 Sed
858 2110 1098 2158 sacrilegium
1118 2121 1195 2146 non
1212 2107 1366 2157 ponitur

296 2170 440 2219 species
474 2169 602 2216 gulae,
634 2174 698 2203 aut
726 2165 878 2203 alterius
913 2163 1071 2201 alicuius
1105 2161 1327 2200 huiusmodi

295 2222 387 2260 vitii.
413 2223 514 2269 Ergo
537 2221 650 2257 etiarn
672 2231 749 2256 non
770 2219 884 2255 debet
903 2218 995 2266 poni
1015 2218 1162 2266 species
1182 2215 1364 2252 luxuriae.

350 2277 423 2312 SED
444 2286 590 2311 CONTRA
610 2285 675 2310 EST
703 2272 808 2320 quod
828 2271 1062 2319 Augustinus
1092 2269 1191 2315 dicit,
1222 2269 1292 2305 XV
1320 2269 1366 2304 de

301 2330 379 2366 Civ.
402 2328 476 2365 Dei
492 2327 522 2374 ²⁸,
545 2326 651 2375 quod
678 2326 772 2363 sicut
801 2325 970 2374 iniquum
1000 2329 1053 2361 est
1079 2323 1256 2360 aviditate
1277 2334 1365 2370 pos-

295 2382 439 2420 sidendi
457 2380 674 2430 transgredi
701 2379 852 2416 limitem
873 2390 1072 2428 agrorum,
1094 2378 1143 2414 ita
1163 2377 1275 2413 etiam
1297 2375 1365 2412 ini-

296 2448 411 2485 quum
440 2440 492 2471 est
529 2434 680 2471 libidine
712 2432 986 2469 concumbendi
1017 2432 1233 2468 subvertere
1270 2429 1366 2466 limi-

296 2496 368 2527 tem
397 2500 558 2525 morum.
591 2486 666 2523 Sed
696 2485 904 2534 transgredi
933 2485 1090 2521 limitem
1121 2495 1298 2532 agrorum
1327 2482 1366 2519 in

297 2543 410 2580 rebus
440 2541 553 2578 sacris
583 2548 637 2576 est
666 2547 866 2588 peccatum
901 2538 1093 2586 sacrilegii.
1132 2538 1254 2586 Ergo,
1283 2536 1366 2586 pari

297 2596 453 2641 ratione,
475 2595 696 2631 subvertere
716 2592 875 2630 limitem
891 2590 906 2621 β
925 2604 1079 2629 morum
1100 2591 1254 2628 libidine
1276 2602 1365 2627 con-

298 2648 503 2687 cumbendi
532 2647 569 2684 in
599 2647 713 2683 rebus
742 2646 869 2693 sacris,
891 2645 978 2682 facit
1006 2644 1186 2693 sacrilegii
1215 2643 1363 2682 vitium.

299 2703 375 2740 Sed
413 2701 529 2739 libido
569 2699 851 2737 concumbendi
880 2699 1043 2748 pertinet
1077 2699 1126 2736 ad
1164 2697 1363 2736 luxuriam.

297 2757 398 2804 Ergo
428 2754 662 2802 sacrilegium
693 2761 748 2790 est
775 2752 943 2789 luxuriae
972 2752 1130 2801 species.

351 2811 577 2846 RESPONDEO
596 2818 780 2844 DICENDUM
802 2807 918 2856 quod,
940 2806 1035 2843 sicut
1055 2818 1168 2855 supra
1182 2805 1203 2827 '¹‘
1223 2805 1365 2843 dictum

299 2871 365 2909 est,
387 2870 492 2899 actus
521 2861 632 2898 unius
661 2860 805 2897 virtutis
832 2861 893 2896 vel
919 2859 999 2896 vitii
1029 2859 1226 2897 ordinatus
1255 2860 1301 2896 ad
1323 2858 1367 2896 fi-

298 2928 387 2953 nem
407 2914 570 2962 alterius,
586 2913 743 2951 assumit
762 2914 930 2962 speciem
950 2913 1092 2950 illius*:
1114 2913 1210 2950 sicut
1224 2913 1365 2950 furtum

299 2969 401 3018 quod
431 2975 586 3017 propter
614 2966 840 3004 adulterium
871 2966 1138 3014 committitur,
1169 2966 1299 3004 transit
1327 2965 1366 3003 in

299 3022 465 3071 speciem
496 3020 681 3058 adulterii.
720 3020 964 3056 Manifestum
1001 3028 1057 3057 est
1093 3029 1223 3057 autem
1262 3021 1366 3069 quod

300 3075 514 3112 observatio
536 3074 713 3111 castitatis
742 3073 955 3110 secundum
976 3074 1081 3121 quod
1101 3074 1298 3111 ordinatur
1317 3072 1365 3110 ad

302 3129 442 3165 cultum
471 3128 553 3170 Dei,
575 3127 619 3164 sit
647 3134 751 3164 actus
787 3126 992 3175 religionis:
1023 3135 1063 3164 ut
1096 3135 1198 3176 patet
1231 3126 1268 3164 in
1296 3126 1366 3164 illis

302 3182 365 3229 qui
381 3187 394 3209 Υ
422 3189 567 3218 vovent
595 3189 630 3217 et
649 3187 802 3217 servant
823 3180 1090 3228 virginitatem,
1111 3188 1152 3218 ut
1177 3187 1279 3230 patet
1297 3192 1366 3230 per

303 3235 565 3281 Augustinum,
587 3234 624 3271 in
649 3234 744 3271 libro
772 3233 818 3270 de
843 3234 1066 3283 Virginitate
1083 3234 1114 3271 ²¹².
1144 3234 1256 3272 Unde
1285 3245 1365 3271 ma-

304 3287 478 3324 nifestum
501 3295 554 3324 est
583 3288 687 3335 quod
708 3287 818 3323 etiam
850 3287 1005 3334 luxuria,
1027 3288 1239 3325 secundum
1260 3288 1363 3337 quod

304 3339 420 3376 violat
448 3340 585 3388 aliquid
615 3341 662 3377 ad
693 3340 866 3377 divinum
888 3341 1030 3377 cultum
1054 3341 1259 3390 pertinens,
1280 3353 1363 3391 per-

359 3452 386 3483 α)
406 3451 564 3477 huiusmodi.
577 3466 596 3471 -
614 3453 675 3477 Om.
696 3454 723 3477 Ρ.

359 3486 384 3518 β)
405 3486 523 3511 limitem.
536 3501 553 3505 —
573 3487 668 3512 limites
687 3488 715 3512 P.

357 3522 384 3555 γ)
405 3521 458 3554 qui.
470 3535 488 3541 -
506 3529 572 3554 quae
591 3523 724 3548 ABEFIK.

352 1559 610 1619 Qnitur
638 1581 707 1618 sub
738 1579 897 1618 diversis
935 1577 1136 1626 generibus
1165 1589 1243 1614 non
1279 1576 1366 1612 sub·
1391 1613 1394 1628 X

299 1635 509 1673 alternatim
529 1635 673 1684 positis.
704 1634 780 1671 Sed
803 1632 1040 1680 sacrilegium
1071 1639 1126 1667 est
1154 1629 1300 1678 species
1319 1629 1366 1666 ir—
1391 1679 1393 1683 ἢ

298 1689 557 1737 religiositatis,
579 1696 620 1724 ut
648 1700 763 1736 supra
781 1686 801 1708 ’³‘
829 1685 1002 1723 habitum
1025 1692 1091 1721 est.
1123 1685 1223 1731 Ergo
1254 1682 1365 1719 sacri·
1391 1689 1393 1701 '

1349 2166 1366 2182 α
1391 2174 1392 2188 i

510 1435 532 1459 n
561 1433 723 1459 Damnum
743 1432 797 1457 SIC
817 1429 1060 1456 PROCEDITUR.
1082 1416 1241 1454 Videtur
1260 1417 1366 1463 quod
1419 1415 1511 1452 tinet
1541 1416 1590 1453 ad
1618 1417 1787 1465 speciem
1826 1418 2022 1467 sacrilegii.
2061 1420 2110 1457 Et
2143 1422 2358 1460 secundum
2393 1424 2490 1474 hoc,

510 1474 748 1523 sacrilegium
779 1485 857 1510 non
877 1472 996 1521 possit
1026 1483 1107 1507 esse
1136 1469 1282 1519 species
1311 1469 1366 1505 lu·
1420 1469 1657 1518 sacrilegium
1686 1478 1812 1520 potest
1838 1472 1930 1521 poni
1959 1473 2105 1522 species
2133 1474 2315 1513 luxuriae.

1473 1523 1531 1560 An
1551 1535 1688 1561 Palmum
1709 1536 1808 1561 ERGO
1833 1537 2018 1564 DICENDUM
2045 1528 2152 1576 quod
2180 1529 2328 1567 luxuria
2357 1526 2491 1570 secun-

1421 1576 1513 1613 dum
1543 1577 1648 1626 quod
1677 1578 1874 1615 ordinatur
1893 1579 1941 1616 ad
1970 1579 2090 1617 finem
2115 1581 2267 1619 alterius
2294 1583 2388 1631 vitii,
2411 1584 2491 1622 effi-

1420 1629 1515 1667 citur
1551 1629 1649 1667 illius
1676 1630 1756 1668 vitii
1794 1632 1952 1680 species.
1992 1633 2041 1669 Et
2075 1633 2128 1670 sic
2164 1635 2288 1684 aliqua
2322 1637 2491 1676 luxuriae

1420 1683 1565 1731 species
1593 1691 1719 1732 potest
1746 1684 1859 1722 etiam
1890 1698 1972 1722 esse
2002 1686 2148 1735 species
2187 1688 2490 1739 irreligiositatis,

1419 1737 1514 1772 sicut
1543 1736 1741 1774 cuiusdam
1771 1738 1976 1787 superioris
2003 1740 2163 1787 generis.

1473 1791 1530 1826 An
1560 1801 1751 1828 SECUNDUM
1780 1802 1966 1829 mesanum
1995 1793 2100 1841 quod
2129 1793 2180 1831 ibi
2216 1805 2492 1836 enumerantur

1419 1842 1479 1879 illa
1499 1854 1598 1891 quae
1619 1851 1706 1880 sunt
1725 1844 1872 1892 species
1895 1845 2064 1882 luxuriae
2085 1848 2299 1886 secundum
2319 1849 2444 1899 seipsa
2457 1848 2488 1888 ⁸:

1419 1895 1656 1943 sacrilegium
1685 1904 1814 1933 autem
1833 1905 1890 1934 est
1908 1898 2054 1946 species
2077 1900 2247 1937 luxuriae
2276 1903 2490 1942 secundum

1419 1948 1525 1997 quod
1549 1947 1746 1986 ordinatur
1773 1950 1822 1987 ad
1840 1950 1960 1987 finem
1990 1951 2141 1989 alterius
2166 1953 2259 1991 vitii.
2290 1954 2340 1991 Et
2366 1963 2494 2004 potest

1420 2014 1647 2038 concurrere
1683 2014 1771 2039 cum
1802 2002 1961 2042 diversis
1998 2004 2200 2054 speciebus
2229 2007 2412 2046 luxuriae.
2452 2009 2494 2047 Si

1420 2055 1523 2092 enim
1552 2055 1687 2104 aliquis
1716 2056 2087 2106 abutaturpersona
2112 2059 2315 2098 coniuncta
2343 2061 2414 2099 sibi
2434 2073 2495 2100 804.

1420 2108 1589 2146 eundum
1619 2109 1854 2158 spiritualem
1884 2111 2174 2161 cognationem,
2204 2114 2406 2152 committit
2433 2127 2492 2154 sa-

1420 2162 1612 2210 crilegium
1642 2163 1690 2200 ad
1720 2163 1883 2200 modum
1918 2163 2096 2203 incestus.
2133 2166 2173 2203 Si
2202 2174 2331 2206 autem
2360 2169 2495 2207 abutass'

1419 2223 1479 2253 tur
1511 2216 1658 2265 virgine
1687 2217 1772 2253 Deo
1803 2225 1969 2256 sacrata:
1997 2218 2225 2268 inquantum
2258 2229 2315 2259 est
2349 2225 2492 2271 sponsa

1420 2269 1570 2314 Christi,
1593 2277 1648 2307 est
1667 2270 1906 2319 sacrilegium
1925 2283 1996 2320 per
2023 2273 2187 2311 modum
2215 2274 2408 2322 adulterii;
2437 2269 2492 2319 in,-v

1419 2331 1604 2372 quantum
1633 2335 1727 2361 vero
1748 2332 1804 2361 est
1832 2325 1903 2362 sub
1923 2324 2125 2374 spiritualis
2152 2327 2270 2376 patris
2290 2340 2380 2366 cura
2400 2341 2491 2367 con·

1419 2377 1563 2423 stituta,
1594 2377 1663 2414 erit
1697 2377 1896 2427 quoddam
1932 2377 2123 2428 spirituale
2158 2387 2352 2430 stuprum;
2390 2390 2427 2419 et
2460 2382 2492 2420 si

1418 2430 1600 2468 violentia
1619 2430 1812 2479 inferatur,
1829 2431 1898 2469 erit
1916 2431 2116 2481 spiritualis
2137 2441 2277 2482 raptus,
2293 2434 2359 2483 qui
2375 2434 2490 2474 etiam

1419 2484 1632 2522 secundum
1649 2485 1751 2533 leges
1771 2484 1900 2522 civiles
1920 2485 2072 2534 gravius
2091 2486 2247 2536 punitur
2261 2499 2377 2537 quam
2395 2489 2490 2529 alius

1420 2545 1561 2587 raptus.
1602 2537 1713 2576 Unde
1750 2538 1978 2576 Iustinianus
2015 2540 2228 2589 Imperator
2266 2540 2355 2578 dicit
2379 2541 2419 2579 *z
2449 2539 2494 2581 Si

1419 2591 1513 2640 quis,
1530 2603 1605 2628 non
1626 2591 1749 2629 dicam
1769 2603 1917 2641 rapere,
1931 2593 1999 2630 sed
2014 2598 2199 2630 attentare
2217 2595 2490 2643 tantummodo,
2531 2620 2537 2626 ·

1419 2645 1656 2682 matrimonii
1673 2645 1856 2695 iungendi
1872 2657 2000 2693 causa,
2020 2647 2295 2686 sacratissimas
2322 2649 2492 2699 virgines

1419 2711 1535 2736 ausus
1549 2699 1687 2748 fuerit,
1709 2699 1863 2748 capitali
1882 2711 2010 2747 poena
2034 2701 2210 2746 feriatur.

1474 2754 1533 2790 An
1561 2763 1723 2790 ‘marium
1751 2764 1938 2790 DICENDUM
1970 2753 2076 2802 quod
2109 2754 2349 2802 sacrilegium
2383 2766 2491 2793 com-

1421 2806 1579 2844 mittitur
1607 2806 1645 2843 in
1670 2818 1708 2842 re
1738 2813 1894 2844 sacrata.
1925 2807 2002 2844 Res
2031 2815 2160 2844 autem
2181 2814 2326 2846 sacrata
2354 2816 2411 2846 est
2427 2809 2491 2846 vel

1418 2872 1585 2909 persona
1614 2866 1758 2897 sacrata
1787 2872 1886 2909 quae
1920 2860 2200 2910 concupiscitur
2233 2861 2285 2899 ad
2311 2861 2490 2899 concubi·

1419 2921 1522 2951 tum:
1554 2913 1663 2950 etsie
1691 2913 1854 2962 pertinet
1876 2913 1925 2951 ad
1954 2914 2152 2952 luxuriam.
2181 2914 2252 2952 Vel
2273 2926 2370 2963 quae
2399 2926 2491 2952 con—

1421 2966 1625 3016 cupiscitur
1644 2967 1693 3004 ad
1713 2967 2010 3015 possidendum:
2041 2975 2077 3005 et
2105 2967 2159 3005 sic
2176 2967 2338 3018 pertinet
2365 2969 2414 3006 ad
2434 2967 2490 3006 in-

1420 3020 1599 3057 iustitiam
1619 3025 1643 3057 ⁸.
1673 3021 1804 3058 Potest
1832 3020 1945 3058 etiam
1967 3021 2016 3058 ad
2045 3021 2140 3058 iram
2160 3020 2347 3070 pertinere
2377 3021 2488 3058 sacri-

1420 3074 1579 3123 legium:
1617 3081 1709 3123 puta
1743 3073 1774 3111 si
1811 3073 1945 3123 aliquis
1973 3086 2020 3111 ex
2052 3074 2106 3112 ira
2140 3073 2316 3112 iniuriam
2355 3073 2491 3112 inferat

1419 3139 1607 3176 personae
1632 3139 1774 3164 sacrae.
1804 3127 1887 3174 Vel,
1908 3127 1938 3164 si
1955 3127 2090 3176 gulose
2118 3127 2247 3164 cibum
2267 3135 2457 3165 sacratum
2476 3126 2490 3154 t

1419 3188 1600 3228 assumat,
1622 3180 1859 3228 sacrilegium
1880 3180 2091 3218 committit.
2121 3180 2330 3230 Specialius
2358 3188 2489 3218 tamen

1419 3234 1657 3282 sacrilegium
1691 3233 1904 3271 attribuitur
1940 3233 2126 3280 luxuriae,
2154 3245 2253 3282 quae
2283 3234 2491 3283 opponitur

1419 3287 1587 3334 castitati,
1609 3287 1658 3325 ad
1678 3287 1784 3324 cuius
1813 3286 2097 3324 observantiam
2123 3286 2271 3336 aliquae
2300 3298 2488 3337 personae

1419 3333 1628 3390 specialiter
1657 3347 1937 3378 consecrantur.

1473 3453 1499 3486 δ)
1518 3454 1615 3486 seipsa.
1626 3467 1646 3472 -
1662 3453 1777 3486 seipsam
1796 3451 1963 3486 BEFHIKpC
1978 3458 2003 3478 et
2016 3460 2041 3483 a,
2056 3453 2140 3486 ipsam
2160 3455 2182 3479 A
2190 3461 2197 3485 ;
2216 3455 2328 3488 seipsa...
2343 3455 2487 3482 secundum

1420 3489 1688 3557 ⁰“¹'.)¹“}‚..·um·n·am.
1699 3536 1719 3543 -
1736 3523 1866 3549 iustitiam
1886 3523 2119 3557 BDEranAcx.

1473 3559 1499 3593 ζ)
1519 3562 1664 3585 sacratum.
1676 3572 1695 3579 -
1712 3565 1818 3584 sacrum
1834 3559 1903 3584 PDa.

2519 714 2528 723 ·
2543 713 2567 735 S.
2583 712 2628 735 Th.
2643 713 2696 736 leet.
2706 719 2731 735 n.

2520 751 2530 756 -
2550 739 2603 762 Did.
2626 740 2665 762 lib.
2689 740 2732 766 Ια,

2519 772 2569 794 cap.
2585 772 2601 793 1,
2616 772 2641 788 n.
2654 773 2676 795 5.

2517 2551 2528 2561 ·
2542 2550 2602 2573 cod.
2615 2550 2634 2578 1.
2649 2557 2676 2574 m

2517 2576 2595 2632 ξρικ.
2614 2579 2640 2600 σε
2657 2568 2730 2606 cler..
