2768 4198
38 869 45 878 ·
62 867 98 889 Cf.
113 873 152 895 qu.
168 872 248 893 cxxiii,

35 894 122 916 Introd.

84 1883 105 1897 u.
117 1881 196 1902 cxxiii,
207 1882 219 1897 a
244 1893 248 1897 .

283 284 353 309 120

976 271 1245 318 QUAESTIO
1275 272 1395 319 CXL,
1425 272 1723 310 ARTICULUS
1754 274 1767 309 l

571 488 987 569 QUAESTIO
1038 487 2181 566 CENTESIMAQUADRAGESIMA

890 608 974 648 DE
1008 607 1385 649 PRAECEPTIS
1426 607 1862 652 FORTITUDINIS

1109 724 1142 749 IN
1172 724 1268 750 DUOS
1296 724 1501 749 ARTICULOS
1530 724 1648 749 DIVISA

362 833 469 859 EINDE
507 820 830 858 considerandum
867 827 922 857 est
959 819 1006 857 de
1035 819 1248 868 praeceptis
1272 818 1347 856 for·
1374 818 1376 862 ἱ

361 874 529 912 titudinis
548 873 582 911 ²⁸.

1458 819 1507 856 Et
1534 818 1680 868 primo:
1713 819 1759 856 de
1788 820 2002 868 praeceptis
2030 819 2149 868 ipsius
2177 822 2415 860 fortitudinis.

1461 872 1660 910 Secundo:
1691 872 1739 910 de
1767 872 1982 922 praeceptis
2010 873 2177 922 partium
2207 872 2299 913 eius.

1093 982 1414 1026 ARTICULUS
1450 981 1660 1025 PRIMUS

468 1078 625 1110 UTRUM
649 1077 993 1109 CONVENIENTER
1018 1077 1060 1107 IN
1085 1077 1198 1108 LEGE
1223 1076 1372 1107 DIVINA
1396 1075 1656 1107 PRAECEPTA
1681 1075 1994 1107 FORTlTumNis
2017 1075 2293 1108 TRADANTUR

317 1188 336 1206 f
365 1184 370 1195 ν
392 1183 426 1206 υ
450 1195 465 1227 ἢ
489 1181 512 1206 ι)
541 1180 679 1206 PRIMUM
704 1180 758 1205 Sic
783 1179 1025 1205 PROCEDlTUR.
1056 1167 1216 1204 Videtur
1239 1166 1348 1215 quod
1374 1165 1377 1204 Ι

1457 1168 1516 1203 Ao
1532 1177 1671 1204 ramum
1686 1177 1786 1203 ERGO
1802 1176 1988 1203 DICENDUM
2003 1167 2109 1216 quod
2127 1175 2240 1205 vetus
2259 1168 2483 1206 Testamen-

490 1235 568 1260 non
599 1222 871 1259 convenienter
899 1222 936 1259 in
966 1223 1047 1270 lege
1084 1220 1214 1258 divina
1241 1232 1349 1270 prae·
1375 1208 1377 1264 i
1402 1228 1486 1257 tum
1515 1220 1683 1257 habebat
1700 1219 1928 1269 temporalia
1952 1220 2154 1269 promissa,
2174 1233 2324 1259 novum
2353 1229 2482 1260 autem

294 1276 331 1321 ’,γ
407 1293 410 1295 Α
439 1278 460 1314 6
491 1284 600 1326 cepta
629 1275 856 1313 fortitudinis
884 1275 1091 1313 tradantur.
1129 1276 1209 1312 Lex
1246 1274 1348 1312 enim
1376 1265 1378 1335 i
1405 1274 1613 1323 spiritualia
1633 1282 1669 1311 et
1688 1282 1866 1311 aeterna:
1894 1281 1938 1310 ut
1964 1274 2202 1322 Augustinus
2226 1275 2329 1324 dicit,
2349 1282 2484 1314 contra

393 1320 406 1330 '‘
449 1319 465 1348 Χ

336 1345 344 1353 ι
392 1338 425 1360 ,ζ’

470 1342 594 1367 nova
622 1329 824 1379 perfectior
852 1338 908 1367 est
935 1329 1056 1367 veteri
1080 1330 1174 1377 lege.
1204 1328 1283 1366 Sed
1311 1328 1351 1365 in
1376 1338 1379 1386 ἱ
1404 1329 1534 1365 Faust.
1554 1327 1574 1349 ²¹⁵
1610 1328 1659 1364 Et
1696 1327 1784 1365 ideo
1820 1327 2080 1365 necessarium
2118 1328 2187 1366 fuit
2223 1337 2264 1366 ut
2296 1329 2335 1367 in
2362 1330 2484 1367 veteri

275 1384 395 1422 veteri
425 1385 508 1432 lege
537 1392 732 1433 ponuntur
766 1383 893 1432 aliqua
925 1390 1130 1432 praecepta
1165 1382 1351 1420 fortitudi-
1377 1387 1379 1414 l
1405 1383 1487 1431 lege
1516 1383 1685 1431 populus
1713 1381 1963 1419 instrueretur
1991 1381 2153 1430 qualiter
2175 1395 2348 1432 pugnare
2369 1384 2485 1422 debe-

277 1492 403 1541 aliqua
431 1498 640 1541 praecepta·
664 1491 894 1529 fortitudinis
922 1491 1051 1529 danda
1079 1491 1242 1528 fuerunt.

277 1652 476 1690 includunt
493 1653 682 1702 negativa,
703 1653 771 1690 sed
791 1665 870 1690 non
891 1665 911 1689 e
933 1664 1135 1690 converso,
1166 1653 1351 1689 Inconve-

278 1706 424 1744 nienter
451 1706 563 1755 igitur
587 1707 625 1743 in
654 1707 736 1755 lege
771 1706 902 1744 divina
929 1714 1126 1755 ponuntur
1148 1714 1353 1755 praecepta

278 1760 506 1798 fortitudinis
522 1761 646 1797 solum
662 1760 850 1809 negativa,
867 1760 1048 1797 timorem
1066 1759 1311 1808 prohibentia
1319 1759 1351 1797 *.

333 1815 368 1851 3.
394 1813 639 1862 PRAETEREA,
669 1813 851 1851 fortitudo
882 1821 938 1850 est
965 1825 1044 1850 una
1073 1813 1121 1850 de
1150 1812 1352 1850 virtutibus

277 1867 558 1916 principalibus,
589 1875 629 1904 ut
658 1879 773 1916 supra
792 1867 812 1888 ’¹‘
840 1866 1014 1903 habitum
1040 1874 1106 1903 est.
1138 1866 1216 1903 Sed
1245 1878 1353 1915 prae-

278 1929 387 1970 cepta
416 1921 640 1958 ordinantur
667 1921 717 1958 ad
735 1921 894 1958 virtutes
923 1920 1019 1957 sicut
1037 1920 1087 1957 ad
1106 1919 1220 1957 fines:
1250 1920 1354 1958 unde

278 1975 419 2012 debent
448 1975 503 2012 eis
532 1974 826 2024 proportionari.
857 1974 960 2023 Ergo
982 1981 1018 2011 et
1045 1981 1252 2023 praecepta
1280 1974 1355 2011 for-

278 2095 377 2132 quae
407 2090 494 2119 sunt
522 2082 744 2131 principalia
773 2082 864 2130 legis
893 2090 1109 2131 praecepta.

333 2137 407 2173 SED
443 2148 680 2173 CONTRARIUM
719 2144 878 2185 apparet
911 2148 956 2173 ex
989 2135 1190 2174 traditione
1223 2147 1354 2172 sacrae

280 2189 508 2239 Scripturae.

281 2297 460 2334 dinantur
497 2297 545 2333 ad
584 2295 835 2333 intentionem
873 2295 1107 2344 legislatoris.
1146 2295 1259 2333 Unde
1297 2308 1355 2333 se-

281 2351 452 2388 cundum
489 2349 662 2387 diversos
699 2350 798 2387 fines
831 2361 930 2399 quos
958 2349 1117 2387 intendit
1152 2349 1354 2398 legislator,

281 2412 432 2454 oportet
453 2403 713 2441 diversimode
733 2411 938 2453 praecepta
957 2403 1049 2451 legis
1068 2403 1220 2441 institui.
1242 2403 1355 2441 Unde

282 2466 318 2495 et
347 2458 384 2495 in
414 2458 526 2494 rebus
555 2457 734 2495 humanis
764 2457 835 2494 alia
865 2465 951 2494 sunt
978 2464 1184 2506 praecepta
1222 2457 1355 2495 demo-

283 2511 438 2558 cratica‚
469 2511 542 2548 alia
578 2511 699 2559 regia,
729 2511 802 2548 alia
840 2511 1049 2560 tyrannica.
1086 2510 1189 2548 Finis
1225 2518 1355 2548 autem

282 2565 372 2614 legis
402 2565 554 2602 divinae
575 2573 631 2602 est
650 2573 691 2602 ut
710 2565 830 2602 homo
851 2565 1045 2602 inhaereat
1069 2565 1167 2602 Deo.
1198 2565 1247 2602 Et
1267 2564 1355 2602 ideo

282 2626 485 2668 praecepta
504 2618 596 2667 legis
626 2618 790 2665 divinae,
811 2626 889 2655 tam
920 2618 968 2656 de
997 2618 1217 2656 fortitudine
1238 2631 1355 2668 quarn

283 2672 330 2710 de
359 2672 440 2710 aliis
467 2672 692 2720 virtutibus,
723 2672 860 2709 dantur
888 2672 1100 2710 secundum
1131 2672 1237 2722 quod
1267 2685 1357 2709 con-

281 2726 385 2763 venit
414 2726 643 2764 ordinationi
663 2731 680 2748 α
709 2726 848 2763 mentis
876 2725 915 2763 in
943 2726 1084 2763 Deum.
1125 2727 1174 2763 Et
1200 2734 1358 2776 propter

282 2781 356 2817 hoc
385 2781 496 2817 Deut.
517 2793 565 2817 xx
586 2781 606 2802 '⁶
634 2779 789 2818 dicitur:
818 2780 910 2818 Non
919 2780 1139 2828 formidetis
1158 2792 1238 2817 eos:
1267 2780 1356 2829 quia
1383 2790 1385 2820 ἐ

282 2834 470 2871 Dominus
499 2835 604 2871 Deus
631 2839 753 2871 vester
781 2834 817 2870 in
847 2834 970 2871 medio
998 2834 1115 2871 vestri
1140 2839 1204 2881 est,
1233 2839 1271 2871 et
1280 2845 1356 2883 pro
1384 2834 1385 2868 l

283 2888 387 2924 vobis
407 2893 539 2925 contra
559 2888 800 2925 adversarios
819 2887 1021 2925 dimicabit.
1043 2908 1067 2915 -
1084 2888 1207 2936 Leges
1226 2895 1356 2925 autern
1384 2876 1385 2895 ¹

283 2941 476 2978 humanae
512 2941 737 2979 ordinantur
765 2941 815 2978 ad
851 2941 977 2990 aliqua
1006 2941 1206 2979 mundana
1240 2941 1356 2979 bona.

83 1451 106 1466 er
144 1451 176 1466 ¹⁵
211 1462 215 1466 —
277 1438 350 1484 nis,
389 1446 430 1474 ut
458 1445 563 1487 patet
598 1439 710 1475 Deut.
730 1449 779 1475 xx
796 1437 829 1475 *.
859 1438 962 1486 Ergo
992 1445 1029 1474 et
1064 1437 1102 1474 in
1137 1449 1241 1474 nova
1268 1437 1350 1485 lege
1378 1461 1379 1493 ἶ
1406 1444 1463 1473 ret
1492 1436 1606 1473 etiam
1645 1435 1911 1485 corporaliter,
1942 1447 2013 1485 pro
2050 1444 2201 1474 terrena
2236 1437 2485 1486 possessione

1378 1497 1380 1528 1
1407 1490 1651 1539 acquirenda.
1692 1491 1735 1526 In
1763 1501 1870 1527 novo
1889 1487 1905 1519 β
1933 1497 2063 1527 autern
2092 1490 2304 1529 instruendi
2331 1491 2486 1529 fuemnt

333 1557 368 1582 2.
395 1546 640 1594 PRAETEREA,
669 1552 875 1595 praecepta
910 1544 1141 1582 affirmativa
1173 1544 1353 1582 videntur
1379 1570 1380 1575 ,

278 1611 361 1636 esse
381 1599 531 1648 potiora
548 1599 762 1648 praeceptis
782 1598 982 1647 negativis:
1013 1598 1103 1647 quia
1123 1598 1352 1636 affirmativa
1379 1598 1380 1602 ’

1406 1543 1585 1581 homines
1613 1543 1784 1593 qualiter,
1815 1543 2055 1592 spiritualiter
2083 1545 2286 1592 certando,
2317 1545 2368 1583 ad
2395 1557 2485 1594 pos·-

1407 1597 1619 1635 sessionem
1639 1597 1741 1634 vitae
1766 1605 1943 1634 aeternae
1972 1597 2238 1646 pervenirent:
2269 1601 2484 1637 secundum

1407 1651 1498 1688 illud
1528 1651 1663 1688 Matth.
1685 1650 1779 1688 x1*:
1809 1652 1990 1702 Regnum
2021 1652 2215 1690 caelorum
2234 1652 2312 1690 vim
2326 1653 2483 1702 patitur,
2513 1662 2524 1673 ·

1380 1747 1381 1754 ἶ
1407 1711 1443 1743 et
1468 1705 1622 1742 violenti
1648 1705 1829 1753 diripiunt
1847 1710 1862 1733 ἵ
1890 1705 1992 1742 illud.
2023 1706 2135 1743 Unde
2157 1714 2193 1743 et
2211 1706 2347 1744 Petrus
2375 1719 2486 1756 prae-

1380 1767 1381 1807 }
1408 1759 1510 1808 cipit,
1528 1760 1541 1795 l
1562 1759 1643 1796 Pet.
1660 1759 1724 1795 ult.
1741 1758 1777 1795 *τ
1796 1759 2052 1797 Adversarius
2074 1765 2196 1797 vester
2213 1760 2386 1798 diabolus
2403 1765 2485 1798 tan-

1380 1811 1381 1862 }
1407 1824 1523 1861 quam
1552 1812 1610 1849 leo
1630 1813 1787 1862 rugiens
1805 1813 1950 1859 circuit,
1971 1825 2157 1862 quaerens
2176 1825 2287 1862 quem
2310 1815 2486 1852 devoret.-

1380 1902 1382 1908 Α
1408 1867 1471 1903 cui
1497 1865 1653 1903 resistite
1668 1866 1796 1913 fortes
1823 1866 1861 1902 in
1885 1866 1992 1914 fide,·
2020 1874 2058 1904 et
2087 1868 2159 1904 Iac.
2190 1879 2227 1904 ιν
2244 1867 2282 1904 *z
2314 1869 2487 1906 Resistite

1408 1919 1571 1965 diabolo,
1592 1924 1630 1956 et
1649 1919 1815 1969 fugieta
1834 1920 1951 1956 vobis.
1981 1940 2006 1948 —
2035 1920 2139 1966 Quia
2158 1928 2289 1958 tamen
2307 1921 2487 1960 homines

1381 1987 1382 2022 j
1409 1973 1457 2011 ad
1487 1972 1693 2022 spiritualia
1723 1973 1826 2009 bona
1854 1973 2054 2011 tendentes
2082 1974 2131 2010 ab
2152 1973 2206 2011 eis
2226 1975 2365 2012 retrahi
2393 1987 2486 2025 pos-

277 2028 445 2066 titudinis
471 2028 687 2066 debuerunt
705 2028 799 2078 poni
818 2028 914 2065 inter
932 2035 1138 2077 praecepta
1167 2027 1352 2076 decalogi,
1381 2029 1382 2055 ἒ

1381 2088 1382 2092 ’
1410 2081 1539 2119 divina
1569 2080 1696 2118 danda
1720 2079 1951 2118 fortitudinis
1970 2088 2177 2130 praecepta
2196 2082 2245 2120 ad
2265 2082 2488 2121 sustinenda

1409 2034 1493 2065 sent
1511 2039 1582 2076 per
1601 2026 1815 2075 corporalia
1834 2026 2013 2075 pericula,
2034 2027 2187 2065 fuerunt
2210 2027 2326 2066 etiam
2345 2028 2383 2066 in
2402 2029 2486 2078 lege

1409 2135 1553 2172 sortiter
1581 2134 1807 2183 temporalia
1836 2135 1960 2172 mala:
1991 2135 2205 2173 secundum
2226 2135 2319 2174 illud
2348 2137 2485 2174 Matth.

1381 2181 1383 2191 ’
1409 2201 1433 2226 x
1451 2188 1487 2225 *z
1516 2188 1646 2226 Nolite
1674 2188 1806 2225 timere
1833 2200 1896 2225 eos
1951 2189 1991 2225 ui
2017 2189 2192 2227 occidunt
2218 2201 2263 2227 co
2313 2202 2368 2228 us.

334 2244 561 2281 Responosso
590 2254 776 2280 DICENDUM
806 2243 911 2291 quod
940 2250 1144 2292 praecepta
1173 2242 1264 2291 legis
1293 2255 1353 2279 or·
1381 2230 1383 2251 ³
1924 2200 1948 2238 q
2265 2201 2310 2239 φ

1463 2243 1523 2279 An
1552 2253 1746 2286 SECUNDUM
1766 2253 1953 2279 morannum
1973 2242 2080 2291 quod
2108 2243 2167 2280 lex
2192 2243 2270 2281 suis
2289 2241 2304 2266 ⁸
2331 2255 2487 2293 praece-

1409 2295 1483 2344 ptis
1520 2295 1636 2332 habet
1674 2307 1924 2332 communem
1962 2295 2264 2334 instructionem.
2303 2297 2362 2334 Ea
2390 2309 2486 2335 vero

1382 2360 1383 2396 ἦ
1410 2361 1510 2398 quae
1548 2356 1635 2386 sunt
1664 2349 1814 2397 agenda
1842 2348 1880 2386 in
1915 2349 2094 2398 periculis
2132 2362 2211 2387 non
2247 2358 2409 2399 possunt
2437 2351 2487 2389 ad

1382 2399 1552 2456 [aliquid
1591 2415 1800 2440 commune
1824 2407 1836 2423 ‘
1865 2403 2016 2450 reduci,
2047 2403 2142 2440 sicut
2180 2415 2224 2440 ea
2262 2416 2361 2453 quae
2399 2413 2487 2442 sunt

1410 2456 1578 2494 vitanda.
1601 2457 1649 2494 Et
1669 2456 1756 2495 ideo
1777 2465 1981 2506 praecepta
2002 2456 2232 2495 fortitudinis
2251 2457 2370 2506 magis
2391 2457 2486 2496 dan-

1382 2543 1384 2549 .
1410 2518 1470 2548 tur
1499 2510 1674 2558 negative
1703 2523 1821 2559 quam
1851 2510 2090 2548 affirmative.

1464 2566 1523 2601 Ao
1551 2575 1713 2601 TERTIUM
1738 2575 1924 2601 mcENDUM
1946 2565 2066 2612 quod,
2088 2564 2183 2601 sicut
2204 2563 2347 2602 dictum
2377 2572 2434 2602 est
2451 2563 2484 2611 *,

1410 2625 1615 2667 praecepta
1645 2617 1816 2666 decalogi
1844 2625 2041 2667 ponuntur
2069 2619 2107 2655 in
2136 2618 2218 2666 lege
2238 2617 2335 2656 sicut
2363 2617 2490 2667 prima,
2516 2607 2533 2623 ¹’

1411 2671 1607 2721 principia,
1629 2684 1728 2720 quae
1758 2671 1883 2708 statim
1906 2671 2047 2709 debent
2076 2683 2159 2708 esse
2185 2672 2363 2709 omnibus
2383 2679 2486 2709 nota.

1413 2726 1462 2762 Et
1491 2725 1577 2762 ideo
1607 2734 1811 2774 praecepta
1836 2725 2008 2774 decalogi
2037 2725 2254 2763 debuerunt
2273 2738 2357 2763 esse
2385 2725 2487 2775 prin-

1412 2779 1581 2829 cipaliter
1610 2779 1658 2817 de
1687 2779 1835 2816 actibus
1864 2779 2038 2827 iustitiae,
2060 2779 2098 2817 in
2122 2778 2261 2828 quibus
2289 2779 2488 2817 manifeste

1412 2833 1605 2871 invenitur
1623 2831 1636 2857 ⁸
1664 2833 1760 2870 ratio
1796 2833 1929 2871 debiti:
1970 2845 2049 2871 non
2087 2840 2218 2870 autem
2256 2833 2305 2871 de
2343 2833 2489 2870 actibus

1412 2886 1652 2935 fortitudinis,
1687 2886 1777 2935 quia
1806 2899 1885 2925 non
1913 2887 1963 2925 ita
1991 2886 2192 2924 manifeste
2219 2886 2372 2924 videtur
2406 2899 2488 2924 esse

1413 2940 1586 2978 debitum
1623 2942 1730 2990 quod
1769 2940 1903 2990 aliquis
1941 2940 2073 2978 mortis
2111 2940 2279 2990 pericula
2317 2952 2396 2978 non
2433 2952 2490 2977 re-

285 2995 509 3032 Secundum
539 3007 705 3044 quorum
736 2994 994 3032 conditionem
1024 3003 1227 3045 praecepta
1256 2994 1358 3032 forti-
1385 2985 1386 2991 ἵ
1412 2994 1606 3032 formidet.

284 3048 423 3086 tudinis
452 3048 490 3086 in
518 3049 698 3086 humanis
727 3049 872 3097 legibus
902 3049 1160 3087 inveniuntur.

339 3191 366 3221 α)
386 3190 592 3215 ordinationi.—
611 3190 703 3215 ordini
723 3190 792 3222 Ppc.

340 3225 364 3257 β)
386 3233 491 3250 »ιονο.-
511 3233 581 3251 ηονα
601 3226 632 3257 G,
652 3233 722 3251 novo
746 3226 915 3251 Testamento
938 3226 982 3251 Pa.

338 3264 364 3294 γ)
386 3262 559 3293 diripiunt.-
579 3262 690 3294 rapiunt
710 3262 863 3294 PCGIKpE.

1467 3189 1492 3222 ὃ)
1511 3189 1576 3215 suis.
1588 3202 1607 3210 -
1619 3196 1657 3214 ex
1671 3189 1726 3214 su1's
1741 3189 1771 3220 L,
1782 3189 1809 3214 in
1822 3189 1878 3215 suis
1892 3188 1919 3218 Ρ,
1933 3196 1987 3213 om.
2002 3188 2035 3212 Η.
2047 3201 2065 3207 -
2078 3188 2129 3212 Pro
2142 3188 2228 3217 habet,
2243 3187 2321 3212 debet
2333 3188 2430 3213 habere
2444 3188 2491 3213 Pa.

1468 3226 1490 3257 ε)
1509 3225 1614 3258 aliquid
1632 3232 1780 3250 commune.
1793 3238 1812 3244 -
1829 3223 1942 3257 aliquod
1959 3230 2100 3249 commune
2119 3223 2215 3248 bonum
2237 3223 2266 3249 Ρ.

1468 3260 1493 3293 ζ)
1514 3262 1659 3286 invenitur.
1671 3275 1690 3280 —
1709 3261 1816 3286 videtur
1835 3267 1891 3285 esse
1910 3260 1956 3290 Pa,
1977 3262 2017 3284 est
2036 3259 2056 3285 l.

2512 1341 2522 1351 ⁴
2530 1339 2582 1362 ub.
2589 1339 2632 1368 tv,
2639 1345 2691 1368 (ap.
2699 1345 2725 1363 n.

2538 1661 2605 1685 Ver».
2621 1668 2650 1685 ια.

2514 1771 2524 1781 ·
2537 1770 2596 1792 Ven
2610 1770 2634 1798 8,
2650 1776 2672 1799 9.

2515 1883 2524 1892 ⁸
2538 1881 2607 1904 Vm.
2621 1888 2642 1910 7.

2516 2193 2658 2217 ‘Van-³8.

2516 2575 2526 2585 ⁸
2541 2574 2588 2602 Qu.
2604 2579 2677 2602 eun,
2686 2578 2729 2597 m.
