<?xml version="1.0" encoding="UTF-8"?>
<!DOCTYPE html PUBLIC "-//W3C//DTD XHTML 1.0 Transitional//EN"
    "http://www.w3.org/TR/xhtml1/DTD/xhtml1-transitional.dtd">
<html xmlns="http://www.w3.org/1999/xhtml" xml:lang="en" lang="en">
 <head>
  <title>
</title>
<meta http-equiv="Content-Type" content="text/html;charset=utf-8" />
  <meta name='ocr-system' content='tesseract 3.04.00' />
  <meta name='ocr-capabilities' content='ocr_page ocr_carea ocr_par ocr_line ocrx_word'/>
</head>
<body>
  <div class='ocr_page' id='page_1' title='image "./operaomniaiussui10thom_0460.png"; bbox 0 0 2768 4198; ppageno 0'>
   <div class='ocr_carea' id='block_1_1' title="bbox 33 377 184 405">
    <p class='ocr_par' dir='ltr' id='par_1_1' title="bbox 33 377 184 405">
     <span class='ocr_line' id='line_1_1' title="bbox 33 377 184 405; baseline -0.007 -6"><span class='ocrx_word' id='word_1_1' title='bbox 33 378 44 389; x_wconf 76' lang='lat'>⁸</span> <span class='ocrx_word' id='word_1_2' title='bbox 58 377 114 405; x_wconf 86' lang='lat' dir='ltr'>Cap.</span> <span class='ocrx_word' id='word_1_3' title='bbox 130 383 184 399; x_wconf 82' lang='lat' dir='ltr'>xxx.</span> 
     </span>
    </p>
   </div>
   <div class='ocr_carea' id='block_1_2' title="bbox 35 698 151 726">
    <p class='ocr_par' dir='ltr' id='par_1_2' title="bbox 35 698 151 726">
     <span class='ocr_line' id='line_1_2' title="bbox 35 698 151 726; baseline -0.009 -7"><span class='ocrx_word' id='word_1_4' title='bbox 35 698 46 709; x_wconf 72' lang='lat'>⁸</span> <span class='ocrx_word' id='word_1_5' title='bbox 60 698 88 720; x_wconf 88' lang='lat' dir='ltr'>D.</span> <span class='ocrx_word' id='word_1_6' title='bbox 102 698 151 726; x_wconf 86' lang='lat'>895.</span> 
     </span>
    </p>
   </div>
   <div class='ocr_carea' id='block_1_3' title="bbox 34 749 171 772">
    <p class='ocr_par' dir='ltr' id='par_1_3' title="bbox 34 749 171 772">
     <span class='ocr_line' id='line_1_3' title="bbox 34 749 171 772; baseline 0 -1"><span class='ocrx_word' id='word_1_7' title='bbox 34 749 47 762; x_wconf 74' lang='lat'>⁸</span> <span class='ocrx_word' id='word_1_8' title='bbox 59 750 126 772; x_wconf 86' lang='lat' dir='ltr'>Vers.</span> <span class='ocrx_word' id='word_1_9' title='bbox 143 755 171 771; x_wconf 81' lang='lat'>12.</span> 
     </span>
    </p>
   </div>
   <div class='ocr_carea' id='block_1_4' title="bbox 36 859 180 884">
    <p class='ocr_par' dir='ltr' id='par_1_4' title="bbox 36 859 180 884">
     <span class='ocr_line' id='line_1_4' title="bbox 36 859 180 884; baseline -0.007 -5"><span class='ocrx_word' id='word_1_10' title='bbox 36 859 46 869; x_wconf 66' lang='lat'>⁸</span> <span class='ocrx_word' id='word_1_11' title='bbox 62 859 126 880; x_wconf 86' lang='lat' dir='ltr'>Vers.</span> <span class='ocrx_word' id='word_1_12' title='bbox 149 863 180 884; x_wconf 84' lang='lat'>¹4—</span> 
     </span>
    </p>
   </div>
   <div class='ocr_carea' id='block_1_5' title="bbox 34 1124 162 1151">
    <p class='ocr_par' dir='ltr' id='par_1_5' title="bbox 34 1124 162 1151">
     <span class='ocr_line' id='line_1_5' title="bbox 34 1124 162 1151; baseline -0.008 -6"><span class='ocrx_word' id='word_1_13' title='bbox 34 1125 44 1135; x_wconf 79' lang='lat'>⁸</span> <span class='ocrx_word' id='word_1_14' title='bbox 60 1124 125 1145; x_wconf 88' lang='lat' dir='ltr'>Vers.</span> <span class='ocrx_word' id='word_1_15' title='bbox 141 1130 162 1151; x_wconf 90' lang='lat'>9.</span> 
     </span>
    </p>
   </div>
   <div class='ocr_carea' id='block_1_6' title="bbox 34 1291 178 1319">
    <p class='ocr_par' dir='ltr' id='par_1_6' title="bbox 34 1291 178 1319">
     <span class='ocr_line' id='line_1_6' title="bbox 34 1291 178 1319; baseline -0.007 -6"><span class='ocrx_word' id='word_1_16' title='bbox 34 1293 45 1303; x_wconf 69' lang='lat'>⁵</span> <span class='ocrx_word' id='word_1_17' title='bbox 59 1291 115 1319; x_wconf 82' lang='lat' dir='ltr'>Cap.</span> <span class='ocrx_word' id='word_1_18' title='bbox 130 1297 178 1312; x_wconf 80' lang='lat' dir='ltr'>xxx.</span> 
     </span>
    </p>
   </div>
   <div class='ocr_carea' id='block_1_7' title="bbox 33 1661 247 1766">
    <p class='ocr_par' dir='ltr' id='par_1_7' title="bbox 33 1661 247 1766">
     <span class='ocr_line' id='line_1_7' title="bbox 34 1661 247 1713; baseline -0.009 -5"><span class='ocrx_word' id='word_1_19' title='bbox 34 1688 45 1698; x_wconf 78' lang='lat'>⁸</span> <span class='ocrx_word' id='word_1_20' title='bbox 55 1661 196 1713; x_wconf 66' lang='lat' dir='ltr'>Exoa.⁷¹cap.</span> <span class='ocrx_word' id='word_1_21' title='bbox 208 1691 247 1712; x_wconf 84' lang='lat' dir='ltr'>vu,</span> 
     </span>
     <span class='ocr_line' id='line_1_8' title="bbox 35 1718 247 1740; baseline -0.009 -6"><span class='ocrx_word' id='word_1_22' title='bbox 35 1719 91 1735; x_wconf 81' lang='lat' dir='ltr'>vers.</span> <span class='ocrx_word' id='word_1_23' title='bbox 100 1719 132 1739; x_wconf 75' lang='lat'>¹23</span> <span class='ocrx_word' id='word_1_24' title='bbox 144 1718 247 1740; x_wconf 80' lang='lat' dir='ltr'>cap.v1n,</span> 
     </span>
     <span class='ocr_line' id='line_1_9' title="bbox 33 1746 127 1766; baseline -0.011 -5"><span class='ocrx_word' id='word_1_25' title='bbox 33 1746 92 1761; x_wconf 85' lang='lat' dir='ltr'>vers.</span> <span class='ocrx_word' id='word_1_26' title='bbox 108 1746 127 1766; x_wconf 91' lang='lat'>7.</span> 
     </span>
    </p>
   </div>
   <div class='ocr_carea' id='block_1_8' title="bbox 39 3001 249 3055">
    <p class='ocr_par' dir='ltr' id='par_1_8' title="bbox 39 3001 249 3055">
     <span class='ocr_line' id='line_1_10' title="bbox 39 3001 249 3028; baseline 0 -7"><span class='ocrx_word' id='word_1_27' title='bbox 39 3002 48 3010; x_wconf 75' lang='lat'>⁴</span> <span class='ocrx_word' id='word_1_28' title='bbox 70 3001 118 3028; x_wconf 84' lang='lat' dir='ltr'>Qu.</span> <span class='ocrx_word' id='word_1_29' title='bbox 137 3006 188 3027; x_wconf 83' lang='lat' dir='ltr'>xiii,</span> <span class='ocrx_word' id='word_1_30' title='bbox 208 3003 249 3022; x_wconf 75' lang='lat' dir='ltr'>nrt.</span> 
     </span>
     <span class='ocr_line' id='line_1_11' title="bbox 39 3031 249 3055; baseline 0.005 -7"><span class='ocrx_word' id='word_1_31' title='bbox 39 3033 63 3053; x_wconf 62' lang='grc' dir='ltr'>ες</span> <span class='ocrx_word' id='word_1_32' title='bbox 75 3033 114 3055; x_wconf 87' lang='lat' dir='ltr'>qu.</span> <span class='ocrx_word' id='word_1_33' title='bbox 122 3032 177 3053; x_wconf 72' lang='lat' dir='ltr'>un,</span> <span class='ocrx_word' id='word_1_34' title='bbox 186 3031 249 3049; x_wconf 71' lang='lat' dir='ltr'>arm.</span> 
     </span>
    </p>
   </div>
   <div class='ocr_carea' id='block_1_9' title="bbox 45 3533 220 3562">
    <p class='ocr_par' dir='ltr' id='par_1_9' title="bbox 45 3533 220 3562">
     <span class='ocr_line' id='line_1_12' title="bbox 45 3533 220 3562; baseline 0 -6"><span class='ocrx_word' id='word_1_35' title='bbox 45 3535 55 3545; x_wconf 79' lang='lat'>⁸</span> <span class='ocrx_word' id='word_1_36' title='bbox 69 3534 137 3562; x_wconf 77' lang='lat' dir='ltr'>Resp.</span> <span class='ocrx_word' id='word_1_37' title='bbox 152 3533 188 3556; x_wconf 72' lang='lat' dir='ltr'>ad.</span> <span class='ocrx_word' id='word_1_38' title='bbox 205 3540 220 3556; x_wconf 93' lang='grc' dir='ltr'>ι.</span> 
     </span>
    </p>
   </div>
   <div class='ocr_carea' id='block_1_10' title="bbox 272 296 349 342">
    <p class='ocr_par' dir='ltr' id='par_1_10' title="bbox 272 296 349 342">
     <span class='ocr_line' id='line_1_13' title="bbox 272 296 349 342; baseline -0.013 -10"><span class='ocrx_word' id='word_1_39' title='bbox 272 296 349 342; x_wconf 92' lang='lat'>418</span> 
     </span>
    </p>
   </div>
   <div class='ocr_carea' id='block_1_11' title="bbox 272 372 1375 1334">
    <p class='ocr_par' dir='ltr' id='par_1_11' title="bbox 274 372 1375 953">
     <span class='ocr_line' id='line_1_14' title="bbox 275 372 1350 423; baseline -0.005 -11"><span class='ocrx_word' id='word_1_40' title='bbox 275 375 386 412; x_wconf 86' lang='lat' dir='ltr'>Unde</span> <span class='ocrx_word' id='word_1_41' title='bbox 408 375 616 423; x_wconf 87' lang='lat' dir='ltr'>Gregorius</span> <span class='ocrx_word' id='word_1_42' title='bbox 638 375 737 421; x_wconf 82' lang='lat' dir='ltr'>dicit,</span> <span class='ocrx_word' id='word_1_43' title='bbox 759 375 795 410; x_wconf 92' lang='lat' dir='ltr'>in</span> <span class='ocrx_word' id='word_1_44' title='bbox 819 375 849 409; x_wconf 94' lang='lat' dir='ltr'>II</span> <span class='ocrx_word' id='word_1_45' title='bbox 866 373 1021 421; x_wconf 80' lang='lat' dir='ltr'>Dialog.</span> <span class='ocrx_word' id='word_1_46' title='bbox 1043 372 1073 419; x_wconf 70' lang='lat'>⁵¹⁸,</span> <span class='ocrx_word' id='word_1_47' title='bbox 1104 372 1209 420; x_wconf 92' lang='lat' dir='ltr'>quod</span> <span class='ocrx_word' id='word_1_48' title='bbox 1228 372 1350 408; x_wconf 86' lang='lat' dir='ltr'>sancti</span> 
     </span>
     <span class='ocr_line' id='line_1_15' title="bbox 275 426 1348 477; baseline -0.006 -11"><span class='ocrx_word' id='word_1_49' title='bbox 275 429 479 477; x_wconf 86' lang='lat' dir='ltr'>aliquando</span> <span class='ocrx_word' id='word_1_50' title='bbox 509 441 558 465; x_wconf 91' lang='lat' dir='ltr'>ex</span> <span class='ocrx_word' id='word_1_51' title='bbox 579 433 780 477; x_wconf 79' lang='lat' dir='ltr'><em>potestate,</em></span> <span class='ocrx_word' id='word_1_52' title='bbox 811 427 1047 474; x_wconf 63' lang='grc' dir='ltr'>αἰὶιμιαηαῐο·ι</span> <span class='ocrx_word' id='word_1_53' title='bbox 1076 426 1255 462; x_wconf 85' lang='lat' dir='ltr'><strong><em>exhibent</em></strong></span> <span class='ocrx_word' id='word_1_54' title='bbox 1280 426 1348 461; x_wconf 91' lang='lat' dir='ltr'>mi-</span> 
     </span>
     <span class='ocr_line' id='line_1_16' title="bbox 277 478 1375 530; baseline -0.005 -11"><span class='ocrx_word' id='word_1_55' title='bbox 277 482 409 519; x_wconf 84' lang='lat' dir='ltr'>racula</span> <span class='ocrx_word' id='word_1_56' title='bbox 447 495 496 518; x_wconf 89' lang='lat' dir='ltr'>ex</span> <span class='ocrx_word' id='word_1_57' title='bbox 531 482 793 530; x_wconf 83' lang='lat' dir='ltr'><em>postulatione.</em></span> <span class='ocrx_word' id='word_1_58' title='bbox 838 479 1025 516; x_wconf 86' lang='lat' dir='ltr'>Utrolibet</span> <span class='ocrx_word' id='word_1_59' title='bbox 1066 487 1195 515; x_wconf 88' lang='lat' dir='ltr'>tamen</span> <span class='ocrx_word' id='word_1_60' title='bbox 1226 478 1375 514; x_wconf 51' lang='lat' dir='ltr'>modo¹</span> 
     </span>
     <span class='ocr_line' id='line_1_17' title="bbox 277 532 1375 585; baseline -0.005 -12"><span class='ocrx_word' id='word_1_61' title='bbox 277 538 383 573; x_wconf 92' lang='lat' dir='ltr'>Deus</span> <span class='ocrx_word' id='word_1_62' title='bbox 411 535 663 585; x_wconf 85' lang='lat' dir='ltr'>principaliter</span> <span class='ocrx_word' id='word_1_63' title='bbox 685 541 876 583; x_wconf 82' lang='lat' dir='ltr'>operatur,</span> <span class='ocrx_word' id='word_1_64' title='bbox 898 532 963 580; x_wconf 91' lang='lat' dir='ltr'>qui</span> <span class='ocrx_word' id='word_1_65' title='bbox 982 532 1100 568; x_wconf 90' lang='lat' dir='ltr'>utitur</span> <span class='ocrx_word' id='word_1_66' title='bbox 1120 532 1348 569; x_wconf 88' lang='lat' dir='ltr'>instrumen-</span> <span class='ocrx_word' id='word_1_67' title='bbox 1373 544 1375 574; x_wconf 64' lang='lat'>3</span> 
     </span>
     <span class='ocr_line' id='line_1_18' title="bbox 276 586 1347 632; baseline -0.005 -6"><span class='ocrx_word' id='word_1_68' title='bbox 276 590 397 626; x_wconf 81' lang='lat' dir='ltr'>taliter</span> <span class='ocrx_word' id='word_1_69' title='bbox 424 590 484 625; x_wconf 89' lang='lat' dir='ltr'>vel</span> <span class='ocrx_word' id='word_1_70' title='bbox 514 588 679 625; x_wconf 90' lang='lat' dir='ltr'>interiori</span> <span class='ocrx_word' id='word_1_71' title='bbox 700 594 807 623; x_wconf 91' lang='lat' dir='ltr'>motu</span> <span class='ocrx_word' id='word_1_72' title='bbox 832 586 1011 632; x_wconf 89' lang='lat' dir='ltr'>hominis,</span> <span class='ocrx_word' id='word_1_73' title='bbox 1040 586 1101 622; x_wconf 91' lang='lat' dir='ltr'>vel</span> <span class='ocrx_word' id='word_1_74' title='bbox 1134 586 1214 622; x_wconf 89' lang='lat' dir='ltr'>eius</span> <span class='ocrx_word' id='word_1_75' title='bbox 1243 586 1347 621; x_wconf 90' lang='lat' dir='ltr'>locu-</span> 
     </span>
     <span class='ocr_line' id='line_1_19' title="bbox 276 639 1375 688; baseline -0.005 -9"><span class='ocrx_word' id='word_1_76' title='bbox 276 643 390 688; x_wconf 85' lang='lat' dir='ltr'>tione,</span> <span class='ocrx_word' id='word_1_77' title='bbox 420 643 481 679; x_wconf 91' lang='lat' dir='ltr'>vel</span> <span class='ocrx_word' id='word_1_78' title='bbox 512 642 623 678; x_wconf 90' lang='lat' dir='ltr'>etiam</span> <span class='ocrx_word' id='word_1_79' title='bbox 654 641 781 688; x_wconf 89' lang='lat' dir='ltr'>aliquo</span> <span class='ocrx_word' id='word_1_80' title='bbox 813 639 986 676; x_wconf 84' lang='lat' dir='ltr'>exteriori</span> <span class='ocrx_word' id='word_1_81' title='bbox 1016 647 1113 686; x_wconf 82' lang='lat' dir='ltr'>actu,</span> <span class='ocrx_word' id='word_1_82' title='bbox 1144 652 1212 675; x_wconf 88' lang='lat' dir='ltr'>seu</span> <span class='ocrx_word' id='word_1_83' title='bbox 1234 639 1345 675; x_wconf 87' lang='lat' dir='ltr'>etiam</span> <span class='ocrx_word' id='word_1_84' title='bbox 1373 661 1375 667; x_wconf 44' lang='grc' dir='ltr'><em>ι</em></span> 
     </span>
     <span class='ocr_line' id='line_1_20' title="bbox 276 691 1375 743; baseline -0.005 -10"><span class='ocrx_word' id='word_1_85' title='bbox 276 697 402 743; x_wconf 88' lang='lat' dir='ltr'>aliquo</span> <span class='ocrx_word' id='word_1_86' title='bbox 420 702 595 732; x_wconf 89' lang='lat' dir='ltr'>contactu</span> <span class='ocrx_word' id='word_1_87' title='bbox 616 693 803 742; x_wconf 91' lang='lat' dir='ltr'>corporali</span> <span class='ocrx_word' id='word_1_88' title='bbox 825 692 1006 741; x_wconf 84' lang='lat' dir='ltr'>corporis,</span> <span class='ocrx_word' id='word_1_89' title='bbox 1024 693 1136 729; x_wconf 91' lang='lat' dir='ltr'>etiam</span> <span class='ocrx_word' id='word_1_90' title='bbox 1158 693 1298 729; x_wconf 89' lang='lat' dir='ltr'>mortui</span> <span class='ocrx_word' id='word_1_91' title='bbox 1314 691 1345 728; x_wconf 68' lang='lat'>²¹⁶.</span> <span class='ocrx_word' id='word_1_92' title='bbox 1373 697 1375 701; x_wconf 91' lang='lat'>&#39;</span> 
     </span>
     <span class='ocr_line' id='line_1_21' title="bbox 276 746 1375 802; baseline -0.004 -16"><span class='ocrx_word' id='word_1_93' title='bbox 276 750 386 787; x_wconf 85' lang='lat' dir='ltr'>Unde</span> <span class='ocrx_word' id='word_1_94' title='bbox 416 750 527 785; x_wconf 83' lang='lat' dir='ltr'>Iosue</span> <span class='ocrx_word' id='word_1_95' title='bbox 545 760 567 783; x_wconf 86' lang='lat' dir='ltr'>x</span> <span class='ocrx_word' id='word_1_96' title='bbox 586 747 618 794; x_wconf 69' lang='lat'>*7</span> <span class='ocrx_word' id='word_1_97' title='bbox 650 759 736 783; x_wconf 91' lang='lat' dir='ltr'>cum</span> <span class='ocrx_word' id='word_1_98' title='bbox 759 748 870 783; x_wconf 90' lang='lat' dir='ltr'>Iosue</span> <span class='ocrx_word' id='word_1_99' title='bbox 893 746 1058 792; x_wconf 85' lang='lat' dir='ltr'>dixisset,</span> <span class='ocrx_word' id='word_1_100' title='bbox 1081 746 1189 794; x_wconf 86' lang='lat' dir='ltr'>quasi</span> <span class='ocrx_word' id='word_1_101' title='bbox 1211 758 1253 782; x_wconf 87' lang='lat' dir='ltr'>ex</span> <span class='ocrx_word' id='word_1_102' title='bbox 1279 758 1347 795; x_wconf 90' lang='lat' dir='ltr'>po·</span> <span class='ocrx_word' id='word_1_103' title='bbox 1373 776 1375 802; x_wconf 61' lang='lat' dir='ltr'>l</span> 
     </span>
     <span class='ocr_line' id='line_1_22' title="bbox 276 800 1374 848; baseline -0.001 -9"><span class='ocrx_word' id='word_1_104' title='bbox 276 810 426 848; x_wconf 80' lang='lat' dir='ltr'>testate,</span> <span class='ocrx_word' id='word_1_105' title='bbox 456 802 531 846; x_wconf 85' lang='lat' dir='ltr'>Sol,</span> <span class='ocrx_word' id='word_1_106' title='bbox 563 806 694 837; x_wconf 90' lang='lat' dir='ltr'>contra</span> <span class='ocrx_word' id='word_1_107' title='bbox 727 801 886 837; x_wconf 84' lang='lat' dir='ltr'><strong><em>Gabaon</em></strong></span> <span class='ocrx_word' id='word_1_108' title='bbox 918 812 992 836; x_wconf 89' lang='lat' dir='ltr'>non</span> <span class='ocrx_word' id='word_1_109' title='bbox 1022 800 1227 846; x_wconf 79' lang='lat' dir='ltr'>movearis,</span> <span class='ocrx_word' id='word_1_110' title='bbox 1260 800 1347 836; x_wconf 88' lang='lat' dir='ltr'>sub·</span> <span class='ocrx_word' id='word_1_111' title='bbox 1373 807 1374 839; x_wconf 70' lang='lat' dir='ltr'>l</span> 
     </span>
     <span class='ocr_line' id='line_1_23' title="bbox 276 853 1374 903; baseline -0.002 -11"><span class='ocrx_word' id='word_1_112' title='bbox 276 856 375 893; x_wconf 90' lang='lat' dir='ltr'>ditur</span> <span class='ocrx_word' id='word_1_113' title='bbox 394 854 581 903; x_wconf 74' lang='lat' dir='ltr'>postea*:</span> <span class='ocrx_word' id='word_1_114' title='bbox 611 855 702 891; x_wconf 90' lang='lat' dir='ltr'>Non</span> <span class='ocrx_word' id='word_1_115' title='bbox 720 855 806 902; x_wconf 89' lang='lat' dir='ltr'>fuit</span> <span class='ocrx_word' id='word_1_116' title='bbox 822 859 934 891; x_wconf 91' lang='lat' dir='ltr'>antea</span> <span class='ocrx_word' id='word_1_117' title='bbox 959 859 995 890; x_wconf 90' lang='lat' dir='ltr'>et</span> <span class='ocrx_word' id='word_1_118' title='bbox 1014 860 1103 902; x_wconf 89' lang='lat' dir='ltr'>post</span> <span class='ocrx_word' id='word_1_119' title='bbox 1127 859 1204 891; x_wconf 92' lang='lat' dir='ltr'>tam</span> <span class='ocrx_word' id='word_1_120' title='bbox 1228 853 1346 903; x_wconf 86' lang='lat' dir='ltr'>longa</span> <span class='ocrx_word' id='word_1_121' title='bbox 1373 866 1374 875; x_wconf 60' lang='lat'>¹</span> 
     </span>
     <span class='ocr_line' id='line_1_24' title="bbox 274 908 1374 953; baseline -0.001 -9"><span class='ocrx_word' id='word_1_122' title='bbox 274 909 362 953; x_wconf 83' lang='lat' dir='ltr'>dies,</span> <span class='ocrx_word' id='word_1_123' title='bbox 393 908 584 945; x_wconf 88' lang='lat' dir='ltr'>obediente</span> <span class='ocrx_word' id='word_1_124' title='bbox 611 909 694 944; x_wconf 89' lang='lat' dir='ltr'>Deo</span> <span class='ocrx_word' id='word_1_125' title='bbox 723 908 810 944; x_wconf 81' lang='lat' dir='ltr'>voci</span> <span class='ocrx_word' id='word_1_126' title='bbox 835 908 1008 944; x_wconf 88' lang='lat' dir='ltr'>hominis.</span> <span class='ocrx_word' id='word_1_127' title='bbox 1373 912 1374 915; x_wconf 77' lang='grc'>’</span> 
     </span>
    </p>

    <p class='ocr_par' dir='ltr' id='par_1_12' title="bbox 272 950 1375 1334">
     <span class='ocr_line' id='line_1_25' title="bbox 327 950 1374 1015; baseline -0.002 -17"><span class='ocrx_word' id='word_1_128' title='bbox 327 964 385 998; x_wconf 88' lang='lat' dir='ltr'>AD</span> <span class='ocrx_word' id='word_1_129' title='bbox 415 973 607 998; x_wconf 81' lang='lat' dir='ltr'>SECUNDUM</span> <span class='ocrx_word' id='word_1_130' title='bbox 636 974 821 999; x_wconf 69' lang='lat' dir='ltr'>cheunum</span> <span class='ocrx_word' id='word_1_131' title='bbox 851 962 956 1011; x_wconf 92' lang='lat' dir='ltr'>quod</span> <span class='ocrx_word' id='word_1_132' title='bbox 987 961 1037 998; x_wconf 94' lang='lat' dir='ltr'>ibi</span> <span class='ocrx_word' id='word_1_133' title='bbox 1072 960 1238 1009; x_wconf 90' lang='lat' dir='ltr'>loquitur</span> <span class='ocrx_word' id='word_1_134' title='bbox 1266 961 1345 997; x_wconf 89' lang='lat' dir='ltr'>Do·</span> <span class='ocrx_word' id='word_1_135' title='bbox 1373 950 1374 1015; x_wconf 51' lang='grc' dir='ltr'>Ῐ</span> 
     </span>
     <span class='ocr_line' id='line_1_26' title="bbox 274 1015 1374 1063; baseline -0.001 -12"><span class='ocrx_word' id='word_1_136' title='bbox 274 1016 401 1052; x_wconf 90' lang='lat' dir='ltr'>minus</span> <span class='ocrx_word' id='word_1_137' title='bbox 440 1015 487 1052; x_wconf 92' lang='lat' dir='ltr'>de</span> <span class='ocrx_word' id='word_1_138' title='bbox 526 1015 717 1052; x_wconf 88' lang='lat' dir='ltr'>miraculis</span> <span class='ocrx_word' id='word_1_139' title='bbox 756 1028 854 1063; x_wconf 89' lang='lat' dir='ltr'>quae</span> <span class='ocrx_word' id='word_1_140' title='bbox 889 1015 1018 1052; x_wconf 88' lang='lat' dir='ltr'>fienda</span> <span class='ocrx_word' id='word_1_141' title='bbox 1052 1022 1138 1051; x_wconf 90' lang='lat' dir='ltr'>sunt</span> <span class='ocrx_word' id='word_1_142' title='bbox 1171 1018 1374 1063; x_wconf 63' lang='lat' dir='ltr'>tempore*</span> 
     </span>
     <span class='ocr_line' id='line_1_27' title="bbox 273 1068 1374 1118; baseline -0.001 -12"><span class='ocrx_word' id='word_1_143' title='bbox 273 1068 514 1106; x_wconf 90' lang='lat' dir='ltr'>Antichristi:</span> <span class='ocrx_word' id='word_1_144' title='bbox 559 1069 605 1105; x_wconf 88' lang='lat' dir='ltr'>de</span> <span class='ocrx_word' id='word_1_145' title='bbox 650 1069 787 1117; x_wconf 90' lang='lat' dir='ltr'>quibus</span> <span class='ocrx_word' id='word_1_146' title='bbox 825 1071 1035 1118; x_wconf 90' lang='lat' dir='ltr'>Apostolus</span> <span class='ocrx_word' id='word_1_147' title='bbox 1079 1068 1187 1115; x_wconf 84' lang='lat' dir='ltr'>dicit,</span> <span class='ocrx_word' id='word_1_148' title='bbox 1227 1069 1257 1104; x_wconf 92' lang='lat' dir='ltr'>ll</span> <span class='ocrx_word' id='word_1_149' title='bbox 1297 1069 1374 1112; x_wconf 47' lang='lat' dir='ltr'>ad÷</span> 
     </span>
     <span class='ocr_line' id='line_1_28' title="bbox 278 1114 1375 1171; baseline 0 -12"><span class='ocrx_word' id='word_1_150' title='bbox 278 1123 441 1159; x_wconf 80' lang='lat' dir='ltr'>Thessal.</span> <span class='ocrx_word' id='word_1_151' title='bbox 465 1135 487 1159; x_wconf 92' lang='lat'>11</span> <span class='ocrx_word' id='word_1_152' title='bbox 502 1122 533 1169; x_wconf 68' lang='lat'>²⁸,</span> <span class='ocrx_word' id='word_1_153' title='bbox 565 1123 670 1171; x_wconf 91' lang='lat' dir='ltr'>quod</span> <span class='ocrx_word' id='word_1_154' title='bbox 690 1123 871 1160; x_wconf 82' lang='lat' dir='ltr'>adventus</span> <span class='ocrx_word' id='word_1_155' title='bbox 891 1123 1113 1160; x_wconf 82' lang='lat' dir='ltr'>Antichristi</span> <span class='ocrx_word' id='word_1_156' title='bbox 1130 1123 1200 1159; x_wconf 88' lang='lat' dir='ltr'>erit</span> <span class='ocrx_word' id='word_1_157' title='bbox 1217 1134 1347 1159; x_wconf 83' lang='lat' dir='ltr'>secun·</span> <span class='ocrx_word' id='word_1_158' title='bbox 1373 1114 1375 1167; x_wconf 61' lang='lat' dir='ltr'>i</span> 
     </span>
     <span class='ocr_line' id='line_1_29' title="bbox 274 1177 1374 1226; baseline 0.001 -14"><span class='ocrx_word' id='word_1_159' title='bbox 274 1177 363 1213; x_wconf 90' lang='lat' dir='ltr'>dum</span> <span class='ocrx_word' id='word_1_160' title='bbox 402 1177 658 1225; x_wconf 86' lang='lat' dir='ltr'>operationem</span> <span class='ocrx_word' id='word_1_161' title='bbox 698 1178 885 1223; x_wconf 78' lang='lat' dir='ltr'>Satanae,</span> <span class='ocrx_word' id='word_1_162' title='bbox 925 1177 962 1214; x_wconf 91' lang='lat' dir='ltr'>in</span> <span class='ocrx_word' id='word_1_163' title='bbox 1002 1178 1108 1214; x_wconf 90' lang='lat' dir='ltr'>omni</span> <span class='ocrx_word' id='word_1_164' title='bbox 1140 1178 1277 1214; x_wconf 77' lang='lat' dir='ltr'>virtute</span> <span class='ocrx_word' id='word_1_165' title='bbox 1314 1183 1374 1226; x_wconf 67' lang='lat' dir='ltr'>et]</span> 
     </span>
     <span class='ocr_line' id='line_1_30' title="bbox 272 1230 1346 1280; baseline 0.001 -14"><span class='ocrx_word' id='word_1_166' title='bbox 272 1230 391 1280; x_wconf 78' lang='lat' dir='ltr'>signis</span> <span class='ocrx_word' id='word_1_167' title='bbox 419 1236 455 1266; x_wconf 92' lang='lat' dir='ltr'>et</span> <span class='ocrx_word' id='word_1_168' title='bbox 475 1231 664 1280; x_wconf 83' lang='lat' dir='ltr'>prodigiis</span> <span class='ocrx_word' id='word_1_169' title='bbox 684 1231 938 1267; x_wconf 84' lang='lat' dir='ltr'>mendacibus.</span> <span class='ocrx_word' id='word_1_170' title='bbox 970 1232 1018 1267; x_wconf 90' lang='lat' dir='ltr'>Et</span> <span class='ocrx_word' id='word_1_171' title='bbox 1046 1231 1142 1267; x_wconf 93' lang='lat' dir='ltr'>sicut</span> <span class='ocrx_word' id='word_1_172' title='bbox 1170 1231 1346 1279; x_wconf 87' lang='lat' dir='ltr'>Augusti-</span> 
     </span>
     <span class='ocr_line' id='line_1_31' title="bbox 274 1283 1375 1334; baseline 0.001 -14"><span class='ocrx_word' id='word_1_173' title='bbox 274 1297 346 1320; x_wconf 91' lang='lat' dir='ltr'>nus</span> <span class='ocrx_word' id='word_1_174' title='bbox 367 1283 464 1330; x_wconf 82' lang='lat' dir='ltr'>dicit,</span> <span class='ocrx_word' id='word_1_175' title='bbox 496 1285 567 1320; x_wconf 92' lang='lat' dir='ltr'>XX</span> <span class='ocrx_word' id='word_1_176' title='bbox 587 1285 632 1321; x_wconf 88' lang='lat' dir='ltr'>de</span> <span class='ocrx_word' id='word_1_177' title='bbox 652 1285 731 1322; x_wconf 74' lang='grc' dir='ltr'><em>(Σίν.</em></span> <span class='ocrx_word' id='word_1_178' title='bbox 749 1285 824 1321; x_wconf 89' lang='lat' dir='ltr'>Dei</span> <span class='ocrx_word' id='word_1_179' title='bbox 836 1284 866 1330; x_wconf 70' lang='lat'>²¹²,</span> <span class='ocrx_word' id='word_1_180' title='bbox 895 1283 1072 1334; x_wconf 60' lang='lat' dir='ltr'>ambigit</span> <span class='ocrx_word' id='word_1_181' title='bbox 1100 1285 1194 1321; x_wconf 91' lang='lat' dir='ltr'>solet</span> <span class='ocrx_word' id='word_1_182' title='bbox 1221 1290 1345 1321; x_wconf 86' lang='lat' dir='ltr'>utrum</span> <span class='ocrx_word' id='word_1_183' title='bbox 1373 1292 1375 1300; x_wconf 81' lang='grc'><em>’</em></span> 
     </span>
    </p>
   </div>
   <div class='ocr_carea' id='block_1_12' title="bbox 268 1338 1345 1388">
    <p class='ocr_par' dir='ltr' id='par_1_13' title="bbox 268 1338 1345 1388">
     <span class='ocr_line' id='line_1_32' title="bbox 268 1338 1345 1388; baseline 0.002 -14"><span class='ocrx_word' id='word_1_184' title='bbox 268 1343 472 1386; x_wconf 89' lang='lat' dir='ltr'>propterea</span> <span class='ocrx_word' id='word_1_185' title='bbox 500 1338 598 1375; x_wconf 84' lang='lat' dir='ltr'>dicta</span> <span class='ocrx_word' id='word_1_186' title='bbox 630 1339 705 1375; x_wconf 88' lang='lat' dir='ltr'>sint</span> <span class='ocrx_word' id='word_1_187' title='bbox 729 1339 842 1388; x_wconf 81' lang='lat' dir='ltr'>signa</span> <span class='ocrx_word' id='word_1_188' title='bbox 875 1343 911 1374; x_wconf 92' lang='lat' dir='ltr'>et</span> <span class='ocrx_word' id='word_1_189' title='bbox 932 1339 1113 1388; x_wconf 77' lang='lat' dir='ltr'>prodigia</span> <span class='ocrx_word' id='word_1_190' title='bbox 1143 1339 1345 1386; x_wconf 79' lang='lat' dir='ltr'>mendacii,</span> 
     </span>
    </p>
   </div>
   <div class='ocr_carea' id='block_1_13' title="bbox 274 1380 1375 1442">
    <p class='ocr_par' dir='ltr' id='par_1_14' title="bbox 274 1380 1375 1442">
     <span class='ocr_line' id='line_1_33' title="bbox 274 1380 1375 1442; baseline 0.002 -15"><span class='ocrx_word' id='word_1_191' title='bbox 274 1392 455 1440; x_wconf 85' lang='lat' dir='ltr'>quoniam</span> <span class='ocrx_word' id='word_1_192' title='bbox 484 1392 663 1430; x_wconf 88' lang='lat' dir='ltr'>mortales</span> <span class='ocrx_word' id='word_1_193' title='bbox 690 1404 820 1429; x_wconf 86' lang='lat' dir='ltr'>sensus</span> <span class='ocrx_word' id='word_1_194' title='bbox 849 1403 922 1440; x_wconf 84' lang='lat' dir='ltr'>per</span> <span class='ocrx_word' id='word_1_195' title='bbox 944 1394 1214 1442; x_wconf 85' lang='lat' dir='ltr'>phantasmata</span> <span class='ocrx_word' id='word_1_196' title='bbox 1243 1393 1346 1429; x_wconf 88' lang='lat' dir='ltr'>dece·</span> <span class='ocrx_word' id='word_1_197' title='bbox 1373 1380 1375 1440; x_wconf 51' lang='lat' dir='ltr'>i</span> 
     </span>
    </p>
   </div>
   <div class='ocr_carea' id='block_1_14' title="bbox 269 1446 1345 1495">
    <p class='ocr_par' dir='ltr' id='par_1_15' title="bbox 269 1443 1375 1495">
     <span class='ocr_line' id='line_1_34' title="bbox 269 1446 1345 1495; baseline 0.003 -14"><span class='ocrx_word' id='word_1_198' title='bbox 269 1451 406 1493; x_wconf 86' lang='lat' dir='ltr'>pturus</span> <span class='ocrx_word' id='word_1_199' title='bbox 425 1452 488 1492; x_wconf 81' lang='lat' dir='ltr'>est,</span> <span class='ocrx_word' id='word_1_200' title='bbox 511 1451 551 1482; x_wconf 88' lang='lat' dir='ltr'>ut</span> <span class='ocrx_word' id='word_1_201' title='bbox 576 1447 678 1495; x_wconf 81' lang='lat' dir='ltr'>quod</span> <span class='ocrx_word' id='word_1_202' title='bbox 697 1459 771 1483; x_wconf 92' lang='lat' dir='ltr'>non</span> <span class='ocrx_word' id='word_1_203' title='bbox 786 1446 900 1495; x_wconf 75' lang='lat' dir='ltr'>facit,</span> <span class='ocrx_word' id='word_1_204' title='bbox 926 1447 1059 1492; x_wconf 83' lang='lat' dir='ltr'>facere</span> <span class='ocrx_word' id='word_1_205' title='bbox 1077 1446 1266 1484; x_wconf 74' lang='lat' dir='ltr'>videatur.-</span> <span class='ocrx_word' id='word_1_206' title='bbox 1296 1459 1345 1484; x_wconf 90' lang='lat' dir='ltr'>an</span> 
     </span>
    </p>
   </div>
   <div class='ocr_carea' id='block_1_15' title="bbox 918 292 1833 339">
    <p class='ocr_par' dir='ltr' id='par_1_16' title="bbox 918 292 1833 339">
     <span class='ocr_line' id='line_1_35' title="bbox 918 292 1833 339; baseline -0.001 -9"><span class='ocrx_word' id='word_1_207' title='bbox 918 293 1185 339; x_wconf 81' lang='lat' dir='ltr'>QUAEsTio</span> <span class='ocrx_word' id='word_1_208' title='bbox 1216 292 1461 339; x_wconf 80' lang='lat' dir='ltr'>CLxxvffl,</span> <span class='ocrx_word' id='word_1_209' title='bbox 1491 293 1789 331; x_wconf 81' lang='lat' dir='ltr'>ARTlCULUS</span> <span class='ocrx_word' id='word_1_210' title='bbox 1821 294 1833 329; x_wconf 90' lang='lat'>1</span> 
     </span>
    </p>
   </div>
   <div class='ocr_carea' id='block_1_16' title="bbox 1402 371 2474 581">
    <p class='ocr_par' dir='ltr' id='par_1_17' title="bbox 1402 371 2474 524">
     <span class='ocr_line' id='line_1_36' title="bbox 1403 371 2473 421; baseline 0.001 -14"><span class='ocrx_word' id='word_1_211' title='bbox 1403 372 1514 407; x_wconf 91' lang='lat' dir='ltr'>Parte</span> <span class='ocrx_word' id='word_1_212' title='bbox 1538 371 1558 393; x_wconf 73' lang='lat'>²¹⁶</span> <span class='ocrx_word' id='word_1_213' title='bbox 1597 372 1738 409; x_wconf 90' lang='lat' dir='ltr'>dictum</span> <span class='ocrx_word' id='word_1_214' title='bbox 1774 380 1841 409; x_wconf 90' lang='lat' dir='ltr'>est.</span> <span class='ocrx_word' id='word_1_215' title='bbox 1882 372 1958 409; x_wconf 86' lang='lat' dir='ltr'>Sed</span> <span class='ocrx_word' id='word_1_216' title='bbox 1997 371 2168 421; x_wconf 89' lang='lat' dir='ltr'>operatio</span> <span class='ocrx_word' id='word_1_217' title='bbox 2201 372 2473 408; x_wconf 89' lang='lat' dir='ltr'>miraculorum</span> 
     </span>
     <span class='ocr_line' id='line_1_37' title="bbox 1402 425 2474 474; baseline 0.002 -14"><span class='ocrx_word' id='word_1_218' title='bbox 1402 436 1501 473; x_wconf 89' lang='lat' dir='ltr'>quae</span> <span class='ocrx_word' id='word_1_219' title='bbox 1540 425 1753 462; x_wconf 88' lang='lat' dir='ltr'>attribuitur</span> <span class='ocrx_word' id='word_1_220' title='bbox 1789 426 1930 474; x_wconf 89' lang='lat' dir='ltr'>gratiae</span> <span class='ocrx_word' id='word_1_221' title='bbox 1963 425 2076 473; x_wconf 87' lang='lat' dir='ltr'>gratis</span> <span class='ocrx_word' id='word_1_222' title='bbox 2106 426 2237 472; x_wconf 80' lang='lat' dir='ltr'>datae,</span> <span class='ocrx_word' id='word_1_223' title='bbox 2267 426 2310 463; x_wconf 92' lang='lat' dir='ltr'>fit</span> <span class='ocrx_word' id='word_1_224' title='bbox 2337 425 2474 462; x_wconf 88' lang='lat' dir='ltr'>virtute</span> 
     </span>
     <span class='ocr_line' id='line_1_38' title="bbox 1403 477 2096 524; baseline 0 -9"><span class='ocrx_word' id='word_1_225' title='bbox 1403 477 1544 524; x_wconf 86' lang='lat' dir='ltr'>divina,</span> <span class='ocrx_word' id='word_1_226' title='bbox 1574 479 1624 515; x_wconf 92' lang='lat' dir='ltr'>ad</span> <span class='ocrx_word' id='word_1_227' title='bbox 1653 479 1857 515; x_wconf 87' lang='lat' dir='ltr'>hominum</span> <span class='ocrx_word' id='word_1_228' title='bbox 1886 479 2096 516; x_wconf 86' lang='lat' dir='ltr'>utilitatem.</span> 
     </span>
    </p>

    <p class='ocr_par' dir='ltr' id='par_1_18' title="bbox 1455 531 2474 581">
     <span class='ocr_line' id='line_1_39' title="bbox 1455 531 2474 581; baseline 0.001 -14"><span class='ocrx_word' id='word_1_229' title='bbox 1455 533 1514 567; x_wconf 85' lang='lat' dir='ltr'>AD</span> <span class='ocrx_word' id='word_1_230' title='bbox 1547 543 1709 569; x_wconf 72' lang='lat' dir='ltr'>‘mariun</span> <span class='ocrx_word' id='word_1_231' title='bbox 1742 543 1929 570; x_wconf 73' lang='lat' dir='ltr'>Dicennuu</span> <span class='ocrx_word' id='word_1_232' title='bbox 1968 532 2073 581; x_wconf 87' lang='lat' dir='ltr'>quod</span> <span class='ocrx_word' id='word_1_233' title='bbox 2108 533 2146 568; x_wconf 87' lang='lat' dir='ltr'>in</span> <span class='ocrx_word' id='word_1_234' title='bbox 2175 531 2367 569; x_wconf 85' lang='lat' dir='ltr'>miraculis</span> <span class='ocrx_word' id='word_1_235' title='bbox 2397 533 2474 568; x_wconf 93' lang='lat' dir='ltr'>duo</span> 
     </span>
    </p>
   </div>
   <div class='ocr_carea' id='block_1_17' title="bbox 1373 585 2473 635">
    <p class='ocr_par' dir='ltr' id='par_1_19' title="bbox 1373 585 2473 635">
     <span class='ocr_line' id='line_1_40' title="bbox 1373 585 2473 635; baseline 0.002 -15"><span class='ocrx_word' id='word_1_236' title='bbox 1373 588 1375 608; x_wconf 71' lang='lat'><strong>²</strong></span> <span class='ocrx_word' id='word_1_237' title='bbox 1401 592 1563 633; x_wconf 87' lang='lat' dir='ltr'>possunt</span> <span class='ocrx_word' id='word_1_238' title='bbox 1591 585 1746 622; x_wconf 91' lang='lat' dir='ltr'>attendi.</span> <span class='ocrx_word' id='word_1_239' title='bbox 1776 586 1908 623; x_wconf 90' lang='lat' dir='ltr'>Unum</span> <span class='ocrx_word' id='word_1_240' title='bbox 1937 586 2095 635; x_wconf 90' lang='lat' dir='ltr'>quidem</span> <span class='ocrx_word' id='word_1_241' title='bbox 2126 593 2181 622; x_wconf 91' lang='lat' dir='ltr'>est</span> <span class='ocrx_word' id='word_1_242' title='bbox 2209 586 2247 623; x_wconf 88' lang='lat' dir='ltr'>id</span> <span class='ocrx_word' id='word_1_243' title='bbox 2276 587 2380 634; x_wconf 90' lang='lat' dir='ltr'>quod</span> <span class='ocrx_word' id='word_1_244' title='bbox 2411 586 2473 622; x_wconf 87' lang='lat' dir='ltr'>fit:</span> 
     </span>
    </p>
   </div>
   <div class='ocr_carea' id='block_1_18' title="bbox 1400 638 2479 1223">
    <p class='ocr_par' dir='ltr' id='par_1_20' title="bbox 1400 638 2478 1050">
     <span class='ocr_line' id='line_1_41' title="bbox 1402 638 2476 687; baseline 0.001 -13"><span class='ocrx_word' id='word_1_245' title='bbox 1402 638 1508 686; x_wconf 90' lang='lat' dir='ltr'>quod</span> <span class='ocrx_word' id='word_1_246' title='bbox 1551 638 1711 687; x_wconf 88' lang='lat' dir='ltr'>quidem</span> <span class='ocrx_word' id='word_1_247' title='bbox 1749 647 1805 676; x_wconf 86' lang='lat' dir='ltr'>est</span> <span class='ocrx_word' id='word_1_248' title='bbox 1842 639 1986 687; x_wconf 86' lang='lat' dir='ltr'>aliquid</span> <span class='ocrx_word' id='word_1_249' title='bbox 2030 640 2219 676; x_wconf 85' lang='lat' dir='ltr'>excedens</span> <span class='ocrx_word' id='word_1_250' title='bbox 2256 640 2476 676; x_wconf 86' lang='lat' dir='ltr'>facultatem</span> 
     </span>
     <span class='ocr_line' id='line_1_42' title="bbox 1402 693 2476 738; baseline 0.001 -11"><span class='ocrx_word' id='word_1_251' title='bbox 1402 698 1574 728; x_wconf 88' lang='lat' dir='ltr'>naturae.</span> <span class='ocrx_word' id='word_1_252' title='bbox 1616 693 1664 728; x_wconf 90' lang='lat' dir='ltr'>Et</span> <span class='ocrx_word' id='word_1_253' title='bbox 1701 693 1916 730; x_wconf 89' lang='lat' dir='ltr'>secundum</span> <span class='ocrx_word' id='word_1_254' title='bbox 1953 693 2049 738; x_wconf 87' lang='lat' dir='ltr'>hoc,</span> <span class='ocrx_word' id='word_1_255' title='bbox 2080 693 2263 729; x_wconf 86' lang='lat' dir='ltr'>miracula</span> <span class='ocrx_word' id='word_1_256' title='bbox 2298 693 2476 730; x_wconf 89' lang='lat' dir='ltr'>dicuntur</span> 
     </span>
     <span class='ocr_line' id='line_1_43' title="bbox 1401 745 2476 795; baseline 0.001 -14"><span class='ocrx_word' id='word_1_257' title='bbox 1401 746 1567 782; x_wconf 78' lang='lat' dir='ltr'>virtutes.</span> <span class='ocrx_word' id='word_1_258' title='bbox 1597 767 1621 773; x_wconf 94' lang='lat'>-</span> <span class='ocrx_word' id='word_1_259' title='bbox 1651 745 1764 782; x_wconf 94' lang='lat' dir='ltr'>Aliud</span> <span class='ocrx_word' id='word_1_260' title='bbox 1801 754 1856 782; x_wconf 91' lang='lat' dir='ltr'>est</span> <span class='ocrx_word' id='word_1_261' title='bbox 1890 746 1926 783; x_wconf 91' lang='lat' dir='ltr'>id</span> <span class='ocrx_word' id='word_1_262' title='bbox 1966 754 2123 795; x_wconf 90' lang='lat' dir='ltr'>propter</span> <span class='ocrx_word' id='word_1_263' title='bbox 2151 747 2255 795; x_wconf 92' lang='lat' dir='ltr'>quod</span> <span class='ocrx_word' id='word_1_264' title='bbox 2292 746 2476 783; x_wconf 90' lang='lat' dir='ltr'>miracula</span> 
     </span>
     <span class='ocr_line' id='line_1_44' title="bbox 1401 798 2477 848; baseline -0.001 -12"><span class='ocrx_word' id='word_1_265' title='bbox 1401 799 1517 836; x_wconf 89' lang='lat' dir='ltr'>fiunt:</span> <span class='ocrx_word' id='word_1_266' title='bbox 1549 798 1690 835; x_wconf 91' lang='lat' dir='ltr'>scilicet</span> <span class='ocrx_word' id='word_1_267' title='bbox 1718 800 1766 836; x_wconf 88' lang='lat' dir='ltr'>ad</span> <span class='ocrx_word' id='word_1_268' title='bbox 1803 799 2127 836; x_wconf 86' lang='lat' dir='ltr'>manifestandum</span> <span class='ocrx_word' id='word_1_269' title='bbox 2164 800 2307 848; x_wconf 91' lang='lat' dir='ltr'>aliquid</span> <span class='ocrx_word' id='word_1_270' title='bbox 2346 812 2477 848; x_wconf 92' lang='lat' dir='ltr'>super-</span> 
     </span>
     <span class='ocr_line' id='line_1_45' title="bbox 1403 852 2478 899; baseline 0.002 -11"><span class='ocrx_word' id='word_1_271' title='bbox 1403 852 1587 889; x_wconf 88' lang='lat' dir='ltr'>naturale.</span> <span class='ocrx_word' id='word_1_272' title='bbox 1619 853 1668 889; x_wconf 84' lang='lat' dir='ltr'>Et</span> <span class='ocrx_word' id='word_1_273' title='bbox 1696 853 1910 890; x_wconf 86' lang='lat' dir='ltr'>secundum</span> <span class='ocrx_word' id='word_1_274' title='bbox 1939 853 2026 899; x_wconf 85' lang='lat' dir='ltr'>hoc,</span> <span class='ocrx_word' id='word_1_275' title='bbox 2057 853 2314 891; x_wconf 90' lang='lat' dir='ltr'>communiter</span> <span class='ocrx_word' id='word_1_276' title='bbox 2344 853 2478 891; x_wconf 89' lang='lat' dir='ltr'>dicun—</span> 
     </span>
     <span class='ocr_line' id='line_1_46' title="bbox 1401 905 2477 955; baseline 0.002 -13"><span class='ocrx_word' id='word_1_277' title='bbox 1401 914 1461 942; x_wconf 90' lang='lat' dir='ltr'>tur</span> <span class='ocrx_word' id='word_1_278' title='bbox 1497 906 1632 955; x_wconf 84' lang='lat' dir='ltr'>signa:</span> <span class='ocrx_word' id='word_1_279' title='bbox 1670 914 1827 955; x_wconf 90' lang='lat' dir='ltr'>propter</span> <span class='ocrx_word' id='word_1_280' title='bbox 1865 905 2125 943; x_wconf 88' lang='lat' dir='ltr'>excellentiam</span> <span class='ocrx_word' id='word_1_281' title='bbox 2165 915 2315 954; x_wconf 88' lang='lat' dir='ltr'>autem,</span> <span class='ocrx_word' id='word_1_282' title='bbox 2346 907 2477 944; x_wconf 92' lang='lat' dir='ltr'>dicun-</span> 
     </span>
     <span class='ocr_line' id='line_1_47' title="bbox 1400 957 2476 1010; baseline 0.001 -14"><span class='ocrx_word' id='word_1_283' title='bbox 1400 967 1460 996; x_wconf 90' lang='lat' dir='ltr'>tur</span> <span class='ocrx_word' id='word_1_284' title='bbox 1486 965 1664 1007; x_wconf 87' lang='lat' dir='ltr'>portenta</span> <span class='ocrx_word' id='word_1_285' title='bbox 1694 961 1755 996; x_wconf 88' lang='lat' dir='ltr'>vel</span> <span class='ocrx_word' id='word_1_286' title='bbox 1778 960 1973 1010; x_wconf 83' lang='lat' dir='ltr'>prodigia,</span> <span class='ocrx_word' id='word_1_287' title='bbox 2003 959 2112 1008; x_wconf 86' lang='lat' dir='ltr'>quasi</span> <span class='ocrx_word' id='word_1_288' title='bbox 2141 961 2275 1009; x_wconf 89' lang='lat' dir='ltr'>procul</span> <span class='ocrx_word' id='word_1_289' title='bbox 2303 960 2444 1010; x_wconf 87' lang='lat' dir='ltr'>aliquid</span> <span class='ocrx_word' id='word_1_290' title='bbox 2463 957 2476 982; x_wconf 77' lang='lat'><strong>⁰</strong></span> 
     </span>
     <span class='ocr_line' id='line_1_48' title="bbox 1401 1013 1654 1050; baseline 0 -1"><span class='ocrx_word' id='word_1_291' title='bbox 1401 1013 1654 1050; x_wconf 89' lang='lat' dir='ltr'>ostendentia.</span> 
     </span>
    </p>

    <p class='ocr_par' dir='ltr' id='par_1_21' title="bbox 1400 1067 2479 1223">
     <span class='ocr_line' id='line_1_49' title="bbox 1454 1067 2476 1117; baseline 0.001 -14"><span class='ocrx_word' id='word_1_292' title='bbox 1454 1068 1513 1103; x_wconf 84' lang='lat' dir='ltr'>AD</span> <span class='ocrx_word' id='word_1_293' title='bbox 1548 1078 1723 1109; x_wconf 79' lang='lat' dir='ltr'><strong>QUARTUM</strong></span> <span class='ocrx_word' id='word_1_294' title='bbox 1758 1078 1943 1104; x_wconf 78' lang='lat' dir='ltr'>DICENDUM</span> <span class='ocrx_word' id='word_1_295' title='bbox 1978 1067 2084 1115; x_wconf 90' lang='lat' dir='ltr'>quod</span> <span class='ocrx_word' id='word_1_296' title='bbox 2116 1067 2245 1117; x_wconf 82' lang='lat' dir='ltr'>gratia</span> <span class='ocrx_word' id='word_1_297' title='bbox 2272 1067 2476 1104; x_wconf 87' lang='lat' dir='ltr'>sanitatum</span> 
     </span>
     <span class='ocr_line' id='line_1_50' title="bbox 1402 1120 2478 1169; baseline -0.001 -12"><span class='ocrx_word' id='word_1_298' title='bbox 1402 1127 1732 1157; x_wconf 86' lang='lat' dir='ltr'>commemoratur</span> <span class='ocrx_word' id='word_1_299' title='bbox 1754 1133 1942 1167; x_wconf 90' lang='lat' dir='ltr'>seorsum,</span> <span class='ocrx_word' id='word_1_300' title='bbox 1965 1120 2054 1169; x_wconf 89' lang='lat' dir='ltr'>quia</span> <span class='ocrx_word' id='word_1_301' title='bbox 2082 1133 2152 1169; x_wconf 90' lang='lat' dir='ltr'>per</span> <span class='ocrx_word' id='word_1_302' title='bbox 2172 1133 2258 1157; x_wconf 89' lang='lat' dir='ltr'>eam</span> <span class='ocrx_word' id='word_1_303' title='bbox 2285 1120 2478 1157; x_wconf 89' lang='lat' dir='ltr'>confertur</span> 
     </span>
     <span class='ocr_line' id='line_1_51' title="bbox 1400 1173 2479 1223; baseline -0.001 -12"><span class='ocrx_word' id='word_1_304' title='bbox 1400 1174 1549 1211; x_wconf 90' lang='lat' dir='ltr'>homini</span> <span class='ocrx_word' id='word_1_305' title='bbox 1578 1174 1734 1223; x_wconf 87' lang='lat' dir='ltr'>aliquod</span> <span class='ocrx_word' id='word_1_306' title='bbox 1763 1174 2010 1221; x_wconf 86' lang='lat' dir='ltr'>beneficium,</span> <span class='ocrx_word' id='word_1_307' title='bbox 2031 1174 2172 1211; x_wconf 90' lang='lat' dir='ltr'>scilicet</span> <span class='ocrx_word' id='word_1_308' title='bbox 2191 1173 2400 1222; x_wconf 89' lang='lat' dir='ltr'>corporalis</span> <span class='ocrx_word' id='word_1_309' title='bbox 2421 1186 2479 1210; x_wconf 90' lang='lat' dir='ltr'>sa-</span> 
     </span>
    </p>
   </div>
   <div class='ocr_carea' id='block_1_19' title="bbox 1373 1227 2479 1278">
    <p class='ocr_par' dir='ltr' id='par_1_22' title="bbox 1373 1227 2479 1278">
     <span class='ocr_line' id='line_1_52' title="bbox 1373 1227 2479 1278; baseline 0 -14"><span class='ocrx_word' id='word_1_310' title='bbox 1373 1248 1375 1278; x_wconf 72' lang='lat'>3</span> <span class='ocrx_word' id='word_1_311' title='bbox 1401 1228 1536 1275; x_wconf 80' lang='lat' dir='ltr'>nitatis,</span> <span class='ocrx_word' id='word_1_312' title='bbox 1567 1236 1719 1277; x_wconf 90' lang='lat' dir='ltr'>praeter</span> <span class='ocrx_word' id='word_1_313' title='bbox 1743 1228 1978 1265; x_wconf 88' lang='lat' dir='ltr'>beneficium</span> <span class='ocrx_word' id='word_1_314' title='bbox 2000 1240 2208 1265; x_wconf 87' lang='lat' dir='ltr'>commune</span> <span class='ocrx_word' id='word_1_315' title='bbox 2239 1228 2345 1276; x_wconf 92' lang='lat' dir='ltr'>quod</span> <span class='ocrx_word' id='word_1_316' title='bbox 2375 1227 2479 1264; x_wconf 88' lang='lat' dir='ltr'>exhi-</span> 
     </span>
    </p>
   </div>
   <div class='ocr_carea' id='block_1_20' title="bbox 1401 1281 2478 1492">
    <p class='ocr_par' dir='ltr' id='par_1_23' title="bbox 1401 1281 2478 1373">
     <span class='ocr_line' id='line_1_53' title="bbox 1401 1281 2478 1328; baseline 0 -10"><span class='ocrx_word' id='word_1_317' title='bbox 1401 1283 1511 1318; x_wconf 89' lang='lat' dir='ltr'>betur</span> <span class='ocrx_word' id='word_1_318' title='bbox 1539 1282 1576 1319; x_wconf 92' lang='lat' dir='ltr'>in</span> <span class='ocrx_word' id='word_1_319' title='bbox 1607 1282 1788 1319; x_wconf 88' lang='lat' dir='ltr'>omnibus</span> <span class='ocrx_word' id='word_1_320' title='bbox 1817 1281 2029 1328; x_wconf 88' lang='lat' dir='ltr'>miraculis,</span> <span class='ocrx_word' id='word_1_321' title='bbox 2059 1290 2101 1319; x_wconf 92' lang='lat' dir='ltr'>ut</span> <span class='ocrx_word' id='word_1_322' title='bbox 2129 1281 2272 1318; x_wconf 89' lang='lat' dir='ltr'>scilicet</span> <span class='ocrx_word' id='word_1_323' title='bbox 2298 1281 2478 1319; x_wconf 90' lang='lat' dir='ltr'>homines</span> 
     </span>
     <span class='ocr_line' id='line_1_54' title="bbox 1401 1335 2077 1373; baseline 0 -1"><span class='ocrx_word' id='word_1_324' title='bbox 1401 1335 1669 1373; x_wconf 85' lang='lat' dir='ltr'>adducantur‘</span> <span class='ocrx_word' id='word_1_325' title='bbox 1698 1336 1736 1372; x_wconf 91' lang='lat' dir='ltr'>in</span> <span class='ocrx_word' id='word_1_326' title='bbox 1766 1336 1837 1373; x_wconf 89' lang='lat' dir='ltr'>Dei</span> <span class='ocrx_word' id='word_1_327' title='bbox 1868 1335 2077 1373; x_wconf 67' lang='lat' dir='ltr'>notitiam.⁴</span> 
     </span>
    </p>

    <p class='ocr_par' dir='ltr' id='par_1_24' title="bbox 1404 1388 2478 1492">
     <span class='ocr_line' id='line_1_55' title="bbox 1455 1388 2478 1438; baseline -0.001 -12"><span class='ocrx_word' id='word_1_328' title='bbox 1455 1391 1514 1426; x_wconf 87' lang='lat' dir='ltr'>An</span> <span class='ocrx_word' id='word_1_329' title='bbox 1544 1401 1708 1432; x_wconf 84' lang='lat' dir='ltr'><strong>QUINTUM</strong></span> <span class='ocrx_word' id='word_1_330' title='bbox 1733 1401 1918 1427; x_wconf 67' lang='lat' dir='ltr'>mesanum</span> <span class='ocrx_word' id='word_1_331' title='bbox 1938 1389 2044 1438; x_wconf 87' lang='lat' dir='ltr'>quod</span> <span class='ocrx_word' id='word_1_332' title='bbox 2073 1388 2245 1438; x_wconf 89' lang='lat' dir='ltr'>operatio</span> <span class='ocrx_word' id='word_1_333' title='bbox 2274 1388 2478 1426; x_wconf 88' lang='lat' dir='ltr'>miraculo·</span> 
     </span>
     <span class='ocr_line' id='line_1_56' title="bbox 1404 1441 2478 1492; baseline 0 -13"><span class='ocrx_word' id='word_1_334' title='bbox 1404 1455 1488 1480; x_wconf 92' lang='lat' dir='ltr'>rum</span> <span class='ocrx_word' id='word_1_335' title='bbox 1510 1443 1724 1479; x_wconf 88' lang='lat' dir='ltr'>attribuitur</span> <span class='ocrx_word' id='word_1_336' title='bbox 1743 1443 1834 1481; x_wconf 91' lang='lat' dir='ltr'>fidei</span> <span class='ocrx_word' id='word_1_337' title='bbox 1856 1450 2013 1492; x_wconf 91' lang='lat' dir='ltr'>propter</span> <span class='ocrx_word' id='word_1_338' title='bbox 2034 1444 2124 1480; x_wconf 87' lang='lat' dir='ltr'>duo.</span> <span class='ocrx_word' id='word_1_339' title='bbox 2155 1442 2284 1480; x_wconf 89' lang='lat' dir='ltr'>Primo</span> <span class='ocrx_word' id='word_1_340' title='bbox 2305 1441 2478 1492; x_wconf 87' lang='lat' dir='ltr'>quidem,</span> 
     </span>
    </p>
   </div>
   <div class='ocr_carea' id='block_1_21' title="bbox 275 1495 2478 1550">
    <p class='ocr_par' dir='ltr' id='par_1_25' title="bbox 275 1495 2478 1550">
     <span class='ocr_line' id='line_1_57' title="bbox 275 1495 2478 1550; baseline -0 -17"><span class='ocrx_word' id='word_1_341' title='bbox 275 1500 363 1548; x_wconf 85' lang='lat' dir='ltr'>quia</span> <span class='ocrx_word' id='word_1_342' title='bbox 393 1500 469 1546; x_wconf 73' lang='lat' dir='ltr'>illa,</span> <span class='ocrx_word' id='word_1_343' title='bbox 499 1500 611 1536; x_wconf 86' lang='lat' dir='ltr'>etiam</span> <span class='ocrx_word' id='word_1_344' title='bbox 631 1501 665 1537; x_wconf 76' lang='lat' dir='ltr'>si</span> <span class='ocrx_word' id='word_1_345' title='bbox 691 1505 802 1537; x_wconf 84' lang='lat' dir='ltr'>erunt</span> <span class='ocrx_word' id='word_1_346' title='bbox 828 1512 919 1537; x_wconf 77' lang='lat' dir='ltr'>vera</span> <span class='ocrx_word' id='word_1_347' title='bbox 942 1501 1136 1550; x_wconf 79' lang='lat' dir='ltr'>prodigia,</span> <span class='ocrx_word' id='word_1_348' title='bbox 1167 1502 1218 1538; x_wconf 78' lang='lat' dir='ltr'>ad</span> <span class='ocrx_word' id='word_1_349' title='bbox 1245 1512 1346 1538; x_wconf 76' lang='lat' dir='ltr'>men-</span> <span class='ocrx_word' id='word_1_350' title='bbox 1374 1507 1376 1528; x_wconf 67' lang='grc' dir='ltr'><strong>ι</strong></span> <span class='ocrx_word' id='word_1_351' title='bbox 1404 1496 1492 1545; x_wconf 88' lang='lat' dir='ltr'>quia</span> <span class='ocrx_word' id='word_1_352' title='bbox 1513 1497 1711 1534; x_wconf 90' lang='lat' dir='ltr'>ordinatur</span> <span class='ocrx_word' id='word_1_353' title='bbox 1730 1497 1779 1534; x_wconf 88' lang='lat' dir='ltr'>ad</span> <span class='ocrx_word' id='word_1_354' title='bbox 1799 1498 1890 1534; x_wconf 90' lang='lat' dir='ltr'>fidei</span> <span class='ocrx_word' id='word_1_355' title='bbox 1911 1497 2259 1534; x_wconf 90' lang='lat' dir='ltr'>confirmationem.</span> <span class='ocrx_word' id='word_1_356' title='bbox 2283 1495 2478 1542; x_wconf 89' lang='lat' dir='ltr'>Secundo,</span> 
     </span>
    </p>
   </div>
   <div class='ocr_carea' id='block_1_22' title="bbox 2500 378 2716 433">
    <p class='ocr_par' dir='ltr' id='par_1_26' title="bbox 2500 378 2716 433">
     <span class='ocr_line' id='line_1_58' title="bbox 2500 378 2716 433; baseline 0.005 -33"><span class='ocrx_word' id='word_1_357' title='bbox 2500 378 2576 433; x_wconf 28' lang='lat' dir='ltr'>⁴2³·Qu.</span> <span class='ocrx_word' id='word_1_358' title='bbox 2596 384 2658 406; x_wconf 69' lang='lat' dir='ltr'>exn,</span> <span class='ocrx_word' id='word_1_359' title='bbox 2674 382 2716 401; x_wconf 79' lang='lat' dir='ltr'>art.</span> 
     </span>
    </p>
   </div>
   <div class='ocr_carea' id='block_1_23' title="bbox 275 1549 2514 1602">
    <p class='ocr_par' dir='ltr' id='par_1_27' title="bbox 275 1549 2514 1602">
     <span class='ocr_line' id='line_1_59' title="bbox 275 1549 2514 1602; baseline -0.001 -12"><span class='ocrx_word' id='word_1_360' title='bbox 275 1553 425 1591; x_wconf 86' lang='lat' dir='ltr'>dacium</span> <span class='ocrx_word' id='word_1_361' title='bbox 459 1555 690 1602; x_wconf 85' lang='lat' dir='ltr'>pertrahent.</span> <span class='ocrx_word' id='word_1_362' title='bbox 727 1554 828 1591; x_wconf 88' lang='lat' dir='ltr'>Vera</span> <span class='ocrx_word' id='word_1_363' title='bbox 865 1562 992 1591; x_wconf 80' lang='lat' dir='ltr'>autem</span> <span class='ocrx_word' id='word_1_364' title='bbox 1030 1554 1227 1601; x_wconf 85' lang='lat' dir='ltr'>dicuntur,</span> <span class='ocrx_word' id='word_1_365' title='bbox 1258 1555 1348 1601; x_wconf 88' lang='lat' dir='ltr'>quia</span> <span class='ocrx_word' id='word_1_366' title='bbox 1374 1551 1376 1587; x_wconf 66' lang='lat' dir='ltr'>i</span> <span class='ocrx_word' id='word_1_367' title='bbox 1403 1550 1490 1599; x_wconf 83' lang='lat' dir='ltr'>quia</span> <span class='ocrx_word' id='word_1_368' title='bbox 1518 1551 1691 1599; x_wconf 83' lang='lat' dir='ltr'>procedit</span> <span class='ocrx_word' id='word_1_369' title='bbox 1721 1563 1766 1587; x_wconf 82' lang='lat' dir='ltr'>ex</span> <span class='ocrx_word' id='word_1_370' title='bbox 1795 1551 1867 1588; x_wconf 85' lang='lat' dir='ltr'>Dei</span> <span class='ocrx_word' id='word_1_371' title='bbox 1887 1551 2178 1600; x_wconf 88' lang='lat' dir='ltr'>omnipotentia,</span> <span class='ocrx_word' id='word_1_372' title='bbox 2210 1550 2269 1588; x_wconf 88' lang='lat' dir='ltr'>cui</span> <span class='ocrx_word' id='word_1_373' title='bbox 2297 1550 2395 1587; x_wconf 89' lang='lat' dir='ltr'>fides</span> <span class='ocrx_word' id='word_1_374' title='bbox 2424 1549 2479 1587; x_wconf 89' lang='lat' dir='ltr'>in·</span> <span class='ocrx_word' id='word_1_375' title='bbox 2511 1560 2514 1562; x_wconf 84' lang='grc'><em>·</em></span> 
     </span>
    </p>
   </div>
   <div class='ocr_carea' id='block_1_24' title="bbox 276 1596 2487 1656">
    <p class='ocr_par' dir='ltr' id='par_1_28' title="bbox 276 1596 2487 1656">
     <span class='ocr_line' id='line_1_60' title="bbox 276 1596 2487 1656; baseline -0.001 -15"><span class='ocrx_word' id='word_1_376' title='bbox 276 1608 381 1656; x_wconf 83' lang='lat' dir='ltr'>ipsae</span> <span class='ocrx_word' id='word_1_377' title='bbox 411 1620 470 1644; x_wconf 86' lang='lat' dir='ltr'>res</span> <span class='ocrx_word' id='word_1_378' title='bbox 498 1619 614 1644; x_wconf 80' lang='lat' dir='ltr'>verae</span> <span class='ocrx_word' id='word_1_379' title='bbox 645 1616 775 1644; x_wconf 88' lang='lat' dir='ltr'>erunt:</span> <span class='ocrx_word' id='word_1_380' title='bbox 807 1608 902 1645; x_wconf 83' lang='lat' dir='ltr'>sicut</span> <span class='ocrx_word' id='word_1_381' title='bbox 931 1608 1032 1656; x_wconf 82' lang='lat' dir='ltr'>magi</span> <span class='ocrx_word' id='word_1_382' title='bbox 1056 1607 1268 1645; x_wconf 82' lang='lat' dir='ltr'>Pharaonis</span> <span class='ocrx_word' id='word_1_383' title='bbox 1297 1610 1348 1645; x_wconf 82' lang='lat' dir='ltr'>fe-</span> <span class='ocrx_word' id='word_1_384' title='bbox 1375 1596 1376 1639; x_wconf 67' lang='lat' dir='ltr'>l</span> <span class='ocrx_word' id='word_1_385' title='bbox 1403 1603 1543 1641; x_wconf 89' lang='lat' dir='ltr'>nititur.</span> <span class='ocrx_word' id='word_1_386' title='bbox 1575 1605 1622 1641; x_wconf 90' lang='lat' dir='ltr'>Et</span> <span class='ocrx_word' id='word_1_387' title='bbox 1641 1613 1783 1650; x_wconf 79' lang='lat' dir='ltr'>tamen,</span> <span class='ocrx_word' id='word_1_388' title='bbox 1805 1604 1901 1642; x_wconf 91' lang='lat' dir='ltr'>sicut</span> <span class='ocrx_word' id='word_1_389' title='bbox 1929 1613 2080 1654; x_wconf 88' lang='lat' dir='ltr'>praeter</span> <span class='ocrx_word' id='word_1_390' title='bbox 2108 1604 2267 1653; x_wconf 88' lang='lat' dir='ltr'>gratiam</span> <span class='ocrx_word' id='word_1_391' title='bbox 2297 1603 2388 1641; x_wconf 90' lang='lat' dir='ltr'>fidei</span> <span class='ocrx_word' id='word_1_392' title='bbox 2413 1603 2487 1640; x_wconf 52' lang='lat' dir='ltr'>ne?</span> 
     </span>
    </p>
   </div>
   <div class='ocr_carea' id='block_1_25' title="bbox 276 1654 2480 1764">
    <p class='ocr_par' dir='ltr' id='par_1_29' title="bbox 276 1654 2480 1764">
     <span class='ocr_line' id='line_1_61' title="bbox 277 1654 2480 1713; baseline -0.002 -15"><span class='ocrx_word' id='word_1_393' title='bbox 277 1669 408 1698; x_wconf 89' lang='lat' dir='ltr'>cerunt</span> <span class='ocrx_word' id='word_1_394' title='bbox 427 1667 445 1689; x_wconf 67' lang='grc' dir='ltr'><strong>η</strong></span> <span class='ocrx_word' id='word_1_395' title='bbox 473 1673 585 1698; x_wconf 82' lang='lat' dir='ltr'>veras</span> <span class='ocrx_word' id='word_1_396' title='bbox 616 1674 726 1698; x_wconf 90' lang='lat' dir='ltr'>ranas</span> <span class='ocrx_word' id='word_1_397' title='bbox 757 1670 792 1698; x_wconf 91' lang='lat' dir='ltr'>et</span> <span class='ocrx_word' id='word_1_398' title='bbox 819 1674 935 1698; x_wconf 84' lang='lat' dir='ltr'>veros</span> <span class='ocrx_word' id='word_1_399' title='bbox 970 1670 1165 1711; x_wconf 87' lang='lat' dir='ltr'>serpentes</span> <span class='ocrx_word' id='word_1_400' title='bbox 1184 1662 1215 1699; x_wconf 74' lang='lat'>⁹¹².</span> <span class='ocrx_word' id='word_1_401' title='bbox 1256 1663 1347 1699; x_wconf 89' lang='lat' dir='ltr'>Non</span> <span class='ocrx_word' id='word_1_402' title='bbox 1375 1678 1376 1713; x_wconf 43' lang='lat' dir='ltr'>i</span> <span class='ocrx_word' id='word_1_403' title='bbox 1403 1657 1567 1694; x_wconf 88' lang='lat' dir='ltr'>cessaria</span> <span class='ocrx_word' id='word_1_404' title='bbox 1596 1666 1652 1695; x_wconf 91' lang='lat' dir='ltr'>est</span> <span class='ocrx_word' id='word_1_405' title='bbox 1680 1658 1797 1706; x_wconf 89' lang='lat' dir='ltr'>gratia</span> <span class='ocrx_word' id='word_1_406' title='bbox 1833 1659 2022 1696; x_wconf 91' lang='lat' dir='ltr'>sermonis</span> <span class='ocrx_word' id='word_1_407' title='bbox 2061 1659 2109 1696; x_wconf 94' lang='lat' dir='ltr'>ad</span> <span class='ocrx_word' id='word_1_408' title='bbox 2144 1658 2234 1695; x_wconf 88' lang='lat' dir='ltr'>fidei</span> <span class='ocrx_word' id='word_1_409' title='bbox 2267 1654 2480 1694; x_wconf 86' lang='lat' dir='ltr'>instructio-</span> 
     </span>
     <span class='ocr_line' id='line_1_62' title="bbox 276 1711 2479 1764; baseline -0.002 -13"><span class='ocrx_word' id='word_1_410' title='bbox 276 1724 402 1752; x_wconf 85' lang='lat' dir='ltr'>autem</span> <span class='ocrx_word' id='word_1_411' title='bbox 431 1716 628 1752; x_wconf 90' lang='lat' dir='ltr'>habebunt</span> <span class='ocrx_word' id='word_1_412' title='bbox 654 1727 789 1752; x_wconf 87' lang='lat' dir='ltr'>veram</span> <span class='ocrx_word' id='word_1_413' title='bbox 816 1716 1228 1752; x_wconf 88' lang='lat' dir='ltr'>rationem-miraculi:</span> <span class='ocrx_word' id='word_1_414' title='bbox 1260 1716 1348 1764; x_wconf 90' lang='lat' dir='ltr'>quia</span> <span class='ocrx_word' id='word_1_415' title='bbox 1374 1721 1376 1757; x_wconf 69' lang='lat' dir='ltr'>l</span> <span class='ocrx_word' id='word_1_416' title='bbox 1404 1723 1506 1757; x_wconf 81' lang='lat' dir='ltr'>nem,</span> <span class='ocrx_word' id='word_1_417' title='bbox 1539 1712 1588 1748; x_wconf 86' lang='lat' dir='ltr'>ita</span> <span class='ocrx_word' id='word_1_418' title='bbox 1617 1711 1731 1748; x_wconf 88' lang='lat' dir='ltr'>etiam</span> <span class='ocrx_word' id='word_1_419' title='bbox 1763 1712 1975 1750; x_wconf 84' lang='lat' dir='ltr'>necessaria</span> <span class='ocrx_word' id='word_1_420' title='bbox 1996 1720 2052 1749; x_wconf 92' lang='lat' dir='ltr'>est</span> <span class='ocrx_word' id='word_1_421' title='bbox 2076 1712 2247 1761; x_wconf 90' lang='lat' dir='ltr'>operatio</span> <span class='ocrx_word' id='word_1_422' title='bbox 2275 1711 2479 1748; x_wconf 88' lang='lat' dir='ltr'>miraculo·</span> 
     </span>
    </p>
   </div>
   <div class='ocr_carea' id='block_1_26' title="bbox 275 1769 1376 1814">
    <p class='ocr_par' dir='ltr' id='par_1_30' title="bbox 275 1769 1376 1814">
     <span class='ocr_line' id='line_1_63' title="bbox 275 1769 1376 1814; baseline 0.001 -9"><span class='ocrx_word' id='word_1_423' title='bbox 275 1769 367 1805; x_wconf 90' lang='lat' dir='ltr'>fient</span> <span class='ocrx_word' id='word_1_424' title='bbox 395 1769 532 1805; x_wconf 90' lang='lat' dir='ltr'>virtute</span> <span class='ocrx_word' id='word_1_425' title='bbox 554 1769 782 1805; x_wconf 88' lang='lat' dir='ltr'>naturalium</span> <span class='ocrx_word' id='word_1_426' title='bbox 805 1781 1021 1814; x_wconf 84' lang='lat' dir='ltr'>causarum,</span> <span class='ocrx_word' id='word_1_427' title='bbox 1044 1769 1140 1805; x_wconf 91' lang='lat' dir='ltr'>sicut</span> <span class='ocrx_word' id='word_1_428' title='bbox 1161 1769 1197 1805; x_wconf 93' lang='lat' dir='ltr'>in</span> <span class='ocrx_word' id='word_1_429' title='bbox 1219 1769 1349 1806; x_wconf 89' lang='lat' dir='ltr'>Prima</span> <span class='ocrx_word' id='word_1_430' title='bbox 1374 1785 1376 1806; x_wconf 53' lang='lat' dir='ltr'>,i</span> 
     </span>
    </p>
   </div>
   <div class='ocr_carea' id='block_1_27' title="bbox 274 1909 1375 2051">
    <p class='ocr_par' dir='ltr' id='par_1_31' title="bbox 327 1909 1374 1943">
     <span class='ocr_line' id='line_1_64' title="bbox 327 1909 1374 1943; baseline 0.003 -10"><span class='ocrx_word' id='word_1_431' title='bbox 327 1910 348 1940; x_wconf 82' lang='grc' dir='ltr'>ε)</span> <span class='ocrx_word' id='word_1_432' title='bbox 369 1909 523 1941; x_wconf 68' lang='lat' dir='ltr'>aliquanda</span> <span class='ocrx_word' id='word_1_433' title='bbox 536 1922 555 1927; x_wconf 95' lang='lat'>—</span> <span class='ocrx_word' id='word_1_434' title='bbox 574 1909 635 1933; x_wconf 91' lang='lat' dir='ltr'>Om.</span> <span class='ocrx_word' id='word_1_435' title='bbox 655 1909 842 1941; x_wconf 77' lang='lat' dir='ltr'>BDFLpACK,</span> <span class='ocrx_word' id='word_1_436' title='bbox 861 1915 921 1942; x_wconf 89' lang='lat' dir='ltr'>post</span> <span class='ocrx_word' id='word_1_437' title='bbox 946 1910 1077 1936; x_wconf 85' lang='lat' dir='ltr'>miracula</span> <span class='ocrx_word' id='word_1_438' title='bbox 1102 1915 1204 1943; x_wconf 91' lang='lat' dir='ltr'>ponunt</span> <span class='ocrx_word' id='word_1_439' title='bbox 1223 1911 1258 1935; x_wconf 89' lang='lat' dir='ltr'>sC</span> <span class='ocrx_word' id='word_1_440' title='bbox 1278 1916 1303 1935; x_wconf 89' lang='lat' dir='ltr'>et</span> <span class='ocrx_word' id='word_1_441' title='bbox 1322 1918 1347 1940; x_wconf 87' lang='lat' dir='ltr'>a,</span> <span class='ocrx_word' id='word_1_442' title='bbox 1372 1916 1374 1924; x_wconf 77' lang='grc'><em>’</em></span> 
     </span>
    </p>

    <p class='ocr_par' dir='ltr' id='par_1_32' title="bbox 274 1944 1375 2051">
     <span class='ocr_line' id='line_1_65' title="bbox 274 1944 1374 1979; baseline 0 -9"><span class='ocrx_word' id='word_1_443' title='bbox 274 1951 334 1979; x_wconf 85' lang='lat' dir='ltr'>post</span> <span class='ocrx_word' id='word_1_444' title='bbox 352 1945 479 1970; x_wconf 67' lang='lat' dir='ltr'>exhibent</span> <span class='ocrx_word' id='word_1_445' title='bbox 498 1944 638 1970; x_wconf 78' lang='lat' dir='ltr'>PEHsAK.</span> <span class='ocrx_word' id='word_1_446' title='bbox 1373 1975 1374 1979; x_wconf 17' lang='grc' dir='ltr'><strong>Ἰ</strong></span> 
     </span>
     <span class='ocr_line' id='line_1_66' title="bbox 325 1981 1375 2014; baseline 0.001 -9"><span class='ocrx_word' id='word_1_447' title='bbox 325 1981 350 2013; x_wconf 80' lang='grc' dir='ltr'>ζ)</span> <span class='ocrx_word' id='word_1_448' title='bbox 370 1981 480 2013; x_wconf 83' lang='lat' dir='ltr'>ambigi.</span> <span class='ocrx_word' id='word_1_449' title='bbox 492 1995 510 1999; x_wconf 93' lang='lat'><em>—</em></span> <span class='ocrx_word' id='word_1_450' title='bbox 528 1981 683 2014; x_wconf 83' lang='lat' dir='ltr'>ambiguum</span> <span class='ocrx_word' id='word_1_451' title='bbox 703 1988 759 2006; x_wconf 82' lang='lat' dir='ltr'>esse</span> <span class='ocrx_word' id='word_1_452' title='bbox 779 1981 831 2010; x_wconf 84' lang='lat' dir='ltr'>Pa‚·</span> <span class='ocrx_word' id='word_1_453' title='bbox 850 1989 898 2014; x_wconf 86' lang='lat' dir='ltr'>pro</span> <span class='ocrx_word' id='word_1_454' title='bbox 918 1981 1059 2011; x_wconf 78' lang='lat' dir='ltr'>mendacii,</span> <span class='ocrx_word' id='word_1_455' title='bbox 1080 1982 1222 2007; x_wconf 85' lang='lat' dir='ltr'>mendacia</span> <span class='ocrx_word' id='word_1_456' title='bbox 1241 1982 1347 2014; x_wconf 87' lang='lat' dir='ltr'>PszC.</span> <span class='ocrx_word' id='word_1_457' title='bbox 1373 1989 1375 2003; x_wconf 64' lang='lat'>³</span> 
     </span>
     <span class='ocr_line' id='line_1_67' title="bbox 325 2017 982 2051; baseline 0 -8"><span class='ocrx_word' id='word_1_458' title='bbox 325 2026 340 2049; x_wconf 89' lang='grc' dir='ltr'><strong>η</strong></span> <span class='ocrx_word' id='word_1_459' title='bbox 347 2025 351 2044; x_wconf 66' lang='lat' dir='ltr'>t</span> <span class='ocrx_word' id='word_1_460' title='bbox 365 2019 500 2050; x_wconf 86' lang='lat' dir='ltr'>fecerunt.</span> <span class='ocrx_word' id='word_1_461' title='bbox 513 2031 532 2036; x_wconf 95' lang='lat'><em>-</em></span> <span class='ocrx_word' id='word_1_462' title='bbox 543 2018 671 2051; x_wconf 79' lang='lat' dir='ltr'>fecerant</span> <span class='ocrx_word' id='word_1_463' title='bbox 691 2017 813 2048; x_wconf 82' lang='lat' dir='ltr'>ABDEF,</span> <span class='ocrx_word' id='word_1_464' title='bbox 825 2018 946 2050; x_wconf 81' lang='lat' dir='ltr'>fecerint</span> <span class='ocrx_word' id='word_1_465' title='bbox 964 2017 982 2043; x_wconf 89' lang='lat'>1.</span> 
     </span>
    </p>
   </div>
   <div class='ocr_carea' id='block_1_28' title="bbox 1404 1765 2067 1805">
    <p class='ocr_par' dir='ltr' id='par_1_33' title="bbox 1404 1765 2067 1805">
     <span class='ocr_line' id='line_1_68' title="bbox 1404 1765 2067 1805; baseline 0.005 -5"><span class='ocrx_word' id='word_1_466' title='bbox 1404 1775 1489 1800; x_wconf 89' lang='lat' dir='ltr'>rum</span> <span class='ocrx_word' id='word_1_467' title='bbox 1519 1765 1566 1801; x_wconf 91' lang='lat' dir='ltr'>ad</span> <span class='ocrx_word' id='word_1_468' title='bbox 1597 1765 1688 1802; x_wconf 91' lang='lat' dir='ltr'>fidei</span> <span class='ocrx_word' id='word_1_469' title='bbox 1718 1765 2067 1805; x_wconf 85' lang='lat' dir='ltr'>confirmationem.</span> 
     </span>
    </p>
   </div>
   <div class='ocr_carea' id='block_1_29' title="bbox 1455 1909 2479 1944">
    <p class='ocr_par' dir='ltr' id='par_1_34' title="bbox 1455 1909 2479 1944">
     <span class='ocr_line' id='line_1_69' title="bbox 1455 1909 2479 1944; baseline 0.001 -9"><span class='ocrx_word' id='word_1_470' title='bbox 1455 1909 1480 1943; x_wconf 82' lang='grc' dir='ltr'>θ)</span> <span class='ocrx_word' id='word_1_471' title='bbox 1500 1912 1612 1944; x_wconf 82' lang='lat' dir='ltr'>aliquid.</span> <span class='ocrx_word' id='word_1_472' title='bbox 1625 1925 1644 1932; x_wconf 86' lang='lat'>-</span> <span class='ocrx_word' id='word_1_473' title='bbox 1661 1913 1739 1937; x_wconf 81' lang='lat' dir='ltr'>aliud</span> <span class='ocrx_word' id='word_1_474' title='bbox 1756 1913 1881 1938; x_wconf 81' lang='lat' dir='ltr'>ABDFK.</span> <span class='ocrx_word' id='word_1_475' title='bbox 1893 1926 1913 1932; x_wconf 90' lang='lat'>-</span> <span class='ocrx_word' id='word_1_476' title='bbox 1927 1913 1979 1937; x_wconf 84' lang='lat' dir='ltr'>Pro</span> <span class='ocrx_word' id='word_1_477' title='bbox 1994 1912 2172 1941; x_wconf 81' lang='lat' dir='ltr'>ostendentia,</span> <span class='ocrx_word' id='word_1_478' title='bbox 2187 1912 2328 1937; x_wconf 78' lang='lat' dir='ltr'>ostendere</span> <span class='ocrx_word' id='word_1_479' title='bbox 2339 1911 2376 1941; x_wconf 74' lang='lat' dir='ltr'>H,</span> <span class='ocrx_word' id='word_1_480' title='bbox 2389 1914 2479 1937; x_wconf 59' lang='lat' dir='ltr'>osten*</span> 
     </span>
    </p>
   </div>
   <div class='ocr_carea' id='block_1_30' title="bbox 1373 1947 1681 1974">
    <p class='ocr_par' dir='ltr' id='par_1_35' title="bbox 1373 1947 1681 1974">
     <span class='ocr_line' id='line_1_70' title="bbox 1373 1947 1681 1974; baseline 0.01 -3"><span class='ocrx_word' id='word_1_481' title='bbox 1373 1951 1374 1954; x_wconf 77' lang='grc'>’</span> <span class='ocrx_word' id='word_1_482' title='bbox 1403 1947 1495 1972; x_wconf 81' lang='lat' dir='ltr'>dentes</span> <span class='ocrx_word' id='word_1_483' title='bbox 1514 1948 1592 1972; x_wconf 84' lang='lat' dir='ltr'>ceteri</span> <span class='ocrx_word' id='word_1_484' title='bbox 1612 1953 1637 1972; x_wconf 89' lang='lat' dir='ltr'>et</span> <span class='ocrx_word' id='word_1_485' title='bbox 1655 1956 1681 1974; x_wconf 81' lang='lat' dir='ltr'>a.</span> 
     </span>
    </p>
   </div>
   <div class='ocr_carea' id='block_1_31' title="bbox 1457 1982 2049 2015">
    <p class='ocr_par' dir='ltr' id='par_1_36' title="bbox 1457 1982 2049 2015">
     <span class='ocr_line' id='line_1_71' title="bbox 1457 1982 2049 2015; baseline 0.002 -8"><span class='ocrx_word' id='word_1_486' title='bbox 1457 1983 1475 2015; x_wconf 82' lang='grc' dir='ltr'>ι)</span> <span class='ocrx_word' id='word_1_487' title='bbox 1495 1982 1677 2009; x_wconf 76' lang='lat' dir='ltr'>adducantur.</span> <span class='ocrx_word' id='word_1_488' title='bbox 1690 1998 1709 2003; x_wconf 93' lang='lat'><em>-</em></span> <span class='ocrx_word' id='word_1_489' title='bbox 1726 1983 1903 2009; x_wconf 83' lang='lat' dir='ltr'>adducuntur</span> <span class='ocrx_word' id='word_1_490' title='bbox 1925 1983 2049 2009; x_wconf 79' lang='lat' dir='ltr'>ABFHL.</span> 
     </span>
    </p>
   </div>
   <div class='ocr_carea' id='block_1_32' title="bbox 950 2101 1799 2136">
    <p class='ocr_par' dir='ltr' id='par_1_37' title="bbox 950 2101 1799 2136">
     <span class='ocr_line' id='line_1_72' title="bbox 950 2101 1799 2136; baseline 0.001 -2"><span class='ocrx_word' id='word_1_491' title='bbox 950 2101 1291 2135; x_wconf 62' lang='lat' dir='ltr'>Commentariis</span> <span class='ocrx_word' id='word_1_492' title='bbox 1313 2101 1571 2136; x_wconf 76' lang='lat' dir='ltr'>Cardinalis</span> <span class='ocrx_word' id='word_1_493' title='bbox 1593 2102 1799 2136; x_wconf 70' lang='lat' dir='ltr'>Caietam</span> 
     </span>
    </p>
   </div>
   <div class='ocr_carea' id='block_1_33' title="bbox 275 2194 1380 3666">
    <p class='ocr_par' dir='ltr' id='par_1_38' title="bbox 275 2194 1377 2772">
     <span class='ocr_line' id='line_1_73' title="bbox 305 2194 1377 2236; baseline 0.003 -12"><span class='ocrx_word' id='word_1_494' title='bbox 305 2205 325 2224; x_wconf 81' lang='lat' dir='ltr'>N</span> <span class='ocrx_word' id='word_1_495' title='bbox 357 2195 489 2226; x_wconf 88' lang='lat' dir='ltr'>articulo</span> <span class='ocrx_word' id='word_1_496' title='bbox 523 2194 628 2235; x_wconf 88' lang='lat' dir='ltr'>primo</span> <span class='ocrx_word' id='word_1_497' title='bbox 662 2194 857 2235; x_wconf 89' lang='lat' dir='ltr'>quaestionis</span> <span class='ocrx_word' id='word_1_498' title='bbox 892 2195 1377 2236; x_wconf 76' lang='lat' dir='ltr'>centesimaeseptuagesimae-l</span> 
     </span>
     <span class='ocr_line' id='line_1_74' title="bbox 279 2208 1350 2280; baseline 0.002 -11"><span class='ocrx_word' id='word_1_499' title='bbox 279 2208 445 2276; x_wconf 76' lang='lat' dir='ltr'>loctavae‚</span> <span class='ocrx_word' id='word_1_500' title='bbox 470 2239 607 2269; x_wconf 89' lang='lat' dir='ltr'>dubium</span> <span class='ocrx_word' id='word_1_501' title='bbox 639 2239 775 2270; x_wconf 89' lang='lat' dir='ltr'>occurrit</span> <span class='ocrx_word' id='word_1_502' title='bbox 806 2239 887 2270; x_wconf 89' lang='lat' dir='ltr'>circa</span> <span class='ocrx_word' id='word_1_503' title='bbox 915 2240 994 2270; x_wconf 90' lang='lat' dir='ltr'>illud</span> <span class='ocrx_word' id='word_1_504' title='bbox 1019 2240 1051 2270; x_wconf 91' lang='lat' dir='ltr'>in</span> <span class='ocrx_word' id='word_1_505' title='bbox 1075 2240 1286 2280; x_wconf 88' lang='lat' dir='ltr'>responsione</span> <span class='ocrx_word' id='word_1_506' title='bbox 1309 2241 1350 2272; x_wconf 90' lang='lat' dir='ltr'>ad</span> 
     </span>
     <span class='ocr_line' id='line_1_75' title="bbox 275 2284 1351 2325; baseline 0.003 -11"><span class='ocrx_word' id='word_1_507' title='bbox 275 2285 417 2325; x_wconf 89' lang='lat' dir='ltr'>primum</span> <span class='ocrx_word' id='word_1_508' title='bbox 440 2284 572 2320; x_wconf 86' lang='lat' dir='ltr'>dictum,</span> <span class='ocrx_word' id='word_1_509' title='bbox 590 2284 706 2315; x_wconf 88' lang='lat' dir='ltr'>scilicet</span> <span class='ocrx_word' id='word_1_510' title='bbox 722 2285 811 2324; x_wconf 92' lang='lat' dir='ltr'>quod</span> <span class='ocrx_word' id='word_1_511' title='bbox 828 2285 918 2315; x_wconf 87' lang='lat' dir='ltr'>Deus</span> <span class='ocrx_word' id='word_1_512' title='bbox 937 2287 1040 2315; x_wconf 89' lang='lat' dir='ltr'>utitur</span> <span class='ocrx_word' id='word_1_513' title='bbox 1059 2286 1351 2317; x_wconf 85' lang='lat' dir='ltr'>instrumentaliter</span> 
     </span>
     <span class='ocr_line' id='line_1_76' title="bbox 276 2329 1351 2368; baseline 0.003 -10"><span class='ocrx_word' id='word_1_514' title='bbox 276 2329 326 2359; x_wconf 82' lang='lat' dir='ltr'>vel</span> <span class='ocrx_word' id='word_1_515' title='bbox 342 2330 489 2359; x_wconf 87' lang='lat' dir='ltr'>interiori</span> <span class='ocrx_word' id='word_1_516' title='bbox 506 2334 591 2359; x_wconf 86' lang='lat' dir='ltr'>motu</span> <span class='ocrx_word' id='word_1_517' title='bbox 609 2329 756 2367; x_wconf 86' lang='lat' dir='ltr'>hominis,</span> <span class='ocrx_word' id='word_1_518' title='bbox 776 2330 825 2360; x_wconf 82' lang='lat' dir='ltr'>vel</span> <span class='ocrx_word' id='word_1_519' title='bbox 841 2330 910 2360; x_wconf 84' lang='lat' dir='ltr'>eius</span> <span class='ocrx_word' id='word_1_520' title='bbox 927 2331 1096 2368; x_wconf 84' lang='lat' dir='ltr'>locutione,</span> <span class='ocrx_word' id='word_1_521' title='bbox 1116 2337 1185 2366; x_wconf 65' lang='lat' dir='ltr'>etc„</span> <span class='ocrx_word' id='word_1_522' title='bbox 1200 2330 1351 2361; x_wconf 89' lang='lat' dir='ltr'>utrolibet</span> 
     </span>
     <span class='ocr_line' id='line_1_77' title="bbox 276 2373 1377 2411; baseline 0.002 -8"><span class='ocrx_word' id='word_1_523' title='bbox 276 2374 375 2404; x_wconf 90' lang='lat' dir='ltr'>modo</span> <span class='ocrx_word' id='word_1_524' title='bbox 401 2373 493 2404; x_wconf 85' lang='lat' dir='ltr'>faciat</span> <span class='ocrx_word' id='word_1_525' title='bbox 516 2373 679 2404; x_wconf 78' lang='lat' dir='ltr'>miracula.</span> <span class='ocrx_word' id='word_1_526' title='bbox 704 2374 745 2404; x_wconf 87' lang='lat' dir='ltr'>Et</span> <span class='ocrx_word' id='word_1_527' title='bbox 769 2373 912 2404; x_wconf 91' lang='lat' dir='ltr'>consistit</span> <span class='ocrx_word' id='word_1_528' title='bbox 935 2375 1071 2405; x_wconf 90' lang='lat' dir='ltr'>dubium</span> <span class='ocrx_word' id='word_1_529' title='bbox 1095 2374 1127 2405; x_wconf 90' lang='lat' dir='ltr'>in</span> <span class='ocrx_word' id='word_1_530' title='bbox 1151 2375 1224 2411; x_wconf 86' lang='lat' dir='ltr'>hoc,</span> <span class='ocrx_word' id='word_1_531' title='bbox 1247 2385 1286 2405; x_wconf 87' lang='lat' dir='ltr'>an</span> <span class='ocrx_word' id='word_1_532' title='bbox 1311 2375 1350 2405; x_wconf 90' lang='lat' dir='ltr'>sit</span> <span class='ocrx_word' id='word_1_533' title='bbox 1376 2377 1377 2381; x_wconf 78' lang='grc'>’</span> 
     </span>
     <span class='ocr_line' id='line_1_78' title="bbox 277 2418 1349 2458; baseline 0.001 -10"><span class='ocrx_word' id='word_1_534' title='bbox 277 2428 381 2448; x_wconf 87' lang='lat' dir='ltr'>sermo</span> <span class='ocrx_word' id='word_1_535' title='bbox 413 2419 451 2448; x_wconf 92' lang='lat' dir='ltr'>de</span> <span class='ocrx_word' id='word_1_536' title='bbox 483 2418 694 2449; x_wconf 86' lang='lat' dir='ltr'>instrumento</span> <span class='ocrx_word' id='word_1_537' title='bbox 726 2418 854 2458; x_wconf 88' lang='lat' dir='ltr'>proprie</span> <span class='ocrx_word' id='word_1_538' title='bbox 884 2418 978 2450; x_wconf 90' lang='lat' dir='ltr'>dicto.</span> <span class='ocrx_word' id='word_1_539' title='bbox 1010 2419 1050 2449; x_wconf 92' lang='lat' dir='ltr'>Et</span> <span class='ocrx_word' id='word_1_540' title='bbox 1074 2426 1120 2449; x_wconf 91' lang='lat' dir='ltr'>est</span> <span class='ocrx_word' id='word_1_541' title='bbox 1151 2420 1230 2450; x_wconf 86' lang='lat' dir='ltr'>ratio</span> <span class='ocrx_word' id='word_1_542' title='bbox 1262 2419 1349 2450; x_wconf 94' lang='lat' dir='ltr'>dubii</span> 
     </span>
     <span class='ocr_line' id='line_1_79' title="bbox 276 2462 1349 2504; baseline 0.001 -11"><span class='ocrx_word' id='word_1_543' title='bbox 276 2463 351 2504; x_wconf 85' lang='lat' dir='ltr'>quia</span> <span class='ocrx_word' id='word_1_544' title='bbox 371 2462 494 2493; x_wconf 91' lang='lat' dir='ltr'>videtur</span> <span class='ocrx_word' id='word_1_545' title='bbox 513 2463 710 2503; x_wconf 88' lang='lat' dir='ltr'>impossibile</span> <span class='ocrx_word' id='word_1_546' title='bbox 727 2464 814 2504; x_wconf 91' lang='lat' dir='ltr'>quod</span> <span class='ocrx_word' id='word_1_547' title='bbox 833 2463 870 2493; x_wconf 92' lang='lat' dir='ltr'>de</span> <span class='ocrx_word' id='word_1_548' title='bbox 888 2463 1015 2504; x_wconf 87' lang='lat' dir='ltr'>proprie</span> <span class='ocrx_word' id='word_1_549' title='bbox 1033 2463 1117 2494; x_wconf 90' lang='lat' dir='ltr'>dicto</span> <span class='ocrx_word' id='word_1_550' title='bbox 1138 2463 1349 2495; x_wconf 89' lang='lat' dir='ltr'>instrumento</span> 
     </span>
     <span class='ocr_line' id='line_1_80' title="bbox 276 2508 1349 2548; baseline 0.001 -10"><span class='ocrx_word' id='word_1_551' title='bbox 276 2508 468 2548; x_wconf 83' lang='lat' dir='ltr'>intelligatur</span> <span class='ocrx_word' id='word_1_552' title='bbox 483 2508 560 2539; x_wconf 88' lang='lat' dir='ltr'>haec</span> <span class='ocrx_word' id='word_1_553' title='bbox 575 2508 687 2538; x_wconf 85' lang='lat' dir='ltr'>littera.</span> <span class='ocrx_word' id='word_1_554' title='bbox 713 2508 877 2546; x_wconf 83' lang='lat' dir='ltr'>Quoniam</span> <span class='ocrx_word' id='word_1_555' title='bbox 894 2508 1087 2539; x_wconf 86' lang='lat' dir='ltr'>huiusmodi</span> <span class='ocrx_word' id='word_1_556' title='bbox 1100 2508 1349 2539; x_wconf 88' lang='lat' dir='ltr'>instrumentum</span> 
     </span>
     <span class='ocr_line' id='line_1_81' title="bbox 277 2552 1349 2595; baseline 0.001 -12"><span class='ocrx_word' id='word_1_557' title='bbox 277 2560 404 2593; x_wconf 88' lang='lat' dir='ltr'>oportet</span> <span class='ocrx_word' id='word_1_558' title='bbox 427 2552 547 2593; x_wconf 88' lang='lat' dir='ltr'>aliquid</span> <span class='ocrx_word' id='word_1_559' title='bbox 571 2553 672 2583; x_wconf 89' lang='lat' dir='ltr'>facere</span> <span class='ocrx_word' id='word_1_560' title='bbox 696 2553 776 2584; x_wconf 90' lang='lat' dir='ltr'>circa</span> <span class='ocrx_word' id='word_1_561' title='bbox 801 2552 958 2588; x_wconf 85' lang='lat' dir='ltr'>effectum.</span> <span class='ocrx_word' id='word_1_562' title='bbox 983 2553 1118 2584; x_wconf 83' lang='lat' dir='ltr'>Constat</span> <span class='ocrx_word' id='word_1_563' title='bbox 1137 2561 1245 2584; x_wconf 91' lang='lat' dir='ltr'>autem</span> <span class='ocrx_word' id='word_1_564' title='bbox 1261 2554 1349 2595; x_wconf 94' lang='lat' dir='ltr'>quod</span> 
     </span>
     <span class='ocr_line' id='line_1_82' title="bbox 277 2597 1349 2640; baseline 0.001 -12"><span class='ocrx_word' id='word_1_565' title='bbox 277 2608 343 2628; x_wconf 90' lang='lat' dir='ltr'>non</span> <span class='ocrx_word' id='word_1_566' title='bbox 374 2607 499 2637; x_wconf 88' lang='lat' dir='ltr'>semper</span> <span class='ocrx_word' id='word_1_567' title='bbox 528 2598 561 2628; x_wconf 90' lang='lat' dir='ltr'>in</span> <span class='ocrx_word' id='word_1_568' title='bbox 592 2598 752 2628; x_wconf 84' lang='lat' dir='ltr'>miraculis</span> <span class='ocrx_word' id='word_1_569' title='bbox 783 2597 971 2628; x_wconf 89' lang='lat' dir='ltr'>huiusmodi</span> <span class='ocrx_word' id='word_1_570' title='bbox 996 2598 1206 2629; x_wconf 84' lang='lat' dir='ltr'>instrumenta</span> <span class='ocrx_word' id='word_1_571' title='bbox 1229 2599 1349 2640; x_wconf 90' lang='lat' dir='ltr'>aliquid</span> 
     </span>
     <span class='ocr_line' id='line_1_83' title="bbox 277 2643 1349 2683; baseline 0.001 -10"><span class='ocrx_word' id='word_1_572' title='bbox 277 2643 411 2674; x_wconf 86' lang='lat' dir='ltr'>faciunt:</span> <span class='ocrx_word' id='word_1_573' title='bbox 439 2649 473 2672; x_wconf 93' lang='lat' dir='ltr'>ut</span> <span class='ocrx_word' id='word_1_574' title='bbox 496 2649 583 2683; x_wconf 82' lang='lat' dir='ltr'>patet</span> <span class='ocrx_word' id='word_1_575' title='bbox 607 2643 644 2672; x_wconf 91' lang='lat' dir='ltr'>de</span> <span class='ocrx_word' id='word_1_576' title='bbox 668 2652 747 2673; x_wconf 90' lang='lat' dir='ltr'>voce</span> <span class='ocrx_word' id='word_1_577' title='bbox 766 2643 858 2673; x_wconf 86' lang='lat' dir='ltr'>losue</span> <span class='ocrx_word' id='word_1_578' title='bbox 876 2652 950 2673; x_wconf 91' lang='lat' dir='ltr'>cum</span> <span class='ocrx_word' id='word_1_579' title='bbox 970 2643 1019 2673; x_wconf 91' lang='lat' dir='ltr'>sol</span> <span class='ocrx_word' id='word_1_580' title='bbox 1043 2643 1143 2679; x_wconf 83' lang='lat' dir='ltr'>stetit;</span> <span class='ocrx_word' id='word_1_581' title='bbox 1168 2643 1247 2674; x_wconf 90' lang='lat' dir='ltr'>nihil</span> <span class='ocrx_word' id='word_1_582' title='bbox 1264 2643 1349 2674; x_wconf 92' lang='lat' dir='ltr'>enim</span> 
     </span>
     <span class='ocr_line' id='line_1_84' title="bbox 277 2687 1349 2730; baseline 0.001 -12"><span class='ocrx_word' id='word_1_583' title='bbox 277 2688 356 2718; x_wconf 87' lang='lat' dir='ltr'>circa</span> <span class='ocrx_word' id='word_1_584' title='bbox 387 2687 488 2718; x_wconf 89' lang='lat' dir='ltr'>solem</span> <span class='ocrx_word' id='word_1_585' title='bbox 519 2694 574 2718; x_wconf 87' lang='lat' dir='ltr'>aut</span> <span class='ocrx_word' id='word_1_586' title='bbox 604 2687 728 2718; x_wconf 86' lang='lat' dir='ltr'>caelum</span> <span class='ocrx_word' id='word_1_587' title='bbox 758 2687 891 2718; x_wconf 84' lang='lat' dir='ltr'>verbum</span> <span class='ocrx_word' id='word_1_588' title='bbox 923 2687 1007 2724; x_wconf 88' lang='lat' dir='ltr'>eius,</span> <span class='ocrx_word' id='word_1_589' title='bbox 1033 2694 1089 2718; x_wconf 86' lang='lat' dir='ltr'>aut</span> <span class='ocrx_word' id='word_1_590' title='bbox 1119 2688 1349 2730; x_wconf 90' lang='lat' dir='ltr'>quodcumque</span> 
     </span>
     <span class='ocr_line' id='line_1_85' title="bbox 276 2731 917 2772; baseline 0.002 -10"><span class='ocrx_word' id='word_1_591' title='bbox 276 2732 406 2763; x_wconf 91' lang='lat' dir='ltr'>illorum</span> <span class='ocrx_word' id='word_1_592' title='bbox 431 2731 644 2772; x_wconf 86' lang='lat' dir='ltr'>superiorum,</span> <span class='ocrx_word' id='word_1_593' title='bbox 669 2731 809 2763; x_wconf 87' lang='lat' dir='ltr'>effective</span> <span class='ocrx_word' id='word_1_594' title='bbox 834 2731 917 2763; x_wconf 88' lang='lat' dir='ltr'>fecit.</span> 
     </span>
    </p>

    <p class='ocr_par' dir='ltr' id='par_1_39' title="bbox 278 2776 1349 2898">
     <span class='ocr_line' id='line_1_86' title="bbox 333 2776 1349 2818; baseline 0.001 -11"><span class='ocrx_word' id='word_1_595' title='bbox 333 2777 371 2807; x_wconf 43' lang='lat' dir='ltr'>ln*</span> <span class='ocrx_word' id='word_1_596' title='bbox 392 2777 580 2818; x_wconf 92' lang='lat' dir='ltr'>oppositum</span> <span class='ocrx_word' id='word_1_597' title='bbox 611 2783 719 2807; x_wconf 85' lang='lat' dir='ltr'>autem</span> <span class='ocrx_word' id='word_1_598' title='bbox 749 2776 898 2807; x_wconf 88' lang='lat' dir='ltr'>Auctoris</span> <span class='ocrx_word' id='word_1_599' title='bbox 928 2777 1023 2807; x_wconf 86' lang='lat' dir='ltr'>verba</span> <span class='ocrx_word' id='word_1_600' title='bbox 1051 2784 1134 2808; x_wconf 90' lang='lat' dir='ltr'>sunt.</span> <span class='ocrx_word' id='word_1_601' title='bbox 1164 2777 1239 2808; x_wconf 91' lang='lat' dir='ltr'>Non</span> <span class='ocrx_word' id='word_1_602' title='bbox 1264 2777 1349 2808; x_wconf 89' lang='lat' dir='ltr'>enim</span> 
     </span>
     <span class='ocr_line' id='line_1_87' title="bbox 278 2821 1349 2863; baseline 0.001 -11"><span class='ocrx_word' id='word_1_603' title='bbox 278 2822 442 2852; x_wconf 82' lang='lat' dir='ltr'>consuevit</span> <span class='ocrx_word' id='word_1_604' title='bbox 473 2822 682 2852; x_wconf 88' lang='lat' dir='ltr'>instrumenta</span> <span class='ocrx_word' id='word_1_605' title='bbox 714 2821 871 2861; x_wconf 88' lang='lat' dir='ltr'>appellare</span> <span class='ocrx_word' id='word_1_606' title='bbox 903 2821 962 2851; x_wconf 87' lang='lat' dir='ltr'>nisi</span> <span class='ocrx_word' id='word_1_607' title='bbox 994 2832 1075 2862; x_wconf 88' lang='lat' dir='ltr'>quae</span> <span class='ocrx_word' id='word_1_608' title='bbox 1106 2822 1216 2863; x_wconf 84' lang='lat' dir='ltr'>aliquo</span> <span class='ocrx_word' id='word_1_609' title='bbox 1249 2823 1349 2853; x_wconf 91' lang='lat' dir='ltr'>modo</span> 
     </span>
     <span class='ocr_line' id='line_1_88' title="bbox 278 2869 577 2898; baseline 0.003 -1"><span class='ocrx_word' id='word_1_610' title='bbox 278 2877 389 2898; x_wconf 85' lang='lat' dir='ltr'>causae</span> <span class='ocrx_word' id='word_1_611' title='bbox 414 2874 497 2898; x_wconf 90' lang='lat' dir='ltr'>sunt.</span> <span class='ocrx_word' id='word_1_612' title='bbox 575 2869 577 2871; x_wconf 81' lang='grc'><strong>’</strong></span> 
     </span>
    </p>

    <p class='ocr_par' dir='ltr' id='par_1_40' title="bbox 277 2910 1380 3666">
     <span class='ocr_line' id='line_1_89' title="bbox 334 2910 1349 2951; baseline 0 -9"><span class='ocrx_word' id='word_1_613' title='bbox 334 2912 370 2943; x_wconf 91' lang='grc' dir='ltr'>ΙΙ.</span> <span class='ocrx_word' id='word_1_614' title='bbox 397 2911 447 2942; x_wconf 83' lang='lat' dir='ltr'>Ad</span> <span class='ocrx_word' id='word_1_615' title='bbox 471 2911 533 2942; x_wconf 94' lang='lat' dir='ltr'>hoc</span> <span class='ocrx_word' id='word_1_616' title='bbox 557 2910 671 2941; x_wconf 87' lang='lat' dir='ltr'>dicitur</span> <span class='ocrx_word' id='word_1_617' title='bbox 696 2912 795 2951; x_wconf 91' lang='lat' dir='ltr'>quod,</span> <span class='ocrx_word' id='word_1_618' title='bbox 814 2921 889 2941; x_wconf 93' lang='lat' dir='ltr'>cum</span> <span class='ocrx_word' id='word_1_619' title='bbox 905 2910 1050 2951; x_wconf 83' lang='lat' dir='ltr'>quaestio</span> <span class='ocrx_word' id='word_1_620' title='bbox 1075 2911 1114 2942; x_wconf 88' lang='lat' dir='ltr'>de</span> <span class='ocrx_word' id='word_1_621' title='bbox 1137 2911 1349 2942; x_wconf 90' lang='lat' dir='ltr'>instrumento</span> 
     </span>
     <span class='ocr_line' id='line_1_90' title="bbox 278 2954 1349 2993; baseline 0.001 -7"><span class='ocrx_word' id='word_1_622' title='bbox 278 2957 406 2987; x_wconf 80' lang='lat' dir='ltr'>excedat</span> <span class='ocrx_word' id='word_1_623' title='bbox 422 2956 574 2992; x_wconf 77' lang='lat' dir='ltr'>moralia;</span> <span class='ocrx_word' id='word_1_624' title='bbox 600 2962 630 2986; x_wconf 90' lang='lat' dir='ltr'>et</span> <span class='ocrx_word' id='word_1_625' title='bbox 646 2954 786 2992; x_wconf 85' lang='lat' dir='ltr'>inferius,</span> <span class='ocrx_word' id='word_1_626' title='bbox 804 2954 947 2986; x_wconf 89' lang='lat' dir='ltr'>Domino</span> <span class='ocrx_word' id='word_1_627' title='bbox 973 2956 1176 2993; x_wconf 86' lang='lat' dir='ltr'>concedente,</span> <span class='ocrx_word' id='word_1_628' title='bbox 1193 2956 1225 2986; x_wconf 91' lang='lat' dir='ltr'>in</span> <span class='ocrx_word' id='word_1_629' title='bbox 1242 2956 1349 2987; x_wconf 87' lang='lat' dir='ltr'>Tertia</span> 
     </span>
     <span class='ocr_line' id='line_1_91' title="bbox 277 2999 1349 3041; baseline 0.001 -10"><span class='ocrx_word' id='word_1_630' title='bbox 277 3002 366 3032; x_wconf 88' lang='lat' dir='ltr'>Parte</span> <span class='ocrx_word' id='word_1_631' title='bbox 382 3002 408 3037; x_wconf 87' lang='lat'>*,</span> <span class='ocrx_word' id='word_1_632' title='bbox 434 3001 472 3031; x_wconf 91' lang='lat' dir='ltr'>de</span> <span class='ocrx_word' id='word_1_633' title='bbox 501 3000 687 3041; x_wconf 85' lang='lat' dir='ltr'>operatione</span> <span class='ocrx_word' id='word_1_634' title='bbox 718 2999 923 3031; x_wconf 82' lang='lat' dir='ltr'>humanitatis</span> <span class='ocrx_word' id='word_1_635' title='bbox 955 3000 1072 3031; x_wconf 89' lang='lat' dir='ltr'>Christi</span> <span class='ocrx_word' id='word_1_636' title='bbox 1103 3008 1133 3031; x_wconf 90' lang='lat' dir='ltr'>et</span> <span class='ocrx_word' id='word_1_637' title='bbox 1163 3001 1349 3041; x_wconf 81' lang='lat' dir='ltr'>operatione</span> 
     </span>
     <span class='ocr_line' id='line_1_92' title="bbox 278 3044 1349 3086; baseline 0 -10"><span class='ocrx_word' id='word_1_638' title='bbox 278 3045 503 3081; x_wconf 83' lang='lat' dir='ltr'>sacramentali,</span> <span class='ocrx_word' id='word_1_639' title='bbox 522 3045 576 3076; x_wconf 90' lang='lat' dir='ltr'>ubi</span> <span class='ocrx_word' id='word_1_640' title='bbox 596 3044 722 3075; x_wconf 83' lang='lat' dir='ltr'>subtilia</span> <span class='ocrx_word' id='word_1_641' title='bbox 746 3046 846 3086; x_wconf 88' lang='lat' dir='ltr'>magis</span> <span class='ocrx_word' id='word_1_642' title='bbox 870 3045 1096 3081; x_wconf 86' lang='lat' dir='ltr'>tractabuntur,</span> <span class='ocrx_word' id='word_1_643' title='bbox 1115 3045 1349 3076; x_wconf 85' lang='lat' dir='ltr'>discutiendum</span> 
     </span>
     <span class='ocr_line' id='line_1_93' title="bbox 279 3088 1377 3130; baseline -0.001 -9"><span class='ocrx_word' id='word_1_644' title='bbox 279 3091 350 3121; x_wconf 92' lang='lat' dir='ltr'>erit:</span> <span class='ocrx_word' id='word_1_645' title='bbox 375 3090 448 3121; x_wconf 88' lang='lat' dir='ltr'>ideo</span> <span class='ocrx_word' id='word_1_646' title='bbox 472 3100 531 3130; x_wconf 90' lang='lat' dir='ltr'>pro</span> <span class='ocrx_word' id='word_1_647' title='bbox 557 3099 642 3120; x_wconf 90' lang='lat' dir='ltr'>nunc</span> <span class='ocrx_word' id='word_1_648' title='bbox 666 3089 835 3120; x_wconf 89' lang='lat' dir='ltr'>dicendum</span> <span class='ocrx_word' id='word_1_649' title='bbox 862 3096 909 3120; x_wconf 90' lang='lat' dir='ltr'>est</span> <span class='ocrx_word' id='word_1_650' title='bbox 932 3090 1020 3130; x_wconf 90' lang='lat' dir='ltr'>quod</span> <span class='ocrx_word' id='word_1_651' title='bbox 1044 3092 1166 3120; x_wconf 91' lang='lat' dir='ltr'>Auctor</span> <span class='ocrx_word' id='word_1_652' title='bbox 1190 3090 1287 3121; x_wconf 90' lang='lat' dir='ltr'>sumit</span> <span class='ocrx_word' id='word_1_653' title='bbox 1303 3090 1349 3120; x_wconf 87' lang='lat' dir='ltr'>in·</span> <span class='ocrx_word' id='word_1_654' title='bbox 1376 3088 1377 3112; x_wconf 77' lang='grc' dir='ltr'>ἶ</span> 
     </span>
     <span class='ocr_line' id='line_1_94' title="bbox 279 3134 1351 3176; baseline 0 -10"><span class='ocrx_word' id='word_1_655' title='bbox 279 3142 493 3166; x_wconf 89' lang='lat' dir='ltr'>strumentum</span> <span class='ocrx_word' id='word_1_656' title='bbox 523 3145 582 3175; x_wconf 82' lang='lat' dir='ltr'>pro</span> <span class='ocrx_word' id='word_1_657' title='bbox 616 3144 821 3176; x_wconf 90' lang='lat' dir='ltr'>quacumque</span> <span class='ocrx_word' id='word_1_658' title='bbox 854 3134 1040 3165; x_wconf 88' lang='lat' dir='ltr'>secundaria</span> <span class='ocrx_word' id='word_1_659' title='bbox 1073 3145 1183 3171; x_wconf 85' lang='lat' dir='ltr'>causa,</span> <span class='ocrx_word' id='word_1_660' title='bbox 1215 3135 1279 3166; x_wconf 89' lang='lat' dir='ltr'>sive</span> <span class='ocrx_word' id='word_1_661' title='bbox 1311 3135 1351 3166; x_wconf 88' lang='lat' dir='ltr'>sit</span> 
     </span>
     <span class='ocr_line' id='line_1_95' title="bbox 279 3179 1377 3221; baseline 0 -11"><span class='ocrx_word' id='word_1_662' title='bbox 279 3190 373 3211; x_wconf 83' lang='lat' dir='ltr'>causa</span> <span class='ocrx_word' id='word_1_663' title='bbox 403 3180 558 3221; x_wconf 85' lang='lat' dir='ltr'>attingens</span> <span class='ocrx_word' id='word_1_664' title='bbox 586 3179 733 3210; x_wconf 86' lang='lat' dir='ltr'>effectum</span> <span class='ocrx_word' id='word_1_665' title='bbox 757 3190 814 3210; x_wconf 87' lang='lat' dir='ltr'>sua</span> <span class='ocrx_word' id='word_1_666' title='bbox 842 3179 1022 3211; x_wconf 84' lang='lat' dir='ltr'>causalitate</span> <span class='ocrx_word' id='word_1_667' title='bbox 1046 3179 1078 3209; x_wconf 92' lang='lat' dir='ltr'>in</span> <span class='ocrx_word' id='word_1_668' title='bbox 1103 3189 1135 3210; x_wconf 88' lang='lat' dir='ltr'>se</span> <span class='ocrx_word' id='word_1_669' title='bbox 1162 3180 1213 3212; x_wconf 87' lang='lat' dir='ltr'>vel</span> <span class='ocrx_word' id='word_1_670' title='bbox 1236 3179 1268 3210; x_wconf 89' lang='lat' dir='ltr'>in</span> <span class='ocrx_word' id='word_1_671' title='bbox 1293 3190 1350 3211; x_wconf 88' lang='lat' dir='ltr'>sua</span> <span class='ocrx_word' id='word_1_672' title='bbox 1376 3194 1377 3220; x_wconf 44' lang='lat' dir='ltr'>g</span> 
     </span>
     <span class='ocr_line' id='line_1_96' title="bbox 280 3223 1350 3264; baseline 0.001 -10"><span class='ocrx_word' id='word_1_673' title='bbox 280 3224 497 3264; x_wconf 87' lang='lat' dir='ltr'>dispositione,</span> <span class='ocrx_word' id='word_1_674' title='bbox 515 3224 579 3255; x_wconf 90' lang='lat' dir='ltr'>sive</span> <span class='ocrx_word' id='word_1_675' title='bbox 596 3224 635 3255; x_wconf 93' lang='lat' dir='ltr'>sit</span> <span class='ocrx_word' id='word_1_676' title='bbox 655 3234 748 3255; x_wconf 86' lang='lat' dir='ltr'>causa</span> <span class='ocrx_word' id='word_1_677' title='bbox 768 3235 823 3264; x_wconf 90' lang='lat' dir='ltr'>per</span> <span class='ocrx_word' id='word_1_678' title='bbox 843 3225 979 3255; x_wconf 89' lang='lat' dir='ltr'>modum</span> <span class='ocrx_word' id='word_1_679' title='bbox 999 3223 1112 3259; x_wconf 87' lang='lat' dir='ltr'>meriti,</span> <span class='ocrx_word' id='word_1_680' title='bbox 1131 3231 1161 3255; x_wconf 91' lang='lat' dir='ltr'>et</span> <span class='ocrx_word' id='word_1_681' title='bbox 1176 3223 1350 3261; x_wconf 84' lang='lat' dir='ltr'>similibus;</span> 
     </span>
     <span class='ocr_line' id='line_1_97' title="bbox 281 3269 1378 3310; baseline 0.001 -11"><span class='ocrx_word' id='word_1_682' title='bbox 281 3276 311 3299; x_wconf 89' lang='lat' dir='ltr'>et</span> <span class='ocrx_word' id='word_1_683' title='bbox 334 3279 398 3299; x_wconf 87' lang='lat' dir='ltr'>non</span> <span class='ocrx_word' id='word_1_684' title='bbox 424 3269 544 3309; x_wconf 84' lang='lat' dir='ltr'>accepit</span> <span class='ocrx_word' id='word_1_685' title='bbox 567 3269 816 3300; x_wconf 87' lang='lat' dir='ltr'>instrumentum</span> <span class='ocrx_word' id='word_1_686' title='bbox 844 3269 982 3310; x_wconf 87' lang='lat' dir='ltr'>proprie.</span> <span class='ocrx_word' id='word_1_687' title='bbox 1015 3269 1113 3306; x_wconf 90' lang='lat' dir='ltr'>Quod</span> <span class='ocrx_word' id='word_1_688' title='bbox 1137 3270 1291 3309; x_wconf 85' lang='lat' dir='ltr'>probatur</span> <span class='ocrx_word' id='word_1_689' title='bbox 1314 3279 1351 3300; x_wconf 85' lang='lat' dir='ltr'>ex</span> <span class='ocrx_word' id='word_1_690' title='bbox 1376 3276 1378 3309; x_wconf 72' lang='grc' dir='ltr'>ξ</span> 
     </span>
     <span class='ocr_line' id='line_1_98' title="bbox 281 3314 1350 3355; baseline 0.001 -12"><span class='ocrx_word' id='word_1_691' title='bbox 281 3314 390 3343; x_wconf 90' lang='lat' dir='ltr'>tribus.</span> <span class='ocrx_word' id='word_1_692' title='bbox 421 3314 544 3350; x_wconf 88' lang='lat' dir='ltr'>Primo,</span> <span class='ocrx_word' id='word_1_693' title='bbox 570 3323 607 3344; x_wconf 86' lang='lat' dir='ltr'>ex</span> <span class='ocrx_word' id='word_1_694' title='bbox 637 3324 676 3344; x_wconf 90' lang='lat' dir='ltr'>eo</span> <span class='ocrx_word' id='word_1_695' title='bbox 708 3314 797 3355; x_wconf 89' lang='lat' dir='ltr'>quod</span> <span class='ocrx_word' id='word_1_696' title='bbox 828 3314 867 3344; x_wconf 91' lang='lat' dir='ltr'>ad</span> <span class='ocrx_word' id='word_1_697' title='bbox 899 3320 1088 3354; x_wconf 87' lang='lat' dir='ltr'>potestatem</span> <span class='ocrx_word' id='word_1_698' title='bbox 1122 3314 1350 3345; x_wconf 85' lang='lat' dir='ltr'>miraculorum</span> 
     </span>
     <span class='ocr_line' id='line_1_99' title="bbox 282 3357 1378 3403; baseline 0.002 -16"><span class='ocrx_word' id='word_1_699' title='bbox 282 3357 429 3388; x_wconf 81' lang='lat' dir='ltr'>factivam</span> <span class='ocrx_word' id='word_1_700' title='bbox 453 3366 592 3398; x_wconf 87' lang='lat' dir='ltr'>spectare</span> <span class='ocrx_word' id='word_1_701' title='bbox 612 3365 717 3399; x_wconf 84' lang='lat' dir='ltr'>potest</span> <span class='ocrx_word' id='word_1_702' title='bbox 741 3359 933 3389; x_wconf 84' lang='lat' dir='ltr'>miraculum</span> <span class='ocrx_word' id='word_1_703' title='bbox 957 3358 1139 3389; x_wconf 85' lang='lat' dir='ltr'>creationis:</span> <span class='ocrx_word' id='word_1_704' title='bbox 1165 3366 1242 3399; x_wconf 88' lang='lat' dir='ltr'>puta</span> <span class='ocrx_word' id='word_1_705' title='bbox 1261 3359 1351 3400; x_wconf 90' lang='lat' dir='ltr'>quod</span> <span class='ocrx_word' id='word_1_706' title='bbox 1377 3393 1378 3403; x_wconf 16' lang='grc' dir='ltr'>γ</span> 
     </span>
     <span class='ocr_line' id='line_1_100' title="bbox 283 3402 1378 3437; baseline 0.004 -5"><span class='ocrx_word' id='word_1_707' title='bbox 283 3402 369 3432; x_wconf 89' lang='lat' dir='ltr'>Deus</span> <span class='ocrx_word' id='word_1_708' title='bbox 401 3410 517 3434; x_wconf 84' lang='lat' dir='ltr'>crearet</span> <span class='ocrx_word' id='word_1_709' title='bbox 551 3403 690 3434; x_wconf 79' lang='lat' dir='ltr'>totaliter</span> <span class='ocrx_word' id='word_1_710' title='bbox 725 3413 823 3434; x_wconf 88' lang='lat' dir='ltr'>unam</span> <span class='ocrx_word' id='word_1_711' title='bbox 859 3404 978 3434; x_wconf 88' lang='lat' dir='ltr'>nubem</span> <span class='ocrx_word' id='word_1_712' title='bbox 1011 3403 1061 3433; x_wconf 92' lang='lat' dir='ltr'>vel</span> <span class='ocrx_word' id='word_1_713' title='bbox 1094 3413 1192 3434; x_wconf 84' lang='lat' dir='ltr'>unam</span> <span class='ocrx_word' id='word_1_714' title='bbox 1228 3404 1351 3434; x_wconf 87' lang='lat' dir='ltr'>colum·</span> <span class='ocrx_word' id='word_1_715' title='bbox 1377 3405 1378 3437; x_wconf 72' lang='lat' dir='ltr'>l</span> 
     </span>
     <span class='ocr_line' id='line_1_101' title="bbox 283 3443 1379 3488; baseline 0.002 -12"><span class='ocrx_word' id='word_1_716' title='bbox 283 3447 367 3483; x_wconf 88' lang='lat' dir='ltr'>bam,</span> <span class='ocrx_word' id='word_1_717' title='bbox 385 3454 441 3478; x_wconf 87' lang='lat' dir='ltr'>etc.</span> <span class='ocrx_word' id='word_1_718' title='bbox 467 3447 601 3479; x_wconf 86' lang='lat' dir='ltr'>Constat</span> <span class='ocrx_word' id='word_1_719' title='bbox 624 3455 731 3478; x_wconf 89' lang='lat' dir='ltr'>autem</span> <span class='ocrx_word' id='word_1_720' title='bbox 755 3448 843 3488; x_wconf 92' lang='lat' dir='ltr'>quod</span> <span class='ocrx_word' id='word_1_721' title='bbox 862 3449 900 3478; x_wconf 87' lang='lat' dir='ltr'>ad</span> <span class='ocrx_word' id='word_1_722' title='bbox 917 3448 1110 3479; x_wconf 84' lang='lat' dir='ltr'>creationem</span> <span class='ocrx_word' id='word_1_723' title='bbox 1134 3449 1266 3479; x_wconf 89' lang='lat' dir='ltr'>totalem</span> <span class='ocrx_word' id='word_1_724' title='bbox 1286 3458 1350 3478; x_wconf 90' lang='lat' dir='ltr'>non</span> <span class='ocrx_word' id='word_1_725' title='bbox 1377 3443 1379 3470; x_wconf 73' lang='grc' dir='ltr'>Ϊ</span> 
     </span>
     <span class='ocr_line' id='line_1_102' title="bbox 284 3492 1379 3538; baseline 0.003 -18"><span class='ocrx_word' id='word_1_726' title='bbox 284 3497 388 3531; x_wconf 88' lang='lat' dir='ltr'>potest</span> <span class='ocrx_word' id='word_1_727' title='bbox 412 3501 596 3522; x_wconf 88' lang='lat' dir='ltr'>concurrere</span> <span class='ocrx_word' id='word_1_728' title='bbox 616 3492 721 3532; x_wconf 87' lang='lat' dir='ltr'>aliqua</span> <span class='ocrx_word' id='word_1_729' title='bbox 741 3492 821 3523; x_wconf 86' lang='lat' dir='ltr'>actio</span> <span class='ocrx_word' id='word_1_730' title='bbox 842 3492 1089 3523; x_wconf 84' lang='lat' dir='ltr'>instrumentalis</span> <span class='ocrx_word' id='word_1_731' title='bbox 1114 3492 1241 3533; x_wconf 88' lang='lat' dir='ltr'>proprie</span> <span class='ocrx_word' id='word_1_732' title='bbox 1258 3492 1349 3523; x_wconf 90' lang='lat' dir='ltr'>dicta.</span> <span class='ocrx_word' id='word_1_733' title='bbox 1378 3529 1379 3538; x_wconf 15' lang='grc' dir='ltr'>ἵ</span> 
     </span>
     <span class='ocr_line' id='line_1_103' title="bbox 283 3535 1379 3578; baseline 0.003 -14"><span class='ocrx_word' id='word_1_734' title='bbox 283 3553 303 3558; x_wconf 94' lang='grc'>-</span> <span class='ocrx_word' id='word_1_735' title='bbox 322 3535 424 3565; x_wconf 89' lang='lat' dir='ltr'>Maior</span> <span class='ocrx_word' id='word_1_736' title='bbox 443 3535 574 3566; x_wconf 86' lang='lat' dir='ltr'>habetur</span> <span class='ocrx_word' id='word_1_737' title='bbox 593 3536 625 3565; x_wconf 89' lang='lat' dir='ltr'>in</span> <span class='ocrx_word' id='word_1_738' title='bbox 646 3537 706 3566; x_wconf 91' lang='lat' dir='ltr'>hoc</span> <span class='ocrx_word' id='word_1_739' title='bbox 726 3537 857 3567; x_wconf 89' lang='lat' dir='ltr'>articulo</span> <span class='ocrx_word' id='word_1_740' title='bbox 877 3538 903 3573; x_wconf 86' lang='lat'>*,</span> <span class='ocrx_word' id='word_1_741' title='bbox 930 3548 1003 3567; x_wconf 89' lang='lat' dir='ltr'>cum</span> <span class='ocrx_word' id='word_1_742' title='bbox 1023 3537 1136 3567; x_wconf 89' lang='lat' dir='ltr'>dicitur</span> <span class='ocrx_word' id='word_1_743' title='bbox 1155 3537 1254 3578; x_wconf 92' lang='lat' dir='ltr'>quod,</span> <span class='ocrx_word' id='word_1_744' title='bbox 1269 3538 1352 3568; x_wconf 83' lang='lat' dir='ltr'>sicut</span> <span class='ocrx_word' id='word_1_745' title='bbox 1378 3548 1379 3553; x_wconf 58' lang='lat'>¹</span> 
     </span>
     <span class='ocr_line' id='line_1_104' title="bbox 278 3580 1380 3622; baseline 0.003 -13"><span class='ocrx_word' id='word_1_746' title='bbox 278 3580 449 3620; x_wconf 84' lang='lat' dir='ltr'>prophetia</span> <span class='ocrx_word' id='word_1_747' title='bbox 473 3580 615 3610; x_wconf 82' lang='lat' dir='ltr'>extendit</span> <span class='ocrx_word' id='word_1_748' title='bbox 633 3590 667 3610; x_wconf 87' lang='lat' dir='ltr'>se</span> <span class='ocrx_word' id='word_1_749' title='bbox 687 3581 729 3611; x_wconf 85' lang='lat' dir='ltr'>ad</span> <span class='ocrx_word' id='word_1_750' title='bbox 752 3582 858 3611; x_wconf 88' lang='lat' dir='ltr'>omnia</span> <span class='ocrx_word' id='word_1_751' title='bbox 882 3591 965 3622; x_wconf 85' lang='lat' dir='ltr'>quae</span> <span class='ocrx_word' id='word_1_752' title='bbox 987 3581 1283 3622; x_wconf 85' lang='lat' dir='ltr'>supernaturaliter</span> <span class='ocrx_word' id='word_1_753' title='bbox 1301 3591 1352 3612; x_wconf 90' lang='lat' dir='ltr'>co·</span> <span class='ocrx_word' id='word_1_754' title='bbox 1378 3582 1380 3606; x_wconf 64' lang='grc' dir='ltr'><em>ἒ</em></span> 
     </span>
     <span class='ocr_line' id='line_1_105' title="bbox 284 3625 1352 3666; baseline 0.001 -11"><span class='ocrx_word' id='word_1_755' title='bbox 284 3625 398 3666; x_wconf 84' lang='lat' dir='ltr'>gnosci</span> <span class='ocrx_word' id='word_1_756' title='bbox 414 3629 558 3664; x_wconf 83' lang='lat' dir='ltr'>possunt,</span> <span class='ocrx_word' id='word_1_757' title='bbox 578 3625 621 3654; x_wconf 90' lang='lat' dir='ltr'>ita</span> <span class='ocrx_word' id='word_1_758' title='bbox 638 3626 780 3664; x_wconf 81' lang='lat' dir='ltr'>operatio</span> <span class='ocrx_word' id='word_1_759' title='bbox 801 3626 954 3656; x_wconf 81' lang='lat' dir='ltr'>virtutum</span> <span class='ocrx_word' id='word_1_760' title='bbox 975 3635 1009 3656; x_wconf 85' lang='lat' dir='ltr'>se</span> <span class='ocrx_word' id='word_1_761' title='bbox 1028 3626 1171 3656; x_wconf 82' lang='lat' dir='ltr'>extendit</span> <span class='ocrx_word' id='word_1_762' title='bbox 1186 3625 1229 3656; x_wconf 80' lang='lat' dir='ltr'>ad</span> <span class='ocrx_word' id='word_1_763' title='bbox 1244 3626 1352 3656; x_wconf 84' lang='lat' dir='ltr'>omnia</span> 
     </span>
    </p>
   </div>
   <div class='ocr_carea' id='block_1_34' title="bbox 1402 2194 2482 2316">
    <p class='ocr_par' dir='ltr' id='par_1_41' title="bbox 1402 2194 2482 2316">
     <span class='ocr_line' id='line_1_106' title="bbox 1402 2194 2482 2237; baseline 0.001 -10"><span class='ocrx_word' id='word_1_764' title='bbox 1402 2206 1485 2237; x_wconf 87' lang='lat' dir='ltr'>quae</span> <span class='ocrx_word' id='word_1_765' title='bbox 1503 2196 1803 2237; x_wconf 86' lang='lat' dir='ltr'>supernaturaliter</span> <span class='ocrx_word' id='word_1_766' title='bbox 1817 2196 1894 2235; x_wconf 87' lang='lat' dir='ltr'>fieri</span> <span class='ocrx_word' id='word_1_767' title='bbox 1910 2200 2058 2236; x_wconf 83' lang='lat' dir='ltr'>possunt.</span> <span class='ocrx_word' id='word_1_768' title='bbox 2081 2213 2099 2217; x_wconf 92' lang='lat'>—</span> <span class='ocrx_word' id='word_1_769' title='bbox 2120 2194 2228 2226; x_wconf 89' lang='lat' dir='ltr'>Minor</span> <span class='ocrx_word' id='word_1_770' title='bbox 2246 2203 2354 2227; x_wconf 85' lang='lat' dir='ltr'>autem</span> <span class='ocrx_word' id='word_1_771' title='bbox 2374 2195 2482 2228; x_wconf 78' lang='lat' dir='ltr'>habita</span> 
     </span>
     <span class='ocr_line' id='line_1_107' title="bbox 1403 2240 2481 2282; baseline 0.002 -11"><span class='ocrx_word' id='word_1_772' title='bbox 1403 2247 1450 2271; x_wconf 89' lang='lat' dir='ltr'>est</span> <span class='ocrx_word' id='word_1_773' title='bbox 1465 2241 1497 2271; x_wconf 89' lang='lat' dir='ltr'>in</span> <span class='ocrx_word' id='word_1_774' title='bbox 1514 2241 1623 2271; x_wconf 87' lang='lat' dir='ltr'>Primo</span> <span class='ocrx_word' id='word_1_775' title='bbox 1647 2240 1745 2271; x_wconf 90' lang='lat' dir='ltr'>Libro</span> <span class='ocrx_word' id='word_1_776' title='bbox 1760 2240 1788 2277; x_wconf 85' lang='lat'>*‚</span> <span class='ocrx_word' id='word_1_777' title='bbox 1814 2240 1869 2270; x_wconf 87' lang='lat' dir='ltr'>ubi</span> <span class='ocrx_word' id='word_1_778' title='bbox 1894 2240 2139 2271; x_wconf 86' lang='lat' dir='ltr'>determinatum</span> <span class='ocrx_word' id='word_1_779' title='bbox 2160 2247 2207 2271; x_wconf 89' lang='lat' dir='ltr'>est</span> <span class='ocrx_word' id='word_1_780' title='bbox 2223 2241 2313 2281; x_wconf 88' lang='lat' dir='ltr'>quod</span> <span class='ocrx_word' id='word_1_781' title='bbox 2336 2241 2481 2282; x_wconf 74' lang='lat' dir='ltr'>potentia·</span> 
     </span>
     <span class='ocr_line' id='line_1_108' title="bbox 1403 2284 2307 2316; baseline -0.001 0"><span class='ocrx_word' id='word_1_782' title='bbox 1403 2286 1538 2316; x_wconf 78' lang='lat' dir='ltr'>creativa</span> <span class='ocrx_word' id='word_1_783' title='bbox 1562 2295 1619 2316; x_wconf 90' lang='lat' dir='ltr'>nec</span> <span class='ocrx_word' id='word_1_784' title='bbox 1643 2285 1926 2316; x_wconf 85' lang='lat' dir='ltr'>instrumentaliter</span> <span class='ocrx_word' id='word_1_785' title='bbox 1948 2292 1996 2315; x_wconf 88' lang='lat' dir='ltr'>est</span> <span class='ocrx_word' id='word_1_786' title='bbox 2019 2284 2307 2316; x_wconf 87' lang='lat' dir='ltr'>communicabilis.</span> 
     </span>
    </p>
   </div>
   <div class='ocr_carea' id='block_1_35' title="bbox 1459 2329 2491 2371">
    <p class='ocr_par' dir='ltr' id='par_1_42' title="bbox 1459 2329 2491 2371">
     <span class='ocr_line' id='line_1_109' title="bbox 1459 2329 2491 2371; baseline 0.002 -10"><span class='ocrx_word' id='word_1_787' title='bbox 1459 2330 1618 2366; x_wconf 87' lang='lat' dir='ltr'>Secundo,</span> <span class='ocrx_word' id='word_1_788' title='bbox 1637 2340 1674 2360; x_wconf 87' lang='lat' dir='ltr'>ex</span> <span class='ocrx_word' id='word_1_789' title='bbox 1690 2329 1766 2370; x_wconf 89' lang='lat' dir='ltr'>ipsis</span> <span class='ocrx_word' id='word_1_790' title='bbox 1782 2329 1885 2360; x_wconf 89' lang='lat' dir='ltr'>verbis</span> <span class='ocrx_word' id='word_1_791' title='bbox 1901 2329 2052 2360; x_wconf 88' lang='lat' dir='ltr'>Auctoris</span> <span class='ocrx_word' id='word_1_792' title='bbox 2068 2329 2120 2361; x_wconf 88' lang='lat' dir='ltr'>hic</span> <span class='ocrx_word' id='word_1_793' title='bbox 2135 2329 2267 2361; x_wconf 89' lang='lat' dir='ltr'>dicentis</span> <span class='ocrx_word' id='word_1_794' title='bbox 2284 2331 2374 2371; x_wconf 89' lang='lat' dir='ltr'>quod</span> <span class='ocrx_word' id='word_1_795' title='bbox 2390 2341 2491 2364; x_wconf 65' lang='lat' dir='ltr'>mens:</span> 
     </span>
    </p>
   </div>
   <div class='ocr_carea' id='block_1_36' title="bbox 1402 2373 2482 3221">
    <p class='ocr_par' dir='ltr' id='par_1_43' title="bbox 1403 2373 2482 2462">
     <span class='ocr_line' id='line_1_110' title="bbox 1404 2373 2482 2418; baseline 0.003 -13"><span class='ocrx_word' id='word_1_796' title='bbox 1404 2375 1565 2406; x_wconf 82' lang='lat' dir='ltr'>miracula</span> <span class='ocrx_word' id='word_1_797' title='bbox 1580 2375 1739 2417; x_wconf 87' lang='lat' dir='ltr'>facientis</span> <span class='ocrx_word' id='word_1_798' title='bbox 1762 2379 1910 2406; x_wconf 82' lang='lat' dir='ltr'>movetur</span> <span class='ocrx_word' id='word_1_799' title='bbox 1924 2375 1968 2405; x_wconf 84' lang='lat' dir='ltr'>ad</span> <span class='ocrx_word' id='word_1_800' title='bbox 1978 2373 2173 2416; x_wconf 85' lang='lat' dir='ltr'>faciendum</span> <span class='ocrx_word' id='word_1_801' title='bbox 2196 2375 2321 2415; x_wconf 84' lang='lat' dir='ltr'>aliquid</span> <span class='ocrx_word' id='word_1_802' title='bbox 2335 2375 2380 2406; x_wconf 81' lang='lat' dir='ltr'>ad</span> <span class='ocrx_word' id='word_1_803' title='bbox 2394 2377 2482 2418; x_wconf 81' lang='lat' dir='ltr'>quod</span> 
     </span>
     <span class='ocr_line' id='line_1_111' title="bbox 1403 2419 2480 2462; baseline 0.003 -12"><span class='ocrx_word' id='word_1_804' title='bbox 1403 2421 1550 2460; x_wconf 86' lang='lat' dir='ltr'>sequitur</span> <span class='ocrx_word' id='word_1_805' title='bbox 1580 2419 1713 2460; x_wconf 89' lang='lat' dir='ltr'>effectus</span> <span class='ocrx_word' id='word_1_806' title='bbox 1743 2420 1912 2456; x_wconf 83' lang='lat' dir='ltr'>miraculi,</span> <span class='ocrx_word' id='word_1_807' title='bbox 1938 2419 2024 2460; x_wconf 81' lang='lat' dir='ltr'>quod</span> <span class='ocrx_word' id='word_1_808' title='bbox 2046 2419 2137 2451; x_wconf 88' lang='lat' dir='ltr'>Deus</span> <span class='ocrx_word' id='word_1_809' title='bbox 2159 2428 2220 2450; x_wconf 86' lang='lat' dir='ltr'>sua</span> <span class='ocrx_word' id='word_1_810' title='bbox 2245 2421 2364 2450; x_wconf 80' lang='lat' dir='ltr'>virtute</span> <span class='ocrx_word' id='word_1_811' title='bbox 2378 2420 2480 2462; x_wconf 83' lang='lat' dir='ltr'>facit.</span> 
     </span>
    </p>

    <p class='ocr_par' dir='ltr' id='par_1_44' title="bbox 1403 2463 2481 2684">
     <span class='ocr_line' id='line_1_112' title="bbox 1460 2463 2480 2504; baseline 0.002 -10"><span class='ocrx_word' id='word_1_812' title='bbox 1460 2464 1590 2501; x_wconf 88' lang='lat' dir='ltr'>Tertio,</span> <span class='ocrx_word' id='word_1_813' title='bbox 1616 2474 1653 2494; x_wconf 86' lang='lat' dir='ltr'>ex</span> <span class='ocrx_word' id='word_1_814' title='bbox 1686 2464 1872 2495; x_wconf 83' lang='lat' dir='ltr'>auctoritate</span> <span class='ocrx_word' id='word_1_815' title='bbox 1905 2463 2101 2504; x_wconf 57' lang='lat' dir='ltr'>Scriptura,</span> <span class='ocrx_word' id='word_1_816' title='bbox 2126 2464 2223 2495; x_wconf 89' lang='lat' dir='ltr'>Iosue</span> <span class='ocrx_word' id='word_1_817' title='bbox 2245 2475 2264 2494; x_wconf 87' lang='lat' dir='ltr'><strong>x</strong></span> <span class='ocrx_word' id='word_1_818' title='bbox 2279 2464 2307 2503; x_wconf 89' lang='lat'>*,</span> <span class='ocrx_word' id='word_1_819' title='bbox 2333 2465 2387 2495; x_wconf 90' lang='lat' dir='ltr'>ubi</span> <span class='ocrx_word' id='word_1_820' title='bbox 2417 2465 2480 2497; x_wconf 89' lang='lat' dir='ltr'>hoc</span> 
     </span>
     <span class='ocr_line' id='line_1_113' title="bbox 1403 2507 2479 2550; baseline 0.004 -12"><span class='ocrx_word' id='word_1_821' title='bbox 1403 2509 1489 2539; x_wconf 89' lang='lat' dir='ltr'>idem</span> <span class='ocrx_word' id='word_1_822' title='bbox 1514 2508 1716 2549; x_wconf 82' lang='lat' dir='ltr'>significatur,</span> <span class='ocrx_word' id='word_1_823' title='bbox 1735 2519 1810 2539; x_wconf 90' lang='lat' dir='ltr'>cum</span> <span class='ocrx_word' id='word_1_824' title='bbox 1830 2508 1960 2540; x_wconf 89' lang='lat' dir='ltr'>dicitur:</span> <span class='ocrx_word' id='word_1_825' title='bbox 1985 2508 2060 2539; x_wconf 86' lang='lat' dir='ltr'>Non</span> <span class='ocrx_word' id='word_1_826' title='bbox 2076 2507 2149 2550; x_wconf 84' lang='lat' dir='ltr'>fuit</span> <span class='ocrx_word' id='word_1_827' title='bbox 2171 2514 2268 2540; x_wconf 87' lang='lat' dir='ltr'>antea</span> <span class='ocrx_word' id='word_1_828' title='bbox 2289 2519 2348 2540; x_wconf 89' lang='lat' dir='ltr'>nec</span> <span class='ocrx_word' id='word_1_829' title='bbox 2363 2515 2479 2550; x_wconf 84' lang='lat' dir='ltr'>postea</span> 
     </span>
     <span class='ocr_line' id='line_1_114' title="bbox 1404 2553 2481 2595; baseline 0.003 -12"><span class='ocrx_word' id='word_1_830' title='bbox 1404 2559 1469 2584; x_wconf 87' lang='lat' dir='ltr'>tam</span> <span class='ocrx_word' id='word_1_831' title='bbox 1487 2554 1587 2595; x_wconf 84' lang='lat' dir='ltr'>longa</span> <span class='ocrx_word' id='word_1_832' title='bbox 1603 2554 1681 2591; x_wconf 85' lang='lat' dir='ltr'>dies,</span> <span class='ocrx_word' id='word_1_833' title='bbox 1699 2554 1864 2585; x_wconf 83' lang='lat' dir='ltr'>obediente</span> <span class='ocrx_word' id='word_1_834' title='bbox 1878 2554 1949 2584; x_wconf 86' lang='lat' dir='ltr'>Deo</span> <span class='ocrx_word' id='word_1_835' title='bbox 1966 2554 2036 2584; x_wconf 84' lang='lat' dir='ltr'>voci</span> <span class='ocrx_word' id='word_1_836' title='bbox 2057 2554 2206 2584; x_wconf 77' lang='lat' dir='ltr'>hominis.</span> <span class='ocrx_word' id='word_1_837' title='bbox 2231 2553 2293 2585; x_wconf 89' lang='lat' dir='ltr'>Ubi</span> <span class='ocrx_word' id='word_1_838' title='bbox 2313 2554 2481 2586; x_wconf 81' lang='lat' dir='ltr'>manifeste</span> 
     </span>
     <span class='ocr_line' id='line_1_115' title="bbox 1404 2598 2480 2639; baseline 0.003 -11"><span class='ocrx_word' id='word_1_839' title='bbox 1404 2605 1490 2638; x_wconf 85' lang='lat' dir='ltr'>patet</span> <span class='ocrx_word' id='word_1_840' title='bbox 1513 2599 1618 2629; x_wconf 90' lang='lat' dir='ltr'>Deum</span> <span class='ocrx_word' id='word_1_841' title='bbox 1643 2598 1721 2639; x_wconf 90' lang='lat' dir='ltr'>poni</span> <span class='ocrx_word' id='word_1_842' title='bbox 1745 2598 1930 2639; x_wconf 89' lang='lat' dir='ltr'>proximum</span> <span class='ocrx_word' id='word_1_843' title='bbox 1954 2606 2118 2629; x_wconf 84' lang='lat' dir='ltr'>auctorem</span> <span class='ocrx_word' id='word_1_844' title='bbox 2142 2598 2299 2635; x_wconf 87' lang='lat' dir='ltr'>miraculi,</span> <span class='ocrx_word' id='word_1_845' title='bbox 2317 2606 2347 2630; x_wconf 84' lang='lat' dir='ltr'>et</span> <span class='ocrx_word' id='word_1_846' title='bbox 2364 2609 2480 2632; x_wconf 76' lang='lat' dir='ltr'>vocem</span> 
     </span>
     <span class='ocr_line' id='line_1_116' title="bbox 1403 2642 2058 2684; baseline 0 -11"><span class='ocrx_word' id='word_1_847' title='bbox 1403 2643 1544 2674; x_wconf 88' lang='lat' dir='ltr'>hominis</span> <span class='ocrx_word' id='word_1_848' title='bbox 1568 2643 1649 2674; x_wconf 89' lang='lat' dir='ltr'>inter</span> <span class='ocrx_word' id='word_1_849' title='bbox 1672 2643 1844 2674; x_wconf 84' lang='lat' dir='ltr'>remotiora</span> <span class='ocrx_word' id='word_1_850' title='bbox 1868 2642 2058 2684; x_wconf 88' lang='lat' dir='ltr'>computari.</span> 
     </span>
    </p>

    <p class='ocr_par' dir='ltr' id='par_1_45' title="bbox 1402 2687 2480 3083">
     <span class='ocr_line' id='line_1_117' title="bbox 1460 2687 2480 2730; baseline 0.002 -12"><span class='ocrx_word' id='word_1_851' title='bbox 1460 2687 1592 2718; x_wconf 85' lang='lat' dir='ltr'>Videtur</span> <span class='ocrx_word' id='word_1_852' title='bbox 1615 2687 1710 2728; x_wconf 88' lang='lat' dir='ltr'>igitur</span> <span class='ocrx_word' id='word_1_853' title='bbox 1737 2688 1872 2719; x_wconf 90' lang='lat' dir='ltr'>intentio</span> <span class='ocrx_word' id='word_1_854' title='bbox 1896 2688 2045 2719; x_wconf 85' lang='lat' dir='ltr'>Auctoris</span> <span class='ocrx_word' id='word_1_855' title='bbox 2069 2687 2131 2718; x_wconf 88' lang='lat' dir='ltr'>hoc</span> <span class='ocrx_word' id='word_1_856' title='bbox 2155 2687 2188 2718; x_wconf 90' lang='lat' dir='ltr'>in</span> <span class='ocrx_word' id='word_1_857' title='bbox 2211 2687 2285 2719; x_wconf 92' lang='lat' dir='ltr'>loco</span> <span class='ocrx_word' id='word_1_858' title='bbox 2310 2689 2399 2729; x_wconf 89' lang='lat' dir='ltr'>quod</span> <span class='ocrx_word' id='word_1_859' title='bbox 2424 2699 2480 2730; x_wconf 87' lang='lat' dir='ltr'>ap-</span> 
     </span>
     <span class='ocr_line' id='line_1_118' title="bbox 1404 2732 2480 2774; baseline 0.003 -12"><span class='ocrx_word' id='word_1_860' title='bbox 1404 2733 1499 2773; x_wconf 89' lang='lat' dir='ltr'>pellet</span> <span class='ocrx_word' id='word_1_861' title='bbox 1529 2732 1778 2763; x_wconf 86' lang='lat' dir='ltr'>instrumentum</span> <span class='ocrx_word' id='word_1_862' title='bbox 1810 2733 1949 2774; x_wconf 86' lang='lat' dir='ltr'>priorem</span> <span class='ocrx_word' id='word_1_863' title='bbox 1981 2732 2129 2764; x_wconf 79' lang='lat' dir='ltr'>effectum</span> <span class='ocrx_word' id='word_1_864' title='bbox 2155 2733 2417 2773; x_wconf 86' lang='lat' dir='ltr'>praeordinatum</span> <span class='ocrx_word' id='word_1_865' title='bbox 2432 2733 2480 2765; x_wconf 70' lang='lat' dir='ltr'>ab</span> 
     </span>
     <span class='ocr_line' id='line_1_119' title="bbox 1402 2777 2480 2820; baseline 0.003 -13"><span class='ocrx_word' id='word_1_866' title='bbox 1402 2777 1469 2817; x_wconf 84' lang='lat' dir='ltr'>ipsa</span> <span class='ocrx_word' id='word_1_867' title='bbox 1501 2784 1627 2808; x_wconf 88' lang='lat' dir='ltr'>aeterna</span> <span class='ocrx_word' id='word_1_868' title='bbox 1658 2777 1867 2818; x_wconf 86' lang='lat' dir='ltr'>providentia,</span> <span class='ocrx_word' id='word_1_869' title='bbox 1892 2778 1932 2808; x_wconf 87' lang='lat' dir='ltr'>ad</span> <span class='ocrx_word' id='word_1_870' title='bbox 1957 2777 2048 2809; x_wconf 91' lang='lat' dir='ltr'>cuius</span> <span class='ocrx_word' id='word_1_871' title='bbox 2077 2777 2273 2818; x_wconf 85' lang='lat' dir='ltr'>positionem</span> <span class='ocrx_word' id='word_1_872' title='bbox 2301 2777 2388 2808; x_wconf 85' lang='lat' dir='ltr'>Deus</span> <span class='ocrx_word' id='word_1_873' title='bbox 2411 2778 2480 2820; x_wconf 86' lang='lat' dir='ltr'>ipse</span> 
     </span>
     <span class='ocr_line' id='line_1_120' title="bbox 1403 2822 2480 2864; baseline 0.002 -12"><span class='ocrx_word' id='word_1_874' title='bbox 1403 2829 1577 2863; x_wconf 84' lang='lat' dir='ltr'>exequatur</span> <span class='ocrx_word' id='word_1_875' title='bbox 1608 2822 1752 2853; x_wconf 81' lang='lat' dir='ltr'>miraculi</span> <span class='ocrx_word' id='word_1_876' title='bbox 1783 2822 1947 2853; x_wconf 88' lang='lat' dir='ltr'>effectum:</span> <span class='ocrx_word' id='word_1_877' title='bbox 1972 2822 2015 2853; x_wconf 86' lang='lat' dir='ltr'>ita</span> <span class='ocrx_word' id='word_1_878' title='bbox 2038 2823 2127 2864; x_wconf 91' lang='lat' dir='ltr'>quod</span> <span class='ocrx_word' id='word_1_879' title='bbox 2155 2822 2229 2853; x_wconf 91' lang='lat' dir='ltr'>ideo</span> <span class='ocrx_word' id='word_1_880' title='bbox 2253 2822 2341 2853; x_wconf 89' lang='lat' dir='ltr'>Deus</span> <span class='ocrx_word' id='word_1_881' title='bbox 2364 2822 2480 2854; x_wconf 86' lang='lat' dir='ltr'>dicitur</span> 
     </span>
     <span class='ocr_line' id='line_1_121' title="bbox 1404 2866 2479 2908; baseline 0.002 -11"><span class='ocrx_word' id='word_1_882' title='bbox 1404 2867 1448 2898; x_wconf 94' lang='lat' dir='ltr'>uti</span> <span class='ocrx_word' id='word_1_883' title='bbox 1474 2867 1571 2907; x_wconf 86' lang='lat' dir='ltr'>priori</span> <span class='ocrx_word' id='word_1_884' title='bbox 1601 2866 1713 2898; x_wconf 86' lang='lat' dir='ltr'>effectu</span> <span class='ocrx_word' id='word_1_885' title='bbox 1743 2867 2041 2903; x_wconf 85' lang='lat' dir='ltr'>instrumentaliter,</span> <span class='ocrx_word' id='word_1_886' title='bbox 2066 2866 2142 2908; x_wconf 83' lang='lat' dir='ltr'>quia</span> <span class='ocrx_word' id='word_1_887' title='bbox 2172 2866 2330 2898; x_wconf 76' lang='lat' dir='ltr'>ordinavit</span> <span class='ocrx_word' id='word_1_888' title='bbox 2352 2877 2386 2898; x_wconf 89' lang='lat' dir='ltr'>se</span> <span class='ocrx_word' id='word_1_889' title='bbox 2409 2877 2479 2899; x_wconf 84' lang='lat' dir='ltr'>exe-</span> 
     </span>
     <span class='ocr_line' id='line_1_122' title="bbox 1403 2910 2479 2953; baseline 0.001 -11"><span class='ocrx_word' id='word_1_890' title='bbox 1403 2919 1555 2942; x_wconf 90' lang='lat' dir='ltr'>cuturum</span> <span class='ocrx_word' id='word_1_891' title='bbox 1578 2911 1726 2943; x_wconf 88' lang='lat' dir='ltr'>effectum</span> <span class='ocrx_word' id='word_1_892' title='bbox 1754 2912 1908 2949; x_wconf 84' lang='lat' dir='ltr'>miraculi,</span> <span class='ocrx_word' id='word_1_893' title='bbox 1933 2912 2129 2953; x_wconf 89' lang='lat' dir='ltr'>quandoque</span> <span class='ocrx_word' id='word_1_894' title='bbox 2159 2910 2306 2948; x_wconf 82' lang='lat' dir='ltr'>mediate,</span> <span class='ocrx_word' id='word_1_895' title='bbox 2331 2913 2479 2952; x_wconf 88' lang='lat' dir='ltr'>quando-</span> 
     </span>
     <span class='ocr_line' id='line_1_123' title="bbox 1403 2955 2480 2997; baseline 0.002 -10"><span class='ocrx_word' id='word_1_896' title='bbox 1403 2967 1466 2997; x_wconf 90' lang='lat' dir='ltr'>que</span> <span class='ocrx_word' id='word_1_897' title='bbox 1498 2956 1698 2994; x_wconf 88' lang='lat' dir='ltr'>immediate,</span> <span class='ocrx_word' id='word_1_898' title='bbox 1731 2956 1890 2988; x_wconf 82' lang='lat' dir='ltr'>mediante</span> <span class='ocrx_word' id='word_1_899' title='bbox 1921 2966 2046 2997; x_wconf 86' lang='lat' dir='ltr'>semper</span> <span class='ocrx_word' id='word_1_900' title='bbox 2076 2956 2133 2987; x_wconf 94' lang='lat' dir='ltr'>illo</span> <span class='ocrx_word' id='word_1_901' title='bbox 2162 2955 2268 2996; x_wconf 89' lang='lat' dir='ltr'>priore</span> <span class='ocrx_word' id='word_1_902' title='bbox 2299 2955 2411 2988; x_wconf 84' lang='lat' dir='ltr'>effectu</span> <span class='ocrx_word' id='word_1_903' title='bbox 2443 2967 2480 2989; x_wconf 89' lang='lat' dir='ltr'>ex</span> 
     </span>
     <span class='ocr_line' id='line_1_124' title="bbox 1403 2999 2479 3042; baseline 0.001 -11"><span class='ocrx_word' id='word_1_904' title='bbox 1403 3009 1490 3042; x_wconf 86' lang='lat' dir='ltr'>parte</span> <span class='ocrx_word' id='word_1_905' title='bbox 1522 3001 1680 3037; x_wconf 88' lang='lat' dir='ltr'>hominis;</span> <span class='ocrx_word' id='word_1_906' title='bbox 1706 3001 1770 3031; x_wconf 87' lang='lat' dir='ltr'>sive</span> <span class='ocrx_word' id='word_1_907' title='bbox 1794 3001 1847 3032; x_wconf 87' lang='lat' dir='ltr'>ille</span> <span class='ocrx_word' id='word_1_908' title='bbox 1876 3000 2004 3032; x_wconf 85' lang='lat' dir='ltr'>effectus</span> <span class='ocrx_word' id='word_1_909' title='bbox 2028 3001 2068 3031; x_wconf 89' lang='lat' dir='ltr'>sit</span> <span class='ocrx_word' id='word_1_910' title='bbox 2091 3000 2203 3038; x_wconf 86' lang='lat' dir='ltr'>oratio,</span> <span class='ocrx_word' id='word_1_911' title='bbox 2228 2999 2293 3031; x_wconf 83' lang='lat' dir='ltr'>sive</span> <span class='ocrx_word' id='word_1_912' title='bbox 2316 3011 2388 3038; x_wconf 86' lang='lat' dir='ltr'>vox,</span> <span class='ocrx_word' id='word_1_913' title='bbox 2414 3001 2479 3033; x_wconf 88' lang='lat' dir='ltr'>sive</span> 
     </span>
     <span class='ocr_line' id='line_1_125' title="bbox 1404 3046 1912 3083; baseline 0.004 -7"><span class='ocrx_word' id='word_1_914' title='bbox 1404 3046 1536 3083; x_wconf 87' lang='lat' dir='ltr'>locutio,</span> <span class='ocrx_word' id='word_1_915' title='bbox 1562 3046 1628 3076; x_wconf 93' lang='lat' dir='ltr'>sive</span> <span class='ocrx_word' id='word_1_916' title='bbox 1653 3053 1827 3082; x_wconf 87' lang='lat' dir='ltr'>contactus,</span> <span class='ocrx_word' id='word_1_917' title='bbox 1853 3053 1912 3078; x_wconf 82' lang='lat' dir='ltr'>etc.</span> 
     </span>
    </p>

    <p class='ocr_par' dir='ltr' id='par_1_46' title="bbox 1404 3089 2480 3221">
     <span class='ocr_line' id='line_1_126' title="bbox 1462 3089 2479 3131; baseline 0.001 -10"><span class='ocrx_word' id='word_1_918' title='bbox 1462 3091 1512 3122; x_wconf 83' lang='grc' dir='ltr'>ΙΙΙ.</span> <span class='ocrx_word' id='word_1_919' title='bbox 1539 3091 1572 3121; x_wconf 90' lang='lat' dir='ltr'>ln</span> <span class='ocrx_word' id='word_1_920' title='bbox 1593 3090 1801 3131; x_wconf 88' lang='lat' dir='ltr'>responsione</span> <span class='ocrx_word' id='word_1_921' title='bbox 1817 3091 1857 3121; x_wconf 83' lang='lat' dir='ltr'>ad</span> <span class='ocrx_word' id='word_1_922' title='bbox 1874 3091 2052 3122; x_wconf 86' lang='lat' dir='ltr'>secundum</span> <span class='ocrx_word' id='word_1_923' title='bbox 2075 3089 2219 3120; x_wconf 82' lang='lat' dir='ltr'>eiusdem</span> <span class='ocrx_word' id='word_1_924' title='bbox 2242 3089 2376 3126; x_wconf 83' lang='lat' dir='ltr'>articuli,</span> <span class='ocrx_word' id='word_1_925' title='bbox 2398 3090 2479 3122; x_wconf 82' lang='lat' dir='ltr'>circa</span> 
     </span>
     <span class='ocr_line' id='line_1_127' title="bbox 1404 3134 2479 3176; baseline 0.001 -10"><span class='ocrx_word' id='word_1_926' title='bbox 1404 3135 1646 3176; x_wconf 85' lang='lat' dir='ltr'>ambiguitatem</span> <span class='ocrx_word' id='word_1_927' title='bbox 1666 3136 1704 3166; x_wconf 87' lang='lat' dir='ltr'>ab</span> <span class='ocrx_word' id='word_1_928' title='bbox 1724 3135 1908 3175; x_wconf 85' lang='lat' dir='ltr'>Augustino</span> <span class='ocrx_word' id='word_1_929' title='bbox 1931 3141 2047 3166; x_wconf 80' lang='lat' dir='ltr'>tactam</span> <span class='ocrx_word' id='word_1_930' title='bbox 2063 3134 2103 3166; x_wconf 83' lang='lat' dir='ltr'>de</span> <span class='ocrx_word' id='word_1_931' title='bbox 2120 3134 2287 3165; x_wconf 80' lang='lat' dir='ltr'>mendacio</span> <span class='ocrx_word' id='word_1_932' title='bbox 2312 3134 2479 3175; x_wconf 86' lang='lat' dir='ltr'>signorum</span> 
     </span>
     <span class='ocr_line' id='line_1_128' title="bbox 1405 3179 2480 3221; baseline 0.002 -11"><span class='ocrx_word' id='word_1_933' title='bbox 1405 3187 1435 3211; x_wconf 89' lang='lat' dir='ltr'>et</span> <span class='ocrx_word' id='word_1_934' title='bbox 1463 3179 1685 3221; x_wconf 82' lang='lat' dir='ltr'>prodigiorum</span> <span class='ocrx_word' id='word_1_935' title='bbox 1716 3179 1918 3216; x_wconf 83' lang='lat' dir='ltr'>Antichristi,</span> <span class='ocrx_word' id='word_1_936' title='bbox 1943 3179 2068 3210; x_wconf 73' lang='lat' dir='ltr'>adverte</span> <span class='ocrx_word' id='word_1_937' title='bbox 2098 3179 2188 3220; x_wconf 90' lang='lat' dir='ltr'>quod</span> <span class='ocrx_word' id='word_1_938' title='bbox 2218 3179 2406 3211; x_wconf 83' lang='lat' dir='ltr'>rationabile</span> <span class='ocrx_word' id='word_1_939' title='bbox 2432 3187 2480 3212; x_wconf 82' lang='lat' dir='ltr'>est</span> 
     </span>
    </p>
   </div>
   <div class='ocr_carea' id='block_1_37' title="bbox 1376 3221 2480 3266">
    <p class='ocr_par' dir='ltr' id='par_1_47' title="bbox 1376 3221 2480 3266">
     <span class='ocr_line' id='line_1_129' title="bbox 1376 3221 2480 3266; baseline -0.002 -8"><span class='ocrx_word' id='word_1_940' title='bbox 1376 3221 1378 3258; x_wconf 61' lang='grc'>’,</span> <span class='ocrx_word' id='word_1_941' title='bbox 1405 3232 1542 3266; x_wconf 89' lang='lat' dir='ltr'>utroque</span> <span class='ocrx_word' id='word_1_942' title='bbox 1577 3225 1677 3255; x_wconf 91' lang='lat' dir='ltr'>modo</span> <span class='ocrx_word' id='word_1_943' title='bbox 1713 3224 1781 3256; x_wconf 88' lang='lat' dir='ltr'>fore</span> <span class='ocrx_word' id='word_1_944' title='bbox 1817 3223 1997 3260; x_wconf 83' lang='lat' dir='ltr'>mendacia,</span> <span class='ocrx_word' id='word_1_945' title='bbox 2029 3222 2147 3254; x_wconf 89' lang='lat' dir='ltr'>scilicet</span> <span class='ocrx_word' id='word_1_946' title='bbox 2180 3230 2210 3254; x_wconf 92' lang='lat' dir='ltr'>et</span> <span class='ocrx_word' id='word_1_947' title='bbox 2243 3223 2419 3256; x_wconf 80' lang='lat' dir='ltr'>formaliter</span> <span class='ocrx_word' id='word_1_948' title='bbox 2449 3231 2480 3256; x_wconf 84' lang='lat' dir='ltr'>et</span> 
     </span>
    </p>
   </div>
   <div class='ocr_carea' id='block_1_38' title="bbox 1405 3267 2478 3355">
    <p class='ocr_par' dir='ltr' id='par_1_48' title="bbox 1405 3267 2478 3355">
     <span class='ocr_line' id='line_1_130' title="bbox 1405 3267 2478 3310; baseline 0 -10"><span class='ocrx_word' id='word_1_949' title='bbox 1405 3270 1579 3301; x_wconf 84' lang='lat' dir='ltr'>causaliter.</span> <span class='ocrx_word' id='word_1_950' title='bbox 1610 3269 1787 3300; x_wconf 86' lang='lat' dir='ltr'>Causaliter</span> <span class='ocrx_word' id='word_1_951' title='bbox 1809 3267 1950 3310; x_wconf 87' lang='lat' dir='ltr'>quidem,</span> <span class='ocrx_word' id='word_1_952' title='bbox 1975 3267 2101 3299; x_wconf 81' lang='lat' dir='ltr'>omnia:</span> <span class='ocrx_word' id='word_1_953' title='bbox 2126 3269 2281 3309; x_wconf 86' lang='lat' dir='ltr'>quoniam</span> <span class='ocrx_word' id='word_1_954' title='bbox 2305 3269 2345 3300; x_wconf 86' lang='lat' dir='ltr'>ad</span> <span class='ocrx_word' id='word_1_955' title='bbox 2369 3269 2478 3301; x_wconf 83' lang='lat' dir='ltr'>fallen-</span> 
     </span>
     <span class='ocr_line' id='line_1_131' title="bbox 1405 3312 2478 3355; baseline 0 -10"><span class='ocrx_word' id='word_1_956' title='bbox 1405 3315 1483 3345; x_wconf 90' lang='lat' dir='ltr'>dum</span> <span class='ocrx_word' id='word_1_957' title='bbox 1507 3314 1616 3344; x_wconf 86' lang='lat' dir='ltr'>omnia</span> <span class='ocrx_word' id='word_1_958' title='bbox 1640 3313 1780 3345; x_wconf 89' lang='lat' dir='ltr'>tendent.</span> <span class='ocrx_word' id='word_1_959' title='bbox 1804 3312 1992 3344; x_wconf 85' lang='lat' dir='ltr'>Formaliter</span> <span class='ocrx_word' id='word_1_960' title='bbox 2015 3319 2132 3349; x_wconf 83' lang='lat' dir='ltr'>autem,</span> <span class='ocrx_word' id='word_1_961' title='bbox 2154 3323 2219 3344; x_wconf 92' lang='lat' dir='ltr'>non</span> <span class='ocrx_word' id='word_1_962' title='bbox 2244 3314 2372 3345; x_wconf 86' lang='lat' dir='ltr'>omnia:</span> <span class='ocrx_word' id='word_1_963' title='bbox 2397 3323 2478 3355; x_wconf 89' lang='lat' dir='ltr'>quo-</span> 
     </span>
    </p>
   </div>
   <div class='ocr_carea' id='block_1_39' title="bbox 2507 2243 2721 2273">
    <p class='ocr_par' dir='ltr' id='par_1_49' title="bbox 2507 2243 2721 2273">
     <span class='ocr_line' id='line_1_132' title="bbox 2507 2243 2721 2273; baseline 0 -6"><span class='ocrx_word' id='word_1_964' title='bbox 2507 2243 2721 2273; x_wconf 49' lang='lat' dir='ltr'>’Quum-ms.</span> 
     </span>
    </p>
   </div>
   <div class='ocr_carea' id='block_1_40' title="bbox 2506 2462 2647 2491">
    <p class='ocr_par' dir='ltr' id='par_1_50' title="bbox 2506 2462 2647 2491">
     <span class='ocr_line' id='line_1_133' title="bbox 2506 2462 2647 2491; baseline 0.007 -6"><span class='ocrx_word' id='word_1_965' title='bbox 2506 2462 2600 2486; x_wconf 64' lang='lat' dir='ltr'>’von</span> <span class='ocrx_word' id='word_1_966' title='bbox 2614 2469 2647 2491; x_wconf 69' lang='lat'>1⁴.</span> 
     </span>
    </p>
   </div>
   <div class='ocr_carea' id='block_1_41' title="bbox 1406 3356 2527 3400">
    <p class='ocr_par' dir='ltr' id='par_1_51' title="bbox 1406 3356 2527 3400">
     <span class='ocr_line' id='line_1_134' title="bbox 1406 3356 2527 3400; baseline 0.001 -11"><span class='ocrx_word' id='word_1_967' title='bbox 1406 3359 1492 3390; x_wconf 85' lang='lat' dir='ltr'>niam</span> <span class='ocrx_word' id='word_1_968' title='bbox 1516 3358 1702 3389; x_wconf 82' lang='lat' dir='ltr'>rationabile</span> <span class='ocrx_word' id='word_1_969' title='bbox 1719 3364 1765 3388; x_wconf 87' lang='lat' dir='ltr'>est</span> <span class='ocrx_word' id='word_1_970' title='bbox 1785 3364 1819 3388; x_wconf 92' lang='lat' dir='ltr'>ut</span> <span class='ocrx_word' id='word_1_971' title='bbox 1838 3357 1939 3388; x_wconf 87' lang='lat' dir='ltr'>multa</span> <span class='ocrx_word' id='word_1_972' title='bbox 1962 3367 2035 3387; x_wconf 83' lang='lat' dir='ltr'>vera</span> <span class='ocrx_word' id='word_1_973' title='bbox 2058 3356 2144 3394; x_wconf 83' lang='lat' dir='ltr'>fiant,</span> <span class='ocrx_word' id='word_1_974' title='bbox 2162 3363 2208 3396; x_wconf 84' lang='lat' dir='ltr'>ut,</span> <span class='ocrx_word' id='word_1_975' title='bbox 2225 3360 2254 3390; x_wconf 87' lang='lat' dir='ltr'>si</span> <span class='ocrx_word' id='word_1_976' title='bbox 2266 3359 2349 3400; x_wconf 83' lang='lat' dir='ltr'>fieri</span> <span class='ocrx_word' id='word_1_977' title='bbox 2362 3359 2478 3400; x_wconf 77' lang='lat' dir='ltr'>possit,</span> <span class='ocrx_word' id='word_1_978' title='bbox 2523 3378 2527 3382; x_wconf 33' lang='grc' dir='ltr'><strong>Δ</strong></span> 
     </span>
    </p>
   </div>
   <div class='ocr_carea' id='block_1_42' title="bbox 1406 3401 2479 3488">
    <p class='ocr_par' dir='ltr' id='par_1_52' title="bbox 1406 3401 2479 3488">
     <span class='ocr_line' id='line_1_135' title="bbox 1406 3401 2109 3435; baseline -0.003 -1"><span class='ocrx_word' id='word_1_979' title='bbox 1406 3405 1501 3435; x_wconf 87' lang='lat' dir='ltr'>etiam</span> <span class='ocrx_word' id='word_1_980' title='bbox 1527 3404 1619 3434; x_wconf 88' lang='lat' dir='ltr'>electi</span> <span class='ocrx_word' id='word_1_981' title='bbox 1641 3402 1841 3434; x_wconf 82' lang='lat' dir='ltr'>inducantur</span> <span class='ocrx_word' id='word_1_982' title='bbox 1864 3402 1896 3433; x_wconf 88' lang='lat' dir='ltr'>in</span> <span class='ocrx_word' id='word_1_983' title='bbox 1922 3411 2066 3432; x_wconf 87' lang='lat' dir='ltr'>errorem</span> <span class='ocrx_word' id='word_1_984' title='bbox 2082 3401 2109 3432; x_wconf 85' lang='grc'>*.</span> 
     </span>
     <span class='ocr_line' id='line_1_136' title="bbox 1461 3446 2479 3488; baseline -0.001 -9"><span class='ocrx_word' id='word_1_985' title='bbox 1461 3448 1515 3479; x_wconf 79' lang='lat' dir='ltr'>tv.</span> <span class='ocrx_word' id='word_1_986' title='bbox 1541 3448 1576 3478; x_wconf 87' lang='lat' dir='ltr'>ln</span> <span class='ocrx_word' id='word_1_987' title='bbox 1605 3446 1812 3487; x_wconf 88' lang='lat' dir='ltr'>responsione</span> <span class='ocrx_word' id='word_1_988' title='bbox 1842 3446 1881 3476; x_wconf 88' lang='lat' dir='ltr'>ad</span> <span class='ocrx_word' id='word_1_989' title='bbox 1913 3453 2063 3487; x_wconf 87' lang='lat' dir='ltr'>quartum</span> <span class='ocrx_word' id='word_1_990' title='bbox 2095 3453 2126 3478; x_wconf 82' lang='lat' dir='ltr'>et</span> <span class='ocrx_word' id='word_1_991' title='bbox 2153 3447 2304 3488; x_wconf 88' lang='lat' dir='ltr'>quintum</span> <span class='ocrx_word' id='word_1_992' title='bbox 2334 3447 2479 3478; x_wconf 74' lang='lat' dir='ltr'>eiusdem</span> 
     </span>
    </p>
   </div>
   <div class='ocr_carea' id='block_1_43' title="bbox 1378 3490 2478 3532">
    <p class='ocr_par' dir='ltr' id='par_1_53' title="bbox 1378 3490 2478 3532">
     <span class='ocr_line' id='line_1_137' title="bbox 1378 3490 2478 3532; baseline 0 -10"><span class='ocrx_word' id='word_1_993' title='bbox 1378 3525 1379 3528; x_wconf 14' lang='grc' dir='ltr'><strong>Ἰ</strong></span> <span class='ocrx_word' id='word_1_994' title='bbox 1406 3491 1545 3528; x_wconf 86' lang='lat' dir='ltr'>articuli,</span> <span class='ocrx_word' id='word_1_995' title='bbox 1570 3491 1695 3522; x_wconf 86' lang='lat' dir='ltr'>adverte</span> <span class='ocrx_word' id='word_1_996' title='bbox 1727 3490 1814 3531; x_wconf 93' lang='lat' dir='ltr'>quod</span> <span class='ocrx_word' id='word_1_997' title='bbox 1846 3492 1968 3521; x_wconf 87' lang='lat' dir='ltr'>Auctor</span> <span class='ocrx_word' id='word_1_998' title='bbox 1997 3490 2169 3522; x_wconf 88' lang='lat' dir='ltr'>summarie</span> <span class='ocrx_word' id='word_1_999' title='bbox 2197 3492 2377 3532; x_wconf 84' lang='lat' dir='ltr'>perstringit</span> <span class='ocrx_word' id='word_1_1000' title='bbox 2399 3492 2478 3522; x_wconf 84' lang='lat' dir='ltr'>duas</span> 
     </span>
    </p>
   </div>
   <div class='ocr_carea' id='block_1_44' title="bbox 1407 3535 2478 3666">
    <p class='ocr_par' dir='ltr' id='par_1_54' title="bbox 1407 3535 2478 3666">
     <span class='ocr_line' id='line_1_138' title="bbox 1407 3535 2477 3577; baseline 0.001 -11"><span class='ocrx_word' id='word_1_1001' title='bbox 1407 3536 1520 3576; x_wconf 85' lang='lat' dir='ltr'>gratias</span> <span class='ocrx_word' id='word_1_1002' title='bbox 1544 3535 1638 3575; x_wconf 85' lang='lat' dir='ltr'>gratis</span> <span class='ocrx_word' id='word_1_1003' title='bbox 1662 3536 1767 3571; x_wconf 85' lang='lat' dir='ltr'>datas,</span> <span class='ocrx_word' id='word_1_1004' title='bbox 1793 3535 1910 3566; x_wconf 86' lang='lat' dir='ltr'>scilicet</span> <span class='ocrx_word' id='word_1_1005' title='bbox 1937 3537 2081 3576; x_wconf 82' lang='lat' dir='ltr'>gratiam</span> <span class='ocrx_word' id='word_1_1006' title='bbox 2110 3537 2286 3567; x_wconf 83' lang='lat' dir='ltr'>sanitatum</span> <span class='ocrx_word' id='word_1_1007' title='bbox 2312 3543 2342 3567; x_wconf 90' lang='lat' dir='ltr'>et</span> <span class='ocrx_word' id='word_1_1008' title='bbox 2362 3535 2477 3577; x_wconf 83' lang='lat' dir='ltr'>fidem.</span> 
     </span>
     <span class='ocr_line' id='line_1_139' title="bbox 1408 3579 2478 3620; baseline 0.001 -10"><span class='ocrx_word' id='word_1_1009' title='bbox 1408 3580 1458 3610; x_wconf 86' lang='lat' dir='ltr'>Ad</span> <span class='ocrx_word' id='word_1_1010' title='bbox 1482 3579 1619 3620; x_wconf 79' lang='lat' dir='ltr'>primam</span> <span class='ocrx_word' id='word_1_1011' title='bbox 1651 3579 1781 3620; x_wconf 82' lang='lat' dir='ltr'>quidem</span> <span class='ocrx_word' id='word_1_1012' title='bbox 1814 3579 1891 3610; x_wconf 90' lang='lat' dir='ltr'>nihil</span> <span class='ocrx_word' id='word_1_1013' title='bbox 1923 3587 2050 3620; x_wconf 88' lang='lat' dir='ltr'>oportet</span> <span class='ocrx_word' id='word_1_1014' title='bbox 2079 3580 2205 3612; x_wconf 84' lang='lat' dir='ltr'>addere.</span> <span class='ocrx_word' id='word_1_1015' title='bbox 2229 3581 2281 3612; x_wconf 89' lang='lat' dir='ltr'>Ad</span> <span class='ocrx_word' id='word_1_1016' title='bbox 2304 3581 2478 3612; x_wconf 81' lang='lat' dir='ltr'>secundam</span> 
     </span>
     <span class='ocr_line' id='line_1_140' title="bbox 1407 3623 2477 3666; baseline 0.001 -12"><span class='ocrx_word' id='word_1_1017' title='bbox 1407 3633 1493 3660; x_wconf 90' lang='lat' dir='ltr'>vero,</span> <span class='ocrx_word' id='word_1_1018' title='bbox 1518 3630 1645 3664; x_wconf 87' lang='lat' dir='ltr'>oportet</span> <span class='ocrx_word' id='word_1_1019' title='bbox 1668 3623 1861 3661; x_wconf 88' lang='lat' dir='ltr'>meminisse,</span> <span class='ocrx_word' id='word_1_1020' title='bbox 1886 3634 1923 3655; x_wconf 85' lang='lat' dir='ltr'>ex</span> <span class='ocrx_word' id='word_1_1021' title='bbox 1946 3635 2000 3666; x_wconf 92' lang='lat' dir='ltr'>qu.</span> <span class='ocrx_word' id='word_1_1022' title='bbox 2026 3635 2066 3662; x_wconf 77' lang='lat' dir='ltr'>tv,</span> <span class='ocrx_word' id='word_1_1023' title='bbox 2083 3632 2140 3656; x_wconf 83' lang='lat' dir='ltr'>art.</span> <span class='ocrx_word' id='word_1_1024' title='bbox 2160 3626 2188 3662; x_wconf 86' lang='lat'>5,</span> <span class='ocrx_word' id='word_1_1025' title='bbox 2205 3625 2246 3655; x_wconf 87' lang='lat' dir='ltr'>ad</span> <span class='ocrx_word' id='word_1_1026' title='bbox 2268 3634 2300 3665; x_wconf 87' lang='lat'>4,</span> <span class='ocrx_word' id='word_1_1027' title='bbox 2321 3624 2477 3666; x_wconf 85' lang='lat' dir='ltr'>superius,</span> 
     </span>
    </p>
   </div>
  </div>
 </body>
</html>
