2768 4198
50 1551 62 1563 ⁸
74 1549 142 1573 Vm.
157 1555 186 1573 12.

928 285 1197 331 QUAESTIO
1227 286 1442 333 CXXXVI,
1471 284 1769 322 ARTlCULUS
1799 284 1832 320 V

283 364 408 414 magis
435 375 550 412 quam
573 364 767 412 proposito
795 364 1030 412 delinquunt,
1059 364 1261 401 sustentari
1281 376 1354 412 per

282 470 454 508 exultant
479 471 517 507 in
546 470 685 507 delictis
705 468 721 499 β
747 471 844 516 suis,
862 471 970 519 ferri
989 471 1177 519 patienter
1209 472 1356 508 dicendi

282 529 378 561 sunt.

337 578 565 614 RESPONDEO
593 588 779 614 DICENDUM
806 578 911 626 quod
941 577 1035 613 sicut
1064 577 1355 625 magnanimitas

285 629 420 667 dicitur
442 642 513 679 per
540 642 656 679 quam
676 630 811 679 aliquis
830 631 946 667 habet
974 631 1146 668 animum
1175 630 1383 668 tendendi

284 683 323 720 in
342 695 495 732 magna,
511 682 562 720 ita
582 683 696 721 etiam
717 684 984 732 longanimitas
1004 684 1137 722 dicitur
1151 697 1220 733 per
1238 697 1356 733 quam

284 737 420 785 aliquis
449 737 564 774 habet
591 738 765 775 animum
799 738 981 775 tendendi
1010 738 1047 775 in
1077 738 1219 787 aliquid
1252 737 1386 787 quod

284 790 323 827 in
351 790 603 839 longinquum
633 791 755 828 distat.
773 792 822 828 Et
845 791 934 828 ideo
949 791 1045 828 sicut
1069 791 1386 839 magnanimitas

285 844 406 892 magis
435 844 586 893 respicit
613 857 723 894 spem
743 845 963 882 tendentem
994 845 1031 882 in
1056 845 1216 892 bonum,
1243 857 1387 895 quam

286 897 486 935 audaciam
515 899 578 935 vel
606 898 786 936 timorem
823 898 903 935 sive
942 898 1140 945 tristitiam,
1170 911 1270 947 quae
1302 910 1359 935 re-

286 951 448 1000 spiciunt
475 951 635 999 malum,
665 952 715 989 ita
744 951 857 989 etiam
885 960 922 988 et
949 951 1229 1000 longanimitas.
1246 951 1358 989 Unde

2406 295 2475 330 107

1380 407 1381 410 Ἰ
1408 364 1510 401 tione
1531 364 1623 401 boni
1652 363 1790 413 operis,
1813 363 1918 412 quod
1936 361 2099 411 pertinet
2129 361 2177 398 ad
2205 361 2479 406 constantiam3

283 417 606 467 longanimitatem
626 417 818 453 dicuntur.-
838 418 904 466 qui
921 428 1011 454 vero
1025 418 1215 466 pertinaci
1232 423 1354 454 mente
1380 421 1382 455 i
1407 425 1486 454 tam
1514 416 1781 466 longanimitas
1809 428 1927 465 quam
1958 415 2071 452 etiam
2093 415 2303 452 constantia
2324 415 2394 451 sub
2415 426 2480 463 pa·

1409 471 1537 508 tientia
1567 470 1956 531 comprehenduntur.
1986 469 2099 507 Unde
2132 477 2168 505 et
2196 468 2362 514 Tullius,
2390 467 2482 504 defi-

1381 563 1383 574 3
1409 524 1517 562 niens
1532 524 1764 573 patientiam,
1782 522 1900 560 dicit*
1915 523 2020 572 quod
2035 523 2217 571 patientia
2232 528 2296 568 est,
2312 522 2482 558 honesta-

1382 596 1383 627 3
1410 579 1454 614 tis
1473 590 1520 614 ac
1540 578 1703 614 utilitatis
1722 589 1850 622 causa,
1871 577 2086 614 voluntaria
2106 587 2153 613 ac
2171 576 2381 612 diuturna‘
2394 585 2483 622 per-

286 1004 552 1053 longanimitas
571 1005 761 1043 maiorem
783 1005 1089 1043 convenientiam
1117 1005 1270 1043 videtur
1293 1005 1359 1041 ha·
1386 1007 1388 1037 ἰ

287 1059 377 1095 bere
407 1071 495 1095 curn
524 1059 836 1107 magnanimitate
855 1071 973 1108 quam
1003 1070 1090 1095 cum
1112 1058 1304 1106 patientia.

342 1113 472 1149 Potest
500 1120 628 1150 tamen
660 1112 867 1150 convenire
897 1123 986 1149 cum
1014 1110 1193 1160 patientia
1218 1110 1389 1170 duplici

288 1165 446 1203 ratione.
484 1165 615 1203 Primo
645 1166 823 1215 quidem,
853 1165 941 1215 quia
969 1164 1171 1213 patientia,
1201 1164 1296 1200 sicut
1325 1170 1362 1199 et
1387 1148 1389 1194 i

1387 1229 1390 1261 ζ
1416 1216 1512 1253 sicut
1530 1216 1622 1253 illud
1644 1215 1751 1263 quod
1771 1223 1827 1252 est
1846 1215 2098 1264 longinquum
2117 1223 2302 1264 tempore.
2333 1216 2382 1251 Et
2401 1215 2487 1252 ideo

289 1285 395 1310 num.
427 1273 544 1320 Quod
573 1273 604 1310 si
634 1285 679 1310 ex
707 1271 925 1322 propinquo
955 1278 1186 1320 expectetur,
1216 1269 1361 1307 facilius
1388 1267 1389 1311 ᾖ

288 1219 483 1266 fortitudo,
499 1220 655 1257 sustinet
674 1219 800 1268 aliqua
818 1219 919 1255 mala
936 1225 1094 1267 propter
1117 1217 1272 1266 aliquod
1293 1217 1361 1253 bo-

289 1334 346 1364 est
363 1326 577 1364 sustinere:
607 1326 638 1363 si
667 1333 795 1363 autern
824 1325 863 1362 in
877 1324 1130 1373 longinquum
1152 1323 1390 1369 differatur,

289 1380 390 1417 mala
413 1387 543 1417 autem
564 1386 739 1428 oporteat
757 1384 773 1407 Υ
801 1378 839 1415 in
861 1379 1053 1438 praesenti
1074 1377 1272 1424 sustinere,
1293 1375 1361 1414 dif-

1405 631 1528 680 pessio
1548 643 1677 668 rerum
1697 631 1908 668 arduarum
1928 641 1975 667 ac
2003 629 2226 690 difficilium.
2258 628 2375 676 Quod
2396 627 2484 665 dicit

1410 684 1634 731 arduarum,
1654 684 1816 733 pertinet
1835 684 1883 721 ad
1905 683 2157 720 constantiam
2177 683 2216 720 in
2236 683 2358 727 bon0;
2378 681 2483 729 quod

1412 738 1502 775 dicit
1515 738 1552 775 d
1540 738 1738 787 sficzlzum,
1755 737 1917 786 pertinet
1932 738 1980 774 ad
2000 737 2226 785 gravitatem
2247 735 2349 782 mali,
2367 747 2482 783 quarn

1385 791 1564 843 proprie
1586 791 1735 840 respicit
1754 790 1949 840 patientia;
1976 790 2082 839 quod
2100 803 2195 827 vero
2216 789 2321 827 addit
2339 800 2386 825 ac
2404 788 2484 825 diu-

1385 851 1526 882 turna
1550 843 1579 890 t,
1615 844 1777 894 pertinet
1816 844 1865 881 ad
1903 844 2231 903 longanimitatem
2271 841 2484 880 secundum

1385 898 1522 950 quod
1551 897 1732 935 convenit
1761 909 1849 934 cum
1878 897 2073 957 patientia.

1468 952 1518 1041 Eg
1545 963 1614 1000 per
1641 952 1717 988 hoc
1745 958 1848 1000 patet
1877 951 2076 999 responsio
2107 950 2156 987 ad
2184 949 2353 999 primum
2374 956 2410 986 et
2429 961 2486 985 se-

1416 1017 1487 1041 cun
1519 1016 1598 1040 um.

1469 1059 1528 1093 AD
1551 1068 1712 1093 TERTIUM
1742 1068 1927 1093 mmmmm
1948 1057 2054 1105 quod
2082 1056 2174 1092 illud
2203 1056 2307 1104 quod
2329 1063 2384 1092 est
2407 1056 2487 1092 lon-

1415 1110 1602 1158 ginquum
1623 1110 1721 1155 loco,
1742 1109 1919 1158 quamvis
1950 1109 1996 1146 sit
2025 1117 2218 1146 remotum
2240 1121 2262 1145 a
2290 1108 2412 1154 nobis,
2433 1116 2487 1145 ta-

1416 1175 1506 1200 men
1527 1175 1606 1200 non
1627 1170 1682 1199 est
1713 1162 1882 1199 similiter
1901 1167 1919 1189 η
1941 1170 2132 1199 remotum
2154 1175 2176 1199 a
2196 1170 2331 1198 natura
2359 1173 2487 1198 rerum

1417 1282 1496 1307 non
1513 1277 1567 1306 est
1595 1269 1727 1306 similis
1748 1269 1855 1306 ratio.
1882 1290 1906 1296 -
1936 1269 1985 1305 Et
2004 1276 2200 1318 praeterea
2221 1268 2326 1328 quod
2342 1269 2487 1304 estlon·

1416 1323 1603 1382 ginquum
1633 1323 1720 1359 loco
1745 1335 1823 1359 non
1844 1322 1954 1359 affert
1973 1322 2236 1359 difficultatem
2253 1321 2323 1358 nisi
2344 1321 2488 1358 ratione

1388 1376 1615 1427 temporis,
1643 1375 1732 1425 quia
1755 1376 1861 1425 quod
1891 1383 1946 1412 est
1964 1376 2215 1425 longinquum
2232 1376 2317 1412 loco
2340 1387 2361 1411 a
2381 1375 2490 1412 nobis

289 1433 426 1471 ficilius
454 1440 521 1471 est.
540 1453 566 1462 -
596 1432 788 1478 Secundo,
810 1431 899 1480 quia
918 1432 994 1468 hoc
1022 1431 1150 1481 ipsum
1171 1430 1277 1480 quod
1306 1436 1391 1471 est
1389 1430 1559 1467 tardius
1588 1437 1765 1478 tempore
1794 1430 1843 1467 ad
1872 1441 1943 1466 nos
1971 1437 2096 1478 potest
2125 1428 2338 1478 pervenire.

291 1486 432 1524 differri
461 1487 610 1524 bonum
639 1492 849 1534 speratum,
871 1491 1004 1522 natum
1030 1493 1085 1522 est
1114 1496 1271 1522 causare
1299 1482 1361 1520 tri-
1389 1483 1391 1522 3

291 1539 449 1578 stitiam:
485 1539 699 1577 secundum
731 1538 820 1576 illud
860 1538 1117 1576 Prov.x111*:
1147 1538 1239 1587 Spes
1266 1549 1391 1615 quae
1419 1545 1475 1574 est
1503 1536 1598 1574 ratio
1627 1536 1725 1573 illius
1754 1535 1989 1574 differentiae
2011 1548 2128 1586 quam
2158 1536 2297 1573 Glossa
2316 1534 2491 1583 assignat.

290 1593 327 1631 d
315 1592 465 1644 ffertur
491 1593 633 1642 affligit
657 1593 841 1630 animam.
870 1591 984 1630 Unde
1014 1600 1050 1629 et
1077 1592 1116 1629 in
1139 1582 1391 1630 sustinendo]

291 1645 513 1684 huiusmodi
532 1645 780 1683 afflictionem
809 1653 934 1695 potest
954 1658 1038 1683 esse
1057 1644 1249 1696 patientia,
1270 1645 1391 1682 sicut
1390 1638 1570 1682 videtur
1605 1643 1864 1693 importabile,
1895 1643 2000 1693 quod
2040 1641 2140 1680 diu⁰

293 1708 328 1738 et
355 1699 394 1737 in
423 1699 644 1737 sustinendo
674 1711 938 1749 quascumque
968 1699 1059 1737 alias
1078 1698 1255 1737 tristitias.

1472 1484 1660 1531 QUARTUM
1683 1482 1704 1504 *
1733 1482 1994 1520 concedimus.
2024 1483 2177 1520 Tamen
2214 1480 2529 1519 consideranda·

1419 1590 1548 1637 Quia
1540 1603 1578 1627 in
1598 1589 1657 1627 his
1677 1589 1742 1639 qui
1772 1602 1817 1626 ex
1836 1589 2055 1627 infirmitate
2084 1597 2245 1639 peccant
2264 1590 2338 1626 hoc
2367 1589 2491 1625 solum

2170 1649 2417 1692 perseverant
2456 1641 2492 1678 in

1390 1704 1392 1735 Α
1419 1699 1547 1735 malo:
1577 1705 1614 1734 et
1633 1697 1722 1735 ideo
1743 1697 1879 1734 dicitur
1907 1697 2012 1746 quod
2034 1709 2078 1733 ex
2098 1695 2383 1745 longanimitate
2405 1707 2492 1744 sup-

346 1753 410 1791 Sic
437 1753 547 1802 igitur
574 1754 788 1792 secundum
818 1753 925 1802 quod
954 1753 1026 1790 sub
1055 1753 1201 1790 ratione
1227 1749 1241 1774 ὅ
1274 1750 1393 1788 mali
1418 1758 1630 1800 portantur.
1661 1751 1738 1788 Sed
1758 1751 1834 1787 hoc
1862 1750 1988 1800 ipsum
2009 1751 2116 1799 quod
2135 1749 2271 1799 aliquis
2292 1761 2337 1786 ex
2362 1761 2493 1798 super—

293 1806 547 1845 contristantis
574 1815 701 1856 potest
735 1806 1013 1856 comprehendi
1051 1814 1087 1844 et
1114 1805 1242 1844 dilatio
1272 1806 1364 1843 boni
1391 1814 1393 1855 ξ
1419 1805 1482 1842 bia
1506 1812 1650 1864 peccat,
1673 1804 1914 1853 importabile
1941 1804 2111 1842 videtur:
2151 1811 2187 1840 et
2215 1803 2303 1841 ideo
2333 1815 2402 1851 per
2428 1814 2494 1851 pa-

292 1859 443 1910 sperati,
472 1873 572 1910 quae
599 1860 762 1910 pertinet
790 1860 840 1897 ad
868 1859 1218 1920 longanimitatem3
1248 1866 1285 1895 et
1312 1859 1364 1895 la-

1391 1858 1589 1895 tientiam
1625 1857 1802 1896 dicuntur
1838 1857 2015 1895 sustineri
2048 1857 2099 1894 illi
2131 1857 2196 1906 qui
2233 1869 2278 1894 ex
2315 1854 2494 1904 superbia

292 1914 364 1952 bol·
392 1926 509 1962 quem
538 1914 660 1951 hOmO
699 1913 856 1950 sustinet
894 1913 933 1950 ln
969 1920 1188 1950 Contlranta
1230 1923 1365 1948 CXCCU-
1391 1902 1592 1961 ipeccant.

348 2080 374 2114 β)
394 2081 506 2106 delictis.
517 2094 538 2100 -
555 2081 657 2106 deliciis
677 2080 716 2105 Pa
735 2086 761 2106 et
779 2081 889 2106 codices.

347 2117 374 2150 γ)
395 2117 467 2142 mata
479 2119 568 2142 autem
583 2119 717 2148 oporteat.
727 2130 748 2136 -
759 2116 878 2151 difficilis
892 2119 933 2142 est
948 2115 1111 2148 expectatio,
1122 2115 1199 2140 Mala
1212 2118 1301 2140 autem
1315 2115 1363 2140 Pa.

348 2151 374 2184 ὃ)
394 2152 509 2178 ratione.
521 2166 540 2172 -
557 2153 650 2178 eadem
669 2152 776 2177 ratione
793 2152 841 2178 Pa.

350 2188 373 2221 ι)
391 2187 561 2214 diuturnen-
579 2187 672 2213 divina
690 2187 765 2212 ABF.

1470 2078 1496 2111 ζ)
1516 2079 1595 2104 addit
1612 2086 1645 2104 ac
1664 2079 1803 2104 diuturna.
1815 2092 1834 2098 -
1853 2079 1967 2104 additur
1985 2079 2116 2104 diuturna
2134 2078 2189 2104 sive
2209 2078 2315 2104 diutina
2335 2078 2382 2103 Pa.

1471 2115 1498 2147 η)
1517 2114 1650 2140 similiter.
1662 2128 1682 2133 -
1699 2114 1856 2147 simpliciter
1875 2114 1927 2139 ΡΑ.

1471 2147 1496 2183 θ)
1516 2150 1603 2175 dim-
1621 2150 1684 2176 Om.
1703 2150 1781 2175 ΑΒΚ.

2511 532 2604 580 {ODeIinb
2598 534 2657 554 v.ent
2666 532 2722 554 Rhe-

2608 559 2657 582 .11.
2674 566 2724 587 cap.

2511 591 2556 607 mv.

2615 623 2625 639 Ε
