2768 4198
42 1157 55 1168 ⁸
67 1155 134 1178 Van.
149 1162 183 1179 υ.

43 1218 55 1229 ’
69 1218 126 1240 ord.

46 1644 108 1666 ‘Cn

49 2248 59 2259 ⁸
73 2247 183 2270 conclus.
198 2247 219 2270 8.

44 1644 258 1697 mssvffi’xfl:

45 1701 58 1713 ·
77 1700 103 1723 1·
127 1700 187 1729 11⁸⁰,
218 1707 258 1729 qu.

45 1733 136 1754 uxnv,
149 1730 191 1751 ιη.
203 1734 225 1757 3,
233 1734 258 1756 4.

940 287 1209 334 QUAEsrlo
1239 287 1411 333 CLVIII,
1441 286 1739 324 ARTlcULUs
1768 286 1819 323 vi

2399 287 2468 322 281

1108 424 1431 465 ARTICULUS
1461 423 1671 465 SEXTUS

811 515 967 547 UTRUM
992 517 1064 547 IRA
1087 516 1261 546 DEBEAT
1285 515 1386 547 ΡοΝι
1411 516 1545 546 INTER
1568 515 1688 546 VITIA
1712 515 1945 546 CAPITALIA

845 595 867 620 1²
888 595 942 626 Hae,

372 699 376 709 ι
420 709 437 720 s.
494 688 517 713 D
543 687 685 713 SEXTUM
709 687 763 712 sm
789 687 1030 713 PROCEDITUR.
1060 676 1220 713 Videtur
1244 675 1350 724 quod

425 732 475 779 '³2²
495 729 550 766 ira
579 742 657 767 non
687 729 824 766 debeat
851 729 944 778 poni
972 729 1068 766 inter
1089 729 1181 766 vitia
1211 728 1349 779 capita-

402 783 555 833 qflia.
585 784 644 820 Ira
674 782 776 820 enim
806 794 852 819 ex
880 782 1025 820 tristitia
1058 783 1235 820 nascitur.
1274 783 1350 819 Sed

342 855 350 864 ι
454 831 638 875 &tristitia
667 844 723 873 est
749 836 887 873 vitium
918 836 1097 886 capitale,
1127 836 1233 896 quod
1263 835 1352 873 dici-

283 899 343 927 tur
370 884 516 928 acedia.
546 891 649 938 Ergo
679 889 734 927 ira
760 902 840 927 non
869 889 983 927 debet
1010 890 1103 938 poni
1124 890 1260 928 vitium
1291 901 1352 925 ca·
1379 898 1380 932 ᾗ

283 943 410 993 pitale.

340 1009 375 1034 2.
414 997 659 1045 PRAETEREA,
699 996 831 1034 odium
870 1004 935 1033 est
962 996 1116 1044 gravius
1150 1003 1351 1045 peccatum

284 1062 402 1100 quam
431 1050 498 1087 ira.
528 1051 631 1098 Ergo
661 1050 935 1098 magis'debet
961 1050 1056 1102 poni
1086 1049 1222 1087 vitium
1253 1048 1353 1098 capi-

284 1104 358 1141 tale
387 1116 505 1152 quam
535 1104 601 1141 ira.

319 1154 321 1157 ’
341 1159 375 1194 3.
396 1158 632 1204 PRAETEREA,
647 1159 772 1205 'super
799 1155 890 1193 illud
918 1155 1100 1192 Proverb.
1125 1167 1210 1192 xxlx
1229 1154 1260 1201 *,
1289 1154 1355 1192 Vir

285 1211 490 1248 iracundus
520 1215 707 1259 provocat
734 1210 858 1255 rixas,
887 1208 976 1245 dicit
1004 1209 1141 1246 Glossa
1159 1208 1198 1245 *z
1228 1209 1354 1245 Ianua

284 1270 338 1301 est
365 1265 534 1302 omnium
562 1263 741 1300 vitiorum
770 1262 986 1299 iracundia:
1014 1273 1090 1311 qua
1109 1261 1251 1307 clausa,
1279 1261 1355 1298 vir-

284 1316 420 1354 tutibus
439 1317 661 1354 intrinsecus
686 1316 836 1353 dabitur
857 1316 984 1365 quiex
1011 1321 1155 1365 aperta,
1175 1315 1227 1352 ad
1244 1326 1356 1351 omne

269 1369 432 1418 facinus
450 1370 664 1407 armabitur
691 1370 853 1406 animus.
883 1369 1045 1406 Nullum
1069 1376 1198 1405 autem
1218 1368 1355 1405 vitium

285 1422 443 1472 capitale
464 1430 520 1460 est
547 1422 777 1472 principium
802 1422 979 1459 omnium
1007 1429 1267 1471 peccatorum,
1289 1422 1355 1458 sed

284 1476 530 1526 quorundam
573 1476 835 1513 determinate.
879 1476 982 1523 Ergo
1025 1475 1080 1512 ira
1122 1487 1200 1512 non
1243 1475 1357 1512 debet

283 1529 376 1580 poni
403 1529 500 1567 inter
526 1529 618 1567 vitia
646 1529 829 1579 capitalia.

340 1583 415 1620 SED
442 1594 588 1620 CONTRA
617 1595 683 1620 EST
720 1583 824 1632 quod
854 1581 1081 1630 Gregorius,
1111 1582 1238 1619 XXXI
1268 1582 1358 1619 Mo-

285 1636 356 1674 ral.
376 1635 407 1683 ³¹⁸,
428 1636 536 1686 ponit
565 1636 658 1674 iram
688 1636 785 1673 inter
811 1635 903 1674 vitia
933 1635 1114 1684 capitalia.

341 1691 568 1728 RESPONDEO
587 1701 774 1727 mei-:Noun
793 1689 912 1739 quod,
928 1689 1024 1726 sicut
1039 1701 1085 1726 ex
1103 1689 1323 1738 praemissis
1337 1688 1358 1710 ’¹‘

285 1751 400 1793 patet,
421 1744 556 1781 vitium
587 1744 747 1793 capitale
777 1743 913 1780 dicitur
942 1754 985 1779 ex
1015 1755 1092 1791 quo
1118 1743 1238 1779 multa
1267 1741 1358 1779 vitia

287 1797 460 1834 oriuntur
484 1797 517 1835 ²¹².
553 1797 681 1834 Habet
718 1804 848 1834 autem
882 1797 957 1833 hoc
985 1795 1058 1843 ira,
1086 1796 1191 1845 quod
1230 1807 1275 1832 ex
1312 1808 1357 1832 ea

286 1851 407 1888 multa
434 1850 526 1888 vitia
555 1850 643 1888 oriri
671 1850 830 1899 possint,
852 1849 993 1898 duplici
1022 1849 1180 1886 ratione.
1210 1849 1356 1896 Primo,

288 1916 333 1941 ex
361 1912 468 1954 parte
498 1904 556 1941 sui
585 1903 736 1951 obiecti,
757 1903 863 1952 quod
892 1903 1056 1939 multum
1080 1903 1196 1940 habet
1224 1902 1272 1940 de
1302 1914 1358 1939 ra-

342 2037 369 2069 α)
389 2036 469 2069 quod.
480 2050 500 2057 -
517 2037 582 2070 quia
600 2037 688 2070 PDpG
708 2041 734 2062 et
752 2044 777 2062 a.

963 604 1007 628 qu.
1027 603 1130 627 Lxxxw,
1150 601 1196 621 art.
1215 603 1244 627 4;
1266 596 1307 620 De
1326 595 1414 625 Malo,
1434 604 1478 628 qu.
1498 602 1551 625 vm,
1572 600 1618 621 art.
1642 603 1667 626 13
1687 603 1731 628 qu.
1751 603 1800 627 xn,
1821 600 1868 621 art.
1890 595 1912 620 5.

1405 675 1508 712 tione
1537 674 1837 724 appetibilitatis:
1878 675 2104 724 inquantum
2134 675 2275 712 scilicet
2310 675 2478 713 vindicta

1406 729 1595 777 appetitur
1614 729 1690 765 sub>
1716 728 1859 765 ratione
1882 728 1968 765 iusti
1998 736 2034 765 et
2061 729 2223 776 honesti,
2245 729 2351 777 quod
2371 735 2388 751 α
2408 742 2477 767 sua

1407 781 1585 830 dignitate
1622 781 1752 829 allicit,
1788 790 1828 818 ut
1870 794 1985 831 supra
2012 782 2032 804 ²⁸
2066 782 2240 819 habitum
2279 789 2345 820 est.
2389 783 2476 820 Alio

1407 835 1547 882 modo,
1578 847 1622 871 ex
1652 848 1722 872 suo
1750 834 1917 884 impetu,
1949 848 2027 884 quo
2057 843 2227 873 mentem
2255 836 2478 886 praecipitat

1408 889 1455 926 ad
1484 888 1700 925 inordinata
1728 900 1996 938 quaecumque
2026 890 2184 937 agenda.
2213 890 2326 927 Unde
2355 890 2478 927 mani-

1407 942 1546 978 festum
1576 950 1631 978 est
1659 942 1765 990 quod
1794 941 1848 978 ira
1878 950 1933 979 est
1958 942 2095 980 vitium
2127 943 2297 993 capitale.

1461 997 1520 1031 Αι)
1549 1007 1687 1032 PRIMUM
1707 1007 1806 1032 ERGO
1835 1007 2020 1032 mCENDUM
2044 996 2151 1046 quod
2179 996 2240 1033 illa
2268 996 2413 1034 tristitia
2433 1009 2478 1033 ex

1380 1087 1382 1097 Ι
1408 1061 1484 1098 qua
1513 1048 1631 1085 oritur
1659 1047 1725 1095 ira,
1745 1057 1787 1084 ut
1813 1048 2036 1097 plurimum,
2057 1062 2135 1086 non
2165 1057 2221 1086 est
2249 1050 2404 1087 acediae
2423 1050 2477 1087 vi-

1380 1099 1382 1113 *
1407 1102 1522 1147 tium,
1553 1101 1620 1138 sed
1648 1101 1776 1149 passio
1805 1101 1994 1149 tristitiae,
2023 1115 2120 1151 quae
2155 1103 2400 1151 consequitur
2434 1116 2477 1140 ex

1409 1154 1544 1191 iniuria
1573 1154 1684 1191 illata.

1463 1209 1522 1244 AD
1551 1219 1743 1244 SECUNDUM
1772 1219 1957 1244 DICENDUM
1986 1208 2103 1257 quod,
2130 1209 2225 1246 sicut
2253 1222 2299 1246 ex
2328 1222 2441 1259 supra
2459 1209 2480 1231 ’¹‘

1411 1261 1517 1298 dictis
1553 1267 1672 1309 patet,
1702 1262 1750 1298 ad
1786 1260 1973 1297 rationem
2006 1261 2086 1298 vitii
2120 1262 2287 1311 capitalis
2319 1263 2480 1323 pertinet

1411 1314 1516 1364 quod
1544 1314 1684 1350 habeat
1717 1314 1836 1350 finem
1866 1315 2031 1351 multum
2070 1315 2328 1364 appetibilem,
2359 1325 2400 1353 ut
2428 1317 2481 1354 sic

1410 1374 1568 1417 propter
1604 1366 1815 1416 appetitum
1855 1367 1935 1404 eius
1971 1369 2090 1405 multa
2117 1376 2275 1418 peccata
2308 1370 2482 1408 commit-

1411 1428 1549 1459 tantur.
1581 1421 1640 1457 Ira
1668 1428 1814 1468 autem,
1845 1433 1944 1468 quae
1974 1421 2117 1470 appetit
2151 1423 2296 1459 malum
2325 1424 2395 1460 sub
2426 1436 2483 1460 ra-

1411 1475 1514 1511 tione
1535 1474 1640 1521 boni,
1660 1474 1776 1511 habet
1803 1474 1923 1511 finem
1949 1474 2070 1523 magis
2099 1476 2344 1524 appetibilem
2365 1489 2481 1525 quam

1413 1528 1566 1575 odium,
1602 1527 1707 1576 quod
1741 1527 1885 1576 appetit
1919 1528 2065 1565 malurn
2095 1530 2166 1566 sub
2201 1529 2347 1566 ratione
2381 1530 2481 1567 mali.

1412 1582 1461 1619 Et
1480 1581 1568 1618 ideo
1585 1580 1706 1629 magis
1727 1588 1783 1618 est
1800 1580 1935 1618 vitium
1953 1581 2111 1630 capitale
2131 1581 2186 1619 ira
2205 1595 2322 1631 quam
2338 1583 2483 1620 odium.

1465 1638 1525 1671 Αι)
1540 1646 1701 1672 TER-num
1717 1646 1903 1672 mCENDUM
1919 1635 2023 1684 quod
2043 1635 2099 1672 ira
2119 1636 2255 1673 dicitur
2270 1648 2352 1673 esse
2369 1637 2484 1674 ianua

1413 1688 1590 1725 vitiorum
1618 1700 1687 1738 per
1715 1688 1904 1736 accidens,
1926 1688 2066 1726 scilicet
2090 1690 2329 1727 removendo
2358 1691 2486 1739 prohi-

1411 1742 1518 1788 bens,
1536 1741 1633 1778 idest
1647 1741 1896 1791 impediendo
1913 1742 2096 1780 iudicium
2112 1743 2278 1790 rationis,
2294 1756 2364 1792 per
2379 1744 2483 1792 quod

1412 1795 1533 1832 homo
1571 1795 1772 1832 retrahitur
1799 1808 1821 1832 a
1850 1796 1970 1833 malis.
2009 1796 2162 1833 Directe
2191 1804 2319 1834 autem
2355 1805 2390 1834 et
2417 1810 2486 1846 per

1413 1861 1454 1885 se
1484 1855 1540 1885 est
1569 1861 1684 1885 causa
1712 1849 1932 1897 aliquorum
1967 1850 2189 1898 specialium
2223 1859 2483 1899 peccatorum,

1384 1947 1386 1949 ι
1414 1914 1513 1950 quae
1543 1901 1720 1939 dicuntur
1747 1902 1847 1939 filiae
1878 1902 1969 1940 eius.

968 2116 1302 2150 Commentaria
1325 2115 1580 2149 cardinalis
1601 2115 1806 2149 Caietam

292 2208 340 2271 In
362 2197 496 2230 articulo
520 2205 608 2229 sexto
632 2197 776 2228 eiusdem
798 2197 994 2239 quaestionis
1010 2196 1359 2238 centesimaequinqua-
1384 2195 1387 2233 l
1414 2196 1512 2227 ctoria
1537 2196 1639 2228 dicere
1663 2197 1753 2237 quod
1776 2196 1851 2227 inde
1875 2197 1976 2228 oritur
1999 2197 2158 2238 appetitus
2183 2197 2350 2235 vindictae,
2369 2206 2399 2230 et
2422 2209 2488 2230 non

319 2243 598 2283 gesimaeoctavae,
624 2243 760 2274 dubium
783 2252 820 2273 ex
842 2242 991 2278 Martino,
1015 2241 1048 2272 in
1072 2251 1126 2283 qu.
1148 2241 1213 2271 ιιι*
1236 2241 1275 2271 de
1299 2241 1357 2278 Ira,

289 2286 435 2324 occurrit,
453 2287 590 2318 dicente:
615 2305 634 2309 -
657 2287 733 2318 Non
748 2287 852 2328 placet
874 2286 953 2317 mihi
969 2286 1059 2327 quod
1082 2285 1125 2317 ait
1139 2286 1250 2316 beatus
1269 2285 1358 2316 Tho-

289 2341 367 2367 mas,
391 2332 481 2372 quod
503 2331 548 2362 ira
571 2340 608 2361 ex
631 2338 719 2371 parte
743 2331 793 2362 sui
815 2330 945 2367 obiecti,
970 2330 1087 2361 scilicet
1109 2330 1266 2361 vindictae
1289 2337 1359 2367 etc„

258 2415 263 2420 .
287 2376 384 2406 habet
406 2376 496 2416 quod
518 2375 620 2406 multa
642 2375 717 2407 vitia
740 2386 778 2406 ex
801 2385 837 2406 ea
865 2382 1047 2406 nascuntur.
1079 2375 1165 2412 Quia
1188 2385 1225 2406 ex
1249 2384 1301 2405 sex
1324 2373 1359 2404 fi-

54 2961 64 2971 ·
72 2959 111 2982 Aa
124 2958 208 2981 obieet.
223 2958 263 2980 ι·1ιῖ

52 2989 114 3008 eom.
129 2985 232 3008 eonelm.
243 2985 265 3007 8.

55 3049 65 3060 ⁸
78 3048 136 3076 cap.
149 3053 176 3076 n,
190 3053 213 3070 ιι.
227 3053 241 3069 ι.

287 2420 390 2450 liabus
414 2430 493 2461 quas
517 2426 691 2457 enumerat,
707 2420 795 2451 nulla
818 2420 957 2451 nascitur
972 2430 1009 2451 ex
1027 2419 1170 2461 appetitu
1193 2419 1359 2456 vindictae,

289 2465 344 2495 sed
368 2474 405 2494 ex
428 2464 551 2505 impetu
576 2471 607 2495 et
628 2464 828 2495 vehementia
850 2465 924 2496 irae.

345 2508 396 2539 Ad
418 2509 481 2539 hoc
503 2508 638 2539 breviter
653 2509 767 2540 dicitur
782 2509 872 2550 quod
894 2511 1018 2540 Auctor
1039 2508 1073 2539 in
1087 2508 1190 2540 littera
1212 2508 1292 2539 duas
1311 2518 1361 2539 ra-

290 2552 374 2583 dices
397 2552 430 2583 in
454 2553 499 2583 ira
522 2553 614 2593 ponit
637 2554 722 2584 unde
749 2563 786 2584 ex
809 2563 844 2584 ea
868 2553 1016 2584 oriuntur
1037 2553 1130 2584 vitia:
1163 2553 1293 2583 alteram
1325 2563 1361 2583 ex

290 2603 377 2638 parte
401 2597 530 2633 obiecti;
554 2598 684 2628 alteram
699 2608 737 2640 ex
752 2605 840 2638 parte
863 2598 963 2634 modi,
980 2608 1036 2629 seu
1055 2597 1205 2638 impetus.
1229 2597 1271 2628 Et
1286 2607 1360 2638 pro-

290 2648 397 2683 pterea
419 2641 574 2673 Martinus
602 2642 714 2673 erravit
742 2642 913 2683 tripliciter.
944 2642 1066 2679 Primo,
1091 2642 1167 2683 quia
1193 2641 1275 2672 filiae
1298 2642 1362 2673 irae

291 2686 438 2718 oriuntur
453 2696 490 2717 ex
504 2686 647 2737 appetitu
661 2686 833 2718 vindictae:
854 2693 890 2718 ut
905 2686 938 2718 in
954 2686 1098 2728 sequenti
1115 2693 1201 2727 patet
1216 2686 1360 2718 articulo.

290 2731 456 2769 Secundo,
481 2731 556 2771 quia
579 2732 701 2762 Auctor
724 2741 791 2762 non
815 2731 890 2762 dicit
912 2731 1003 2772 quod
1030 2740 1067 2762 ex
1094 2731 1236 2771 appetitu
1259 2731 1362 2762 vindi-

291 2782 359 2807 ctae
388 2775 497 2806 omnia
519 2775 594 2806 vitia
624 2782 815 2816 sequantur:
849 2775 904 2806 sed
935 2775 1176 2807 indeterminate
1208 2775 1361 2816 loquitur.

291 2820 412 2857 Tertio,
433 2819 508 2861 quia
531 2830 598 2850 non
620 2819 718 2851 tacuit
740 2822 863 2851 Auctor
885 2821 975 2861 quod
993 2820 1095 2851 multa
1117 2819 1265 2851 oriuntur
1286 2820 1362 2852 vitia

292 2875 330 2896 ex
351 2864 397 2895 ira
420 2874 457 2895 ex
480 2871 567 2904 parte
590 2864 740 2905 impetus,
765 2871 822 2895 etc.

349 2909 386 2940 11.
410 2909 447 2940 In
470 2909 586 2940 eodem
608 2909 751 2945 articulo,
775 2909 808 2939 in
832 2908 1040 2949 responsione
1064 2908 1104 2939 ad
1127 2908 1279 2950 primum,
1304 2909 1362 2940 du-

291 2954 383 2985 bium
406 2963 444 2986 ex
466 2953 614 2990 Martino,
638 2953 757 2984 ibidem
771 2953 799 2992 *,
825 2953 970 2990 occurrit,
993 2959 1102 2984 contra
1125 2953 1206 2984 hanc
1228 2953 1362 2985 solutio-

293 3007 368 3029 nem
398 2998 536 3029 dicente:
561 3015 582 3022 -
605 2998 693 3029 Haec
717 2997 835 3029 solutio
859 3008 925 3029 non
952 2997 1031 3028 mihi
1054 2997 1165 3038 placet.
1200 2997 1285 3035 Quia
1308 2998 1362 3029 tri-

293 3042 376 3074 stitia
392 3042 431 3073 de
447 3042 561 3073 iniuria
583 3042 679 3079 illata,
703 3043 881 3073 secundum
905 3042 1120 3078 Aristotelem,
1135 3042 1168 3072 in
1184 3042 1211 3072 11
1226 3043 1318 3074 Rhet.
1333 3042 1361 3079 *,

294 3093 341 3119 est
362 3087 432 3127 ipsa
454 3087 508 3118 ira.
533 3087 575 3118 Et
590 3087 673 3124 ideo,
690 3087 763 3119 licet
782 3097 819 3118 ex
841 3087 900 3118 ista
916 3086 1039 3118 tristitia
1063 3086 1182 3118 oriatur
1205 3087 1364 3127 appetitus

294 3131 459 3168 vindictae,
483 3141 550 3162 non
573 3138 681 3162 tamen
705 3142 741 3162 ex
765 3142 801 3162 ea
824 3131 924 3162 oritur
947 3131 1003 3162 ira.

350 3175 402 3205 Ad
424 3175 486 3206 hoc
509 3176 642 3207 breviter
666 3175 780 3207 dicitur
802 3176 892 3217 quod
914 3175 1040 3212 falsum,
1066 3175 1180 3215 primo,
1206 3182 1252 3207 est
1275 3176 1365 3217 quod

296 3218 382 3258 apud
403 3219 607 3252 Aristotelem
630 3220 753 3252 tristitia
777 3220 816 3251 sit
838 3220 898 3251 ira:
925 3230 999 3250 cum
1022 3219 1145 3251 tristitia
1169 3220 1208 3251 sit
1230 3220 1264 3251 in
1287 3230 1363 3251 con-

297 3262 482 3303 cupiscibili,
505 3271 536 3295 et
558 3264 603 3295 ira
625 3265 658 3295 in
681 3265 836 3296 irascibili.
860 3282 882 3288 -
906 3265 1052 3306 Implicat
1071 3265 1184 3295 deinde
1208 3265 1364 3296 contradi-

1413 2241 1477 2271 ira:
1502 2251 1577 2272 cum
1600 2241 1655 2277 ira,
1680 2248 1716 2272 ut
1739 2248 1826 2281 patet
1849 2251 1886 2271 ex
1910 2251 1968 2272 sua
1991 2241 2176 2273 definitione
2201 2243 2272 2273 data
2295 2243 2339 2273 ibi
2360 2244 2398 2274 ab
2418 2244 2488 2274 Ari-

1415 2285 1538 2322 stotele,
1563 2285 1603 2316 sit
1625 2286 1786 2326 appetitus
1809 2285 1978 2317 vindictae.

1471 2330 1524 2361 ΙΙΙ.
1550 2330 1585 2360 In
1610 2330 1818 2370 responsione
1842 2330 1882 2361 ad
1906 2330 2084 2361 secundum
2108 2330 2250 2362 eiusdem
2274 2331 2407 2369 articuli,
2433 2332 2489 2363 du-

1415 2374 1506 2405 bium
1530 2384 1567 2405 ex
1591 2375 1739 2411 Martino‚
1764 2374 1884 2405 ibidem
1898 2374 1926 2411 *,
1951 2375 2096 2412 occurrit,
2122 2375 2260 2406 dicente:
2286 2394 2304 2399 -
2328 2377 2415 2407 Haec
2439 2387 2489 2407 so-

1415 2419 1497 2450 lutio
1521 2429 1587 2449 non
1611 2419 1715 2460 placet
1738 2419 1826 2450 mihi.
1852 2420 1940 2450 Tum
1958 2420 2079 2460 primo,
2097 2420 2173 2461 quia
2198 2420 2305 2451 solum
2329 2421 2423 2452 habet
2442 2422 2490 2452 lo-

1417 2474 1491 2494 cum
1516 2463 1570 2494 ubi
1594 2471 1641 2495 est
1664 2463 1832 2504 originatio
1852 2464 1885 2494 in
1901 2474 2014 2504 genere
2038 2474 2150 2495 causae
2165 2464 2285 2495 finalis:
2310 2466 2399 2506 quod
2424 2476 2490 2496 non

1416 2508 1572 2549 contingit
1587 2509 1627 2539 de
1643 2508 1691 2539 his
1708 2518 1790 2549 quae
1807 2509 1899 2549 ponit
1915 2509 2060 2539 Thomas
2075 2519 2112 2540 ex
2128 2509 2173 2539 ira
2188 2510 2341 2550 generari.
2355 2528 2376 2534 -
2400 2511 2488 2540 Tum

1415 2554 1567 2591 secundo,
1592 2554 1667 2594 quia
1691 2553 1798 2584 oditor
1813 2560 1938 2584 tantum
1963 2554 2083 2594 appetit
2098 2553 2194 2584 finem
2212 2564 2308 2584 suum
2332 2562 2490 2595 quantum

1416 2599 1530 2630 iratus:
1555 2598 1628 2629 licet
1651 2608 1718 2628 non
1741 2597 1855 2628 habeat
1878 2608 1915 2628 ex
1933 2608 1965 2628 se
1989 2599 2079 2639 quod
2096 2598 2135 2629 sit
2150 2605 2276 2629 tantum
2298 2599 2487 2640 appetibilis.

1472 2643 1523 2673 Ad
1537 2642 1600 2673 hoc
1613 2642 1727 2673 dicitur
1738 2643 1838 2683 quod,
1852 2642 1927 2683 quia
1944 2642 2112 2683 originatio
2129 2643 2215 2673 unde
2231 2643 2399 2683 praecipue
2413 2643 2490 2674 vitia

1417 2687 1567 2718 dicuntur
1583 2686 1736 2727 capitalia,
1755 2693 1801 2717 est
1823 2687 1856 2717 in
1879 2696 1993 2726 genere
2017 2697 2128 2717 causae
2145 2686 2265 2723 finalis;
2289 2687 2363 2718 ideo
2380 2698 2416 2718 ex
2435 2688 2489 2718 illa

1416 2732 1574 2769 rationem
1597 2732 1726 2762 reddere
1745 2741 1841 2772 quare
1861 2741 1927 2761 non
1951 2731 2074 2768 odium,
2092 2731 2146 2761 sed
2161 2731 2207 2762 ira
2230 2731 2360 2771 ponitur
2375 2732 2489 2763 vitium

1418 2776 1559 2817 capitale,
1584 2786 1651 2807 non
1675 2782 1722 2806 est
1744 2776 1783 2807 ad
1803 2775 2002 2816 particularia
2026 2775 2206 2816 confugere,
2232 2777 2287 2806 sed
2310 2777 2350 2807 ad
2373 2777 2490 2817 praeci-

1417 2831 1516 2862 puam
1540 2821 1679 2851 radicem
1694 2826 1725 2851 et
1739 2820 1895 2851 rationem
1910 2820 2079 2851 attendere.
2106 2820 2238 2851 Falsum
2254 2827 2301 2851 est
2319 2828 2436 2857 autem,
2454 2829 2490 2852 ut

1417 2865 1623 2906 subsequenti
1639 2871 1725 2905 patet
1740 2864 1907 2896 articulo*
1909 2866 2031 2905 ,quod
2051 2875 2087 2896 ea
2105 2875 2187 2906 quae
2206 2867 2328 2896 Auctor
2345 2866 2436 2906 ponit
2452 2876 2489 2896 ex

1416 2911 1462 2941 ira
1486 2909 1571 2947 oriri,
1596 2919 1662 2940 non
1687 2909 1829 2940 oriantur
1844 2920 1881 2940 ex
1904 2909 1973 2950 ipsa
1996 2909 2029 2940 in
2052 2919 2166 2950 genere
2188 2919 2299 2940 causae
2318 2909 2431 2941 finalis.

1473 2955 1525 2985 Ad
1555 2954 1733 2985 secundum
1766 2954 1880 2985 dicitur
1909 2954 1998 2995 quod
2027 2964 2094 2984 non
2125 2961 2172 2985 est
2203 2955 2243 2984 ad
2273 2954 2486 2995 propositum.

1418 2999 1503 3037 Quia
1526 3009 1593 3029 non
1616 2999 1656 3029 ad
1679 2998 1953 3039 proportionalem
1977 2998 2229 3036 similitudinem,
2254 2999 2309 3029 sed
2332 2999 2487 3035 absolute,

1417 3043 1653 3084 inspiciendum
1683 3050 1729 3074 est
1756 3043 1835 3084 quid
1864 3050 1910 3075 est
1933 3043 2034 3084 magis
2062 3043 2246 3084 appetibile,
2271 3049 2307 3074 ut
2334 3050 2489 3074 statuatur

1416 3088 1531 3119 vitium
1548 3088 1690 3128 capitale.
1711 3087 1877 3129 Alioquin,
1894 3088 2021 3118 nullum
2037 3088 2095 3119 erit
2110 3088 2242 3128 capitale
2258 3087 2387 3118 vitium:
2413 3088 2488 3129 quia

1418 3132 1585 3173 quodlibet
1620 3139 1747 3163 tantum
1778 3132 2060 3173 proportionaliter
2092 3132 2212 3173 appetit
2246 3142 2342 3163 suurn
2372 3131 2487 3169 finem,

1417 3183 1574 3217 quantum
1605 3177 1692 3207 aliud
1721 3177 1841 3217 appetit
1871 3187 1978 3207 suum.
2013 3176 2156 3218 Capitale
2188 3176 2273 3207 enim
2297 3176 2411 3207 vitium
2442 3184 2488 3207 est

1419 3221 1510 3252 cuius
1534 3221 1696 3251 obiectum
1714 3228 1760 3252 est
1775 3221 1920 3252 absolute
1937 3221 2017 3252 adeo
2036 3221 2206 3262 appetibile
2222 3228 2258 3251 ut
2274 3231 2311 3251 ex
2331 3231 2369 3252 eo
2386 3221 2488 3253 multa

1419 3272 1561 3296 oriantur
1583 3272 1669 3302 vlt1a‚
1694 3272 1753 3296 etc.

1258 3401 1525 3409 mm

444 3615 553 3640 Sumam
572 3615 673 3640 Tutor..
688 3615 719 3640 D.
739 3615 854 3641 Tamna
873 3616 905 3643 T.
920 3618 974 3644 vn.

2310 3617 2343 3643 36

2505 794 2514 804 ⁸
2528 794 2579 815 Art.
2593 800 2616 820 4.

2508 1216 2575 1243 ’.Ωιι
2586 1220 2666 1241 σινιιι,
2677 1218 2718 1236 art.

2507 1248 2532 1269 73
2557 1247 2596 1268 qu
2624 1247 2719 1268 exunt,

2507 1272 2720 1307 art.5;qu.m.1n‚

2507 1299 2548 1316 art.
2569 1301 2597 1322 43
2619 1295 2642 1316 1¹²
2665 1295 2712 1316 11²⁶

2508 1311 2720 1349 qu.1.xxx1v,an1

2517 2385 2577 2406 ’Ad.
2588 2385 2671 2406 obiect.
2683 2385 2728 2406 2am

2517 2415 2578 2434 cont.
2594 2412 2696 2433 conclus.
2707 2412 2729 2434 8.

2516 2877 2726 2899 ‘Commennnum

2515 2910 2554 2925 vn.
