2768 4198
55 374 65 383 ⁴
75 373 146 394 Num.
157 378 174 398 ι,
189 372 215 394 In
229 377 270 399 op-

52 400 162 427 positum.

57 679 66 688 ·
81 678 150 699 Num.
166 683 182 703 ι,
197 677 246 698 init.

58 722 67 731 ⁸
81 720 150 742 Num.
171 726 197 742 ιιι
216 726 266 747 sqq.

58 810 67 818 ⁸
81 808 148 829 Numv
165 813 191 828 ir.

57 1779 66 1787 ⁸
80 1777 115 1799 Cf.
131 1782 178 1799 not.
194 1776 215 1804 β.

55 2182 64 2191 ·
77 2181 147 2203 Num.
162 2188 192 2203 vi.

302 286 376 322 228

352 363 404 393 Ad
418 363 631 393 obiectionem
647 371 777 402 quoque
789 360 822 390 in
839 359 1026 399 oppositum
1038 358 1064 393 *,
1078 357 1153 398 quia
1170 366 1236 386 non
1250 364 1364 395 usque·
1387 356 1390 399 ξ

297 417 424 448 quaque
453 407 570 437 claudit
593 414 722 442 venam,
746 405 811 434 iam
835 410 919 443 patet
947 402 1025 442 quid
1050 401 1229 431 dicendum.
1264 399 1363 436 Quod
1388 401 1390 419 ¹

297 452 424 488 scilicet,
448 451 611 492 loquendo
637 451 674 480 de
699 448 824 483 osculis,
843 455 912 482 etc„
929 446 1082 481 absolute,
1100 445 1143 475 sic
1168 454 1204 475 ex
1227 443 1295 474 sola
1316 443 1362 473 in—

296 496 437 526 tentione
461 494 620 535 operantis
644 500 718 524 sunt
741 492 834 522 mala.
860 490 1039 530 Loquendo
1063 496 1171 519 autem
1191 489 1230 518 de
1246 487 1363 518 osculis
1388 493 1389 518 1

296 550 389 571 causa
413 539 637 574 delectationis,
663 538 706 567 sic
728 547 764 566 ex
779 534 841 564 fine
858 534 972 574 operis,
989 533 1105 564 scilicet
1121 543 1158 563 ex
1175 532 1363 563 concubitus
1387 535 1389 572 ᾗ

295 584 393 615 illiciti
417 583 634 618 delectatione,
651 590 747 621 quam
765 579 941 614 includunt,
960 585 1034 608 sunt
1050 577 1204 608 mortalia.
1229 577 1270 606 Et
1289 586 1362 616 pro·

296 636 399 668 pterea
423 637 505 668 opus
529 626 589 656 fuit
612 626 718 655 labore
741 622 944 664 quaestionis.
1387 627 1389 657 ς

351 672 432 702 VIII.
455 672 506 702 Ad
530 670 706 700 secundum
729 674 837 698 autem
861 666 995 696 dubium
1012 666 1029 684 *
1051 665 1115 695 iam
1139 671 1225 705 patet
1254 674 1291 694 ex
1315 663 1362 694 di·
1387 668 1388 672 ’

295 717 351 747 ctis
366 716 383 735 *
406 715 589 755 responsio:
614 713 702 753 quod
726 710 843 741 scilicet
866 711 992 746 oscula,
1017 710 1182 749 amplexus
1207 715 1237 739 et
1260 715 1361 738 tactus

294 771 367 791 cum
392 770 457 789 non
481 768 550 794 sua,
575 758 607 787 in
632 757 699 786 sola
722 755 929 785 delectatione
953 754 1110 789 sistendo,
1136 758 1211 783 sunt
1234 759 1362 792 peccata
1386 753 1388 793 ξ

294 804 446 834 mortalia.
471 803 511 832 Et
527 802 566 831 ad
576 802 718 841 primam
736 798 862 829 Martini
879 798 1091 829 obiectionem
1103 798 1119 816 *
1144 797 1256 827 dicitur
1272 797 1361 838 quod
1387 795 1388 837 l

294 848 456 878 delectatio
481 847 539 876 ista
562 844 719 885 prohibita
743 843 839 873 simul
855 842 1040 883 intelligitur
1056 852 1130 872 curn
1146 841 1361 882 prohibitione
1386 846 1388 882 g

294 891 506 922 delectationis
523 889 621 920 illiciti
638 889 754 919 coitus:
779 887 935 928 quoniam
951 887 1094 917 eiusdem
1110 886 1209 916 moris
1226 892 1272 916 est
1287 895 1361 916 cum
1386 883 1388 931 ξ

292 937 356 974 illa,
374 942 483 975 utpote
501 934 583 964 illius
599 933 776 964 secundum
790 939 934 962 naturam
949 931 1210 967 circumstantiae,
1223 930 1360 966 initium,
1386 935 1388 958 ἰ

315 991 373 1010 ars.
1386 999 1388 1002 .

293 992 312 1020 p
346 1025 396 1054 Ad
419 1022 593 1054 secundum
618 1021 731 1052 dicitur
754 1021 844 1062 quod
868 1020 1039 1051 auctoritas
1055 1019 1204 1050 Auctoris
1219 1019 1253 1049 in
1270 1018 1361 1049 nullo
1386 1003 1388 1049 i

292 1070 410 1099 obstat:
434 1068 509 1108 quia
532 1066 674 1107 loquitur
695 1066 733 1096 de
757 1064 885 1101 osculis,
907 1072 976 1100 etc„
993 1064 1148 1094 absolute.
1164 1080 1186 1087 —
1202 1064 1242 1094 Et
1266 1063 1362 1094 etiam
1386 1071 1388 1109 ᾗ

291 1113 366 1154 quia
390 1112 483 1143 etiam
506 1111 574 1147 ista,
595 1118 631 1141 ut
647 1117 721 1140 sunt
744 1116 871 1150 peccata
887 1108 1043 1145 mortalia,
1061 1119 1127 1139 non
1144 1115 1218 1138 sunt
1234 1107 1362 1138 alterius
1386 1112 1388 1160 i

292 1157 405 1197 speciei
429 1166 527 1197 quam
558 1155 612 1185 illa
639 1155 700 1185 alia
723 1160 924 1190 enumerata,
949 1153 1066 1184 scilicet
1093 1152 1277 1189 fornicatio,
1302 1152 1361 1182 im—
1386 1162 1388 1191 ’ἢ

291 1201 448 1232 munditia
464 1209 494 1231 et
510 1199 634 1230 similia.
659 1200 700 1230 Et
718 1205 894 1239 propterea,
911 1197 1069 1238 replicatis
1083 1197 1160 1234 istis,
1177 1197 1363 1237 intelligitur
1386 1194 1388 1230 ἶ

292 1246 440 1287 replicata
463 1244 638 1284 turpitudo,
663 1244 855 1284 inquantum
879 1249 925 1272 est
948 1237 1100 1272 mortalis.

347 1291 398 1320 Ad
419 1290 547 1320 tertium
565 1288 678 1319 dicitur
694 1288 783 1328 quod
799 1286 969 1317 auctoritas
985 1286 1117 1317 Domini
1132 1285 1260 1316 adiuvat
1279 1295 1361 1326 quo·
1387 1281 1389 1322 l

291 1335 331 1365 ad
354 1335 426 1364 hoc.
452 1333 536 1371 Quia
551 1333 623 1373 plus
639 1340 686 1363 est
705 1342 779 1363 cum
795 1341 952 1362 consensu
973 1330 1104 1371 experiri
1121 1330 1362 1361 delectationem

292 1388 458 1409 veneream
480 1377 658 1408 inchoative
683 1387 756 1407 cum
781 1386 846 1406 non
869 1385 926 1406 sua
944 1383 999 1406 aut
1015 1375 1126 1412 aliena,
1143 1384 1242 1416 quam
1257 1374 1362 1405 videre

292 1424 381 1454 illam
405 1423 444 1453 ad
466 1421 775 1462 concupiscendum:
801 1427 923 1461 quanto
939 1427 1041 1451 tactus
1061 1420 1134 1460 plus
1149 1420 1188 1450 ad
1202 1419 1361 1450 luxuriam
1387 1428 1389 1461 J

293 1474 411 1508 spectat
435 1476 532 1507 quam
555 1466 652 1497 visus.
675 1483 696 1488 -
721 1465 873 1506 Cypriani
902 1474 1034 1505 quoque
1062 1464 1233 1495 auctoritas
1256 1471 1362 1503 aperte
1387 1472 1389 1505 lg

293 1511 459 1552 proposito
483 1511 585 1541 favere
608 1511 747 1540 videtur:
772 1510 848 1550 quia
872 1509 910 1539 de
934 1509 1082 1549 amplexu
1106 1509 1174 1539 sine
1196 1509 1362 1539 voluntate
1387 1506 1389 1547 ζ

293 1557 397 1597 operis
420 1555 572 1596 loquitur.
606 1555 647 1585 Et
674 1555 778 1593 glossa
809 1554 915 1583 dicens
938 1554 1028 1594 quod
1051 1552 1220 1584 confitetur
1243 1553 1362 1583 crimen
1387 1554 1389 1591 ἒ

294 1611 359 1631 non
383 1600 526 1635 existens,
552 1599 605 1629 sed
629 1605 885 1639 praesumptum,
910 1598 1087 1628 voluntaria
1112 1605 1171 1628 est:
1197 1605 1228 1628 et
1251 1598 1362 1628 eadem
1387 1604 1388 1636 ᾖ

294 1645 440 1675 facilitate
465 1643 678 1674 contemnitur
701 1653 765 1684 qua
788 1642 911 1673 dicitur.
1387 1641 1388 1645 ’

348 1690 400 1719 Ad
422 1694 572 1730 quartum
597 1687 711 1718 dicitur
733 1687 823 1727 quod
847 1686 1073 1727 consequentia
1095 1686 1215 1716 litterae
1231 1686 1362 1716 nonin·
1387 1695 1388 1717 ἐ

294 1742 379 1773 tegre
401 1733 555 1763 recitatur.
590 1732 754 1769 Quoniam
781 1731 813 1761 in
837 1730 938 1761 littera
965 1730 1090 1760 additur
1113 1730 1146 1771 ly
1167 1730 1360 1761 huiusmodi.

296 1778 385 1808 Unde
401 1777 526 1808 dicitur:
546 1777 589 1806 Et
605 1776 686 1813 ideo,
701 1786 772 1806 cum
785 1775 894 1806 oscula
911 1780 942 1805 et
956 1775 1127 1814 amplexus
1140 1774 1323 1805 huiusmodi
1333 1774 1359 1810 *,
1386 1803 1388 1815 <

293 1822 373 1852 idest
396 1822 475 1852 inter
499 1830 649 1861 personas
664 1819 852 1859 illegitimas,
877 1819 957 1849 inter
972 1828 1051 1859 quas
1075 1825 1149 1848 sunt
1173 1819 1291 1858 species
1314 1818 1361 1848 lu·
1386 1819 1387 1862 l

292 1866 412 1901 ituriae,
426 1866 517 1906 fiant
534 1869 669 1905 propter
691 1864 933 1894 delectationem
957 1862 1157 1900 huiusmodi,
1183 1862 1300 1893 scilicet
1323 1862 1360 1892 il-
1386 1865 1387 1909 l

293 1910 367 1940 liciti
392 1910 504 1940 coitus.
529 1909 615 1939 Haec
639 1915 746 1938 autem
769 1907 996 1947 consequentia
1020 1907 1141 1947 optime
1165 1907 1258 1937 valet.
1385 1944 1387 1950 A

347 1955 397 1984 Ad
430 1955 593 1994 quintam,
626 1962 724 1993 quam
757 1962 816 1992 ego
847 1951 972 1987 addidi,
1005 1951 1119 1981 dicitur
1148 1952 1256 1992 quod,
1288 1951 1387 2000 licet}

292 1999 409 2034 oscula,
426 2005 495 2034 etc„
513 1997 574 2027 sint
589 1997 804 2027 antecedentia
819 2003 925 2026 actum
949 1995 1166 2026 fornicationis
1181 2002 1211 2026 et
1227 1996 1359 2027 delecta·
1385 2001 1387 2043 j

291 2043 386 2074 tionis
410 2042 477 2073 eius
500 2041 678 2072 secundum
699 2051 791 2071 suam
807 2040 1130 2076 consummationem,
1155 2047 1229 2071 sunt
1252 2047 1358 2072 tamen
1385 2045 1387 2079 Ι

292 2087 517 2128 consequentia
545 2095 737 2117 consensum
764 2085 797 2115 in
821 2085 1065 2116 delectationem
1087 2085 1289 2116 inchoatam:
1317 2086 1360 2117 ita
1385 2081 1387 2099 ³

291 2133 379 2173 quod
403 2141 468 2161 non
493 2138 627 2171 possunt
650 2130 764 2160 habere
787 2129 935 2170 proprios
959 2139 1133 2159 consensus
1155 2129 1318 2160 distinctos
1342 2141 1359 2160 a

292 2176 498 2207 consensibus
519 2175 552 2205 in
569 2174 812 2205 delectationem
827 2174 877 2204 vel
893 2183 986 2214 opus,
1003 2174 1069 2209 sed,
1085 2180 1121 2204 ut
1137 2173 1258 2204 dictum
1273 2182 1321 2205 est
1331 2174 1358 2211 ⁴³,
1385 2177 1388 2211 ξ

292 2229 465 2251 consensus
487 2220 520 2249 in
543 2219 689 2259 ipsorum
711 2219 919 2259 amplexuum
942 2218 1184 2248 delectationem
1212 2225 1259 2249 est
1283 2229 1359 2250 con·
1385 2221 1388 2270 j

293 2275 402 2295 sensus
425 2264 458 2294 in
482 2263 724 2294 delectationem
748 2262 847 2293 illiciti
871 2262 982 2293 coitus.
1386 2275 1388 2280 =

350 2309 401 2339 IX.
427 2309 462 2338 In
478 2307 684 2348 responsione
701 2307 741 2337 ad
757 2307 934 2337 secundum
950 2306 1092 2337 eiusdem
1109 2306 1230 2337 articuli
1246 2307 1360 2348 quarti,
1387 2343 1388 2346 Ἰ

294 2354 418 2384 adverte
441 2352 547 2393 quod,
571 2351 651 2382 sicut
674 2351 839 2382 delectatio
863 2361 992 2381 morosa
1016 2358 1063 2381 est
1086 2358 1251 2390 peccatum
1274 2361 1360 2382 mor·
1387 2347 1389 2386 ³,

294 2398 354 2428 tale
385 2406 451 2427 non
473 2396 548 2437 quia
571 2395 605 2426 fit
629 2403 737 2427 contra
757 2396 881 2426 bonurn
903 2395 1115 2435 generationis
1141 2396 1299 2426 humanae
1314 2396 1360 2426 di-
1387 2397 1389 2441 ξ

294 2450 385 2477 recte,
410 2442 464 2471 sed
489 2441 563 2481 quia
587 2440 730 2480 procedit
752 2450 789 2470 ex
812 2440 927 2470 eodem
951 2439 1073 2470 motivo
1093 2439 1229 2476 obiecto,
1246 2440 1362 2471 scilicet
1388 2474 1389 2477 Ἰ

295 2497 331 2517 ex
354 2495 420 2526 quo
442 2485 585 2525 procedit
601 2484 788 2515 concubitus
805 2491 914 2515 contra
929 2485 1052 2514 bonum
1069 2484 1258 2521 humanum,
1283 2492 1362 2525 puta
1388 2479 1389 2517 l

294 2530 470 2565 fornicatio,
496 2529 696 2564 adustedum,
715 2536 772 2560 etc.
797 2528 977 2571 (delectatio
1002 2538 1141 2570 namque
1165 2529 1203 2559 de
1228 2529 1361 2560 fornica·
1387 2527 1390 2592 ἶ

294 2575 380 2606 tione
404 2574 546 2615 sequitur
568 2580 712 2604 naturam
737 2573 965 2608 fornicationis,
986 2580 1016 2603 et
1035 2573 1200 2604 delectatio
1216 2574 1361 2605 adulterii

293 2619 435 2659 sequitur
458 2625 602 2649 naturam
627 2618 780 2654 adulterii,
797 2625 867 2654 etc„
891 2627 970 2658 quas
993 2617 1134 2648 luxuriae
1151 2618 1270 2658 species
1287 2629 1362 2649 con·

294 2671 352 2694 stat
380 2673 417 2693 ex
455 2662 584 2693 obiectis
612 2661 812 2705 specificari);
843 2670 874 2693 et
897 2669 1063 2702 propterea
1093 2663 1257 2694 delectatio
1289 2673 1360 2694 mo·
1387 2665 1389 2700 ἶ

294 2718 364 2738 rosa
388 2707 547 2737 reductive
571 2713 690 2747 spectat
714 2707 754 2737 ad
777 2706 896 2747 species
920 2707 1071 2740 luxuriae,
1088 2716 1171 2747 quae
1195 2715 1268 2738 sunt
1285 2718 1361 2739 con-

293 2760 340 2783 tra
367 2753 490 2782 bonum
518 2752 712 2782 humanum:
738 2751 780 2781 ita
804 2751 969 2781 delectatio
993 2751 1025 2781 in
1050 2752 1184 2787 osculis,
1210 2753 1359 2793 amplexi-

293 2798 456 2832 bus‚etc.‚
482 2796 539 2826 etsi
569 2806 635 2826 non
658 2795 693 2826 fit
723 2795 837 2826 directe
868 2802 977 2826 contra
1008 2797 1130 2826 bonum
1161 2797 1359 2834 humanum,

293 2841 368 2882 quia
398 2848 505 2871 tamen
529 2840 687 2870 reductive
720 2847 839 2880 spectat
863 2840 902 2870 ad
927 2840 1024 2871 dictas
1055 2840 1196 2872 luxuriae
1221 2842 1359 2882 species,
1386 2843 1388 2846 ⁴

293 2895 374 2926 quae
405 2891 478 2915 sunt
509 2892 617 2915 contra
648 2886 772 2915 bonum
805 2885 995 2921 humanum,
1019 2885 1091 2916 ideo
1115 2893 1162 2916 est
1192 2894 1359 2926 peccatum
1386 2895 1388 2932 ἱ

293 2930 436 2964 mortale.
461 2929 542 2959 sicut
565 2929 684 2969 species
708 2930 745 2959 ad
762 2939 860 2970 quam
884 2936 1012 2970 spectat.
1037 2930 1077 2960 Et
1100 2930 1176 2970 quia
1199 2930 1298 2961 libido
1314 2938 1360 2962 est
1386 2936 1387 2960 l

293 2973 443 3004 naturalis
459 2973 545 3003 radix
569 2973 745 3013 specierum
768 2974 911 3004 luxuriae
928 2972 1015 3016 (ante
1039 2984 1170 3004 omnem
1186 2975 1271 3005 enirn
1291 2985 1359 3015 spe·
1386 2965 1387 3005 l

293 3019 373 3049 ciem
385 3017 535 3053 luxuriae,
552 3018 712 3048 ducuntur
727 3018 872 3048 homines
890 3018 1054 3059 utriusque
1069 3029 1160 3050 sexus
1181 3020 1359 3050 communi—

293 3070 338 3093 ter
362 3069 391 3092 et
414 3069 450 3092 ut
473 3062 505 3092 in
521 3062 665 3102 pluribus
690 3072 726 3093 ex
745 3062 904 3105 libidine);
929 3070 1013 3093 etex
1036 3063 1165 3094 libidine
1181 3065 1360 3104 procedunt
1386 3075 1387 3080 ¹

293 3107 411 3142 oscula,
436 3107 618 3146 amplexus,
644 3114 718 3143 etc.,
744 3115 874 3148 propter
897 3107 1154 3144 delectationem,
1180 3116 1253 3140 etc.:
1285 3109 1358 3140 ideo

294 3154 412 3182 Auctor
428 3161 464 3182 ex
479 3151 609 3181 libidine
626 3151 782 3182 radicante
794 3152 914 3192 species
929 3152 1071 3183 luxuriae
1087 3153 1188 3184 reddit
1202 3153 1358 3184 rationem
1385 3157 1387 3163 ⁴

294 3205 389 3236 quare
418 3195 601 3226 huiusmodi
626 3196 791 3227 delectatio
816 3203 862 3227 est
884 3203 1050 3236 peccatum
1075 3198 1219 3228 mortale.
1251 3198 1292 3229 Et
1320 3198 1358 3228 si·
1385 3215 1387 3248 s

295 3239 367 3269 mile
391 3247 436 3270 est
456 3250 490 3270 ac
514 3240 536 3270 si
568 3240 607 3270 de
623 3240 831 3271 delectatione
855 3250 984 3272 morosa
1001 3241 1166 3272 libidinem
1188 3251 1247 3283 pro
1265 3252 1358 3273 causa
1385 3251 1386 3279 ι

296 3284 436 3314 mortalis
456 3284 573 3324 peccati
590 3285 662 3325 quis
677 3285 857 3325 assignaret.
883 3286 1116 3326 Interpretanda
1141 3294 1216 3317 sunt
1237 3287 1359 3328 quippe
1385 3316 1386 3320 ,

296 3328 388 3357 verba
404 3328 586 3359 huiusmodi
602 3330 642 3359 de
666 3329 794 3360 libidine
826 3337 860 3361 ut
881 3330 1040 3361 radicante
1061 3331 1180 3371 species
1204 3332 1358 3363 luxuriae.

296 3371 382 3401 Talis
404 3382 540 3412 namque
561 3373 658 3404 libido
676 3381 721 3404 est
745 3374 905 3405 mortalis:
931 3383 961 3406 et
977 3385 1013 3406 ex
1029 3376 1082 3406 tali
1098 3376 1277 3416 procedunt
1293 3383 1358 3407 tam
1384 3386 1386 3412 ς

297 3415 517 3446 delectationes
547 3426 693 3447 morosae
717 3427 816 3459 quam
844 3420 1030 3450 osculorum
1055 3427 1085 3451 et
1107 3427 1252 3451 tactuum
1275 3430 1358 3462 quae
1384 3413 1386 3459 Ι

298 3458 444 3490 dicuntur
468 3467 592 3499 peccata
616 3462 767 3493 mortalia.
1384 3475 1386 3502 i

351 3504 390 3533 X.
415 3503 460 3533 Ex
482 3504 598 3544 quibus
623 3512 706 3544 patet
735 3507 823 3546 quod
848 3516 911 3537 non
935 3509 1042 3538 solum
1070 3509 1180 3539 oscula
1206 3509 1358 3549 coniuge·
1384 3505 1386 3554 ξ

298 3554 404 3578 torum
434 3555 563 3587 propter
593 3549 849 3587 delectationem,
874 3553 928 3582 sed
955 3552 1052 3582 etiam
1082 3561 1273 3593 sponsarum
1304 3561 1359 3594 per
1384 3558 1386 3594 fi

296 3592 390 3621 verba
414 3591 452 3622 de
474 3592 639 3631 praesenti,
664 3602 850 3625 excusantur
866 3604 882 3625 a
899 3597 1024 3627 mortali
1041 3605 1185 3636 peccato:
1210 3606 1249 3628 eo
1269 3597 1359 3639 quod
1384 3599 1386 3627 ἰ

298 3636 472 3666 secundum
497 3646 529 3666 se
553 3636 736 3667 ordinantur
760 3639 797 3667 ad
823 3640 1027 3670 concubitum
1047 3641 1245 3681 coniugalem
1270 3649 1301 3673 et
1321 3642 1358 3672 il·
1384 3635 1386 3641 ¹

971 279 1238 327 QUAESTIO
1269 278 1407 324 CLIV,

1435 279 1735 316 ARTICULUS
1765 279 1816 315 IV

1417 355 1479 386 lius
1503 357 1755 393 delectationem,
1779 357 1926 398 quamvis
1949 366 2005 397 per
2021 356 2166 387 accidens
2182 363 2259 389 tunc
2275 365 2341 386 non
2358 355 2490 385 circum-

1416 406 1499 431 stent
1522 401 1724 441 coniugaletn
1748 402 1967 437 concubitum,
1988 408 2066 441 puta
2080 401 2157 441 quia
2173 401 2289 432 nolunt
2313 399 2394 430 ultra
2417 409 2490 440 pro-

1388 447 1390 480 }
1416 444 1512 483 gredi.
1538 445 1604 475 Nec
1620 445 1724 476 obstat
1748 445 1874 486 sponsis
1895 446 1935 476 de
1951 445 2108 486 praesenti
2131 445 2220 486 quod
2237 450 2426 475 consuetum
2443 450 2490 474 est

1417 488 1532 518 alicubi
1561 496 1723 528 expectare
1753 489 2005 521 benedictionem
2037 496 2111 520 ante
2141 489 2349 520 concubitum
2380 487 2489 518 coniu-

1415 532 1534 572 galem:
1567 533 1723 573 quoniam
1751 534 1813 564 hoc
1846 543 1902 574 per
1931 534 2076 564 accidens
2105 542 2138 564 se
2161 534 2257 564 habet
2279 533 2319 563 ad
2343 539 2489 562 naturam

1416 583 1547 606 actuum
1570 586 1603 606 in
1628 587 1671 607 se.

1471 620 1534 651 Sed
1558 621 1683 660 sponsis
1707 621 1746 651 de
1769 620 1879 651 futuro
1899 622 2004 652 obstat
2026 623 2116 662 quod
2139 621 2244 652 adhuc
2268 615 2405 661 possu'nt
2427 620 2489 650 dis-

1415 663 1505 695 solvi.
1538 664 1671 695 Videtur
1700 671 1808 695 autem
1836 666 1946 705 quod,
1971 666 2052 696 sicut
2079 666 2304 706 sponsalitium
2327 664 2488 695 inchoatio

1386 712 1389 741 ἑ
1415 709 1574 749 quaedam
1597 715 1644 739 est
1668 708 1820 748 coniugii,
1843 708 1888 739 ita
1906 709 2093 740 huiusmodi
2110 717 2198 741 actus
2213 709 2375 740 inchoatio
2393 719 2488 749 quae-

1415 753 1489 782 dam
1514 760 1559 783 est
1584 753 1715 783 carnalis
1739 753 1885 793 copulae.
1917 753 1958 784 Et
1988 754 2267 794 quemadmodum
2300 763 2488 784 concessum

1415 804 1462 828 est
1486 805 1521 828 ut
1543 797 1624 828 inter
1648 797 1811 837 sponsalia
1834 797 1994 838 suspirent
2009 807 2042 828 se
2057 798 2204 835 invicem,
2223 798 2310 829 iuxta
2325 797 2404 828 illud
2421 801 2489 828 Au-

1414 840 1533 881 gustini
1545 841 1573 877 *,
1597 842 1648 872 Ne
1664 841 1757 872 vilem
1773 840 1889 872 habeat
1911 843 2052 873 maritus
2073 842 2226 880 oblatam,
2241 852 2338 883 quam
2355 851 2419 872 non
2435 851 2488 873 su—

1414 887 1551 926 spiravit
1572 894 1710 926 spensus
1732 885 1892 922 dilatam;
1914 886 1957 916 ita
1976 894 2127 916 concessa
2141 886 2288 917 videntur
2302 886 2490 917 huiusmodi

1415 930 1525 960 oscula
1539 930 1620 960 inter
1636 930 1784 966 eosdem;
1808 930 1984 961 secundum
2002 931 2240 971 indulgentiam
2251 931 2269 951 '¹‘
2287 938 2405 966 tamen,
2425 940 2489 971 qua

1386 977 1388 985 ¹
1414 974 1548 1005 venialia
1576 974 1805 1005 conceduntur.
1838 974 1879 1005 Et
1907 974 1966 1005 nisi
1996 981 2031 1005 ut
2059 974 2246 1005 huiusmodi
2269 974 2489 1005 inchoationes

1413 1019 1585 1059 permissae
1607 1018 1770 1049 venialiter
1797 1018 1830 1048 in
1854 1018 1965 1049 ordine
1988 1019 2029 1048 ad
2047 1019 2221 1059 promissas
2245 1019 2372 1058 nuptias
2395 1029 2489 1050 excu-

1413 1070 1532 1100 sentur,
1553 1063 1660 1094 nescio
1685 1072 1832 1093 excusare
1856 1072 2052 1103 sponsorum
2076 1064 2115 1093 de
2139 1062 2259 1099 futuro,
2283 1071 2414 1103 propter
2437 1064 2490 1094 de-

1413 1108 1629 1146 lectationem,
1644 1114 1714 1144 etc„
1732 1107 1851 1144 oscula,
1870 1108 2045 1148 amplexus,
2063 1114 2122 1138 etc.
2141 1124 2160 1131 -·
2180 1108 2229 1138 De
2247 1107 2366 1138 osculis
2381 1114 2490 1138 autem

1415 1159 1445 1183 et
1468 1152 1666 1192 amplexibus
1696 1152 1777 1182 inter
1801 1162 1855 1182 eos
1885 1153 1924 1182 ad
1948 1152 2188 1182 benevolentiae
2217 1158 2248 1182 et
2271 1151 2490 1183 familiaritatis

1414 1198 1513 1237 signa,
1538 1207 1604 1227 non
1627 1197 1761 1238 loquor:
1785 1196 1861 1237 quia
1884 1196 1969 1227 licita
1993 1196 2107 1237 procul
2130 1195 2231 1227 dubio
2245 1203 2337 1232 sunt;
2362 1205 2490 1227 excusa-

1387 1237 1388 1272 }
1414 1249 1530 1282 turque
1558 1251 1677 1281 sponsa
1709 1241 1838 1271 credens
1870 1250 2028 1281 sponsum
2060 1241 2300 1273 benevolentiae
2329 1250 2424 1271 causa
2453 1251 2490 1271 ea

1414 1286 1516 1317 facere
1532 1295 1614 1327 quae
1630 1285 1780 1316 honestas
1797 1295 1926 1316 morum
1942 1285 2080 1316 admittit
2098 1284 2166 1316 fieri
2183 1294 2242 1325 pro
2258 1285 2490 1316 benevolentia.

1387 1329 1389 1348 l
1415 1331 1512 1362 Secus
1536 1337 1644 1361 autem
1667 1331 1706 1360 de
1730 1329 1864 1360 tactibus
1889 1330 2070 1370 impudicis,
2095 1339 2179 1370 quos
2203 1339 2269 1360 non
2289 1336 2416 1370 oportet
2440 1339 2490 1360 ex-

1438 1384 1561 1406 rimere.

1415 1386 1436 1416 p
1471 1419 1577 1450 Habes
1600 1428 1732 1459 quoque
1756 1428 1794 1448 ex
1817 1418 1865 1448 his
1889 1418 1977 1458 quod
2001 1425 2104 1449 tactus
2128 1418 2184 1459 qui
2207 1418 2240 1448 in
2265 1417 2388 1449 choreis
2410 1418 2488 1449 levi-

1414 1464 1485 1495 tatis
1510 1474 1603 1495 causa
1627 1462 1718 1499 fiunt,
1744 1470 1779 1493 ut
1804 1472 1878 1493 cum
1901 1462 2024 1492 iuvenis
2041 1462 2157 1502 digitos
2173 1462 2316 1493 mulieris
2332 1472 2399 1493 non
2413 1472 2490 1494 suae

1413 1509 1593 1549 intorquet:
1627 1507 1832 1544 huiusmodi,
1858 1517 1932 1538 cum
1961 1517 2027 1537 non
2050 1506 2268 1538 delectationis
2291 1507 2376 1537 illius
2406 1516 2491 1548 quae

1415 1563 1452 1584 ex
1481 1560 1566 1584 tactu
1597 1559 1644 1582 est
1674 1551 1787 1594 (quam
1817 1551 1955 1582 diximus
1973 1552 1990 1570 *
2018 1561 2056 1582 ex
2085 1551 2217 1582 libidine
2247 1551 2369 1593 appeti)
2395 1561 2490 1583 causa

1414 1597 1501 1634 fiant,
1526 1607 1592 1628 non
1616 1604 1691 1627 sunt
1714 1602 1843 1636 peccata
1866 1596 2024 1627 mortalia.

1469 1642 1522 1672 XI.
1548 1641 1640 1672 Circa
1663 1640 1850 1671 huiusmodi
1875 1647 1977 1671 tactus
1994 1640 2128 1671 dubium
2149 1640 2296 1676 occurrit,
2316 1651 2358 1672 an
2373 1641 2489 1672 mulier¹

1413 1686 1515 1717 sciens
1528 1695 1561 1716 se
1573 1685 1659 1725 tangi
1674 1686 1713 1716 ab
1727 1685 1838 1726 aliquo
1855 1685 1938 1716 mala
1953 1684 2140 1722 intentione,
2153 1692 2184 1716 et
2197 1694 2262 1716 non
2276 1685 2488 1723 consentiens,

1414 1738 1522 1771 peccet
1545 1740 1612 1760 non
1635 1730 1823 1760 retrahendo
1848 1739 1898 1766 se,
1922 1739 1998 1760 cum
2026 1739 2093 1760 non
2117 1736 2222 1770 potest
2244 1729 2313 1760 sine
2336 1730 2488 1762 scandalo

1386 1780 1388 1796 ²
1413 1785 1446 1806 se
1470 1774 1636 1805 retrahere.
1669 1774 1708 1804 Et
1737 1780 1783 1804 est
1811 1774 1894 1805 ratio
1922 1773 2011 1804 dubii
2042 1774 2119 1815 quia
2148 1774 2222 1804 hinc
2245 1782 2377 1815 apparet
2399 1775 2489 1816 quod

1413 1826 1522 1860 peccet
1544 1818 1729 1854 mortaliter,
1753 1818 1892 1848 tenendo
1917 1828 2034 1858 corpus
2050 1828 2148 1849 suum
2166 1818 2200 1848 in
2217 1825 2365 1850 contactu
2389 1829 2488 1860 quem

1413 1863 1471 1894 scit
1500 1863 1711 1894 libidinosum
1741 1869 1772 1892 et
1800 1862 2018 1902 perniciosum
2049 1872 2086 1893 ex
2109 1870 2198 1903 parte
2221 1862 2307 1894 illius
2336 1864 2393 1905 qui
2417 1873 2488 1895 eam

1386 1910 1387 1913 ’
1413 1907 1522 1947 tangit.
1557 1907 1718 1947 Scriptum
1742 1913 1789 1936 est
1813 1906 1899 1937 enim
1922 1907 1966 1937 ad
1987 1907 2080 1937 Rom.
2101 1907 2157 1943 1¹⁸¹,
2181 1907 2272 1948 quod
2297 1908 2392 1949 digni
2412 1913 2490 1940 snat
2516 1915 2526 1924 ⁴

1413 1957 1517 1983 morte
1541 1961 1603 1982 non
1627 1951 1732 1982 solum
1755 1951 1810 1991 qui
1824 1950 1973 1991 faciunt,
1995 1951 2053 1982 sed
2069 1952 2127 1992 qui
2141 1953 2346 1983 consentiunt
2358 1951 2490 1993 sacien-

1413 1997 1506 2028 tibus.
1523 1997 1611 2027 Haec
1627 2002 1736 2026 autem
1752 1995 1868 2026 mulier
1883 1995 1916 2025 in
1932 1995 1987 2026 tali
2002 2005 2088 2032 casu,
2105 1995 2164 2026 etsi
2178 2005 2245 2026 non
2261 1996 2421 2028 consentit
2436 1997 2489 2028 ab·

1412 2042 1526 2078 solute,
1552 2039 1711 2071 consentit
1734 2046 1841 2070 tamen
1863 2040 2016 2071 omnibus
2031 2039 2253 2072 consideratis:
2278 2040 2354 2081 quia
2372 2041 2491 2072 scilieet

1413 2086 1536 2117 mavult
1558 2095 1592 2115 se
1615 2084 1701 2125 tangi
1724 2094 1823 2125 quam
1846 2094 1880 2115 se
1898 2084 2064 2115 retrahere.
2090 2085 2131 2115 Et
2146 2084 2220 2115 ideo
2235 2084 2362 2116 videtur
2374 2086 2490 2117 volun-

1411 2131 1488 2162 tarie
1511 2130 1613 2170 tangi:
1639 2130 1721 2160 sicut
1738 2129 1958 2160 voluntarium
1973 2137 2020 2160 est
2043 2129 2198 2170 proiicere
2214 2138 2334 2160 merces
2350 2129 2384 2161 in
2401 2139 2489 2162 mare

1413 2183 1558 2215 tempore
1582 2173 1777 2214 tempestatis
1792 2173 1820 2204 ³⁸².

1471 2220 1506 2250 ln
1530 2218 1718 2259 oppositum
1734 2225 1842 2249 autem
1865 2225 1912 2249 est
1927 2218 2014 2259 quia,
2035 2218 2118 2249 sicut
2133 2218 2249 2250 mulier
2277 2218 2379 2250 sciens
2394 2229 2428 2250 se
2443 2218 2490 2250 vi—

1414 2264 1480 2295 deri
1503 2263 1543 2294 ad
1567 2262 1859 2303 concupiscentiam
1875 2262 2048 2302 pessimam
2070 2263 2110 2293 ab
2129 2263 2250 2304 aliquo,
2275 2273 2342 2294 non
2366 2270 2491 2296 tenetur

1386 2304 1388 2342 ‘3
1412 2308 1486 2339 inde
1510 2308 1654 2338 recedere
1677 2314 1708 2337 et
1737 2306 1920 2337 subtrahere
1943 2317 1976 2337 se
2000 2307 2054 2338 tali
2078 2308 2240 2347 aspectui,
2265 2308 2321 2338 sed
2345 2307 2420 2339 satis
2443 2314 2490 2340 est

1413 2352 1504 2394 quod
1522 2362 1589 2382 non
1614 2351 1808 2387 consentiat;
1834 2351 1886 2388 ita,
1902 2351 1928 2381 si
1943 2351 2040 2382 invita
2060 2359 2216 2392 tangatur,
2233 2351 2307 2382 satis
2330 2359 2378 2382 est
2399 2353 2490 2394 quod

1416 2407 1482 2428 non
1513 2395 1705 2431 consentiat,
1730 2402 1778 2432 et,
1803 2405 1878 2426 cum
1902 2396 2075 2426 commode
2099 2402 2223 2436 potest,
2252 2406 2286 2426 se
2314 2397 2488 2428 subtrahat.

1471 2441 1539 2472 XII.
1557 2441 1607 2471 Ad
1623 2440 1720 2471 huius
1735 2439 1824 2470 dubii
1839 2439 2041 2476 evidentiam,
2059 2440 2321 2480 distinguendum
2337 2447 2385 2471 est
2399 2442 2490 2482 quod

1415 2493 1516 2517 tactus
1532 2485 1665 2516 humani
1682 2492 1757 2515 sunt
1772 2484 1804 2515 in
1820 2484 1939 2525 duplici
1955 2484 2146 2516 differentia:
2170 2485 2304 2526 quidam
2327 2492 2402 2517 sunt
2425 2492 2491 2517 tan-

1415 2539 1513 2572 quam
1530 2540 1567 2560 ex
1582 2539 1642 2560 suo
1658 2539 1772 2570 genere
1787 2529 1921 2565 venerei,
1946 2536 1983 2560 ut
2005 2536 2107 2560 tactus
2124 2530 2361 2570 pudendorum,
2379 2530 2490 2562 oscula

1415 2575 1539 2611 furtiva,
1563 2582 1595 2605 et
1618 2574 1643 2604 si
1666 2573 1744 2615 quid
1768 2581 1814 2604 est
1837 2573 2012 2610 eiusmodi;
2037 2574 2170 2615 quidam
2193 2581 2268 2605 sunt
2291 2584 2358 2605 non
2379 2574 2489 2606 solum

1414 2629 1452 2650 ex
1475 2629 1534 2650 suo
1559 2628 1672 2658 genere
1696 2628 1763 2649 non
1786 2618 1925 2654 venerei,
1950 2619 2005 2649 sed
2019 2618 2104 2649 liciti
2128 2628 2237 2650 coram
2260 2618 2428 2656 omnibus,
2452 2626 2490 2651 ut

1415 2671 1515 2695 tactus
1540 2673 1665 2699 manus,
1690 2663 1801 2693 oscula
1825 2663 1982 2694 obviantis
2005 2663 2184 2694 secundum
2208 2663 2327 2704 patriae
2351 2673 2488 2701 morem,

1413 2708 1575 2740 consessio
1593 2707 1916 2747 consanguineorum,
1934 2715 1965 2738 et
1980 2707 2178 2739 huiusmodi.
2204 2708 2288 2739 Inter
2304 2718 2389 2749 quos
2412 2708 2490 2740 haec

1387 2751 1389 2789 ἷ
1414 2761 1460 2784 est
1483 2752 1674 2789 differentia,
1700 2752 1830 2793 quando
1855 2752 1982 2793 utrique
2005 2751 2088 2783 fiunt
2111 2762 2148 2783 ex
2170 2752 2302 2783 libidine
2325 2753 2365 2784 ab
2389 2753 2488 2784 altero

1387 2808 1388 2817 ¹
1414 2805 1549 2834 tantum,
1575 2797 1664 2838 quod
1688 2797 1783 2837 primi
1806 2804 1909 2828 tactus
1933 2796 2169 2828 deformitatem
2188 2807 2280 2828 suam
2293 2797 2328 2828 in
2344 2797 2489 2828 exteriori

1415 2850 1486 2873 actu
1511 2842 1712 2872 manifestam
1734 2841 1898 2872 deferunt:
1929 2851 1964 2872 ac
1993 2851 2048 2882 per
2071 2842 2150 2878 hoc,
2174 2849 2329 2883 tanquam
2353 2842 2427 2872 mali
2451 2852 2488 2874 ex

1414 2896 1473 2918 suo
1495 2896 1608 2928 genere
1628 2893 1804 2917 censentur.
1829 2886 1967 2917 Secundi
1982 2893 2092 2917 autem
2110 2893 2211 2918 tactus
2227 2886 2349 2917 nullam
2365 2886 2398 2917 in
2414 2893 2487 2918 actu

1412 2932 1555 2962 exteriori
1588 2930 1824 2962 deformitatem
1854 2931 2047 2967 ostendunt,
2071 2931 2126 2962 sed
2149 2931 2258 2962 solum
2279 2930 2381 2962 sciens
2408 2930 2487 2962 haec

1413 2975 1478 3007 fieri
1503 2986 1540 3007 ex
1561 2975 1730 3007 libidinosa
1745 2975 1922 3006 intentione
1938 2975 2028 3006 novit
2051 2975 2287 3006 deformitatem
2303 2983 2431 3006 eorum:
2457 2982 2488 3006 et

1386 3043 1387 3062 3
1413 3021 1486 3051 ideo
1510 3029 1664 3061 tanquam
1688 3030 1755 3050 non
1778 3019 1854 3050 mali
1876 3029 1915 3050 ex
1938 3029 2051 3060 genere
2075 3028 2252 3051 censentur.
2277 3019 2325 3050 Ex
2347 3019 2407 3050 hac
2429 3030 2488 3051 au-

1413 3072 1478 3096 tern
1510 3065 1682 3096 differentia
1712 3065 1813 3095 oritur
1842 3064 1931 3106 quod
1960 3064 2077 3095 mulier
2109 3063 2230 3104 primos
2260 3070 2362 3095 tactus
2394 3065 2486 3095 nullo

1385 3113 1387 3146 ζ
1413 3117 1506 3150 pacto
1530 3110 1684 3141 sustinere
1709 3109 1811 3146 debet,
1835 3116 2135 3150 quantumcumque
2158 3114 2279 3139 secreto
2301 3107 2393 3144 fiant,
2418 3108 2486 3140 aliis

1414 3163 1478 3185 non
1504 3154 1763 3190 discernentibus,
1789 3153 1869 3184 sicut
1892 3163 1950 3184 nec
1971 3153 2124 3184 sustinere
2148 3153 2243 3184 debet
2262 3153 2354 3194 quod
2378 3153 2430 3184 ille
2452 3153 2486 3184 in

1413 3199 1518 3240 aliqua
1543 3198 1685 3239 corporis
1708 3205 1806 3239 parte,
1831 3197 1925 3229 etism
1949 3197 1994 3229 sic
2017 3204 2155 3234 secreto,
2179 3198 2329 3228 abutatur
2352 3206 2406 3228 ea:
2431 3198 2486 3229 sed

1413 3244 1505 3274 debet
1529 3243 1664 3274 omnino
1684 3252 1719 3274 se
1736 3242 1928 3279 subtrahere,
1953 3248 1994 3280 et,
2017 3242 2043 3272 si
2066 3241 2153 3272 aliud
2176 3251 2243 3273 non
2267 3249 2385 3282 posset,
2411 3252 2485 3274 curn

1412 3288 1557 3319 Susanna
1568 3288 1596 3324 *,
1621 3288 1766 3318 clamare.
1788 3286 1880 3318 Unde
1897 3286 2050 3326 scriptum
2065 3286 2160 3317 atu
2181 3287 2271 3327 quod
2286 3287 2376 3326 virgo
2393 3287 2427 3317 in
2443 3287 2485 3318 eir-

1384 3354 1386 3370 ,
1412 3333 1507 3364 vitate
1536 3341 1688 3372 oppressa
1715 3341 1768 3362 rea
1798 3338 1845 3362 est
1874 3330 2002 3367 mortis,
2027 3332 2103 3371 quia
2127 3340 2191 3361 non
2215 3332 2385 3369 clamavit,
2410 3340 2485 3362 cum

1413 3383 1520 3418 posset
1539 3386 1572 3407 se
1588 3376 1727 3407 clamore
1745 3375 1836 3406 tueri.
1860 3374 1948 3405 Nihil
1964 3374 2049 3405 enim
2073 3375 2158 3406 aliud
2174 3383 2257 3406 esset
2279 3385 2345 3406 non
2362 3375 2485 3407 subtra-

1412 3421 1486 3452 here
1502 3431 1535 3451 se
1558 3421 1598 3451 ab
1613 3419 1680 3450 istis
1705 3419 1826 3450 actibus
1846 3419 1980 3450 exterius
1996 3419 2166 3460 impudicis
2187 3429 2286 3460 quam
2300 3419 2396 3451 malle
2411 3419 2485 3451 tuos

1411 3474 1511 3506 quam
1526 3465 1671 3495 recedere
1685 3473 1742 3494 seu
1758 3463 1913 3494 clamare:
1934 3465 2023 3504 quod
2039 3471 2163 3495 constat
2179 3473 2246 3495 esse
2262 3465 2396 3495 mortale
2413 3474 2484 3505 pec-

1410 3516 1530 3546 catum,
1547 3515 1579 3539 et
1601 3507 1828 3544 voluntarium,
1847 3507 1928 3539 sicut
1950 3508 2104 3548 proiectio
2127 3508 2240 3540 mercis
2263 3508 2296 3540 in
2319 3517 2417 3540 mare.

1466 3553 1632 3584 Secundus
1647 3558 1757 3583 autem
1771 3559 1873 3583 tactus
1891 3562 1956 3583 non
1972 3559 2097 3583 tenetur
2115 3553 2231 3585 mulier
2245 3553 2285 3584 de
2301 3552 2484 3584 necessitate

1413 3597 1544 3629 evitare:
1569 3597 1724 3638 quoniam
1755 3596 1941 3628 sustinendo
1973 3604 2060 3628 actus
2090 3597 2275 3634 exteriores,
2303 3597 2382 3628 nihil
2410 3597 2484 3628 mati

1384 3654 1386 3673 1
1413 3642 1562 3677 sustinet;
1592 3648 1624 3672 et
1647 3641 1875 3672 consentiendo
1900 3642 2021 3672 actibus
2045 3641 2267 3678 exterioribus,
2290 3640 2370 3672 nulli
2398 3641 2484 3671 malo

2517 847 2729 901 vlfiwgff'mnb'

2517 935 2730 984 setar-›²⁹-

2517 1559 2527 1569 ·
2541 1557 2612 1580 Nan.

2513 3291 2523 3301 ⁶
2537 3290 2596 3313 Dan.
2611 3295 2661 3320 esp.
2674 3294 2726 3316 ιιιι,

2512 3322 2572 3339 ven.
2586 3321 2623 3344 ²4·

2512 3376 2570 3394 nu.
2582 3358 2724 3399 versfsgaqss
