2768 4198
50 662 67 684 S

70 635 179 683 tkfflfn,
191 641 212 656 n.
224 641 263 656 2.-

145 662 195 683 lect.
212 667 262 683 vin.

51 691 60 699 ⁸
75 689 131 736 Cag.
148 694 187 714 vn,
203 694 225 709 n.
242 694 262 715 7,

51 722 79 737 ιι».
90 727 102 731 -
132 732 135 736 .
152 714 196 736 Th.
211 715 261 736 lect.

49 749 87 763 XV.

49 823 60 838 2

71 790 118 817 Qu.
130 795 207 812 cxxvi.
220 793 260 811 art.

147 897 164 914 α

145 1156 160 1190 β

45 1267 55 1276 ’
70 1266 96 1286 υ.
113 1271 156 1293 255.

46 1332 55 1340 ·
66 1331 112 1358 Qu.
124 1335 204 1355 cxxm,
215 1333 256 1351 art.

44 1362 64 1385 3.

44 1969 53 1977 ⁸
67 1967 102 1990 Cf.
120 1973 182 1988 num.
199 1973 220 1988 v.

297 279 343 314 5ο

294 363 512 406 opponatur
531 354 739 392 fortitudini
768 361 925 402 propter
946 364 1145 388 excessum
1166 351 1362 398 audaciae,

292 410 374 460 pari
403 409 548 446 ratione
578 415 795 457 opponetur
816 407 848 443 ei
870 406 1022 454 aliquod
1044 404 1179 441 vitium
1208 409 1365 453 propter

293 463 473 501 audaciae
496 463 700 499 defectum.
732 460 808 497 Sed
830 460 904 496 hoc
925 470 1003 494 non
1027 457 1228 494 invenitur.
1260 458 1362 505 Ergo

293 530 363 554 nec
393 516 551 553 audacia
581 515 695 552 debet
723 512 815 562 poni
843 512 979 548 vitium
1009 510 1233 560 oppositum
1261 510 1364 560 forti-

293 570 426 608 tudini.

347 624 422 660 SED
451 634 598 659 CONTRA
626 632 692 657 EST
721 618 826 668 quod
855 617 1131 665 Philosophus,
1162 616 1200 653 in
1230 618 1261 653 11
1278 616 1298 638 '¹‘
1327 624 1364 653 et

293 676 389 713 111*
422 676 565 720 Ethic.,
603 673 711 722 ponit
755 670 957 708 audaciam
994 669 1203 707 fortitudini
1242 682 1363 718 oppo-

290 737 413 766 Sitarn.

345 784 569 819 Responmzo
590 789 776 816 DICENDUM
798 776 915 825 quod,
933 775 1029 813 sicut
1048 787 1164 824 supra
1177 775 1198 797 '¹‘
1218 775 1362 812 dictum

291 845 357 882 est,
388 836 436 872 ad
464 834 645 871 virtutem
665 831 854 867 moralem
877 829 1038 879 pertinet
1058 828 1221 866 modum
1252 828 1363 866 ratio—
1389 844 1391 873 g

289 890 346 927 nis
367 890 575 925 observare
587 891 604 906 ‘²
623 885 662 921 in
683 883 842 920 materia
863 883 962 920 circa
980 895 1098 932 quam
1117 890 1183 919 est.
1206 882 1255 919 Et
1274 881 1363 919 ideo

289 955 405 979 omne
425 940 562 978 vitium
584 938 690 987 quod
709 937 889 986 importat
910 935 1247 973 immoderantiam
1265 935 1363 972 circa

287 995 487 1033 materiam
516 992 675 1030 alicuius
702 991 853 1028 virtutis
882 990 1051 1037 moralis,
1077 989 1287 1039 opponitur
1315 989 1365 1026 illi

287 1049 415 1086 virtuti
445 1046 582 1084 morali
605 1045 702 1082 sicut
721 1045 1020 1082 immoderatum
1041 1044 1255 1081 moderato.
1285 1045 1364 1080 Au-

288 1103 397 1141 dacia
426 1109 577 1148 autem,
615 1099 831 1136 secundum
872 1098 979 1146 quod
1008 1105 1119 1134 sonat
1147 1097 1185 1134 in
1213 1097 1363 1144 vitium,

285 1158 466 1206 importat
487 1165 687 1191 excessum
714 1152 905 1202 passionis
934 1164 1033 1201 quae
1049 1149 1064 1180 β
1092 1150 1255 1188 audacia
1275 1150 1364 1188 dici-

286 1218 358 1248 tur.
388 1209 501 1247 Unde
531 1206 779 1245 manifestum
800 1213 857 1243 est
877 1205 983 1255 quod
1009 1204 1219 1254 opponitur
1236 1204 1365 1242 virtuti

285 1263 515 1302 fortitudinis
530 1261 562 1308 ³⁸,
591 1273 692 1310 quae
721 1267 779 1297 est
808 1260 909 1297 circa
936 1259 1096 1296 timores
1116 1266 1153 1295 et
1172 1258 1365 1306 audacias,

287 1326 328 1356 ut
356 1316 507 1367 supra*
535 1315 680 1352 dictum
711 1321 778 1351 est.

339 1375 399 1409 An
428 1381 569 1407 ramum
591 1380 691 1406 ERGO
712 1379 900 1405 mCENDUM
930 1366 1037 1415 quod
1066 1365 1259 1415 oppositio
1287 1364 1366 1402 vitii

285 1426 335 1463 ad
349 1425 531 1462 virtutem
553 1435 631 1460 non
652 1421 859 1460 attenditur
878 1419 1137 1470 principaliter
1152 1419 1364 1457 secundum
1391 1456 1393 1462 ,

340 1543 367 1574 α)
387 1541 538 1567 observare.
550 1553 570 1558 -
586 1521 698 1564 servare
717 1538 764 1562 Pa.

341 1577 366 1611 β)
386 1584 463 1610 quae.
475 1591 495 1596 —
513 1575 560 1608 qui
579 1575 608 1599 P.

947 273 1217 320 QUAESTIO
1247 272 1443 325 CXXVII,
1472 272 1772 310 ARTICULUS
1803 273 1834 308 ll

1390 360 1391 364 ’
1421 364 1577 388 causam
1606 351 1698 398 vitii,
1729 351 1797 388 sed
1827 351 2041 388 secundum
2062 351 2186 399 ipsam
2206 350 2286 387 vitii
2312 350 2491 399 speciem.

1420 405 1469 441 Et
1497 404 1584 442 ideo
1614 417 1693 442 non
1714 413 1866 454 oportet
1885 405 1990 454 quod
2020 404 2180 442 audacia
2204 411 2424 453 opponatur
2444 403 2493 439 ei-

1420 457 1510 494 dem
1539 458 1668 494 virtuti
1698 459 1757 495 cui
1787 458 1995 508 opponitur
2012 458 2287 507 praesumptio,
2318 469 2418 505 quae
2439 464 2494 493 est

1421 522 1536 547 causa
1563 523 1695 559 1ps1us.

1476 566 1532 600 AD
1561 576 1755 601 SECUNDUM
1777 576 1963 613 mcENDUM
1993 564 2099 613 quod
2128 564 2225 601 sicut
2253 564 2396 601 directa
2426 575 2493 612 op-

1419 616 1558 665 positio
1586 617 1668 654 vitii
1688 629 1768 654 non
1787 618 1993 655 attenditur
2022 618 2122 655 circa
2142 618 2223 655 eius
2253 629 2422 662 causam,
2444 616 2494 654 ita

1420 670 1536 706 etiam
1574 681 1653 706 non
1692 670 1897 707 attenditur
1933 671 2148 708 secundum
2188 671 2270 708 eius
2299 670 2491 708 effectum.

1420 722 1721 759 Nocumentum—
1752 731 1882 760 autem
1916 724 2021 772 quod
2050 724 2230 773 provenit
2259 737 2304 761 ex
2333 723 2493 761 audacia

1420 783 1477 812 est
1514 775 1673 812 effectus
1709 775 1840 824 ipsius.
1879 776 1992 814 Unde
2020 789 2093 814 nec
2127 778 2242 815 etiam
2279 779 2493 815 secundum

1419 829 1494 865 hoc
1522 828 1728 865 attenditur
1756 829 1948 877 oppositio
1977 829 2174 868 audaciae.

1472 883 1532 918 Ao
1570 893 1733 919 Teanum
1770 893 1959 920 mesanum
1997 883 2105 932 quod
2142 891 2272 921 motus
2309 884 2494 923 audaciae

1420 935 1589 972 consistit
1609 935 1646 972 in
1666 935 1888 973 invadendo
1908 935 1948 973 id
1967 935 2075 984 quod
2094 943 2150 973 est
2168 937 2317 974 homini
2345 946 2495 976 contra-

1420 989 1540 1026 rium:
1562 989 1612 1026 ad
1632 989 1737 1038 quod
1757 996 1894 1026 natura
1912 988 2079 1036 inclinat,
2100 989 2170 1026 nisi
2193 990 2421 1039 inquantum
2441 999 2495 1029 ta-

1419 1043 1463 1080 lis
1492 1042 1683 1079 inclinatio
1714 1042 1920 1091 impeditur
1942 1055 2012 1092 per
2030 1042 2208 1080 timorem
2236 1043 2407 1092 patiendi
2426 1057 2495 1082 no-

1420 1106 1647 1134 cumentum
1677 1097 1725 1133 ab
1756 1109 1816 1133 eo.
1854 1096 1903 1133 Et
1930 1095 2019 1134 ideo
2048 1096 2184 1134 vitium
2214 1097 2321 1145 quod
2349 1098 2496 1136 excedit

1420 1150 1458 1187 in
1487 1149 1649 1187 audacia
1678 1162 1757 1187 non
1786 1150 1903 1187 habet
1938 1149 2174 1187 contrarium
2204 1150 2396 1188 defectum
2425 1151 2495 1189 nisi

1419 1203 1662 1241 timiditatem
1688 1211 1850 1241 tanturn.
1882 1225 1906 1232 -
1936 1203 2015 1241 Sed
2044 1203 2206 1241 audacia
2234 1216 2315 1242 non
2343 1215 2498 1254 semper

1419 1257 1701 1295 concomitatur
1734 1265 1883 1294 tantum
1914 1257 2107 1295 defectum
2135 1257 2356 1295 timiditatis.
2395 1257 2497 1306 Quia

1391 1308 1393 1341 ἶ
1420 1311 1517 1348 sicut
1544 1310 1804 1360 Philosophus
1834 1310 1940 1358 dicit,
1981 1310 2018 1348 in
2049 1312 2098 1348 111
2127 1311 2249 1348 Ethic.
2265 1310 2297 1355 ²⁸⁸,
2333 1311 2498 1349 audac-’es

1418 1370 1507 1402 sunt
1527 1365 1796 1413 praevolantes
1810 1370 1826 1393 Υ
1855 1370 1892 1402 et
1916 1364 2082 1402 volentes
2109 1370 2198 1402 ante
2217 1364 2406 1414 pericula,
2433 1365 2501 1403 sed

1419 1419 1457 1456 in
1486 1419 1575 1467 ipsis
1601 1419 1807 1465 discedunt,
1836 1418 1979 1456 scilicet
2006 1431 2097 1468 prae
2126 1419 2276 1456 timore.

1472 1534 1499 1568 γ)
1515 1534 1718 1566 praevolantes.
1731 1534 1950 1566 —praevalentes
1962 1533 2200 1563 ABCEFGHKLa,
2210 1535 2400 1567 praesumentes
2412 1534 2437 1566 13
2450 1541 2499 1568 pro

1389 1563 1391 1598 ξ
1418 1573 1445 1595 et
1464 1570 1590 1600 volentes,
1610 1573 1638 1595 et
1655 1571 1777 1595 volantes
1795 1569 1827 1601 K,
1847 1573 1874 1595 et
1892 1569 2012 1594 valentes
2031 1569 2066 1599 la,
2086 1577 2140 1595 om.
2160 1569 2192 1595 G.

973 1651 1311 1685 Commentariis
1332 1649 1588 1682 cardinalis
1609 1649 1813 1682 Caietani

317 1750 336 1770 N
361 1746 428 1770 tota
452 1736 639 1779 quaestione
659 1731 1123 1773 centesimavigesimaseptima
1148 1731 1213 1762 duo
1238 1736 1363 1762 tantum

290 1753 414 1814 Idubia
438 1787 620 1817 occurrunt,
645 1780 726 1811 circa
750 1777 994 1819 responsionem
1019 1776 1058 1807 ad
1082 1775 1212 1807 tertium
1232 1774 1363 1806 secundi

285 1828 418 1860 articuli.
442 1827 588 1858 Primum
612 1832 667 1860 est,
693 1834 732 1854 an
757 1822 935 1853 secundum
957 1831 1024 1852 rern
1048 1820 1227 1851 inveniatur
1249 1819 1363 1850 vitium

285 1873 427 1904 defectus
451 1869 608 1912 passionis
632 1867 792 1904 audaciae,
817 1866 1006 1907 oppositum
1031 1864 1211 1896 fortitudini
1235 1870 1365 1904 propter
1390 1897 1392 1905 x

285 1918 447 1949 defectum
470 1914 636 1950 audaciae,
662 1920 694 1944 et
719 1911 864 1943 similiter
887 1910 1077 1952 oppositum
1100 1909 1178 1940 vitio
1201 1908 1363 1939 audaciae.

341 1961 526 1993 Secundum
544 1959 562 1978 *
586 1965 648 1994 est,
677 1967 716 1988 an
741 1959 865 1988 Auctor
891 1956 924 1986 in
948 1955 1051 1986 littera
1074 1953 1183 1984 reddat
1207 1952 1363 1984 rationem
1390 1989 1392 1995 Ι

285 2008 373 2049 quod
398 2006 460 2037 tale
475 2004 590 2035 vitium
614 2012 681 2034 non
696 2001 856 2033 invenitur
872 1999 1076 2040 simpliciter:
1101 2005 1166 2034 aut,
1182 2007 1281 2039 quare
1297 2006 1363 2028 non
1390 1998 1392 2028 ἕ

285 2052 464 2083 inveniatur
487 2049 631 2090 positum
656 2047 694 2078 ab
719 2046 796 2077 aliis.

341 2097 379 2127 11.
404 2096 455 2126 Ad
479 2095 597 2125 horum
620 2091 822 2128 evidentiam,
848 2089 1013 2121 sciendum
1030 2094 1077 2119 est
1100 2087 1190 2129 quod
1214 2096 1280 2117 non
1297 2095 1364 2117 ver·
1391 2099 1392 2124 i

285 2142 361 2173 titur
383 2141 416 2171 in
440 2139 578 2170 dubium
597 2147 637 2167 an
654 2136 834 2167 inveniatur
858 2141 1025 2176 peccatum
1042 2133 1073 2163 in
1092 2132 1241 2163 audendo
1256 2131 1364 2162 minus
1391 2153 1392 2171 p

284 2196 383 2228 quam
407 2189 535 2225 oportet
557 2183 590 2212 in
605 2180 737 2212 materia
751 2178 958 2211 fortitudinis.
983 2177 1149 2216 Quoniam
1164 2177 1227 2207 hoc
1243 2176 1364 2227 clarum

286 2238 332 2262 est
358 2230 433 2261 dari.
460 2229 505 2260 lta
529 2227 619 2268 quod
644 2232 767 2257 constat
789 2224 990 2266 quadruplex
1014 2229 1180 2263 peccatum
1205 2227 1366 2252 committi

287 2282 395 2307 contra
419 2271 616 2305 fortitudinis
649 2277 776 2301 actum:
803 2269 921 2300 scilicet
944 2267 1039 2299 nimis
1063 2267 1190 2302 timere,
1216 2272 1246 2296 et
1270 2265 1365 2296 nimis

287 2321 413 2356 audere,
431 2327 545 2359 parum
562 2326 617 2347 seu
635 2315 715 2346 nihil
737 2314 858 2351 timere,
876 2320 907 2343 et
923 2322 1037 2354 parurn
1062 2321 1118 2342 seu
1142 2309 1222 2341 nihil
1237 2309 1364 2341 audere.
1391 2339 1393 2342 ,

287 2365 348 2396 Sed
364 2365 396 2395 in
413 2362 549 2394 dubium
566 2360 698 2391 vertitur
713 2369 753 2390 an
770 2365 938 2400 peccatum
955 2357 1045 2398 quod
1061 2354 1274 2387 committitur
1290 2353 1366 2385 defi-

287 2409 400 2441 ciendo
425 2409 458 2439 in
477 2405 609 2438 audacia
632 2405 673 2435 sit
696 2404 802 2435 solum
826 2409 994 2444 peccatum
1010 2411 1047 2432 ex
1063 2399 1291 2441 consequentia
1307 2409 1363 2430 seu

287 2451 535 2486 concomitantia
558 2451 597 2481 ad
622 2458 787 2480 excessum
810 2447 950 2479 timoris:
980 2446 1023 2477 ita
1046 2445 1136 2487 quod
1160 2444 1269 2476 solum
1292 2453 1364 2484 pec-

287 2509 361 2531 cans
389 2498 505 2529 directe
529 2503 559 2527 et
582 2493 796 2535 principaliter
819 2493 851 2523 in
882 2491 976 2522 nimis
1004 2490 1166 2526 timendo,
1192 2495 1301 2530 peccet
1327 2498 1365 2520 ex

287 2542 494 2584 consequenti
514 2541 546 2571 in
566 2539 646 2570 nihil
666 2545 722 2570 aut
745 2547 860 2579 parum
879 2536 1044 2573 audendo;
1069 2541 1100 2566 et
1123 2541 1291 2576 propterea
1311 2533 1365 2565 tali

286 2595 417 2630 peccato
434 2597 500 2618 non
517 2583 655 2616 audendi
672 2593 739 2614 non
754 2582 932 2623 assignetur
948 2579 1117 2622 proprium
1133 2578 1261 2615 vitium;
1283 2588 1363 2620 quo-

286 2633 372 2664 niam
397 2632 445 2663 his
470 2639 552 2673 quae
576 2639 613 2660 ex
632 2628 771 2659 aliorum
795 2627 903 2658 solum
927 2623 1175 2657 concomitantia
1197 2623 1289 2660 fiunt,
1306 2633 1364 2654 nec

286 2676 414 2719 propria
438 2686 497 2712 ars,
523 2684 580 2705 nec
604 2672 734 2714 propria
755 2671 842 2708 idea,
867 2681 925 2702 nec
949 2669 1118 2711 proprium
1141 2678 1309 2709 generans,
1335 2675 1366 2699 et

286 2728 517 2763 consequenter
541 2729 599 2750 nec
622 2717 791 2759 proprium
812 2716 928 2748 vitium
944 2715 1132 2755 assignatur,
1157 2721 1192 2745 ut
1216 2720 1302 2754 patet
1326 2713 1364 2744 de

287 2768 429 2799 subiecto
454 2773 485 2797 et
508 2763 638 2806 propria
661 2762 820 2804 passione.

345 2812 395 2843 111.
421 2812 529 2842 Potest
552 2815 660 2840 autem
684 2806 841 2838 dubitatio
866 2806 924 2836 ista
942 2804 1111 2844 dupliciter
1127 2803 1220 2834 solvi.
1245 2802 1364 2838 Primo,
1391 2832 1393 2842 ,

1392 2848 1393 2858 ¹
1419 2857 1494 2877 nem
1518 2847 1558 2876 ad
1581 2846 1661 2877 illud
1686 2846 1860 2877 obiectum.
1883 2845 2033 2887 Namque
2050 2845 2217 2887 utriusque
2240 2846 2403 2878 obiectum
2426 2857 2499 2888 pro-

1391 2889 1393 2899 *
1419 2891 1527 2932 prium
1552 2898 1599 2922 est
1622 2890 1745 2921 malum
1770 2891 1918 2921 arduum.
1943 2890 1990 2921 Ex
2014 2890 2152 2932 propriis
2172 2898 2280 2922 autem
2296 2890 2417 2922 meritis
2433 2901 2500 2922 ma-

287 2857 426 2888 tenendo
450 2863 573 2896 partem
597 2852 830 2887 affirmativam,
853 2850 971 2881 scilicet
995 2849 1082 2890 quod
1108 2848 1250 2879 defectus
1267 2848 1365 2878 auda-

288 2903 353 2933 ciae
377 2901 485 2931 solum
509 2898 666 2938 contingit
689 2907 726 2928 ex
751 2896 851 2926 nimio
876 2895 1009 2926 timore:
1045 2901 1079 2924 ut
1103 2896 1226 2924 Auctor
1250 2893 1282 2922 in
1307 2893 1365 2923 hac

287 2947 389 2978 littera
405 2945 520 2976 sentire
536 2943 670 2978 videtur,
687 2942 766 2972 dum
783 2941 857 2971 dicit
880 2940 969 2981 quod
987 2945 1096 2970 motus
1111 2938 1271 2974 audaciae,
1289 2947 1365 2968 con-

288 2992 400 3023 sistens
425 2989 456 3020 in
481 2987 662 3020 invadendo
686 2985 895 3020 contrarium,
921 2984 997 3025 quia
1021 2983 1164 3024 sequitur
1188 2982 1365 3014 inclinatio-

289 3046 363 3067 nem
388 3034 565 3066 naturalem
598 3042 662 3073 qua
691 3030 950 3071 unumquodque
981 3034 1096 3069 potens
1126 3027 1246 3058 invadit
1269 3037 1366 3058 suum

289 3079 494 3115 contrarium,
511 3077 571 3108 nisi
591 3087 647 3118 per
666 3076 816 3107 timorem
833 3073 1035 3114 impediatur,
1053 3072 1196 3103 officium
1218 3072 1366 3103 naturalis

289 3123 503 3157 inclinationis
527 3121 708 3163 exequitur;
734 3127 764 3151 et
788 3125 956 3160 propterea
972 3117 1066 3148 infert
1090 3127 1156 3148 non
1171 3116 1305 3148 inveniri
1321 3116 1366 3147 vi-

289 3170 370 3201 tium
395 3168 584 3210 oppositum
607 3165 758 3197 audaciae
782 3174 838 3205 per
862 3163 1033 3199 defectum,

347 3214 399 3245 IV.
424 3213 486 3244 Sed
501 3211 658 3254 quoniam
677 3209 818 3241 defectus
835 3207 985 3239 audaciae
1001 3217 1066 3237 non
1083 3206 1190 3237 solum
1210 3215 1247 3237 ex
1263 3205 1366 3236 nimio

290 3259 414 3294 timore,
432 3258 487 3288 sed
503 3267 540 3288 ex
557 3266 652 3298 parva
668 3255 717 3285 vel
738 3253 826 3285 nulla
843 3263 898 3294 spe
915 3251 1085 3293 superandi
1101 3250 1268 3287 contraria,
1284 3250 1367 3281 mala

291 3302 486 3344 quandoque
509 3301 544 3332 fit
568 3299 658 3343 (nam
682 3299 763 3330 sicut
787 3308 858 3339 spes
881 3304 928 3328 est
951 3306 1045 3328 causa
1062 3295 1222 3332 audaciae,
1246 3295 1289 3326 ita
1313 3295 1367 3326 de—

293 3347 392 3378 fectus
409 3347 475 3387 spei
499 3353 545 3376 est
569 3355 662 3376 causa
679 3343 820 3375 defectus
844 3340 1022 3384 audaciae);
1048 3340 1122 3372 ideo
1138 3340 1227 3371 aliter
1243 3339 1366 3371 dubita-

293 3392 338 3423 tio
363 3391 439 3422 haec
463 3390 596 3421 solvitur
611 3389 750 3420 tenendo
774 3394 896 3428 partem
921 3386 1110 3427 negativam,
1128 3392 1159 3417 et
1175 3385 1329 3416 dicendo:
1346 3402 1366 3408 -

1418 1728 1507 1760 Sicut
1530 1729 1624 1760 datur
1652 1729 1852 1770 quadruplex
1881 1737 2049 1770 peccatum
2073 1738 2184 1762 contra
2206 1738 2315 1764 actum
2339 1731 2499 1767 fortitudi-

1418 1773 1480 1810 nis,
1501 1773 1544 1804 ita
1565 1781 1596 1804 et
1618 1774 1820 1815 quadruplex
1842 1773 1958 1805 vitium
1982 1782 2092 1806 contra
2116 1775 2266 1807 virtutem
2290 1775 2498 1810 fortitudinis.

1418 1817 1570 1855 Quorum
1594 1818 1653 1849 tria
1677 1825 1753 1849 sunt
1775 1818 1941 1850 nominata
1963 1820 2003 1850 ab
2027 1819 2199 1851 Aristotele
2213 1820 2241 1858 *,
2265 1827 2298 1852 et
2324 1821 2356 1852 in
2385 1822 2498 1854 littera.

1419 1863 1580 1900 Quartum
1610 1869 1735 1899 autem,
1761 1862 1801 1893 de
1824 1873 1892 1904 quo
1923 1869 1972 1894 est
1993 1864 2157 1904 quaestio,
2181 1865 2222 1896 ab
2245 1864 2406 1907 aliquibus
2437 1872 2498 1898 ηο-

1418 1906 1559 1938 minatur
1582 1907 1752 1938 vecordia:
1775 1914 1806 1938 et
1829 1907 1966 1943 merito,
1990 1918 2051 1948 pro
2075 1914 2198 1950 quanto
2221 1918 2260 1941 ve
2277 1909 2312 1940 in
2337 1911 2498 1953 composi—

1417 1951 1505 1982 tione
1530 1951 1668 1982 sumitur
1691 1961 1750 1992 pro
1773 1953 1844 1983 sine
1858 1951 1892 1989 *ς
1915 1952 1993 1993 quia
2015 1952 2072 1994 qui
2096 1962 2162 1984 non
2192 1953 2289 1990 audet
2315 1955 2408 1996 quasi
2428 1957 2501 1990 sine

1419 1995 1515 2028 corde
1538 2003 1601 2032 est,
1627 2002 1657 2028 et
1681 2006 1793 2028 vecors
1816 1995 1878 2028 dici
1900 2003 2017 2038 potest.
2041 1997 2108 2029 Nec
2135 2005 2265 2039 oportet
2287 1998 2384 2031 aliam
2405 2000 2500 2044 ratio*

1419 2051 1494 2072 nem
1509 2040 1606 2072 huius
1629 2040 1696 2072 vitii
1713 2041 1843 2073 reddere
1859 2051 1959 2083 quarn
1975 2041 2064 2083 quod
2082 2048 2171 2074 actus
2194 2042 2273 2079 eius,
2291 2043 2411 2077 scilicet
2432 2054 2499 2080 non

1419 2086 1536 2116 audere
1559 2086 1691 2127 quando
1715 2092 1771 2116 aut
1794 2093 1954 2127 quantum
1977 2093 2116 2127 oportet,
2137 2093 2183 2118 est
2207 2094 2296 2119 actus
2320 2089 2499 2122 secundum

1419 2140 1452 2160 se
1476 2141 1513 2161 ex
1537 2130 1667 2171 propria
1690 2130 1794 2171 specie
1818 2131 1995 2162 contrarius
2019 2130 2199 2162 fortitudini
2223 2132 2353 2170 directe,
2377 2141 2411 2165 et
2431 2143 2499 2166 non

1418 2175 1527 2206 solum
1551 2185 1588 2206 ex
1608 2175 1858 2206 concomitantia
1888 2175 2017 2207 alterius
2040 2175 2108 2207 vitii
2132 2186 2304 2218 exurgens,
2325 2185 2362 2209 ut
2385 2180 2499 2220 proba-

1419 2227 1490 2251 tum
1513 2226 1570 2251 est.
1589 2237 1611 2243 -
1630 2219 1673 2250 Et
1695 2218 1912 2251 confirmatur.
1937 2219 2024 2258 Quia
2047 2220 2073 2251 si
2097 2220 2199 2253 homo
2222 2231 2290 2254 non
2314 2223 2451 2261 timeret,-
2469 2231 2502 2257 et

1419 2271 1526 2295 tamen
1558 2263 1713 2296 diffideret
1736 2265 1775 2295 de
1798 2264 1947 2304 victoria,
1972 2263 2118 2296 deficeret
2140 2266 2174 2297 in
2197 2267 2358 2305 audendo,
2383 2275 2415 2301 et
2431 2268 2500 2307 2¹²oe

1418 2315 1587 2349 peccatum
1610 2308 1793 2340 incurreret.
1818 2326 1839 2332 —
1863 2308 2020 2340 Videmus
2044 2319 2177 2352 quoque
2200 2310 2234 2342 in
2258 2311 2327 2343 aliis
2350 2306 2500 2350 homines

1419 2353 1579 2394 quosdam
1604 2353 1660 2394 qui
1684 2363 1751 2384 non
1781 2353 1898 2385 timore
1929 2353 2146 2394 principaliter
2175 2355 2246 2392 acti,
2271 2357 2326 2387 sed
2358 2358 2500 2398 quadam

1419 2398 1518 2429 animi
1542 2398 1706 2438 parvitate,
1724 2407 1790 2428 non
1815 2398 1935 2429 audent
1957 2405 2110 2430 attentare
2133 2399 2264 2441 aliquid.
2281 2418 2302 2423 -
2317 2401 2411 2439 Quae
2427 2410 2499 2434 om-

1419 2442 1471 2474 nia
1490 2443 1666 2474 ostendunt
1689 2442 1852 2474 defectum
1875 2443 2026 2475 audaciae
2048 2443 2178 2475 aliunde
2199 2453 2300 2486 quam
2323 2455 2359 2476 ex
2384 2446 2500 2478 timore

1418 2486 1633 2529 principaliter
1656 2488 1854 2529 quandoque
1878 2487 2011 2519 causari.
2472 2508 2474 2510 v

1472 2533 1511 2564 V.
1537 2535 1660 2564 Auctor
1683 2539 1792 2564 autem
1815 2532 1974 2564 rationem
1997 2532 2100 2564 reddit
2122 2532 2156 2564 in
2177 2533 2283 2565 littera
2309 2544 2410 2576 quare
2432 2545 2499 2567 non

1417 2577 1578 2608 invenitur
1601 2577 1664 2608 hoc
1688 2577 1803 2608 vitium
1827 2577 1971 2618 positum
1986 2577 2026 2608 ab
2049 2577 2283 2609 auctoribus*:
2308 2578 2385 2620 quia
2408 2586 2445 2611 ut
2466 2578 2500 2612 in

1418 2622 1563 2663 pluribus
1585 2628 1753 2662 peccatum
1770 2621 1832 2654 tale
1847 2621 2060 2653 committitur
2075 2631 2112 2653 ex
2129 2623 2340 2664 consequenti
2363 2623 2404 2654 ad
2426 2627 2501 2666 pee-

1419 2674 1527 2698 catum
1551 2666 1685 2698 timoris.
1898 2677 1904 2684 ·

1475 2712 1586 2743 Posset
1609 2721 1742 2753 quoque
1766 2711 1827 2742 dici
1852 2711 1942 2752 quod
1962 2713 2085 2742 Auctor
2101 2711 2204 2743 reddit
2218 2711 2377 2744 rationem
2401 2723 2500 2754 quare

1391 2751 1392 2767 ³
1419 2767 1485 2788 non
1502 2757 1663 2787 invenitur
1678 2756 1740 2787 tale
1755 2756 1882 2792 vitium,
1906 2755 2074 2787 referendo
2097 2756 2139 2788 ad
2163 2756 2275 2788 merita
2298 2757 2426 2799 propria
2442 2759 2500 2789 ob-

1419 2801 1490 2832 iecti
1514 2801 1636 2842 proprii
1658 2801 1758 2842 ipsius
1774 2800 1924 2832 audaciae
1940 2807 1970 2832 et
1989 2800 2125 2838 timoris,
2149 2808 2181 2833 et
2204 2801 2370 2833 referendo
2394 2802 2500 2834 homi·

1419 2937 1490 2968 lum
1521 2945 1586 2966 non
1611 2935 1701 2976 fugat
1724 2942 1779 2966 aut
1803 2935 1920 2966 minuit
1943 2935 2145 2966 invasionem
2173 2943 2283 2967 contra
2307 2945 2341 2966 se
2369 2935 2429 2967 nisi
2453 2936 2500 2967 in-

1392 2991 1393 2999 *
1419 2981 1559 3022 gerendo
1572 2981 1739 3012 timorem:
1765 2990 1822 3011 nec
1838 2980 1940 3011 homo
1956 2980 2109 3011 invadens
2125 2979 2246 3012 desistit
2261 2980 2300 3011 ab
2318 2980 2500 3013 invadendo

1420 3026 1543 3057 malum
1563 3025 1769 3061 contrarium,
1794 3025 1863 3056 sola
1887 3024 1963 3056 mali
1988 3024 2137 3056 contrarii
2161 3024 2283 3056 ratione
2307 3024 2423 3063 habita,
2441 3026 2501 3057 nisi

1421 3070 1496 3113 quia
1520 3071 1644 3101 malum
1666 3069 1780 3110 ingerit
1803 3069 1928 3100 homini
1942 3069 2105 3101 timorem.
2130 3068 2217 3100 Cum
2233 3078 2300 3110 quo
2317 3076 2423 3101 tamen
2441 3077 2501 3102 stat

1420 3115 1530 3158 quod,
1555 3114 1722 3147 referendo
1746 3114 1913 3146 hominem
1939 3114 1979 3145 ad
2003 3113 2167 3146 obiectum
2189 3113 2340 3146 audaciae
2364 3124 2500 3157 compo-

1421 3160 1520 3192 situm
1543 3169 1581 3192 ex
1604 3160 1691 3191 malo
1716 3166 1746 3191 et
1773 3159 1879 3197 bono,
1905 3158 1987 3191 sicut
2009 3158 2142 3190 audacia
2170 3168 2207 3190 ex
2231 3158 2290 3190 hac
2313 3166 2403 3200 parte
2426 3169 2499 3192 cau·

1421 3212 1508 3236 satur
1532 3214 1569 3236 ex
1592 3214 1658 3246 spe,
1683 3204 1726 3235 ita
1750 3203 1891 3236 defectus
1915 3202 2066 3234 audaciae
2090 3213 2108 3233 a
2131 3201 2256 3247 defectu
2281 3203 2360 3244 spei.

1478 3249 1550 3281 Sive
1574 3259 1649 3290 ergo
1674 3248 1832 3289 intelligas
1855 3247 1994 3279 litteram
2017 3247 2108 3284 hanc,
2134 3256 2232 3289 quare
2256 3257 2322 3279 non
2341 3247 2502 3283 invenitur

1421 3295 1483 3326 tale
1505 3293 1622 3325 vitium
1645 3293 1805 3335 posituim
1838 3292 1914 3329 sive,
1939 3301 2037 3333 quare
2061 3301 2127 3322 non
2150 3291 2311 3324 invenitur
2334 3292 2499 3324 referendo

1421 3339 1530 3371 solum
1545 3339 1586 3369 ad
1601 3337 1770 3379 proprium
1787 3337 1966 3368 obiectum:
1992 3346 2030 3367 ex
2046 3335 2219 3368 reverentia
2236 3337 2384 3374 aliorum,
2401 3346 2500 3380 quam

1420 3386 1545 3415 Auctor
1567 3382 1711 3414 innatam
1735 3381 1855 3419 habuit,
1880 3381 2003 3413 dictum
2026 3388 2117 3422 puto.

973 3518 1108 3526 ψη..
1121 3505 1822 3535 ..μιξφηΞῃῇΕφηςφηηη-

2526 1322 2536 1332 “
2595 1337 2600 1344 .
2607 1325 2650 1350 vu,
2657 1324 2682 1344 fi.
2691 1326 2720 1344 ts.
2727 1333 2740 1339 -

2525 1347 2550 1370 S.
2606 1365 2611 1370 .
2631 1348 2683 1371 leet.
2701 1354 2739 1370 xv.

2528 1832 2537 1840 ⁵
2551 1829 2629 1852 Beue.
2645 1830 2686 1852 lib.
2700 1829 2741 1857 111,

2526 1862 2688 1906 ἓρτῖῧίἓὲῑῖ
2696 1862 2742 1905 ’Ξῖ

2527 1963 2740 2014 restani:

2528 2016 2558 2045 V,
2571 2023 2624 2046 eap-
2639 2023 2680 2040 au.

2527 2588 2538 2597 ⁸
2551 2586 2588 2609 Cf.
2602 2591 2668 2618 ειμι.
2683 2592 2699 2608 ι.
