2768 4198
73 685 83 693 ⁸
96 683 142 710 Qu.
154 688 204 709 eux,
213 686 254 704 art.
263 688 283 704 2.

72 1162 81 1170 ¹·
105 1161 165 1182 Part.
192 1159 216 1186 1,
245 1165 259 1187 q

71 1193 164 1226 Lente
187 1190 228 1207 π’·
253 1193 269 1212 ⁴

73 1776 285 1825 §.⁶⁸1⁹14.¹¹l:224.⁴;?s'

261 1165 283 1197 ¹¹:
310 1153 387 1189 tiva
412 1153 586 1189 omnium
605 1152 756 1198 virium,
787 1160 829 1188 ut
857 1164 971 1200 supra
990 1151 1011 1173 *
1039 1151 1211 1188 habitum
1233 1158 1300 1188 est.
1331 1152 1381 1189 Et

312 280 389 327 344

310 371 440 396 omnes
466 361 635 397 homines
662 360 884 396 naturaliter
910 358 1006 394 scire
1033 356 1254 393 desiderant.
1290 355 1376 391 Μο-
1401 355 1404 394 ἱ

312 412 455 450 deratio
484 422 611 450 autem
641 413 751 449 huius
780 411 966 460 appetitus
994 409 1155 457 pertinet
1183 410 1230 445 ad
1259 408 1376 445 virtu·
1402 412 1403 438 1

311 473 389 502 tem
419 466 672 503 studiositatis.
702 465 813 502 Unde
834 474 1072 510 consequens
1094 470 1148 498 est
1176 461 1281 510 quod
1301 469 1377 497 stu·
1402 487 1404 491 ,

312 518 466 556 diositas
504 519 550 556 sit
585 531 673 567 pars
709 516 922 566 potentialis
953 514 1246 563 temperantiae,
1282 514 1378 550 sicut

310 571 429 608 virtus
449 571 672 608 secundaria
701 571 732 606 ei
754 569 930 606 adiuncta
949 576 990 604 ut
1017 567 1217 616 principali
1234 566 1375 604 virtuti.

312 625 361 661 Et
389 623 724 673 comprehenditur
752 623 822 658 sub
851 620 1059 667 modestia,
1090 621 1236 657 ratione
1265 632 1377 668 supe-

312 677 389 714 rius
408 677 428 699 '¹‘
457 678 565 714 dicta.

365 733 423 766 AD
452 741 587 766 PRthJM
616 739 714 765 ERGO
743 739 927 764 DICENDUM
957 727 1063 775 quod
1092 726 1294 774 prudentia
1322 733 1378 762 est

313 782 542 831 completiva
575 781 749 817 omnium
778 780 962 817 virtutum
992 779 1218 826 moralium,
1248 786 1289 816 ut
1324 779 1377 816 di-

313 835 406 872 citur
438 835 476 871 in
511 835 561 871 V1
588 835 708 870 Ethic.
735 832 754 854 ’¹‘
797 835 1027 881 Inquantum
1066 832 1176 880 igitur
1213 832 1378 880 cognitio

310 888 533 936 prudentiae
562 887 610 924 ad
640 898 775 923 omnes
803 886 960 923 virtutes
989 886 1161 934 pertinet,
1192 886 1379 922 intantum

311 952 453 978 nomen
481 939 734 986 studiositatis,
765 951 863 988 quae
892 939 1046 987 proprie
1076 939 1175 975 circa
1195 939 1376 987 cognitio-

310 1006 399 1030 nem
429 1001 495 1040 est,
526 994 574 1030 ad
603 1004 739 1030 omnes
766 993 924 1029 virtutes
954 992 1157 1029 derivatur.

363 1049 422 1083 Αι)
436 1058 627 1083 SECUNDUM
642 1058 826 1083 DICENDUM
847 1047 952 1094 quod
972 1053 1077 1082 actus
1097 1045 1379 1093 cognoscitivae

311 1099 453 1136 virtutis
483 1100 691 1148 imperatur
719 1112 741 1135 a
769 1098 808 1136 vi
837 1099 1054 1147 appetitiva,
1084 1110 1182 1147 quae
1213 1106 1268 1135 est
1296 1111 1379 1135 mo-

255 1202 282 1239 x}
311 1206 397 1243 ideo
427 1206 525 1243 circa
546 1205 801 1253 cognitionem
833 1205 973 1253 duplex
1001 1205 1149 1241 bonum
1178 1212 1304 1254 potest
1328 1213 1381 1242 at·
1407 1220 1408 1226 ¹

310 1259 425 1296 tendi.
455 1259 585 1296 Unum
615 1258 785 1307 quidem,
815 1266 1001 1306 quantum
1031 1258 1079 1295 ad
1104 1258 1230 1307 ipsum
1251 1266 1379 1296 actum

311 1313 547 1360 cognitionis.
586 1313 635 1349 Et
668 1313 741 1348 tale
771 1312 919 1348 bonum
953 1311 1114 1360 pertinet
1147 1311 1196 1348 ad
1224 1311 1381 1349 virtutes

309 1366 595 1402 intellectuales:
631 1373 671 1401 ut
699 1365 838 1402 scilicet
865 1365 986 1402 homo
1016 1364 1116 1402 circa
1143 1364 1290 1413 singula
1319 1378 1380 1402 ae-

310 1419 436 1456 stimet
463 1430 613 1455 verum.
635 1439 659 1446 -
687 1418 802 1455 Aliud
839 1425 968 1455 autem
999 1426 1055 1455 est
1091 1419 1237 1455 bonum
1274 1420 1380 1467 quod

309 1471 469 1521 pertinet
488 1472 537 1509 ad
557 1479 684 1509 actum
713 1471 943 1520 appetitivae
971 1471 1140 1509 virtutis:
1173 1480 1212 1509 ut
1241 1472 1380 1510 scilicet

309 1526 428 1562 homo
466 1525 606 1562 habeat
633 1525 844 1575 appetitum
874 1532 1019 1562 rectum
1053 1525 1271 1574 applicandi
1298 1526 1379 1563 vim

312 1578 610 1626 cognoscitivam
640 1579 693 1616 sic
710 1579 773 1616 vel
798 1578 915 1626 aliter,
945 1579 994 1616 ad
1022 1578 1098 1615 hoc
1125 1579 1188 1616 vel
1207 1579 1256 1616 ad
1276 1579 1379 1617 illud.

312 1633 360 1668 Et
386 1632 462 1669 hoc
489 1632 652 1680 pertinet
687 1633 734 1670 ad
762 1632 942 1669 virtutem
972 1632 1229 1670 studiositatis.
1268 1633 1380 1671 Unde

313 1693 555 1734 computatur
582 1686 678 1723 inter
703 1685 862 1723 virtutes
890 1686 1068 1723 morales.

366 1740 425 1775 An
450 1750 610 1776 TERTIUM
638 1751 824 1777 monimum
852 1739 971 1788 quod,
1001 1739 1096 1776 sicut
1123 1739 1383 1788 Philosophus
1408 1748 1410 1779 ε

315 1792 414 1839 dicit,
444 1792 482 1829 in
511 1794 543 1829 II
562 1793 683 1830 Ethic.
704 1792 736 1840 ³¹⁸,
767 1794 815 1830 ad
843 1793 919 1830 hoc
947 1792 1053 1841 quod
1081 1793 1202 1829 homo
1222 1793 1290 1830 fiat
1307 1792 1382 1830 vir—

367 1957 392 1991 β)
412 1959 492 1991 quod.
503 1972 522 1978 —
539 1959 603 1991 quia
622 1958 678 1990 HK,
694 1959 720 1984 in
735 1967 788 1992 quo
806 1959 838 1990 D,
853 1963 880 1985 et
897 1960 961 1992 quia
976 1959 1016 1985 ed.
1029 1967 1055 1990 a,
1070 1960 1129 1985 ideo
1148 1960 1181 1991 P;
1201 1965 1230 1985 ut
1248 1967 1297 1985 nos
1309 1960 1342 1986 G.
1405 1956 1408 1982 Ι

969 277 1236 325 QUAESTIO
1267 275 1441 322 CLXVI,
1471 277 1769 315 ARTICULUS
1801 278 1831 313 ΙΙ

1430 362 1581 402 tuosus,
1612 364 1763 405 oportet
1797 356 1903 404 quod
1932 364 2058 393 servet
2087 368 2127 393 se
2156 357 2204 393 ab
2233 355 2292 392 his
2325 355 2374 392 ad
2403 366 2502 403 quae

1431 408 1598 445 maxime
1627 409 1780 446 inclinat
1808 417 1952 446 natura.
1984 410 2032 446 Et
2060 409 2149 446 inde
2179 416 2234 445 est
2261 409 2384 458 quod,
2414 407 2504 456 quia

1432 469 1566 498 natura
1603 462 1806 510 praecipue
1841 463 1994 499 inclinat
2029 463 2074 499 ad
2114 461 2330 499 timendum
2370 461 2504 497 mortis

1431 513 1599 562 pericula
1647 522 1683 551 et
1727 515 1775 551 ad
1812 515 2037 552 sectandum
2077 514 2314 552 delectabilia
2359 513 2502 560 carnis,

1432 567 1538 615 quod
1557 565 1572 596 β
1595 568 1678 604 laus
1697 567 1844 605 virtutis
1864 568 2092 606 fortitudinis
2114 568 2318 618 praecipue
2339 566 2507 604 consistit

1433 619 1470 656 in
1491 620 1660 668 quadarn
1679 620 1858 657 firmitate
1885 621 2112 670 persistendi
2132 629 2264 658 contra
2283 620 2506 658 huiusmodi

1432 673 1610 721 pericula,
1642 680 1678 709 et
1706 674 1788 710 laus
1816 673 1963 711 virtutis
1982 675 2257 724 temperantiae
2277 674 2315 711 in
2336 674 2506 722 quadam

1434 726 1688 763 refrenatione
1709 739 1730 762 a
1751 726 2035 764 delectabilibus
2055 728 2190 765 carnis.
2222 728 2299 765 Sed
2320 735 2507 777 quantum

1434 779 1484 816 ad
1513 779 1785 827 cognitionem,
1816 788 1872 816 est
1900 779 1938 816 in
1965 780 2125 817 homine
2146 781 2334 818 contraria
2354 780 2507 818 inclina-

1434 832 1499 869 tio.
1534 832 1715 879 Quia*ex
1743 840 1849 880 parte
1882 832 2047 880 animae,
2076 834 2275 871 inclinatur
2302 835 2423 871 horno
2459 834 2509 871 ad

1435 886 1509 922 hoc
1544 885 1649 934 quod
1686 885 1942 933 cognitionem
1972 898 2100 923 rerum
2136 887 2344 924 desideret:
2385 895 2421 924 et
2455 887 2509 924 sic

1435 946 1586 987 oportet
1604 946 1646 975 ut
1665 939 1786 975 homo
1805 938 2044 976 laudabiliter
2058 939 2281 978 huiusmodi
2296 940 2507 990 appetitum

1435 992 1610 1039 refrenet,
1640 1004 1688 1028 ne
1715 991 1970 1029 immoderate
1999 1004 2126 1029 rerum
2156 992 2362 1041 cognitioni
2389 994 2507 1031 inten-

1436 1045 1510 1082 dat.
1542 1046 1599 1082 Ex
1627 1053 1734 1094 parte
1754 1057 1849 1082 vero
1879 1053 2037 1083 naturae
2063 1046 2284 1095 corporalis,
2313 1047 2434 1084 homo
2454 1047 2510 1084 in-

1436 1099 1596 1135 clinatur
1623 1099 1671 1136 ad
1700 1099 1776 1135 hoc
1803 1106 1846 1135 ut
1873 1099 2047 1136 laborem
2075 1099 2292 1147 inquirendi
2312 1099 2510 1137 scientiam

1434 1151 1539 1189 vitet.
1570 1152 1769 1199 Quantum
1798 1152 1908 1201 igitur
1935 1152 1984 1190 ad
2012 1153 2194 1201 primurn,
2224 1153 2443 1190 studiositas
2472 1153 2510 1190 in

1436 1205 1690 1242 refrenatione
1719 1205 1908 1243 consistit:
1939 1214 1977 1243 et
2010 1207 2223 1243 secundum
2253 1207 2328 1243 hoc
2356 1206 2512 1256 ponitur

1407 1304 1409 1314 k
1435 1271 1524 1308 pars
1552 1259 1839 1308 temperantiae.
1876 1259 1953 1297 Sed
1982 1267 2170 1308 quantum
2199 1259 2249 1297 ad
2277 1259 2510 1307 secundum,

1436 1313 1519 1350 laus
1546 1312 1660 1349 huius
1679 1312 1827 1349 virtutis
1856 1312 2025 1350 consistit
2052 1313 2091 1350 in
2112 1313 2282 1362 quadam
2302 1314 2511 1352 vehemen-

1435 1366 1487 1403 tia
1514 1365 1732 1403 intentionis
1760 1366 1810 1403 ad
1833 1366 2030 1403 scientiam
2051 1378 2180 1404 rerum
2200 1367 2510 1416 percipiendam:

1437 1427 1474 1456 et
1502 1432 1548 1456 ex
1575 1420 1650 1456 hoc
1679 1419 1912 1456 nominatur.
1942 1420 2117 1457 Primum
2138 1427 2267 1458 autem
2297 1429 2354 1458 est
2382 1433 2512 1458 essen-

1435 1473 1558 1510 tialius
1588 1473 1674 1510 huic
1702 1472 1831 1510 virtuti
1860 1485 1978 1521 quam
2008 1474 2236 1511 secundum.
2266 1474 2370 1511 Nam
2395 1485 2513 1524 appe-

1435 1526 1524 1564 titus
1553 1526 1811 1574 cognoscendi
1839 1539 1908 1575 per
1927 1539 1968 1564 se
1994 1527 2145 1576 respicit
2173 1527 2445 1576 cognitionem,
2461 1527 2511 1565 ad

1437 1592 1554 1629 quam
1575 1579 1773 1617 ordinatur
1800 1579 2030 1618 studiositas.
2061 1581 2140 1618 Sed
2159 1581 2268 1618 labor
2291 1580 2512 1619 addiscendi

1437 1641 1494 1670 est
1521 1633 1843 1682 impedimentum
1882 1634 2080 1682 quoddam
2119 1634 2368 1683 cognitionis:
2406 1634 2511 1672 unde

1437 1686 1634 1735 respicitur
1671 1687 1720 1724 ab
1748 1691 1764 1716 Ὺ
1797 1687 1870 1724 hac
1904 1687 2042 1725 virtute
2075 1699 2145 1737 per
2172 1687 2371 1735 accidens,
2402 1687 2512 1738 quasi

1436 1741 1676 1777 removendo
1706 1740 1927 1789 prohibens.

1486 1961 1514 1994 γ)
1533 1961 1607 1986 ab.-
1625 1960 1652 1985 in
1671 1960 1728 1989 Pla,
1747 1960 1851 1994 aliquid
1869 1960 1979 1991 (habere
1998 1960 2118 1992 virtutis)
2138 1960 2175 1992 D3
2194 1965 2223 1986 ut
2240 1968 2289 1986 uos
2309 1960 2342 1986 G.
