<?xml version="1.0" encoding="UTF-8"?>
<!DOCTYPE html PUBLIC "-//W3C//DTD XHTML 1.0 Transitional//EN"
    "http://www.w3.org/TR/xhtml1/DTD/xhtml1-transitional.dtd">
<html xmlns="http://www.w3.org/1999/xhtml" xml:lang="en" lang="en">
 <head>
  <title>
</title>
<meta http-equiv="Content-Type" content="text/html;charset=utf-8" />
  <meta name='ocr-system' content='tesseract 3.04.00' />
  <meta name='ocr-capabilities' content='ocr_page ocr_carea ocr_par ocr_line ocrx_word'/>
</head>
<body>
  <div class='ocr_page' id='page_1' title='image "./operaomniaiussui10thom_0103.png"; bbox 0 0 2768 4198; ppageno 0'>
   <div class='ocr_carea' id='block_1_1' title="bbox 44 772 182 795">
    <p class='ocr_par' dir='ltr' id='par_1_1' title="bbox 44 772 182 795">
     <span class='ocr_line' id='line_1_1' title="bbox 44 772 182 795; baseline -0.007 1"><span class='ocrx_word' id='word_1_1' title='bbox 44 772 57 784; x_wconf 73' lang='lat'><strong><em>⁴</em></strong></span> <span class='ocrx_word' id='word_1_2' title='bbox 70 773 140 795; x_wconf 79' lang='lat' dir='ltr'>Num.</span> <span class='ocrx_word' id='word_1_3' title='bbox 156 778 182 795; x_wconf 85' lang='lat' dir='ltr'>n.</span> 
     </span>
    </p>
   </div>
   <div class='ocr_carea' id='block_1_2' title="bbox 0 1446 29 2096">
    <p class='ocr_par' dir='ltr' id='par_1_2' title="bbox 0 1446 29 2096">
     <span class='ocr_line' id='line_1_2' title="bbox 0 1446 29 2096; baseline 0 2102"><span class='ocrx_word' id='word_1_4' title='bbox 0 1446 29 2096; x_wconf 95' lang='lat' dir='ltr'> </span> 
     </span>
    </p>
   </div>
   <div class='ocr_carea' id='block_1_3' title="bbox 16 2996 263 3044">
    <p class='ocr_par' dir='ltr' id='par_1_3' title="bbox 0 2996 263 3050">
     <span class='ocr_line' id='line_1_3' title="bbox 16 2996 263 3044; baseline -0.004 -6.061"><span class='ocrx_word' id='word_1_5' title='bbox 16 2996 18 2999; x_wconf 62' lang='lat'>&gt;</span> <span class='ocrx_word' id='word_1_6' title='bbox 50 3015 62 3027; x_wconf 77' lang='lat'>⁸</span> <span class='ocrx_word' id='word_1_7' title='bbox 73 3015 98 3037; x_wconf 78' lang='lat'>1⁸</span> <span class='ocrx_word' id='word_1_8' title='bbox 112 3015 166 3042; x_wconf 58' lang='lat'>11⁸,</span> <span class='ocrx_word' id='word_1_9' title='bbox 176 3021 215 3044; x_wconf 85' lang='lat' dir='ltr'>qu.</span> <span class='ocrx_word' id='word_1_10' title='bbox 226 3021 263 3043; x_wconf 75' lang='grc' dir='ltr'>ιν,</span> 
     </span>
    </p>
   </div>
   <div class='ocr_carea' id='block_1_4' title="bbox 136 3128 265 3171">
    <p class='ocr_par' dir='ltr' id='par_1_4' title="bbox 136 3128 265 3171">
     <span class='ocr_line' id='line_1_4' title="bbox 136 3128 265 3171; baseline -0.008 0"><span class='ocrx_word' id='word_1_11' title='bbox 136 3128 203 3171; x_wconf 61' lang='lat'>¹523:</span> <span class='ocrx_word' id='word_1_12' title='bbox 210 3128 247 3170; x_wconf 64' lang='lat'>³¹⁴?</span> <span class='ocrx_word' id='word_1_13' title='bbox 253 3133 265 3139; x_wconf 85' lang='lat'>&#39;</span> 
     </span>
    </p>
   </div>
   <div class='ocr_carea' id='block_1_5' title="bbox 0 3123 135 3173">
    <p class='ocr_par' dir='ltr' id='par_1_5' title="bbox 0 3123 135 3173">
     <span class='ocr_line' id='line_1_5' title="bbox 0 3123 135 3173; baseline -0.015 0"><span class='ocrx_word' id='word_1_14' title='bbox 0 3127 5 3148; x_wconf 76' lang='grc'>’·’</span> <span class='ocrx_word' id='word_1_15' title='bbox 50 3123 135 3173; x_wconf 58' lang='lat' dir='ltr'>§.Ca</span> 
     </span>
    </p>
   </div>
   <div class='ocr_carea' id='block_1_6' title="bbox 940 247 1824 295">
    <p class='ocr_par' dir='ltr' id='par_1_6' title="bbox 940 247 1824 295">
     <span class='ocr_line' id='line_1_6' title="bbox 940 247 1824 295; baseline -0.001 -11"><span class='ocrx_word' id='word_1_16' title='bbox 940 248 1209 295; x_wconf 88' lang='lat' dir='ltr'>QUAESTIO</span> <span class='ocrx_word' id='word_1_17' title='bbox 1241 248 1417 295; x_wconf 80' lang='lat' dir='ltr'>CXXIX,</span> <span class='ocrx_word' id='word_1_18' title='bbox 1448 247 1746 285; x_wconf 85' lang='lat' dir='ltr'>ARTICULUS</span> <span class='ocrx_word' id='word_1_19' title='bbox 1778 248 1824 283; x_wconf 93' lang='lat' dir='ltr'>III</span> 
     </span>
    </p>
   </div>
   <div class='ocr_carea' id='block_1_7' title="bbox 284 326 1365 591">
    <p class='ocr_par' dir='ltr' id='par_1_7' title="bbox 284 326 1365 591">
     <span class='ocr_line' id='line_1_7' title="bbox 286 326 1364 370; baseline -0.002 -11"><span class='ocrx_word' id='word_1_20' title='bbox 286 329 449 370; x_wconf 82' lang='lat' dir='ltr'>passiones</span> <span class='ocrx_word' id='word_1_21' title='bbox 473 328 651 358; x_wconf 89' lang='lat' dir='ltr'>secundum</span> <span class='ocrx_word' id='word_1_22' title='bbox 676 338 749 358; x_wconf 88' lang='lat' dir='ltr'>suas</span> <span class='ocrx_word' id='word_1_23' title='bbox 774 327 904 368; x_wconf 90' lang='lat' dir='ltr'>species,</span> <span class='ocrx_word' id='word_1_24' title='bbox 926 334 1004 368; x_wconf 87' lang='lat' dir='ltr'>puta</span> <span class='ocrx_word' id='word_1_25' title='bbox 1028 327 1234 367; x_wconf 87' lang='lat' dir='ltr'>cupiditatem</span> <span class='ocrx_word' id='word_1_26' title='bbox 1260 334 1290 357; x_wconf 91' lang='lat' dir='ltr'>et</span> <span class='ocrx_word' id='word_1_27' title='bbox 1314 326 1364 357; x_wconf 92' lang='lat' dir='ltr'>tri-</span> 
     </span>
     <span class='ocr_line' id='line_1_8' title="bbox 285 372 1364 413; baseline -0.002 -9"><span class='ocrx_word' id='word_1_28' title='bbox 285 373 412 409; x_wconf 85' lang='lat' dir='ltr'>stitiam,</span> <span class='ocrx_word' id='word_1_29' title='bbox 430 379 514 403; x_wconf 85' lang='lat' dir='ltr'>extra</span> <span class='ocrx_word' id='word_1_30' title='bbox 530 373 734 413; x_wconf 89' lang='lat' dir='ltr'>propositum</span> <span class='ocrx_word' id='word_1_31' title='bbox 751 372 948 413; x_wconf 84' lang='lat' dir='ltr'>quaestionis</span> <span class='ocrx_word' id='word_1_32' title='bbox 967 378 1023 402; x_wconf 90' lang='lat' dir='ltr'>est.</span> <span class='ocrx_word' id='word_1_33' title='bbox 1050 372 1090 402; x_wconf 89' lang='lat' dir='ltr'>Et</span> <span class='ocrx_word' id='word_1_34' title='bbox 1109 372 1252 402; x_wconf 91' lang='lat' dir='ltr'>similiter</span> <span class='ocrx_word' id='word_1_35' title='bbox 1270 381 1364 412; x_wconf 89' lang='lat' dir='ltr'>quar-</span> 
     </span>
     <span class='ocr_line' id='line_1_9' title="bbox 285 416 1364 457; baseline -0.003 -8"><span class='ocrx_word' id='word_1_36' title='bbox 285 425 354 449; x_wconf 91' lang='lat' dir='ltr'>tum</span> <span class='ocrx_word' id='word_1_37' title='bbox 367 441 375 454; x_wconf 88' lang='lat'>,</span> <span class='ocrx_word' id='word_1_38' title='bbox 401 417 656 448; x_wconf 84' lang='lat' dir='ltr'>convenientiam</span> <span class='ocrx_word' id='word_1_39' title='bbox 676 416 807 447; x_wconf 84' lang='lat' dir='ltr'>afferens</span> <span class='ocrx_word' id='word_1_40' title='bbox 832 417 1043 447; x_wconf 88' lang='lat' dir='ltr'>obiectorum.</span> <span class='ocrx_word' id='word_1_41' title='bbox 1069 416 1188 447; x_wconf 91' lang='lat' dir='ltr'>Omnia</span> <span class='ocrx_word' id='word_1_42' title='bbox 1205 416 1364 457; x_wconf 82' lang='lat' dir='ltr'>siquidem</span> 
     </span>
     <span class='ocr_line' id='line_1_10' title="bbox 284 461 1365 502; baseline -0.002 -9"><span class='ocrx_word' id='word_1_43' title='bbox 284 462 362 493; x_wconf 88' lang='lat' dir='ltr'>haec</span> <span class='ocrx_word' id='word_1_44' title='bbox 378 472 396 492; x_wconf 87' lang='lat' dir='ltr'>a</span> <span class='ocrx_word' id='word_1_45' title='bbox 412 461 652 502; x_wconf 89' lang='lat' dir='ltr'>comparatione</span> <span class='ocrx_word' id='word_1_46' title='bbox 668 461 790 492; x_wconf 86' lang='lat' dir='ltr'>litterae</span> <span class='ocrx_word' id='word_1_47' title='bbox 805 461 901 501; x_wconf 89' lang='lat' dir='ltr'>longe</span> <span class='ocrx_word' id='word_1_48' title='bbox 922 468 1005 492; x_wconf 88' lang='lat' dir='ltr'>sunt.</span> <span class='ocrx_word' id='word_1_49' title='bbox 1031 461 1208 498; x_wconf 79' lang='lat' dir='ltr'>Quoniam,</span> <span class='ocrx_word' id='word_1_50' title='bbox 1227 468 1262 492; x_wconf 87' lang='lat' dir='ltr'>ut</span> <span class='ocrx_word' id='word_1_51' title='bbox 1277 468 1365 501; x_wconf 88' lang='lat' dir='ltr'>patet</span> 
     </span>
     <span class='ocr_line' id='line_1_11' title="bbox 285 506 1365 547; baseline 0 -11"><span class='ocrx_word' id='word_1_52' title='bbox 285 517 323 537; x_wconf 86' lang='lat' dir='ltr'>ex</span> <span class='ocrx_word' id='word_1_53' title='bbox 346 506 446 543; x_wconf 90' lang='lat' dir='ltr'>dictis,</span> <span class='ocrx_word' id='word_1_54' title='bbox 463 506 495 536; x_wconf 93' lang='lat' dir='ltr'>in</span> <span class='ocrx_word' id='word_1_55' title='bbox 511 506 615 537; x_wconf 87' lang='lat' dir='ltr'>littera</span> <span class='ocrx_word' id='word_1_56' title='bbox 640 513 868 547; x_wconf 88' lang='lat' dir='ltr'>comparantur</span> <span class='ocrx_word' id='word_1_57' title='bbox 883 506 1047 547; x_wconf 81' lang='lat' dir='ltr'>passiones</span> <span class='ocrx_word' id='word_1_58' title='bbox 1070 506 1218 547; x_wconf 87' lang='lat' dir='ltr'>integrae,</span> <span class='ocrx_word' id='word_1_59' title='bbox 1235 506 1296 536; x_wconf 90' lang='lat' dir='ltr'>hoc</span> <span class='ocrx_word' id='word_1_60' title='bbox 1318 513 1365 536; x_wconf 87' lang='lat' dir='ltr'>est</span> 
     </span>
     <span class='ocr_line' id='line_1_12' title="bbox 286 550 1364 591; baseline -0.002 -9"><span class='ocrx_word' id='word_1_61' title='bbox 286 561 361 582; x_wconf 90' lang='lat' dir='ltr'>cum</span> <span class='ocrx_word' id='word_1_62' title='bbox 376 551 493 581; x_wconf 89' lang='lat' dir='ltr'>talibus</span> <span class='ocrx_word' id='word_1_63' title='bbox 517 550 659 587; x_wconf 90' lang='lat' dir='ltr'>obiectis,</span> <span class='ocrx_word' id='word_1_64' title='bbox 677 550 880 591; x_wconf 83' lang='lat' dir='ltr'>passionibus</span> <span class='ocrx_word' id='word_1_65' title='bbox 896 551 1034 591; x_wconf 85' lang='lat' dir='ltr'>integris,</span> <span class='ocrx_word' id='word_1_66' title='bbox 1052 551 1114 581; x_wconf 93' lang='lat' dir='ltr'>hoc</span> <span class='ocrx_word' id='word_1_67' title='bbox 1135 558 1181 581; x_wconf 89' lang='lat' dir='ltr'>est</span> <span class='ocrx_word' id='word_1_68' title='bbox 1196 561 1270 581; x_wconf 91' lang='lat' dir='ltr'>cum</span> <span class='ocrx_word' id='word_1_69' title='bbox 1295 550 1364 580; x_wconf 91' lang='lat' dir='ltr'>aliis</span> 
     </span>
    </p>
   </div>
   <div class='ocr_carea' id='block_1_8' title="bbox 285 595 1389 637">
    <p class='ocr_par' dir='ltr' id='par_1_8' title="bbox 285 595 1389 637">
     <span class='ocr_line' id='line_1_13' title="bbox 285 595 1389 637; baseline 0 -11"><span class='ocrx_word' id='word_1_70' title='bbox 285 595 434 632; x_wconf 89' lang='lat' dir='ltr'>obiectis,</span> <span class='ocrx_word' id='word_1_71' title='bbox 462 595 496 626; x_wconf 89' lang='lat' dir='ltr'>in</span> <span class='ocrx_word' id='word_1_72' title='bbox 519 595 582 626; x_wconf 91' lang='lat' dir='ltr'>hoc</span> <span class='ocrx_word' id='word_1_73' title='bbox 605 596 695 636; x_wconf 92' lang='lat' dir='ltr'>quod</span> <span class='ocrx_word' id='word_1_74' title='bbox 720 602 766 626; x_wconf 87' lang='lat' dir='ltr'>est</span> <span class='ocrx_word' id='word_1_75' title='bbox 794 595 936 626; x_wconf 90' lang='lat' dir='ltr'>resistere</span> <span class='ocrx_word' id='word_1_76' title='bbox 967 595 1182 637; x_wconf 79' lang='lat' dir='ltr'>principaliter</span> <span class='ocrx_word' id='word_1_77' title='bbox 1206 606 1243 626; x_wconf 87' lang='lat' dir='ltr'>ex</span> <span class='ocrx_word' id='word_1_78' title='bbox 1277 601 1364 635; x_wconf 88' lang='lat' dir='ltr'>parte</span> <span class='ocrx_word' id='word_1_79' title='bbox 1388 605 1389 629; x_wconf 61' lang='grc' dir='ltr'>ι</span> 
     </span>
    </p>
   </div>
   <div class='ocr_carea' id='block_1_9' title="bbox 283 639 1365 1218">
    <p class='ocr_par' dir='ltr' id='par_1_9' title="bbox 285 639 1364 770">
     <span class='ocr_line' id='line_1_14' title="bbox 285 639 1364 681; baseline -0.001 -11"><span class='ocrx_word' id='word_1_80' title='bbox 285 640 454 681; x_wconf 82' lang='lat' dir='ltr'>passionis,</span> <span class='ocrx_word' id='word_1_81' title='bbox 468 640 550 670; x_wconf 89' lang='lat' dir='ltr'>idest</span> <span class='ocrx_word' id='word_1_82' title='bbox 573 640 847 671; x_wconf 81' lang='lat' dir='ltr'>transmutationis</span> <span class='ocrx_word' id='word_1_83' title='bbox 871 641 1055 680; x_wconf 86' lang='lat' dir='ltr'>corporalis,</span> <span class='ocrx_word' id='word_1_84' title='bbox 1076 641 1126 671; x_wconf 89' lang='lat' dir='ltr'>vel</span> <span class='ocrx_word' id='word_1_85' title='bbox 1151 639 1364 680; x_wconf 86' lang='lat' dir='ltr'>principaliter</span> 
     </span>
     <span class='ocr_line' id='line_1_15' title="bbox 286 684 1364 725; baseline -0.002 -9"><span class='ocrx_word' id='word_1_86' title='bbox 286 695 323 716; x_wconf 84' lang='lat' dir='ltr'>ex</span> <span class='ocrx_word' id='word_1_87' title='bbox 346 692 434 725; x_wconf 86' lang='lat' dir='ltr'>parte</span> <span class='ocrx_word' id='word_1_88' title='bbox 463 684 589 716; x_wconf 89' lang='lat' dir='ltr'>obiecti.</span> <span class='ocrx_word' id='word_1_89' title='bbox 614 684 701 716; x_wconf 91' lang='lat' dir='ltr'>Cum</span> <span class='ocrx_word' id='word_1_90' title='bbox 733 685 791 716; x_wconf 88' lang='lat' dir='ltr'>hac</span> <span class='ocrx_word' id='word_1_91' title='bbox 815 685 900 715; x_wconf 89' lang='lat' dir='ltr'>enim</span> <span class='ocrx_word' id='word_1_92' title='bbox 932 685 1105 716; x_wconf 86' lang='lat' dir='ltr'>differentia</span> <span class='ocrx_word' id='word_1_93' title='bbox 1137 691 1220 716; x_wconf 90' lang='lat' dir='ltr'>stant</span> <span class='ocrx_word' id='word_1_94' title='bbox 1251 693 1364 715; x_wconf 91' lang='lat' dir='ltr'>omnes</span> 
     </span>
     <span class='ocr_line' id='line_1_16' title="bbox 285 729 860 770; baseline 0.002 -11"><span class='ocrx_word' id='word_1_95' title='bbox 285 729 525 760; x_wconf 85' lang='lat' dir='ltr'>convenientiae</span> <span class='ocrx_word' id='word_1_96' title='bbox 549 730 714 770; x_wconf 88' lang='lat' dir='ltr'>arguendo</span> <span class='ocrx_word' id='word_1_97' title='bbox 739 730 860 761; x_wconf 89' lang='lat' dir='ltr'>allatae.</span> 
     </span>
    </p>

    <p class='ocr_par' dir='ltr' id='par_1_10' title="bbox 283 773 1365 1218">
     <span class='ocr_line' id='line_1_17' title="bbox 341 773 1363 815; baseline 0 -11"><span class='ocrx_word' id='word_1_98' title='bbox 341 774 396 805; x_wconf 89' lang='lat' dir='ltr'>VI.</span> <span class='ocrx_word' id='word_1_99' title='bbox 413 774 463 804; x_wconf 91' lang='lat' dir='ltr'>Ad</span> <span class='ocrx_word' id='word_1_100' title='bbox 488 783 525 804; x_wconf 89' lang='lat' dir='ltr'>ea</span> <span class='ocrx_word' id='word_1_101' title='bbox 547 780 656 804; x_wconf 89' lang='lat' dir='ltr'>autem</span> <span class='ocrx_word' id='word_1_102' title='bbox 681 784 764 815; x_wconf 87' lang='lat' dir='ltr'>quae</span> <span class='ocrx_word' id='word_1_103' title='bbox 785 774 940 805; x_wconf 89' lang='lat' dir='ltr'>Martinus</span> <span class='ocrx_word' id='word_1_104' title='bbox 962 775 1104 805; x_wconf 89' lang='lat' dir='ltr'>secundo</span> <span class='ocrx_word' id='word_1_105' title='bbox 1121 774 1194 804; x_wconf 87' lang='lat' dir='ltr'>loco</span> <span class='ocrx_word' id='word_1_106' title='bbox 1212 774 1322 805; x_wconf 92' lang='lat' dir='ltr'>obiicit</span> <span class='ocrx_word' id='word_1_107' title='bbox 1335 773 1363 810; x_wconf 81' lang='lat'>*,</span> 
     </span>
     <span class='ocr_line' id='line_1_18' title="bbox 285 818 1364 859; baseline 0.001 -11"><span class='ocrx_word' id='word_1_108' title='bbox 285 818 402 850; x_wconf 88' lang='lat' dir='ltr'>dicitur</span> <span class='ocrx_word' id='word_1_109' title='bbox 419 819 508 859; x_wconf 92' lang='lat' dir='ltr'>quod</span> <span class='ocrx_word' id='word_1_110' title='bbox 527 828 593 849; x_wconf 91' lang='lat' dir='ltr'>non</span> <span class='ocrx_word' id='word_1_111' title='bbox 617 826 728 850; x_wconf 87' lang='lat' dir='ltr'>contra</span> <span class='ocrx_word' id='word_1_112' title='bbox 744 822 920 850; x_wconf 87' lang='lat' dir='ltr'>Auctorem</span> <span class='ocrx_word' id='word_1_113' title='bbox 937 820 1017 850; x_wconf 92' lang='lat' dir='ltr'>bene</span> <span class='ocrx_word' id='word_1_114' title='bbox 1040 819 1236 849; x_wconf 89' lang='lat' dir='ltr'>intellectum</span> <span class='ocrx_word' id='word_1_115' title='bbox 1254 829 1364 859; x_wconf 91' lang='lat' dir='ltr'>proce-</span> 
     </span>
     <span class='ocr_line' id='line_1_19' title="bbox 285 863 1363 903; baseline -0.001 -9"><span class='ocrx_word' id='word_1_116' title='bbox 285 863 376 894; x_wconf 87' lang='lat' dir='ltr'>dunt.</span> <span class='ocrx_word' id='word_1_117' title='bbox 408 864 491 894; x_wconf 88' lang='lat' dir='ltr'>Nam</span> <span class='ocrx_word' id='word_1_118' title='bbox 523 874 591 894; x_wconf 90' lang='lat' dir='ltr'>non</span> <span class='ocrx_word' id='word_1_119' title='bbox 622 864 757 895; x_wconf 87' lang='lat' dir='ltr'>intendit</span> <span class='ocrx_word' id='word_1_120' title='bbox 786 867 909 895; x_wconf 82' lang='lat' dir='ltr'>Auctor</span> <span class='ocrx_word' id='word_1_121' title='bbox 939 863 1122 894; x_wconf 85' lang='lat' dir='ltr'>subtrahere</span> <span class='ocrx_word' id='word_1_122' title='bbox 1149 873 1260 903; x_wconf 89' lang='lat' dir='ltr'>parvas</span> <span class='ocrx_word' id='word_1_123' title='bbox 1288 863 1363 900; x_wconf 86' lang='lat' dir='ltr'>iras,</span> 
     </span>
     <span class='ocr_line' id='line_1_20' title="bbox 286 908 1364 950; baseline 0 -12"><span class='ocrx_word' id='word_1_124' title='bbox 286 918 401 948; x_wconf 89' lang='lat' dir='ltr'>parvos</span> <span class='ocrx_word' id='word_1_125' title='bbox 425 908 567 945; x_wconf 85' lang='lat' dir='ltr'>timores,</span> <span class='ocrx_word' id='word_1_126' title='bbox 591 918 769 949; x_wconf 88' lang='lat' dir='ltr'>parvasque</span> <span class='ocrx_word' id='word_1_127' title='bbox 800 908 1074 950; x_wconf 85' lang='lat' dir='ltr'>concupiscentias</span> <span class='ocrx_word' id='word_1_128' title='bbox 1100 908 1239 938; x_wconf 85' lang='lat' dir='ltr'>carnales</span> <span class='ocrx_word' id='word_1_129' title='bbox 1262 919 1280 938; x_wconf 91' lang='lat' dir='ltr'>a</span> <span class='ocrx_word' id='word_1_130' title='bbox 1304 908 1364 938; x_wconf 90' lang='lat' dir='ltr'>vir-</span> 
     </span>
     <span class='ocr_line' id='line_1_21' title="bbox 285 952 1364 992; baseline -0.001 -9"><span class='ocrx_word' id='word_1_131' title='bbox 285 952 361 983; x_wconf 91' lang='lat' dir='ltr'>tutis</span> <span class='ocrx_word' id='word_1_132' title='bbox 383 953 612 989; x_wconf 85' lang='lat' dir='ltr'>moderamine,</span> <span class='ocrx_word' id='word_1_133' title='bbox 630 960 666 983; x_wconf 92' lang='lat' dir='ltr'>ut</span> <span class='ocrx_word' id='word_1_134' title='bbox 681 953 739 984; x_wconf 90' lang='lat' dir='ltr'>iste</span> <span class='ocrx_word' id='word_1_135' title='bbox 756 953 925 984; x_wconf 85' lang='lat' dir='ltr'>intellexit:</span> <span class='ocrx_word' id='word_1_136' title='bbox 950 954 1005 984; x_wconf 92' lang='lat' dir='ltr'>sed</span> <span class='ocrx_word' id='word_1_137' title='bbox 1024 952 1159 983; x_wconf 90' lang='lat' dir='ltr'>intendit</span> <span class='ocrx_word' id='word_1_138' title='bbox 1174 953 1264 992; x_wconf 90' lang='lat' dir='ltr'>quod</span> <span class='ocrx_word' id='word_1_139' title='bbox 1285 952 1364 983; x_wconf 90' lang='lat' dir='ltr'>circa</span> 
     </span>
     <span class='ocr_line' id='line_1_22' title="bbox 285 996 1365 1038; baseline -0.001 -11"><span class='ocrx_word' id='word_1_140' title='bbox 285 997 444 1038; x_wconf 89' lang='lat' dir='ltr'>praedicta</span> <span class='ocrx_word' id='word_1_141' title='bbox 468 1008 565 1038; x_wconf 87' lang='lat' dir='ltr'>parva</span> <span class='ocrx_word' id='word_1_142' title='bbox 585 998 672 1028; x_wconf 92' lang='lat' dir='ltr'>nulla</span> <span class='ocrx_word' id='word_1_143' title='bbox 698 1005 744 1029; x_wconf 92' lang='lat' dir='ltr'>est</span> <span class='ocrx_word' id='word_1_144' title='bbox 766 998 866 1029; x_wconf 90' lang='lat' dir='ltr'>virtus</span> <span class='ocrx_word' id='word_1_145' title='bbox 889 997 1084 1038; x_wconf 91' lang='lat' dir='ltr'>simpliciter,</span> <span class='ocrx_word' id='word_1_146' title='bbox 1105 1004 1259 1037; x_wconf 83' lang='lat' dir='ltr'>tanquam</span> <span class='ocrx_word' id='word_1_147' title='bbox 1284 996 1365 1027; x_wconf 91' lang='lat' dir='ltr'>circa</span> 
     </span>
     <span class='ocr_line' id='line_1_23' title="bbox 283 1041 1363 1083; baseline -0.002 -11"><span class='ocrx_word' id='word_1_148' title='bbox 283 1042 451 1072; x_wconf 86' lang='lat' dir='ltr'>materiam</span> <span class='ocrx_word' id='word_1_149' title='bbox 472 1042 636 1083; x_wconf 88' lang='lat' dir='ltr'>propriam</span> <span class='ocrx_word' id='word_1_150' title='bbox 653 1042 847 1083; x_wconf 87' lang='lat' dir='ltr'>simpliciter.</span> <span class='ocrx_word' id='word_1_151' title='bbox 873 1042 959 1074; x_wconf 91' lang='lat' dir='ltr'>Cum</span> <span class='ocrx_word' id='word_1_152' title='bbox 983 1052 1050 1082; x_wconf 92' lang='lat' dir='ltr'>quo</span> <span class='ocrx_word' id='word_1_153' title='bbox 1075 1048 1182 1072; x_wconf 87' lang='lat' dir='ltr'>tamen</span> <span class='ocrx_word' id='word_1_154' title='bbox 1202 1047 1263 1071; x_wconf 90' lang='lat' dir='ltr'>stat</span> <span class='ocrx_word' id='word_1_155' title='bbox 1275 1041 1363 1082; x_wconf 92' lang='lat' dir='ltr'>quod</span> 
     </span>
     <span class='ocr_line' id='line_1_24' title="bbox 285 1085 1365 1128; baseline -0.001 -12"><span class='ocrx_word' id='word_1_156' title='bbox 285 1086 367 1117; x_wconf 90' lang='lat' dir='ltr'>circa</span> <span class='ocrx_word' id='word_1_157' title='bbox 389 1087 548 1128; x_wconf 87' lang='lat' dir='ltr'>praedicta</span> <span class='ocrx_word' id='word_1_158' title='bbox 571 1094 724 1128; x_wconf 89' lang='lat' dir='ltr'>tanquam</span> <span class='ocrx_word' id='word_1_159' title='bbox 748 1088 845 1118; x_wconf 88' lang='lat' dir='ltr'>relata</span> <span class='ocrx_word' id='word_1_160' title='bbox 867 1087 907 1117; x_wconf 89' lang='lat' dir='ltr'>ad</span> <span class='ocrx_word' id='word_1_161' title='bbox 931 1086 1094 1127; x_wconf 87' lang='lat' dir='ltr'>propriam</span> <span class='ocrx_word' id='word_1_162' title='bbox 1118 1085 1300 1121; x_wconf 75' lang='lat' dir='ltr'>materiam,</span> <span class='ocrx_word' id='word_1_163' title='bbox 1326 1085 1365 1115; x_wconf 91' lang='lat' dir='ltr'>sit</span> 
     </span>
     <span class='ocr_line' id='line_1_25' title="bbox 285 1130 1364 1173; baseline -0.002 -12"><span class='ocrx_word' id='word_1_164' title='bbox 285 1131 399 1162; x_wconf 88' lang='lat' dir='ltr'>virtus:</span> <span class='ocrx_word' id='word_1_165' title='bbox 423 1132 534 1168; x_wconf 87' lang='lat' dir='ltr'>virtus,</span> <span class='ocrx_word' id='word_1_166' title='bbox 549 1132 693 1173; x_wconf 89' lang='lat' dir='ltr'>inquam,</span> <span class='ocrx_word' id='word_1_167' title='bbox 714 1142 781 1163; x_wconf 89' lang='lat' dir='ltr'>non</span> <span class='ocrx_word' id='word_1_168' title='bbox 797 1132 868 1168; x_wconf 87' lang='lat' dir='ltr'>alia,</span> <span class='ocrx_word' id='word_1_169' title='bbox 893 1131 948 1162; x_wconf 90' lang='lat' dir='ltr'>sed</span> <span class='ocrx_word' id='word_1_170' title='bbox 967 1131 1098 1161; x_wconf 86' lang='lat' dir='ltr'>illamet.</span> <span class='ocrx_word' id='word_1_171' title='bbox 1119 1130 1164 1160; x_wconf 87' lang='lat' dir='ltr'>Ita</span> <span class='ocrx_word' id='word_1_172' title='bbox 1179 1130 1269 1170; x_wconf 89' lang='lat' dir='ltr'>quod</span> <span class='ocrx_word' id='word_1_173' title='bbox 1285 1136 1364 1159; x_wconf 90' lang='lat' dir='ltr'>tem-</span> 
     </span>
     <span class='ocr_line' id='line_1_26' title="bbox 285 1173 1364 1218; baseline -0.004 -11"><span class='ocrx_word' id='word_1_174' title='bbox 285 1177 445 1217; x_wconf 87' lang='lat' dir='ltr'>perantia,</span> <span class='ocrx_word' id='word_1_175' title='bbox 469 1177 556 1208; x_wconf 89' lang='lat' dir='ltr'>verbi</span> <span class='ocrx_word' id='word_1_176' title='bbox 580 1176 692 1217; x_wconf 87' lang='lat' dir='ltr'>gratia,</span> <span class='ocrx_word' id='word_1_177' title='bbox 717 1186 800 1218; x_wconf 90' lang='lat' dir='ltr'>quae</span> <span class='ocrx_word' id='word_1_178' title='bbox 824 1175 1008 1216; x_wconf 90' lang='lat' dir='ltr'>simpliciter</span> <span class='ocrx_word' id='word_1_179' title='bbox 1036 1182 1083 1205; x_wconf 91' lang='lat' dir='ltr'>est</span> <span class='ocrx_word' id='word_1_180' title='bbox 1106 1174 1187 1204; x_wconf 90' lang='lat' dir='ltr'>circa</span> <span class='ocrx_word' id='word_1_181' title='bbox 1210 1173 1364 1204; x_wconf 85' lang='lat' dir='ltr'>maximas</span> 
     </span>
    </p>
   </div>
   <div class='ocr_carea' id='block_1_10' title="bbox 285 1218 1395 1262">
    <p class='ocr_par' dir='ltr' id='par_1_11' title="bbox 285 1218 1395 1262">
     <span class='ocr_line' id='line_1_27' title="bbox 285 1218 1395 1262; baseline -0.004 -10"><span class='ocrx_word' id='word_1_182' title='bbox 285 1221 387 1252; x_wconf 89' lang='lat' dir='ltr'>carnis</span> <span class='ocrx_word' id='word_1_183' title='bbox 425 1222 668 1258; x_wconf 87' lang='lat' dir='ltr'>delectationes,</span> <span class='ocrx_word' id='word_1_184' title='bbox 700 1228 855 1262; x_wconf 86' lang='lat' dir='ltr'>tanquam</span> <span class='ocrx_word' id='word_1_185' title='bbox 887 1220 968 1251; x_wconf 88' lang='lat' dir='ltr'>circa</span> <span class='ocrx_word' id='word_1_186' title='bbox 998 1219 1163 1250; x_wconf 89' lang='lat' dir='ltr'>materiam</span> <span class='ocrx_word' id='word_1_187' title='bbox 1201 1218 1363 1259; x_wconf 88' lang='lat' dir='ltr'>propriam</span> <span class='ocrx_word' id='word_1_188' title='bbox 1392 1247 1395 1249; x_wconf 88' lang='grc'><strong>,</strong></span> 
     </span>
    </p>
   </div>
   <div class='ocr_carea' id='block_1_11' title="bbox 286 1262 1366 1432">
    <p class='ocr_par' dir='ltr' id='par_1_12' title="bbox 286 1262 1364 1397">
     <span class='ocr_line' id='line_1_28' title="bbox 286 1262 1364 1308; baseline -0.006 -11"><span class='ocrx_word' id='word_1_189' title='bbox 286 1266 487 1306; x_wconf 89' lang='lat' dir='ltr'>simpliciter,</span> <span class='ocrx_word' id='word_1_190' title='bbox 519 1274 566 1308; x_wconf 79' lang='lat' dir='ltr'>est</span> <span class='ocrx_word' id='word_1_191' title='bbox 595 1266 691 1297; x_wconf 89' lang='lat' dir='ltr'>etiam</span> <span class='ocrx_word' id='word_1_192' title='bbox 715 1265 894 1296; x_wconf 90' lang='lat' dir='ltr'>secundum</span> <span class='ocrx_word' id='word_1_193' title='bbox 924 1264 1003 1307; x_wconf 90' lang='lat' dir='ltr'>quid</span> <span class='ocrx_word' id='word_1_194' title='bbox 1033 1263 1113 1294; x_wconf 91' lang='lat' dir='ltr'>circa</span> <span class='ocrx_word' id='word_1_195' title='bbox 1138 1272 1250 1303; x_wconf 89' lang='lat' dir='ltr'>parvas</span> <span class='ocrx_word' id='word_1_196' title='bbox 1279 1262 1364 1292; x_wconf 91' lang='lat' dir='ltr'>dele-</span> 
     </span>
     <span class='ocr_line' id='line_1_29' title="bbox 286 1307 1364 1351; baseline -0.006 -9"><span class='ocrx_word' id='word_1_197' title='bbox 286 1310 585 1347; x_wconf 33' lang='lat' dir='ltr'>crationesfca‘rnis,</span> <span class='ocrx_word' id='word_1_198' title='bbox 611 1318 766 1351; x_wconf 88' lang='lat' dir='ltr'>tanquam</span> <span class='ocrx_word' id='word_1_199' title='bbox 791 1309 872 1341; x_wconf 81' lang='lat' dir='ltr'>circa</span> <span class='ocrx_word' id='word_1_200' title='bbox 895 1308 1061 1339; x_wconf 86' lang='lat' dir='ltr'>materiam</span> <span class='ocrx_word' id='word_1_201' title='bbox 1085 1307 1229 1338; x_wconf 87' lang='lat' dir='ltr'>eiusdem</span> <span class='ocrx_word' id='word_1_202' title='bbox 1253 1316 1364 1337; x_wconf 86' lang='lat' dir='ltr'>secun-</span> 
     </span>
     <span class='ocr_line' id='line_1_30' title="bbox 286 1355 486 1397; baseline 0.005 -11"><span class='ocrx_word' id='word_1_203' title='bbox 286 1357 366 1387; x_wconf 90' lang='lat' dir='ltr'>dum</span> <span class='ocrx_word' id='word_1_204' title='bbox 397 1355 486 1397; x_wconf 90' lang='lat' dir='ltr'>quid.</span> 
     </span>
    </p>

    <p class='ocr_par' dir='ltr' id='par_1_13' title="bbox 343 1396 1366 1432">
     <span class='ocr_line' id='line_1_31' title="bbox 343 1396 1366 1432; baseline -0.007 0"><span class='ocrx_word' id='word_1_205' title='bbox 343 1401 434 1432; x_wconf 80' lang='lat' dir='ltr'>Patet</span> <span class='ocrx_word' id='word_1_206' title='bbox 456 1407 566 1431; x_wconf 85' lang='lat' dir='ltr'>autem</span> <span class='ocrx_word' id='word_1_207' title='bbox 589 1400 671 1430; x_wconf 90' lang='lat' dir='ltr'>hanc</span> <span class='ocrx_word' id='word_1_208' title='bbox 695 1409 763 1430; x_wconf 87' lang='lat' dir='ltr'>esse</span> <span class='ocrx_word' id='word_1_209' title='bbox 785 1408 893 1429; x_wconf 90' lang='lat' dir='ltr'>veram</span> <span class='ocrx_word' id='word_1_210' title='bbox 917 1396 1068 1428; x_wconf 86' lang='lat' dir='ltr'>Auctoris</span> <span class='ocrx_word' id='word_1_211' title='bbox 1091 1396 1304 1427; x_wconf 89' lang='lat' dir='ltr'>intentionem</span> <span class='ocrx_word' id='word_1_212' title='bbox 1329 1406 1366 1426; x_wconf 88' lang='lat' dir='ltr'>ex</span> 
     </span>
    </p>
   </div>
   <div class='ocr_carea' id='block_1_12' title="bbox 195 1441 1365 1485">
    <p class='ocr_par' dir='ltr' id='par_1_14' title="bbox 195 1441 1365 1485">
     <span class='ocr_line' id='line_1_32' title="bbox 195 1441 1365 1485; baseline -0.006 -8"><span class='ocrx_word' id='word_1_213' title='bbox 195 1452 205 1479; x_wconf 62' lang='lat'>²,</span> <span class='ocrx_word' id='word_1_214' title='bbox 253 1466 258 1472; x_wconf 91' lang='lat'>·</span> <span class='ocrx_word' id='word_1_215' title='bbox 287 1446 428 1477; x_wconf 85' lang='lat' dir='ltr'>duobus.</span> <span class='ocrx_word' id='word_1_216' title='bbox 452 1445 572 1480; x_wconf 88' lang='lat' dir='ltr'>Primo,</span> <span class='ocrx_word' id='word_1_217' title='bbox 589 1455 626 1475; x_wconf 84' lang='lat' dir='ltr'>ex</span> <span class='ocrx_word' id='word_1_218' title='bbox 642 1454 682 1475; x_wconf 90' lang='lat' dir='ltr'>eo</span> <span class='ocrx_word' id='word_1_219' title='bbox 701 1443 791 1485; x_wconf 91' lang='lat' dir='ltr'>quod</span> <span class='ocrx_word' id='word_1_220' title='bbox 807 1442 955 1483; x_wconf 91' lang='lat' dir='ltr'>superius</span> <span class='ocrx_word' id='word_1_221' title='bbox 969 1441 988 1461; x_wconf 86' lang='grc'>*</span> <span class='ocrx_word' id='word_1_222' title='bbox 1011 1451 1155 1481; x_wconf 87' lang='lat' dir='ltr'>expresse</span> <span class='ocrx_word' id='word_1_223' title='bbox 1175 1441 1253 1471; x_wconf 85' lang='lat' dir='ltr'>dixit</span> <span class='ocrx_word' id='word_1_224' title='bbox 1275 1441 1365 1482; x_wconf 92' lang='lat' dir='ltr'>quod</span> 
     </span>
    </p>
   </div>
   <div class='ocr_carea' id='block_1_13' title="bbox 244 1485 1365 1708">
    <p class='ocr_par' dir='ltr' id='par_1_15' title="bbox 244 1485 1365 1708">
     <span class='ocr_line' id='line_1_33' title="bbox 287 1485 1364 1530; baseline -0.006 -9"><span class='ocrx_word' id='word_1_225' title='bbox 287 1490 369 1523; x_wconf 87' lang='lat' dir='ltr'>circa</span> <span class='ocrx_word' id='word_1_226' title='bbox 384 1489 525 1530; x_wconf 86' lang='lat' dir='ltr'>pericula</span> <span class='ocrx_word' id='word_1_227' title='bbox 539 1488 600 1519; x_wconf 83' lang='lat' dir='ltr'>alia</span> <span class='ocrx_word' id='word_1_228' title='bbox 619 1496 666 1520; x_wconf 88' lang='lat' dir='ltr'>est</span> <span class='ocrx_word' id='word_1_229' title='bbox 685 1488 841 1519; x_wconf 89' lang='lat' dir='ltr'>fortitudo</span> <span class='ocrx_word' id='word_1_230' title='bbox 858 1486 1038 1518; x_wconf 87' lang='lat' dir='ltr'>secundum</span> <span class='ocrx_word' id='word_1_231' title='bbox 1054 1486 1142 1526; x_wconf 89' lang='lat' dir='ltr'>quid.</span> <span class='ocrx_word' id='word_1_232' title='bbox 1162 1503 1183 1509; x_wconf 92' lang='lat'>—</span> <span class='ocrx_word' id='word_1_233' title='bbox 1203 1485 1364 1521; x_wconf 89' lang='lat' dir='ltr'>Secundo,</span> 
     </span>
     <span class='ocr_line' id='line_1_34' title="bbox 287 1529 1364 1577; baseline -0.006 -11"><span class='ocrx_word' id='word_1_234' title='bbox 287 1545 325 1577; x_wconf 77' lang='lat' dir='ltr'>ex</span> <span class='ocrx_word' id='word_1_235' title='bbox 344 1544 383 1566; x_wconf 91' lang='lat' dir='ltr'>eo</span> <span class='ocrx_word' id='word_1_236' title='bbox 413 1534 503 1576; x_wconf 90' lang='lat' dir='ltr'>quod</span> <span class='ocrx_word' id='word_1_237' title='bbox 534 1533 579 1564; x_wconf 91' lang='lat' dir='ltr'>sic</span> <span class='ocrx_word' id='word_1_238' title='bbox 603 1533 718 1564; x_wconf 87' lang='lat' dir='ltr'>directe</span> <span class='ocrx_word' id='word_1_239' title='bbox 748 1532 953 1564; x_wconf 86' lang='lat' dir='ltr'>constituitur</span> <span class='ocrx_word' id='word_1_240' title='bbox 979 1530 1101 1562; x_wconf 91' lang='lat' dir='ltr'>intenta</span> <span class='ocrx_word' id='word_1_241' title='bbox 1131 1529 1305 1561; x_wconf 86' lang='lat' dir='ltr'>differentia</span> <span class='ocrx_word' id='word_1_242' title='bbox 1332 1530 1364 1560; x_wconf 89' lang='lat' dir='ltr'>in</span> 
     </span>
     <span class='ocr_line' id='line_1_35' title="bbox 285 1574 1365 1619; baseline -0.005 -9"><span class='ocrx_word' id='word_1_243' title='bbox 285 1579 388 1611; x_wconf 83' lang='lat' dir='ltr'>littera</span> <span class='ocrx_word' id='word_1_244' title='bbox 410 1578 493 1609; x_wconf 87' lang='lat' dir='ltr'>inter</span> <span class='ocrx_word' id='word_1_245' title='bbox 515 1578 646 1609; x_wconf 87' lang='lat' dir='ltr'>virtutes</span> <span class='ocrx_word' id='word_1_246' title='bbox 669 1587 752 1619; x_wconf 86' lang='lat' dir='ltr'>quae</span> <span class='ocrx_word' id='word_1_247' title='bbox 777 1584 852 1608; x_wconf 86' lang='lat' dir='ltr'>sunt</span> <span class='ocrx_word' id='word_1_248' title='bbox 875 1576 955 1608; x_wconf 89' lang='lat' dir='ltr'>circa</span> <span class='ocrx_word' id='word_1_249' title='bbox 984 1575 1124 1606; x_wconf 87' lang='lat' dir='ltr'>honores</span> <span class='ocrx_word' id='word_1_250' title='bbox 1148 1582 1179 1606; x_wconf 87' lang='lat' dir='ltr'>et</span> <span class='ocrx_word' id='word_1_251' title='bbox 1202 1574 1365 1615; x_wconf 88' lang='lat' dir='ltr'>pecunias,</span> 
     </span>
     <span class='ocr_line' id='line_1_36' title="bbox 244 1619 1365 1666; baseline -0.005 -11"><span class='ocrx_word' id='word_1_252' title='bbox 244 1631 260 1666; x_wconf 57' lang='grc' dir='ltr'>ᾖ</span> <span class='ocrx_word' id='word_1_253' title='bbox 286 1630 319 1655; x_wconf 72' lang='lat' dir='ltr'>et</span> <span class='ocrx_word' id='word_1_254' title='bbox 339 1624 473 1656; x_wconf 78' lang='lat' dir='ltr'>virtutes</span> <span class='ocrx_word' id='word_1_255' title='bbox 495 1633 578 1664; x_wconf 92' lang='lat' dir='ltr'>quae</span> <span class='ocrx_word' id='word_1_256' title='bbox 609 1630 684 1654; x_wconf 87' lang='lat' dir='ltr'>sunt</span> <span class='ocrx_word' id='word_1_257' title='bbox 707 1623 788 1653; x_wconf 90' lang='lat' dir='ltr'>circa</span> <span class='ocrx_word' id='word_1_258' title='bbox 811 1622 897 1652; x_wconf 88' lang='lat' dir='ltr'>bona</span> <span class='ocrx_word' id='word_1_259' title='bbox 920 1628 952 1652; x_wconf 90' lang='lat' dir='ltr'>et</span> <span class='ocrx_word' id='word_1_260' title='bbox 975 1621 1059 1651; x_wconf 88' lang='lat' dir='ltr'>mala</span> <span class='ocrx_word' id='word_1_261' title='bbox 1082 1620 1199 1651; x_wconf 86' lang='lat' dir='ltr'>carnis:</span> <span class='ocrx_word' id='word_1_262' title='bbox 1229 1620 1309 1650; x_wconf 87' lang='lat' dir='ltr'>dum</span> <span class='ocrx_word' id='word_1_263' title='bbox 1332 1619 1365 1650; x_wconf 91' lang='lat' dir='ltr'>in</span> 
     </span>
     <span class='ocr_line' id='line_1_37' title="bbox 253 1665 1365 1708; baseline -0.005 -7"><span class='ocrx_word' id='word_1_264' title='bbox 253 1694 260 1705; x_wconf 85' lang='lat'>,</span> <span class='ocrx_word' id='word_1_265' title='bbox 286 1668 348 1701; x_wconf 78' lang='lat' dir='ltr'>iuis</span> <span class='ocrx_word' id='word_1_266' title='bbox 376 1667 618 1708; x_wconf 82' lang='lat' dir='ltr'>distinguuntur</span> <span class='ocrx_word' id='word_1_267' title='bbox 647 1667 730 1699; x_wconf 89' lang='lat' dir='ltr'>duae</span> <span class='ocrx_word' id='word_1_268' title='bbox 757 1667 889 1698; x_wconf 90' lang='lat' dir='ltr'>virtutes</span> <span class='ocrx_word' id='word_1_269' title='bbox 922 1665 1125 1706; x_wconf 90' lang='lat' dir='ltr'>simpliciter,</span> <span class='ocrx_word' id='word_1_270' title='bbox 1155 1665 1251 1696; x_wconf 88' lang='lat' dir='ltr'>altera</span> <span class='ocrx_word' id='word_1_271' title='bbox 1284 1665 1365 1695; x_wconf 90' lang='lat' dir='ltr'>circa</span> 
     </span>
    </p>
   </div>
   <div class='ocr_carea' id='block_1_14' title="bbox 286 1709 1393 1754">
    <p class='ocr_par' dir='ltr' id='par_1_16' title="bbox 286 1709 1393 1754">
     <span class='ocr_line' id='line_1_38' title="bbox 286 1709 1393 1754; baseline -0.005 -10"><span class='ocrx_word' id='word_1_272' title='bbox 286 1722 453 1754; x_wconf 82' lang='lat' dir='ltr'>magnum,</span> <span class='ocrx_word' id='word_1_273' title='bbox 469 1713 566 1744; x_wconf 84' lang='lat' dir='ltr'>altera</span> <span class='ocrx_word' id='word_1_274' title='bbox 580 1712 660 1744; x_wconf 88' lang='lat' dir='ltr'>circa</span> <span class='ocrx_word' id='word_1_275' title='bbox 677 1712 838 1743; x_wconf 84' lang='lat' dir='ltr'>mediocre</span> <span class='ocrx_word' id='word_1_276' title='bbox 862 1718 898 1742; x_wconf 83' lang='lat' dir='ltr'>ut</span> <span class='ocrx_word' id='word_1_277' title='bbox 922 1710 1085 1752; x_wconf 86' lang='lat' dir='ltr'>propriam</span> <span class='ocrx_word' id='word_1_278' title='bbox 1107 1709 1283 1746; x_wconf 82' lang='lat' dir='ltr'>materiam,</span> <span class='ocrx_word' id='word_1_279' title='bbox 1299 1716 1376 1747; x_wconf 57' lang='lat' dir='ltr'>tarn,</span> <span class='ocrx_word' id='word_1_280' title='bbox 1392 1727 1393 1730; x_wconf 65' lang='lat'><em>=</em></span> 
     </span>
    </p>
   </div>
   <div class='ocr_carea' id='block_1_15' title="bbox 253 1754 1367 1799">
    <p class='ocr_par' dir='ltr' id='par_1_17' title="bbox 253 1754 1367 1799">
     <span class='ocr_line' id='line_1_39' title="bbox 253 1754 1367 1799; baseline -0.004 -10"><span class='ocrx_word' id='word_1_281' title='bbox 253 1773 260 1784; x_wconf 70' lang='lat' dir='ltr'>v</span> <span class='ocrx_word' id='word_1_282' title='bbox 286 1757 320 1789; x_wconf 87' lang='lat' dir='ltr'>in</span> <span class='ocrx_word' id='word_1_283' title='bbox 344 1757 523 1789; x_wconf 88' lang='lat' dir='ltr'>honoribus</span> <span class='ocrx_word' id='word_1_284' title='bbox 547 1767 646 1799; x_wconf 87' lang='lat' dir='ltr'>quarn</span> <span class='ocrx_word' id='word_1_285' title='bbox 678 1756 839 1798; x_wconf 80' lang='lat' dir='ltr'>pecuniiS,</span> <span class='ocrx_word' id='word_1_286' title='bbox 865 1763 901 1787; x_wconf 91' lang='lat' dir='ltr'>ut</span> <span class='ocrx_word' id='word_1_287' title='bbox 924 1763 1010 1796; x_wconf 91' lang='lat' dir='ltr'>patet</span> <span class='ocrx_word' id='word_1_288' title='bbox 1033 1755 1066 1786; x_wconf 90' lang='lat' dir='ltr'>in</span> <span class='ocrx_word' id='word_1_289' title='bbox 1092 1755 1132 1785; x_wconf 92' lang='lat' dir='ltr'>IV</span> <span class='ocrx_word' id='word_1_290' title='bbox 1156 1755 1261 1786; x_wconf 82' lang='lat' dir='ltr'>Ethic.</span> <span class='ocrx_word' id='word_1_291' title='bbox 1279 1754 1310 1790; x_wconf 81' lang='lat'>*,</span> <span class='ocrx_word' id='word_1_292' title='bbox 1336 1761 1367 1784; x_wconf 93' lang='lat' dir='ltr'>et</span> 
     </span>
    </p>
   </div>
   <div class='ocr_carea' id='block_1_16' title="bbox 253 1798 1394 1843">
    <p class='ocr_par' dir='ltr' id='par_1_18' title="bbox 253 1798 1394 1843">
     <span class='ocr_line' id='line_1_40' title="bbox 253 1798 1394 1843; baseline -0.005 -9"><span class='ocrx_word' id='word_1_293' title='bbox 253 1801 260 1812; x_wconf 88' lang='lat'>’</span> <span class='ocrx_word' id='word_1_294' title='bbox 287 1801 338 1834; x_wconf 86' lang='lat' dir='ltr'>hic</span> <span class='ocrx_word' id='word_1_295' title='bbox 353 1800 370 1818; x_wconf 70' lang='lat'>&#39;¹</span> <span class='ocrx_word' id='word_1_296' title='bbox 386 1810 417 1834; x_wconf 89' lang='lat' dir='ltr'>et</span> <span class='ocrx_word' id='word_1_297' title='bbox 433 1802 580 1843; x_wconf 88' lang='lat' dir='ltr'>superius</span> <span class='ocrx_word' id='word_1_298' title='bbox 594 1801 646 1837; x_wconf 83' lang='lat'>**;</span> <span class='ocrx_word' id='word_1_299' title='bbox 671 1802 703 1832; x_wconf 92' lang='lat' dir='ltr'>in</span> <span class='ocrx_word' id='word_1_300' title='bbox 721 1801 788 1833; x_wconf 89' lang='lat' dir='ltr'>istis</span> <span class='ocrx_word' id='word_1_301' title='bbox 804 1811 879 1832; x_wconf 89' lang='lat' dir='ltr'>vero</span> <span class='ocrx_word' id='word_1_302' title='bbox 897 1800 1029 1842; x_wconf 89' lang='lat' dir='ltr'>ponitur</span> <span class='ocrx_word' id='word_1_303' title='bbox 1046 1810 1108 1830; x_wconf 88' lang='lat' dir='ltr'>una</span> <span class='ocrx_word' id='word_1_304' title='bbox 1125 1806 1250 1830; x_wconf 84' lang='lat' dir='ltr'>tantum</span> <span class='ocrx_word' id='word_1_305' title='bbox 1267 1798 1367 1829; x_wconf 88' lang='lat' dir='ltr'>virtus</span> <span class='ocrx_word' id='word_1_306' title='bbox 1392 1819 1394 1823; x_wconf 85' lang='lat'>·</span> 
     </span>
    </p>
   </div>
   <div class='ocr_carea' id='block_1_17' title="bbox 2441 245 2483 280">
    <p class='ocr_par' dir='ltr' id='par_1_19' title="bbox 2441 245 2483 280">
     <span class='ocr_line' id='line_1_41' title="bbox 2441 245 2483 280; baseline 0 0"><span class='ocrx_word' id='word_1_307' title='bbox 2441 245 2483 280; x_wconf 79' lang='lat'>(51</span> 
     </span>
    </p>
   </div>
   <div class='ocr_carea' id='block_1_18' title="bbox 1415 325 2499 1838">
    <p class='ocr_par' dir='ltr' id='par_1_20' title="bbox 1415 325 2491 635">
     <span class='ocr_line' id='line_1_42' title="bbox 1416 325 2490 367; baseline -0.003 -10"><span class='ocrx_word' id='word_1_308' title='bbox 1416 326 1617 367; x_wconf 86' lang='lat' dir='ltr'>simpliciter,</span> <span class='ocrx_word' id='word_1_309' title='bbox 1642 326 1722 357; x_wconf 89' lang='lat' dir='ltr'>circa</span> <span class='ocrx_word' id='word_1_310' title='bbox 1752 326 1928 356; x_wconf 86' lang='lat' dir='ltr'>maximum</span> <span class='ocrx_word' id='word_1_311' title='bbox 1952 326 1984 356; x_wconf 89' lang='lat' dir='ltr'>in</span> <span class='ocrx_word' id='word_1_312' title='bbox 2009 325 2155 366; x_wconf 90' lang='lat' dir='ltr'>quolibet</span> <span class='ocrx_word' id='word_1_313' title='bbox 2182 334 2315 366; x_wconf 89' lang='lat' dir='ltr'>genere,</span> <span class='ocrx_word' id='word_1_314' title='bbox 2338 331 2490 364; x_wconf 88' lang='lat' dir='ltr'>tanquam</span> 
     </span>
     <span class='ocr_line' id='line_1_43' title="bbox 1417 370 2490 412; baseline -0.004 -10"><span class='ocrx_word' id='word_1_315' title='bbox 1417 371 1497 402; x_wconf 89' lang='lat' dir='ltr'>circa</span> <span class='ocrx_word' id='word_1_316' title='bbox 1520 371 1684 412; x_wconf 88' lang='lat' dir='ltr'>propriam</span> <span class='ocrx_word' id='word_1_317' title='bbox 1701 371 1883 407; x_wconf 88' lang='lat' dir='ltr'>materiam;</span> <span class='ocrx_word' id='word_1_318' title='bbox 1909 370 1989 402; x_wconf 90' lang='lat' dir='ltr'>circa</span> <span class='ocrx_word' id='word_1_319' title='bbox 2005 370 2165 400; x_wconf 90' lang='lat' dir='ltr'>mediocre</span> <span class='ocrx_word' id='word_1_320' title='bbox 2181 379 2256 400; x_wconf 90' lang='lat' dir='ltr'>vero</span> <span class='ocrx_word' id='word_1_321' title='bbox 2279 377 2334 399; x_wconf 91' lang='lat' dir='ltr'>aut</span> <span class='ocrx_word' id='word_1_322' title='bbox 2357 379 2490 408; x_wconf 88' lang='lat' dir='ltr'>parvum</span> 
     </span>
     <span class='ocr_line' id='line_1_44' title="bbox 1416 413 2491 457; baseline -0.004 -10"><span class='ocrx_word' id='word_1_323' title='bbox 1416 417 1504 447; x_wconf 88' lang='lat' dir='ltr'>nulla</span> <span class='ocrx_word' id='word_1_324' title='bbox 1527 416 1658 456; x_wconf 89' lang='lat' dir='ltr'>ponitur</span> <span class='ocrx_word' id='word_1_325' title='bbox 1681 415 1810 457; x_wconf 90' lang='lat' dir='ltr'>propria</span> <span class='ocrx_word' id='word_1_326' title='bbox 1833 415 1932 446; x_wconf 92' lang='lat' dir='ltr'>virtus</span> <span class='ocrx_word' id='word_1_327' title='bbox 1955 414 2140 455; x_wconf 88' lang='lat' dir='ltr'>simpliciter</span> <span class='ocrx_word' id='word_1_328' title='bbox 2160 422 2195 445; x_wconf 93' lang='lat' dir='ltr'>ut</span> <span class='ocrx_word' id='word_1_329' title='bbox 2223 414 2304 444; x_wconf 89' lang='lat' dir='ltr'>circa</span> <span class='ocrx_word' id='word_1_330' title='bbox 2328 413 2491 454; x_wconf 89' lang='lat' dir='ltr'>propriam</span> 
     </span>
     <span class='ocr_line' id='line_1_45' title="bbox 1417 457 2491 501; baseline -0.004 -10"><span class='ocrx_word' id='word_1_331' title='bbox 1417 461 1591 497; x_wconf 87' lang='lat' dir='ltr'>materiam,</span> <span class='ocrx_word' id='word_1_332' title='bbox 1612 461 1666 491; x_wconf 89' lang='lat' dir='ltr'>sed</span> <span class='ocrx_word' id='word_1_333' title='bbox 1690 460 1810 490; x_wconf 89' lang='lat' dir='ltr'>illamet</span> <span class='ocrx_word' id='word_1_334' title='bbox 1834 470 1916 501; x_wconf 87' lang='lat' dir='ltr'>quae</span> <span class='ocrx_word' id='word_1_335' title='bbox 1947 466 1993 491; x_wconf 92' lang='lat' dir='ltr'>est</span> <span class='ocrx_word' id='word_1_336' title='bbox 2017 459 2097 490; x_wconf 91' lang='lat' dir='ltr'>circa</span> <span class='ocrx_word' id='word_1_337' title='bbox 2121 459 2299 489; x_wconf 90' lang='lat' dir='ltr'>maximum</span> <span class='ocrx_word' id='word_1_338' title='bbox 2331 457 2416 488; x_wconf 88' lang='lat' dir='ltr'>illius</span> <span class='ocrx_word' id='word_1_339' title='bbox 2440 468 2491 498; x_wconf 90' lang='lat' dir='ltr'>ge-</span> 
     </span>
     <span class='ocr_line' id='line_1_46' title="bbox 1416 502 2491 544; baseline -0.004 -8"><span class='ocrx_word' id='word_1_340' title='bbox 1416 505 1515 542; x_wconf 90' lang='lat' dir='ltr'>neris,</span> <span class='ocrx_word' id='word_1_341' title='bbox 1540 505 1719 536; x_wconf 88' lang='lat' dir='ltr'>extenditur</span> <span class='ocrx_word' id='word_1_342' title='bbox 1741 505 1780 535; x_wconf 90' lang='lat' dir='ltr'>ad</span> <span class='ocrx_word' id='word_1_343' title='bbox 1805 505 1966 535; x_wconf 86' lang='lat' dir='ltr'>mediocre</span> <span class='ocrx_word' id='word_1_344' title='bbox 1990 511 2021 535; x_wconf 92' lang='lat' dir='ltr'>et</span> <span class='ocrx_word' id='word_1_345' title='bbox 2043 514 2198 544; x_wconf 89' lang='lat' dir='ltr'>parvum,</span> <span class='ocrx_word' id='word_1_346' title='bbox 2219 510 2372 544; x_wconf 87' lang='lat' dir='ltr'>tanquam</span> <span class='ocrx_word' id='word_1_347' title='bbox 2396 503 2434 532; x_wconf 91' lang='lat' dir='ltr'>ad</span> <span class='ocrx_word' id='word_1_348' title='bbox 2460 502 2491 532; x_wconf 93' lang='lat' dir='ltr'>id</span> 
     </span>
     <span class='ocr_line' id='line_1_47' title="bbox 1415 548 2491 591; baseline -0.003 -11"><span class='ocrx_word' id='word_1_349' title='bbox 1415 550 1505 591; x_wconf 92' lang='lat' dir='ltr'>quod</span> <span class='ocrx_word' id='word_1_350' title='bbox 1529 549 1691 581; x_wconf 91' lang='lat' dir='ltr'>reducitur</span> <span class='ocrx_word' id='word_1_351' title='bbox 1705 549 1744 579; x_wconf 89' lang='lat' dir='ltr'>ad</span> <span class='ocrx_word' id='word_1_352' title='bbox 1769 549 1932 590; x_wconf 88' lang='lat' dir='ltr'>propriam</span> <span class='ocrx_word' id='word_1_353' title='bbox 1957 549 2123 580; x_wconf 89' lang='lat' dir='ltr'>materiam</span> <span class='ocrx_word' id='word_1_354' title='bbox 2142 555 2178 579; x_wconf 93' lang='lat' dir='ltr'>ut</span> <span class='ocrx_word' id='word_1_355' title='bbox 2204 548 2428 588; x_wconf 88' lang='lat' dir='ltr'>imperfectum</span> <span class='ocrx_word' id='word_1_356' title='bbox 2453 548 2491 577; x_wconf 89' lang='lat' dir='ltr'>ad</span> 
     </span>
     <span class='ocr_line' id='line_1_48' title="bbox 1416 594 1884 635; baseline 0 -10"><span class='ocrx_word' id='word_1_357' title='bbox 1416 594 1594 635; x_wconf 90' lang='lat' dir='ltr'>perfectum</span> <span class='ocrx_word' id='word_1_358' title='bbox 1624 594 1657 624; x_wconf 91' lang='lat' dir='ltr'>in</span> <span class='ocrx_word' id='word_1_359' title='bbox 1681 594 1737 624; x_wconf 92' lang='lat' dir='ltr'>illo</span> <span class='ocrx_word' id='word_1_360' title='bbox 1761 603 1884 634; x_wconf 88' lang='lat' dir='ltr'>genere.</span> 
     </span>
    </p>

    <p class='ocr_par' dir='ltr' id='par_1_21' title="bbox 1416 637 2495 1124">
     <span class='ocr_line' id='line_1_49' title="bbox 1472 637 2492 679; baseline -0.003 -10"><span class='ocrx_word' id='word_1_361' title='bbox 1472 639 1541 670; x_wconf 91' lang='lat' dir='ltr'><strong>VII.</strong></span> <span class='ocrx_word' id='word_1_362' title='bbox 1558 639 1608 670; x_wconf 90' lang='lat' dir='ltr'>Ad</span> <span class='ocrx_word' id='word_1_363' title='bbox 1626 639 1708 669; x_wconf 91' lang='lat' dir='ltr'>tertii</span> <span class='ocrx_word' id='word_1_364' title='bbox 1726 638 1814 669; x_wconf 91' lang='lat' dir='ltr'>dubii</span> <span class='ocrx_word' id='word_1_365' title='bbox 1829 638 1847 658; x_wconf 92' lang='lat'><em>*</em></span> <span class='ocrx_word' id='word_1_366' title='bbox 1869 638 2007 679; x_wconf 87' lang='lat' dir='ltr'>primam</span> <span class='ocrx_word' id='word_1_367' title='bbox 2024 637 2240 669; x_wconf 90' lang='lat' dir='ltr'>obiectionem</span> <span class='ocrx_word' id='word_1_368' title='bbox 2264 637 2379 667; x_wconf 89' lang='lat' dir='ltr'>dicitur</span> <span class='ocrx_word' id='word_1_369' title='bbox 2403 637 2492 677; x_wconf 90' lang='lat' dir='ltr'>quod</span> 
     </span>
     <span class='ocr_line' id='line_1_50' title="bbox 1416 681 2492 724; baseline -0.003 -10"><span class='ocrx_word' id='word_1_370' title='bbox 1416 684 1505 714; x_wconf 91' lang='lat' dir='ltr'>cibus</span> <span class='ocrx_word' id='word_1_371' title='bbox 1525 691 1556 715; x_wconf 90' lang='lat' dir='ltr'>et</span> <span class='ocrx_word' id='word_1_372' title='bbox 1574 690 1671 724; x_wconf 91' lang='lat' dir='ltr'>potus</span> <span class='ocrx_word' id='word_1_373' title='bbox 1687 690 1823 724; x_wconf 89' lang='lat' dir='ltr'>possunt</span> <span class='ocrx_word' id='word_1_374' title='bbox 1840 683 2007 724; x_wconf 90' lang='lat' dir='ltr'>dupliciter</span> <span class='ocrx_word' id='word_1_375' title='bbox 2023 682 2140 724; x_wconf 87' lang='lat' dir='ltr'>appeti.</span> <span class='ocrx_word' id='word_1_376' title='bbox 2162 682 2281 718; x_wconf 87' lang='lat' dir='ltr'>Primo,</span> <span class='ocrx_word' id='word_1_377' title='bbox 2300 688 2335 712; x_wconf 93' lang='lat' dir='ltr'>ut</span> <span class='ocrx_word' id='word_1_378' title='bbox 2359 681 2492 712; x_wconf 91' lang='lat' dir='ltr'>delecta-</span> 
     </span>
     <span class='ocr_line' id='line_1_51' title="bbox 1416 726 2492 759; baseline -0.003 0"><span class='ocrx_word' id='word_1_379' title='bbox 1416 728 1494 759; x_wconf 88' lang='lat' dir='ltr'>biles</span> <span class='ocrx_word' id='word_1_380' title='bbox 1519 728 1697 759; x_wconf 91' lang='lat' dir='ltr'>secundum</span> <span class='ocrx_word' id='word_1_381' title='bbox 1728 735 1865 758; x_wconf 87' lang='lat' dir='ltr'>tactum:</span> <span class='ocrx_word' id='word_1_382' title='bbox 1898 734 1934 758; x_wconf 94' lang='lat' dir='ltr'>ut</span> <span class='ocrx_word' id='word_1_383' title='bbox 1963 735 2038 758; x_wconf 92' lang='lat' dir='ltr'>sunt</span> <span class='ocrx_word' id='word_1_384' title='bbox 2069 726 2199 758; x_wconf 87' lang='lat' dir='ltr'>materia</span> <span class='ocrx_word' id='word_1_385' title='bbox 2226 726 2403 757; x_wconf 88' lang='lat' dir='ltr'>sobrietatis</span> <span class='ocrx_word' id='word_1_386' title='bbox 2436 736 2492 756; x_wconf 92' lang='lat' dir='ltr'>seu</span> 
     </span>
     <span class='ocr_line' id='line_1_52' title="bbox 1417 771 2494 813; baseline -0.002 -10"><span class='ocrx_word' id='word_1_387' title='bbox 1417 773 1634 803; x_wconf 84' lang='lat' dir='ltr'>abstinentiae.</span> <span class='ocrx_word' id='word_1_388' title='bbox 1660 772 1700 803; x_wconf 85' lang='lat' dir='ltr'>Et</span> <span class='ocrx_word' id='word_1_389' title='bbox 1723 772 1767 803; x_wconf 91' lang='lat' dir='ltr'>sic</span> <span class='ocrx_word' id='word_1_390' title='bbox 1794 779 2094 813; x_wconf 91' lang='lat' dir='ltr'>quantumcumque</span> <span class='ocrx_word' id='word_1_391' title='bbox 2118 771 2206 812; x_wconf 89' lang='lat' dir='ltr'>parvi</span> <span class='ocrx_word' id='word_1_392' title='bbox 2238 771 2298 802; x_wconf 92' lang='lat' dir='ltr'>cibi</span> <span class='ocrx_word' id='word_1_393' title='bbox 2322 771 2373 801; x_wconf 88' lang='lat' dir='ltr'>vel</span> <span class='ocrx_word' id='word_1_394' title='bbox 2397 778 2494 811; x_wconf 90' lang='lat' dir='ltr'>potus</span> 
     </span>
     <span class='ocr_line' id='line_1_53' title="bbox 1416 815 2494 858; baseline -0.003 -10"><span class='ocrx_word' id='word_1_395' title='bbox 1416 824 1559 858; x_wconf 90' lang='lat' dir='ltr'>spectant</span> <span class='ocrx_word' id='word_1_396' title='bbox 1582 818 1620 847; x_wconf 92' lang='lat' dir='ltr'>ad</span> <span class='ocrx_word' id='word_1_397' title='bbox 1641 817 1795 847; x_wconf 88' lang='lat' dir='ltr'>maximas</span> <span class='ocrx_word' id='word_1_398' title='bbox 1819 817 2054 853; x_wconf 86' lang='lat' dir='ltr'>delectationes,</span> <span class='ocrx_word' id='word_1_399' title='bbox 2071 826 2154 857; x_wconf 91' lang='lat' dir='ltr'>quae</span> <span class='ocrx_word' id='word_1_400' title='bbox 2178 823 2253 847; x_wconf 87' lang='lat' dir='ltr'>sunt</span> <span class='ocrx_word' id='word_1_401' title='bbox 2269 815 2494 847; x_wconf 88' lang='lat' dir='ltr'>delectationes</span> 
     </span>
     <span class='ocr_line' id='line_1_54' title="bbox 1416 860 2493 902; baseline -0.002 -10"><span class='ocrx_word' id='word_1_402' title='bbox 1416 869 1529 893; x_wconf 89' lang='lat' dir='ltr'>tactus.</span> <span class='ocrx_word' id='word_1_403' title='bbox 1554 862 1595 892; x_wconf 88' lang='lat' dir='ltr'>Et</span> <span class='ocrx_word' id='word_1_404' title='bbox 1618 869 1785 902; x_wconf 90' lang='lat' dir='ltr'>propterea</span> <span class='ocrx_word' id='word_1_405' title='bbox 1806 869 1880 892; x_wconf 91' lang='lat' dir='ltr'>sunt</span> <span class='ocrx_word' id='word_1_406' title='bbox 1897 869 1981 892; x_wconf 81' lang='lat' dir='ltr'>extra</span> <span class='ocrx_word' id='word_1_407' title='bbox 2005 861 2210 901; x_wconf 90' lang='lat' dir='ltr'>propositum</span> <span class='ocrx_word' id='word_1_408' title='bbox 2230 861 2326 891; x_wconf 89' lang='lat' dir='ltr'>huius</span> <span class='ocrx_word' id='word_1_409' title='bbox 2343 860 2493 891; x_wconf 87' lang='lat' dir='ltr'>membri:</span> 
     </span>
     <span class='ocr_line' id='line_1_55' title="bbox 1417 906 2495 948; baseline -0.002 -11"><span class='ocrx_word' id='word_1_410' title='bbox 1417 907 1573 948; x_wconf 90' lang='lat' dir='ltr'>quoniam</span> <span class='ocrx_word' id='word_1_411' title='bbox 1597 914 1740 946; x_wconf 89' lang='lat' dir='ltr'>spectant</span> <span class='ocrx_word' id='word_1_412' title='bbox 1771 906 1811 936; x_wconf 89' lang='lat' dir='ltr'>ad</span> <span class='ocrx_word' id='word_1_413' title='bbox 1834 906 1990 936; x_wconf 89' lang='lat' dir='ltr'>illammet</span> <span class='ocrx_word' id='word_1_414' title='bbox 2013 906 2163 937; x_wconf 87' lang='lat' dir='ltr'>virtutem</span> <span class='ocrx_word' id='word_1_415' title='bbox 2188 906 2227 936; x_wconf 89' lang='lat' dir='ltr'>ad</span> <span class='ocrx_word' id='word_1_416' title='bbox 2251 915 2349 946; x_wconf 88' lang='lat' dir='ltr'>quam</span> <span class='ocrx_word' id='word_1_417' title='bbox 2374 912 2495 945; x_wconf 87' lang='lat' dir='ltr'>spectat</span> 
     </span>
     <span class='ocr_line' id='line_1_56' title="bbox 1417 949 2494 982; baseline -0.002 0"><span class='ocrx_word' id='word_1_418' title='bbox 1417 951 1575 982; x_wconf 91' lang='lat' dir='ltr'>moderari</span> <span class='ocrx_word' id='word_1_419' title='bbox 1593 951 1746 981; x_wconf 82' lang='lat' dir='ltr'>maximas</span> <span class='ocrx_word' id='word_1_420' title='bbox 1763 950 1987 980; x_wconf 88' lang='lat' dir='ltr'>delectationes</span> <span class='ocrx_word' id='word_1_421' title='bbox 2000 951 2079 981; x_wconf 84' lang='lat' dir='ltr'>circa</span> <span class='ocrx_word' id='word_1_422' title='bbox 2097 950 2256 981; x_wconf 88' lang='lat' dir='ltr'>alimenta.</span> <span class='ocrx_word' id='word_1_423' title='bbox 2271 968 2290 973; x_wconf 97' lang='lat'>-</span> <span class='ocrx_word' id='word_1_424' title='bbox 2303 949 2377 980; x_wconf 90' lang='lat' dir='ltr'>Alio</span> <span class='ocrx_word' id='word_1_425' title='bbox 2394 950 2494 980; x_wconf 91' lang='lat' dir='ltr'>modo</span> 
     </span>
     <span class='ocr_line' id='line_1_57' title="bbox 1417 994 2493 1035; baseline -0.001 -10"><span class='ocrx_word' id='word_1_426' title='bbox 1417 1002 1554 1035; x_wconf 88' lang='lat' dir='ltr'>possunt</span> <span class='ocrx_word' id='word_1_427' title='bbox 1577 994 1683 1035; x_wconf 87' lang='lat' dir='ltr'>appeti</span> <span class='ocrx_word' id='word_1_428' title='bbox 1700 1002 1734 1026; x_wconf 92' lang='lat' dir='ltr'>ut</span> <span class='ocrx_word' id='word_1_429' title='bbox 1758 994 1953 1034; x_wconf 89' lang='lat' dir='ltr'>possidendi.</span> <span class='ocrx_word' id='word_1_430' title='bbox 1978 995 2020 1025; x_wconf 89' lang='lat' dir='ltr'>Et</span> <span class='ocrx_word' id='word_1_431' title='bbox 2036 995 2080 1025; x_wconf 91' lang='lat' dir='ltr'>sic</span> <span class='ocrx_word' id='word_1_432' title='bbox 2098 995 2415 1035; x_wconf 91' lang='lat' dir='ltr'>comprehenduntur</span> <span class='ocrx_word' id='word_1_433' title='bbox 2434 995 2493 1025; x_wconf 92' lang='lat' dir='ltr'>sub</span> 
     </span>
     <span class='ocr_line' id='line_1_58' title="bbox 1417 1038 2495 1080; baseline -0.001 -10"><span class='ocrx_word' id='word_1_434' title='bbox 1417 1039 1572 1080; x_wconf 90' lang='lat' dir='ltr'>pecuniae</span> <span class='ocrx_word' id='word_1_435' title='bbox 1595 1038 1743 1074; x_wconf 87' lang='lat' dir='ltr'>nomine;</span> <span class='ocrx_word' id='word_1_436' title='bbox 1769 1045 1800 1068; x_wconf 93' lang='lat' dir='ltr'>et</span> <span class='ocrx_word' id='word_1_437' title='bbox 1823 1039 1941 1070; x_wconf 89' lang='lat' dir='ltr'>cadunt</span> <span class='ocrx_word' id='word_1_438' title='bbox 1964 1040 2023 1069; x_wconf 90' lang='lat' dir='ltr'>sub</span> <span class='ocrx_word' id='word_1_439' title='bbox 2047 1039 2109 1069; x_wconf 91' lang='lat' dir='ltr'>hoc</span> <span class='ocrx_word' id='word_1_440' title='bbox 2134 1041 2295 1075; x_wconf 75' lang='lat' dir='ltr'>membro:</span> <span class='ocrx_word' id='word_1_441' title='bbox 2325 1046 2354 1070; x_wconf 94' lang='lat' dir='ltr'>et</span> <span class='ocrx_word' id='word_1_442' title='bbox 2379 1039 2495 1069; x_wconf 88' lang='lat' dir='ltr'>habent</span> 
     </span>
     <span class='ocr_line' id='line_1_59' title="bbox 1417 1082 1902 1124; baseline -0.004 -10"><span class='ocrx_word' id='word_1_443' title='bbox 1417 1089 1532 1124; x_wconf 85' lang='lat' dir='ltr'>parvae</span> <span class='ocrx_word' id='word_1_444' title='bbox 1556 1083 1710 1123; x_wconf 91' lang='lat' dir='ltr'>pecuniae</span> <span class='ocrx_word' id='word_1_445' title='bbox 1735 1082 1902 1113; x_wconf 83' lang='lat' dir='ltr'>rationem.</span> 
     </span>
    </p>

    <p class='ocr_par' dir='ltr' id='par_1_22' title="bbox 1416 1127 2496 1345">
     <span class='ocr_line' id='line_1_60' title="bbox 1472 1127 2496 1168; baseline 0 -10"><span class='ocrx_word' id='word_1_446' title='bbox 1472 1128 1523 1158; x_wconf 86' lang='lat' dir='ltr'>Ad</span> <span class='ocrx_word' id='word_1_447' title='bbox 1547 1128 1722 1158; x_wconf 89' lang='lat' dir='ltr'>secundam</span> <span class='ocrx_word' id='word_1_448' title='bbox 1750 1137 1825 1157; x_wconf 89' lang='lat' dir='ltr'>vero</span> <span class='ocrx_word' id='word_1_449' title='bbox 1860 1127 1974 1158; x_wconf 89' lang='lat' dir='ltr'>dicitur</span> <span class='ocrx_word' id='word_1_450' title='bbox 1997 1128 2102 1168; x_wconf 88' lang='lat' dir='ltr'>quod,</span> <span class='ocrx_word' id='word_1_451' title='bbox 2125 1127 2199 1158; x_wconf 89' lang='lat' dir='ltr'>licet</span> <span class='ocrx_word' id='word_1_452' title='bbox 2228 1127 2333 1158; x_wconf 91' lang='lat' dir='ltr'>honor</span> <span class='ocrx_word' id='word_1_453' title='bbox 2357 1138 2422 1158; x_wconf 92' lang='lat' dir='ltr'>non</span> <span class='ocrx_word' id='word_1_454' title='bbox 2456 1128 2496 1158; x_wconf 91' lang='lat' dir='ltr'>sit</span> 
     </span>
     <span class='ocr_line' id='line_1_61' title="bbox 1417 1171 2494 1212; baseline -0.001 -9"><span class='ocrx_word' id='word_1_455' title='bbox 1417 1172 1613 1203; x_wconf 88' lang='lat' dir='ltr'>necessarius</span> <span class='ocrx_word' id='word_1_456' title='bbox 1642 1172 1681 1202; x_wconf 92' lang='lat' dir='ltr'>ad</span> <span class='ocrx_word' id='word_1_457' title='bbox 1705 1171 1803 1202; x_wconf 88' lang='lat' dir='ltr'>vitam</span> <span class='ocrx_word' id='word_1_458' title='bbox 1829 1172 2029 1212; x_wconf 89' lang='lat' dir='ltr'>corporalem</span> <span class='ocrx_word' id='word_1_459' title='bbox 2053 1172 2211 1208; x_wconf 85' lang='lat' dir='ltr'>hominis,</span> <span class='ocrx_word' id='word_1_460' title='bbox 2237 1180 2283 1203; x_wconf 89' lang='lat' dir='ltr'>est</span> <span class='ocrx_word' id='word_1_461' title='bbox 2305 1179 2411 1202; x_wconf 90' lang='lat' dir='ltr'>tamen</span> <span class='ocrx_word' id='word_1_462' title='bbox 2441 1183 2494 1203; x_wconf 91' lang='lat' dir='ltr'>ne-</span> 
     </span>
     <span class='ocr_line' id='line_1_62' title="bbox 1417 1216 2495 1256; baseline -0.001 -8"><span class='ocrx_word' id='word_1_463' title='bbox 1417 1217 1570 1248; x_wconf 89' lang='lat' dir='ltr'>cessarius</span> <span class='ocrx_word' id='word_1_464' title='bbox 1594 1217 1632 1246; x_wconf 92' lang='lat' dir='ltr'>ad</span> <span class='ocrx_word' id='word_1_465' title='bbox 1650 1216 1748 1247; x_wconf 89' lang='lat' dir='ltr'>vitam</span> <span class='ocrx_word' id='word_1_466' title='bbox 1772 1216 1950 1256; x_wconf 87' lang='lat' dir='ltr'>politicam:</span> <span class='ocrx_word' id='word_1_467' title='bbox 1976 1217 2057 1246; x_wconf 91' lang='lat' dir='ltr'>adeo</span> <span class='ocrx_word' id='word_1_468' title='bbox 2082 1223 2117 1247; x_wconf 92' lang='lat' dir='ltr'>ut</span> <span class='ocrx_word' id='word_1_469' title='bbox 2134 1216 2228 1247; x_wconf 89' lang='lat' dir='ltr'>etiam</span> <span class='ocrx_word' id='word_1_470' title='bbox 2253 1216 2365 1246; x_wconf 86' lang='lat' dir='ltr'>famuli</span> <span class='ocrx_word' id='word_1_471' title='bbox 2388 1218 2495 1247; x_wconf 86' lang='lat' dir='ltr'>stabu-</span> 
     </span>
     <span class='ocr_line' id='line_1_63' title="bbox 1416 1260 2494 1303; baseline -0.001 -11"><span class='ocrx_word' id='word_1_472' title='bbox 1416 1261 1570 1292; x_wconf 90' lang='lat' dir='ltr'>lariorum</span> <span class='ocrx_word' id='word_1_473' title='bbox 1595 1268 1625 1292; x_wconf 89' lang='lat' dir='ltr'>et</span> <span class='ocrx_word' id='word_1_474' title='bbox 1650 1271 1833 1303; x_wconf 91' lang='lat' dir='ltr'>coquorum</span> <span class='ocrx_word' id='word_1_475' title='bbox 1857 1271 1934 1291; x_wconf 88' lang='lat' dir='ltr'>suos</span> <span class='ocrx_word' id='word_1_476' title='bbox 1957 1260 2055 1292; x_wconf 92' lang='lat' dir='ltr'>velint</span> <span class='ocrx_word' id='word_1_477' title='bbox 2078 1261 2226 1291; x_wconf 90' lang='lat' dir='ltr'>honores.</span> <span class='ocrx_word' id='word_1_478' title='bbox 2251 1261 2363 1291; x_wconf 89' lang='lat' dir='ltr'>Homo</span> <span class='ocrx_word' id='word_1_479' title='bbox 2388 1269 2494 1291; x_wconf 90' lang='lat' dir='ltr'>autem</span> 
     </span>
     <span class='ocr_line' id='line_1_64' title="bbox 1418 1305 2019 1345; baseline -0.002 -9"><span class='ocrx_word' id='word_1_480' title='bbox 1418 1313 1465 1337; x_wconf 92' lang='lat' dir='ltr'>est</span> <span class='ocrx_word' id='word_1_481' title='bbox 1488 1305 1673 1336; x_wconf 90' lang='lat' dir='ltr'>naturaliter</span> <span class='ocrx_word' id='word_1_482' title='bbox 1696 1305 1814 1335; x_wconf 89' lang='lat' dir='ltr'>animal</span> <span class='ocrx_word' id='word_1_483' title='bbox 1838 1305 2019 1345; x_wconf 91' lang='lat' dir='ltr'>politicum.</span> 
     </span>
    </p>

    <p class='ocr_par' dir='ltr' id='par_1_23' title="bbox 1417 1349 2499 1838">
     <span class='ocr_line' id='line_1_65' title="bbox 1474 1349 2497 1390; baseline -0.001 -10"><span class='ocrx_word' id='word_1_484' title='bbox 1474 1350 1559 1381; x_wconf 90' lang='lat' dir='ltr'>V111.</span> <span class='ocrx_word' id='word_1_485' title='bbox 1584 1351 1635 1380; x_wconf 92' lang='lat' dir='ltr'>Ad</span> <span class='ocrx_word' id='word_1_486' title='bbox 1659 1350 1795 1380; x_wconf 91' lang='lat' dir='ltr'>dubium</span> <span class='ocrx_word' id='word_1_487' title='bbox 1819 1350 1935 1380; x_wconf 87' lang='lat' dir='ltr'>ultimo</span> <span class='ocrx_word' id='word_1_488' title='bbox 1960 1357 2086 1380; x_wconf 90' lang='lat' dir='ltr'>motum</span> <span class='ocrx_word' id='word_1_489' title='bbox 2108 1349 2142 1385; x_wconf 63' lang='lat'>³,</span> <span class='ocrx_word' id='word_1_490' title='bbox 2168 1349 2200 1380; x_wconf 92' lang='lat' dir='ltr'>in</span> <span class='ocrx_word' id='word_1_491' title='bbox 2225 1349 2433 1390; x_wconf 88' lang='lat' dir='ltr'>responsione</span> <span class='ocrx_word' id='word_1_492' title='bbox 2458 1350 2497 1379; x_wconf 91' lang='lat' dir='ltr'>ad</span> 
     </span>
     <span class='ocr_line' id='line_1_66' title="bbox 1418 1394 2498 1435; baseline -0.002 -9"><span class='ocrx_word' id='word_1_493' title='bbox 1418 1395 1567 1431; x_wconf 88' lang='lat' dir='ltr'>tertium,</span> <span class='ocrx_word' id='word_1_494' title='bbox 1593 1395 1804 1435; x_wconf 91' lang='lat' dir='ltr'>respondetur</span> <span class='ocrx_word' id='word_1_495' title='bbox 1828 1396 1917 1435; x_wconf 92' lang='lat' dir='ltr'>quod</span> <span class='ocrx_word' id='word_1_496' title='bbox 1949 1395 1988 1425; x_wconf 93' lang='lat' dir='ltr'>de</span> <span class='ocrx_word' id='word_1_497' title='bbox 2017 1394 2278 1434; x_wconf 82' lang='lat' dir='ltr'>magnanimitate</span> <span class='ocrx_word' id='word_1_498' title='bbox 2302 1404 2373 1424; x_wconf 88' lang='lat' dir='ltr'>vere</span> <span class='ocrx_word' id='word_1_499' title='bbox 2404 1404 2498 1434; x_wconf 88' lang='lat' dir='ltr'>nega-</span> 
     </span>
     <span class='ocr_line' id='line_1_67' title="bbox 1417 1439 2497 1480; baseline -0.003 -9"><span class='ocrx_word' id='word_1_500' title='bbox 1417 1447 1470 1471; x_wconf 88' lang='lat' dir='ltr'>tur</span> <span class='ocrx_word' id='word_1_501' title='bbox 1493 1439 1583 1480; x_wconf 92' lang='lat' dir='ltr'>quod</span> <span class='ocrx_word' id='word_1_502' title='bbox 1608 1446 1655 1470; x_wconf 88' lang='lat' dir='ltr'>est</span> <span class='ocrx_word' id='word_1_503' title='bbox 1678 1439 1759 1470; x_wconf 89' lang='lat' dir='ltr'>circa</span> <span class='ocrx_word' id='word_1_504' title='bbox 1779 1449 1894 1480; x_wconf 91' lang='lat' dir='ltr'>parvos</span> <span class='ocrx_word' id='word_1_505' title='bbox 1910 1439 2051 1470; x_wconf 89' lang='lat' dir='ltr'>honores</span> <span class='ocrx_word' id='word_1_506' title='bbox 2072 1446 2107 1469; x_wconf 94' lang='lat' dir='ltr'>ut</span> <span class='ocrx_word' id='word_1_507' title='bbox 2131 1439 2294 1479; x_wconf 90' lang='lat' dir='ltr'>propriam</span> <span class='ocrx_word' id='word_1_508' title='bbox 2315 1439 2497 1470; x_wconf 88' lang='lat' dir='ltr'>materiam:</span> 
     </span>
     <span class='ocr_line' id='line_1_68' title="bbox 1418 1484 2496 1526; baseline -0.001 -11"><span class='ocrx_word' id='word_1_509' title='bbox 1418 1484 1494 1526; x_wconf 90' lang='lat' dir='ltr'>quia</span> <span class='ocrx_word' id='word_1_510' title='bbox 1519 1492 1565 1516; x_wconf 90' lang='lat' dir='ltr'>est</span> <span class='ocrx_word' id='word_1_511' title='bbox 1589 1484 1670 1515; x_wconf 87' lang='lat' dir='ltr'>circa</span> <span class='ocrx_word' id='word_1_512' title='bbox 1694 1494 1830 1524; x_wconf 90' lang='lat' dir='ltr'>magnos</span> <span class='ocrx_word' id='word_1_513' title='bbox 1850 1484 1990 1514; x_wconf 89' lang='lat' dir='ltr'>honores</span> <span class='ocrx_word' id='word_1_514' title='bbox 2014 1484 2122 1514; x_wconf 90' lang='lat' dir='ltr'>solum</span> <span class='ocrx_word' id='word_1_515' title='bbox 2146 1491 2182 1515; x_wconf 90' lang='lat' dir='ltr'>ut</span> <span class='ocrx_word' id='word_1_516' title='bbox 2205 1484 2369 1524; x_wconf 91' lang='lat' dir='ltr'>propriam</span> <span class='ocrx_word' id='word_1_517' title='bbox 2398 1491 2496 1514; x_wconf 87' lang='lat' dir='ltr'>mate-</span> 
     </span>
     <span class='ocr_line' id='line_1_69' title="bbox 1419 1528 2496 1570; baseline -0.001 -10"><span class='ocrx_word' id='word_1_518' title='bbox 1419 1530 1508 1560; x_wconf 90' lang='lat' dir='ltr'>riam.</span> <span class='ocrx_word' id='word_1_519' title='bbox 1541 1528 1628 1560; x_wconf 91' lang='lat' dir='ltr'>Cum</span> <span class='ocrx_word' id='word_1_520' title='bbox 1652 1539 1718 1570; x_wconf 93' lang='lat' dir='ltr'>quo</span> <span class='ocrx_word' id='word_1_521' title='bbox 1743 1536 1850 1559; x_wconf 90' lang='lat' dir='ltr'>tamen</span> <span class='ocrx_word' id='word_1_522' title='bbox 1874 1536 1935 1559; x_wconf 90' lang='lat' dir='ltr'>stat</span> <span class='ocrx_word' id='word_1_523' title='bbox 1958 1529 2048 1569; x_wconf 93' lang='lat' dir='ltr'>quod</span> <span class='ocrx_word' id='word_1_524' title='bbox 2073 1528 2249 1559; x_wconf 87' lang='lat' dir='ltr'>eminenter</span> <span class='ocrx_word' id='word_1_525' title='bbox 2272 1536 2318 1559; x_wconf 92' lang='lat' dir='ltr'>est</span> <span class='ocrx_word' id='word_1_526' title='bbox 2341 1529 2496 1570; x_wconf 86' lang='lat' dir='ltr'>quodam-</span> 
     </span>
     <span class='ocr_line' id='line_1_70' title="bbox 1419 1573 2498 1614; baseline -0.001 -10"><span class='ocrx_word' id='word_1_527' title='bbox 1419 1575 1520 1605; x_wconf 89' lang='lat' dir='ltr'>modo</span> <span class='ocrx_word' id='word_1_528' title='bbox 1545 1573 1627 1604; x_wconf 87' lang='lat' dir='ltr'>circa</span> <span class='ocrx_word' id='word_1_529' title='bbox 1642 1583 1757 1614; x_wconf 85' lang='lat' dir='ltr'>parvos</span> <span class='ocrx_word' id='word_1_530' title='bbox 1775 1573 1914 1604; x_wconf 90' lang='lat' dir='ltr'>honores</span> <span class='ocrx_word' id='word_1_531' title='bbox 1931 1580 1962 1604; x_wconf 91' lang='lat' dir='ltr'>et</span> <span class='ocrx_word' id='word_1_532' title='bbox 1983 1573 2195 1613; x_wconf 83' lang='lat' dir='ltr'>privationem</span> <span class='ocrx_word' id='word_1_533' title='bbox 2220 1573 2363 1612; x_wconf 89' lang='lat' dir='ltr'>honoris,</span> <span class='ocrx_word' id='word_1_534' title='bbox 2381 1573 2498 1604; x_wconf 90' lang='lat' dir='ltr'>scilicet</span> 
     </span>
     <span class='ocr_line' id='line_1_71' title="bbox 1420 1618 2498 1660; baseline -0.001 -11"><span class='ocrx_word' id='word_1_535' title='bbox 1420 1618 1626 1660; x_wconf 90' lang='lat' dir='ltr'>despiciendo</span> <span class='ocrx_word' id='word_1_536' title='bbox 1651 1618 1723 1649; x_wconf 90' lang='lat' dir='ltr'>illos</span> <span class='ocrx_word' id='word_1_537' title='bbox 1747 1625 1778 1649; x_wconf 94' lang='lat' dir='ltr'>et</span> <span class='ocrx_word' id='word_1_538' title='bbox 1802 1618 2014 1659; x_wconf 89' lang='lat' dir='ltr'>privationem</span> <span class='ocrx_word' id='word_1_539' title='bbox 2046 1619 2233 1649; x_wconf 92' lang='lat' dir='ltr'>eorundem.</span> <span class='ocrx_word' id='word_1_540' title='bbox 2258 1618 2366 1649; x_wconf 90' lang='lat' dir='ltr'>Virtus</span> <span class='ocrx_word' id='word_1_541' title='bbox 2391 1625 2498 1648; x_wconf 88' lang='lat' dir='ltr'>autem</span> 
     </span>
     <span class='ocr_line' id='line_1_72' title="bbox 1419 1663 2499 1704; baseline -0.002 -10"><span class='ocrx_word' id='word_1_542' title='bbox 1419 1663 1620 1694; x_wconf 88' lang='lat' dir='ltr'>innominata</span> <span class='ocrx_word' id='word_1_543' title='bbox 1635 1673 1718 1704; x_wconf 88' lang='lat' dir='ltr'>quae</span> <span class='ocrx_word' id='word_1_544' title='bbox 1742 1670 1789 1694; x_wconf 89' lang='lat' dir='ltr'>est</span> <span class='ocrx_word' id='word_1_545' title='bbox 1805 1663 1885 1694; x_wconf 90' lang='lat' dir='ltr'>circa</span> <span class='ocrx_word' id='word_1_546' title='bbox 1899 1663 2076 1694; x_wconf 89' lang='lat' dir='ltr'>mediocres</span> <span class='ocrx_word' id='word_1_547' title='bbox 2099 1663 2249 1699; x_wconf 86' lang='lat' dir='ltr'>honores,</span> <span class='ocrx_word' id='word_1_548' title='bbox 2266 1671 2312 1694; x_wconf 89' lang='lat' dir='ltr'>est</span> <span class='ocrx_word' id='word_1_549' title='bbox 2332 1663 2411 1694; x_wconf 85' lang='lat' dir='ltr'>circa</span> <span class='ocrx_word' id='word_1_550' title='bbox 2428 1663 2499 1693; x_wconf 90' lang='lat' dir='ltr'>illos</span> 
     </span>
     <span class='ocr_line' id='line_1_73' title="bbox 1420 1707 2499 1749; baseline -0.002 -9"><span class='ocrx_word' id='word_1_551' title='bbox 1420 1716 1456 1740; x_wconf 88' lang='lat' dir='ltr'>ut</span> <span class='ocrx_word' id='word_1_552' title='bbox 1479 1708 1644 1749; x_wconf 85' lang='lat' dir='ltr'>propriam</span> <span class='ocrx_word' id='word_1_553' title='bbox 1668 1708 1853 1739; x_wconf 85' lang='lat' dir='ltr'>materiam:</span> <span class='ocrx_word' id='word_1_554' title='bbox 1879 1715 1910 1739; x_wconf 91' lang='lat' dir='ltr'>et</span> <span class='ocrx_word' id='word_1_555' title='bbox 1933 1708 2146 1749; x_wconf 90' lang='lat' dir='ltr'>privationem</span> <span class='ocrx_word' id='word_1_556' title='bbox 2166 1708 2297 1739; x_wconf 90' lang='lat' dir='ltr'>illorum</span> <span class='ocrx_word' id='word_1_557' title='bbox 2321 1707 2447 1748; x_wconf 88' lang='lat' dir='ltr'>respicit</span> <span class='ocrx_word' id='word_1_558' title='bbox 2463 1718 2499 1738; x_wconf 88' lang='lat' dir='ltr'>ex</span> 
     </span>
     <span class='ocr_line' id='line_1_74' title="bbox 1420 1752 2499 1794; baseline -0.001 -10"><span class='ocrx_word' id='word_1_559' title='bbox 1420 1753 1474 1784; x_wconf 89' lang='lat' dir='ltr'>illa</span> <span class='ocrx_word' id='word_1_560' title='bbox 1491 1760 1578 1794; x_wconf 91' lang='lat' dir='ltr'>parte</span> <span class='ocrx_word' id='word_1_561' title='bbox 1595 1763 1659 1794; x_wconf 89' lang='lat' dir='ltr'>qua</span> <span class='ocrx_word' id='word_1_562' title='bbox 1675 1753 1802 1793; x_wconf 84' lang='lat' dir='ltr'>respicit</span> <span class='ocrx_word' id='word_1_563' title='bbox 1826 1753 2021 1784; x_wconf 89' lang='lat' dir='ltr'>contrarium</span> <span class='ocrx_word' id='word_1_564' title='bbox 2043 1752 2101 1783; x_wconf 91' lang='lat' dir='ltr'>sibi</span> <span class='ocrx_word' id='word_1_565' title='bbox 2118 1753 2232 1783; x_wconf 89' lang='lat' dir='ltr'>vitium</span> <span class='ocrx_word' id='word_1_566' title='bbox 2250 1763 2305 1793; x_wconf 89' lang='lat' dir='ltr'>per</span> <span class='ocrx_word' id='word_1_567' title='bbox 2323 1752 2499 1788; x_wconf 80' lang='lat' dir='ltr'>defectum3</span> 
     </span>
     <span class='ocr_line' id='line_1_75' title="bbox 1421 1797 2204 1838; baseline 0 -10"><span class='ocrx_word' id='word_1_568' title='bbox 1421 1798 1558 1838; x_wconf 86' lang='lat' dir='ltr'>privatio</span> <span class='ocrx_word' id='word_1_569' title='bbox 1583 1797 1669 1828; x_wconf 90' lang='lat' dir='ltr'>enim</span> <span class='ocrx_word' id='word_1_570' title='bbox 1694 1797 1755 1828; x_wconf 88' lang='lat' dir='ltr'>albi</span> <span class='ocrx_word' id='word_1_571' title='bbox 1780 1808 1816 1828; x_wconf 89' lang='lat' dir='ltr'>ex</span> <span class='ocrx_word' id='word_1_572' title='bbox 1837 1804 1924 1838; x_wconf 88' lang='lat' dir='ltr'>parte</span> <span class='ocrx_word' id='word_1_573' title='bbox 1950 1797 2028 1838; x_wconf 80' lang='lat' dir='ltr'>nigri</span> <span class='ocrx_word' id='word_1_574' title='bbox 2054 1807 2086 1828; x_wconf 93' lang='lat' dir='ltr'>se</span> <span class='ocrx_word' id='word_1_575' title='bbox 2111 1805 2204 1828; x_wconf 89' lang='lat' dir='ltr'>tenet.</span> 
     </span>
    </p>
   </div>
   <div class='ocr_carea' id='block_1_19' title="bbox 998 1944 1791 2071">
    <p class='ocr_par' dir='ltr' id='par_1_24' title="bbox 998 1944 1791 2071">
     <span class='ocr_line' id='line_1_76' title="bbox 1101 1944 1691 1988; baseline -0.002 -1"><span class='ocrx_word' id='word_1_576' title='bbox 1101 1945 1421 1988; x_wconf 87' lang='lat' dir='ltr'>ARTICULUS</span> <span class='ocrx_word' id='word_1_577' title='bbox 1459 1944 1691 1987; x_wconf 89' lang='lat' dir='ltr'><strong>TERTIUS</strong></span> 
     </span>
     <span class='ocr_line' id='line_1_77' title="bbox 998 2038 1791 2071; baseline 0 -1"><span class='ocrx_word' id='word_1_578' title='bbox 998 2040 1155 2071; x_wconf 86' lang='lat' dir='ltr'>UTRUM</span> <span class='ocrx_word' id='word_1_579' title='bbox 1180 2038 1516 2071; x_wconf 77' lang='lat' dir='ltr'>MAGNANJMtTAs</span> <span class='ocrx_word' id='word_1_580' title='bbox 1540 2039 1608 2070; x_wconf 85' lang='lat' dir='ltr'>SIT</span> <span class='ocrx_word' id='word_1_581' title='bbox 1632 2039 1791 2070; x_wconf 86' lang='lat' dir='ltr'>VlRTUS</span> 
     </span>
    </p>
   </div>
   <div class='ocr_carea' id='block_1_20' title="bbox 1028 2118 1765 2151">
    <p class='ocr_par' dir='ltr' id='par_1_25' title="bbox 1028 2118 1765 2151">
     <span class='ocr_line' id='line_1_78' title="bbox 1028 2118 1765 2151; baseline 0 -8"><span class='ocrx_word' id='word_1_582' title='bbox 1028 2118 1069 2144; x_wconf 89' lang='lat' dir='ltr'>De</span> <span class='ocrx_word' id='word_1_583' title='bbox 1088 2118 1171 2146; x_wconf 81' lang='lat' dir='ltr'>Malo,</span> <span class='ocrx_word' id='word_1_584' title='bbox 1192 2126 1238 2151; x_wconf 88' lang='lat' dir='ltr'>qu.</span> <span class='ocrx_word' id='word_1_585' title='bbox 1256 2125 1315 2149; x_wconf 79' lang='lat' dir='ltr'>vni,</span> <span class='ocrx_word' id='word_1_586' title='bbox 1335 2124 1382 2143; x_wconf 79' lang='lat' dir='ltr'>art.</span> <span class='ocrx_word' id='word_1_587' title='bbox 1404 2125 1434 2148; x_wconf 71' lang='lat'>25</span> <span class='ocrx_word' id='word_1_588' title='bbox 1454 2118 1487 2143; x_wconf 88' lang='lat' dir='ltr'>IV</span> <span class='ocrx_word' id='word_1_589' title='bbox 1510 2118 1611 2147; x_wconf 67' lang='lat' dir='ltr'>Ethic„</span> <span class='ocrx_word' id='word_1_590' title='bbox 1631 2119 1689 2143; x_wconf 88' lang='lat' dir='ltr'>lect.</span> <span class='ocrx_word' id='word_1_591' title='bbox 1709 2126 1765 2143; x_wconf 82' lang='lat' dir='ltr'>vui.</span> 
     </span>
    </p>
   </div>
   <div class='ocr_carea' id='block_1_21' title="bbox 286 2216 474 2410">
    <p class='ocr_par' dir='ltr' id='par_1_26' title="bbox 286 2216 474 2410">
     <span class='ocr_line' id='line_1_79' title="bbox 286 2216 474 2410; baseline 0 -125"><span class='ocrx_word' id='word_1_592' title='bbox 286 2216 474 2410; x_wconf 95' lang='lat' dir='ltr'>     </span> 
     </span>
    </p>
   </div>
   <div class='ocr_carea' id='block_1_22' title="bbox 327 2199 1365 2247">
    <p class='ocr_par' dir='ltr' id='par_1_27' title="bbox 327 2199 1365 2247">
     <span class='ocr_line' id='line_1_80' title="bbox 327 2199 1365 2247; baseline -0.008 -5"><span class='ocrx_word' id='word_1_593' title='bbox 327 2220 334 2241; x_wconf 69' lang='grc' dir='ltr'>ι,</span> <span class='ocrx_word' id='word_1_594' title='bbox 358 2222 382 2245; x_wconf 54' lang='lat'>„-</span> <span class='ocrx_word' id='word_1_595' title='bbox 407 2223 475 2247; x_wconf 42' lang='lat' dir='ltr'>»a</span> <span class='ocrx_word' id='word_1_596' title='bbox 502 2212 702 2239; x_wconf 69' lang='grc' dir='ltr'>υτειιτιυΜ</span> <span class='ocrx_word' id='word_1_597' title='bbox 727 2212 782 2237; x_wconf 82' lang='lat' dir='ltr'>stc</span> <span class='ocrx_word' id='word_1_598' title='bbox 805 2210 1048 2237; x_wconf 75' lang='lat' dir='ltr'>paocanrrua.</span> <span class='ocrx_word' id='word_1_599' title='bbox 1074 2199 1236 2235; x_wconf 88' lang='lat' dir='ltr'>Videtur</span> <span class='ocrx_word' id='word_1_600' title='bbox 1259 2199 1365 2247; x_wconf 90' lang='lat' dir='ltr'>quod</span> 
     </span>
    </p>
   </div>
   <div class='ocr_carea' id='block_1_23' title="bbox 304 2305 1394 2359">
    <p class='ocr_par' dir='ltr' id='par_1_28' title="bbox 304 2305 1394 2359">
     <span class='ocr_line' id='line_1_81' title="bbox 304 2305 1394 2359; baseline -0.005 -12"><span class='ocrx_word' id='word_1_601' title='bbox 304 2330 305 2333; x_wconf 63' lang='lat'><em>=</em></span> <span class='ocrx_word' id='word_1_602' title='bbox 339 2326 425 2359; x_wconf 33' lang='grc' dir='ltr'>(ων,</span> <span class='ocrx_word' id='word_1_603' title='bbox 451 2315 470 2350; x_wconf 59' lang='grc' dir='ltr'><em>ἢ</em></span> <span class='ocrx_word' id='word_1_604' title='bbox 486 2307 607 2346; x_wconf 90' lang='lat' dir='ltr'>enim</span> <span class='ocrx_word' id='word_1_605' title='bbox 635 2307 756 2346; x_wconf 85' lang='lat' dir='ltr'>virtus</span> <span class='ocrx_word' id='word_1_606' title='bbox 784 2306 940 2344; x_wconf 90' lang='lat' dir='ltr'>moralis</span> <span class='ocrx_word' id='word_1_607' title='bbox 965 2306 1003 2343; x_wconf 80' lang='lat' dir='ltr'>In</span> <span class='ocrx_word' id='word_1_608' title='bbox 1033 2305 1163 2343; x_wconf 89' lang='lat' dir='ltr'>medio</span> <span class='ocrx_word' id='word_1_609' title='bbox 1185 2305 1366 2343; x_wconf 87' lang='lat' dir='ltr'>consistit.</span> <span class='ocrx_word' id='word_1_610' title='bbox 1392 2340 1394 2352; x_wconf 60' lang='grc'>,</span> 
     </span>
    </p>
   </div>
   <div class='ocr_carea' id='block_1_24' title="bbox 289 2355 1367 2464">
    <p class='ocr_par' dir='ltr' id='par_1_29' title="bbox 289 2355 1367 2464">
     <span class='ocr_line' id='line_1_82' title="bbox 299 2355 1365 2410; baseline -0.002 -12"><span class='ocrx_word' id='word_1_611' title='bbox 299 2357 442 2398; x_wconf 49' lang='grc' dir='ltr'>ἏΨΨ)</span> <span class='ocrx_word' id='word_1_612' title='bbox 460 2355 490 2397; x_wconf 43' lang='lat' dir='ltr'>*e</span> <span class='ocrx_word' id='word_1_613' title='bbox 503 2362 581 2399; x_wconf 91' lang='lat' dir='ltr'>Sed</span> <span class='ocrx_word' id='word_1_614' title='bbox 609 2360 905 2410; x_wconf 87' lang='lat' dir='ltr'>magnanimitas</span> <span class='ocrx_word' id='word_1_615' title='bbox 927 2372 1006 2397; x_wconf 91' lang='lat' dir='ltr'>non</span> <span class='ocrx_word' id='word_1_616' title='bbox 1036 2359 1208 2397; x_wconf 85' lang='lat' dir='ltr'>consistit</span> <span class='ocrx_word' id='word_1_617' title='bbox 1226 2359 1265 2396; x_wconf 91' lang='lat' dir='ltr'>in</span> <span class='ocrx_word' id='word_1_618' title='bbox 1285 2372 1365 2396; x_wconf 92' lang='lat' dir='ltr'>me-</span> 
     </span>
     <span class='ocr_line' id='line_1_83' title="bbox 289 2414 1367 2464; baseline -0.005 -9"><span class='ocrx_word' id='word_1_619' title='bbox 289 2415 366 2462; x_wconf 88' lang='lat' dir='ltr'>dio,</span> <span class='ocrx_word' id='word_1_620' title='bbox 388 2415 457 2452; x_wconf 89' lang='lat' dir='ltr'>sed</span> <span class='ocrx_word' id='word_1_621' title='bbox 485 2414 524 2453; x_wconf 90' lang='lat' dir='ltr'>in</span> <span class='ocrx_word' id='word_1_622' title='bbox 548 2415 738 2453; x_wconf 89' lang='lat' dir='ltr'>maximo:</span> <span class='ocrx_word' id='word_1_623' title='bbox 769 2415 861 2463; x_wconf 87' lang='lat' dir='ltr'>quia</span> <span class='ocrx_word' id='word_1_624' title='bbox 884 2415 1065 2451; x_wconf 89' lang='lat' dir='ltr'>maximis</span> <span class='ocrx_word' id='word_1_625' title='bbox 1092 2414 1292 2464; x_wconf 77' lang='lat' dir='ltr'>dignificat</span> <span class='ocrx_word' id='word_1_626' title='bbox 1311 2425 1367 2450; x_wconf 90' lang='lat' dir='ltr'>se-</span> 
     </span>
    </p>
   </div>
   <div class='ocr_carea' id='block_1_25' title="bbox 202 2467 1367 2527">
    <p class='ocr_par' dir='ltr' id='par_1_30' title="bbox 202 2467 1367 2527">
     <span class='ocr_line' id='line_1_84' title="bbox 202 2467 1367 2527; baseline -0.003 -19"><span class='ocrx_word' id='word_1_627' title='bbox 202 2478 262 2527; x_wconf 46' lang='lat'>&#39;9·„</span> <span class='ocrx_word' id='word_1_628' title='bbox 287 2470 410 2519; x_wconf 82' lang='lat' dir='ltr'>ipsum</span> <span class='ocrx_word' id='word_1_629' title='bbox 431 2473 460 2516; x_wconf 58' lang='grc' dir='ltr'>α,</span> <span class='ocrx_word' id='word_1_630' title='bbox 489 2478 531 2507; x_wconf 92' lang='lat' dir='ltr'>ut</span> <span class='ocrx_word' id='word_1_631' title='bbox 560 2469 696 2506; x_wconf 90' lang='lat' dir='ltr'>dicitur</span> <span class='ocrx_word' id='word_1_632' title='bbox 720 2469 759 2506; x_wconf 90' lang='lat' dir='ltr'>in</span> <span class='ocrx_word' id='word_1_633' title='bbox 780 2469 832 2505; x_wconf 92' lang='lat' dir='ltr'>IV</span> <span class='ocrx_word' id='word_1_634' title='bbox 849 2468 971 2505; x_wconf 88' lang='lat' dir='ltr'>Ethic.</span> <span class='ocrx_word' id='word_1_635' title='bbox 997 2467 1017 2490; x_wconf 80' lang='grc'><strong><em>*</em></strong></span> <span class='ocrx_word' id='word_1_636' title='bbox 1047 2469 1149 2516; x_wconf 86' lang='lat' dir='ltr'>Ergo</span> <span class='ocrx_word' id='word_1_637' title='bbox 1170 2467 1367 2516; x_wconf 89' lang='lat' dir='ltr'>magnani—</span> 
     </span>
    </p>
   </div>
   <div class='ocr_carea' id='block_1_26' title="bbox 255 2522 1368 2732">
    <p class='ocr_par' dir='ltr' id='par_1_31' title="bbox 255 2522 754 2563">
     <span class='ocr_line' id='line_1_85' title="bbox 255 2522 754 2563; baseline -0.004 -1"><span class='ocrx_word' id='word_1_638' title='bbox 255 2541 260 2546; x_wconf 88' lang='lat'><em>-</em></span> <span class='ocrx_word' id='word_1_639' title='bbox 289 2523 401 2563; x_wconf 87' lang='lat' dir='ltr'>mitas</span> <span class='ocrx_word' id='word_1_640' title='bbox 430 2534 510 2560; x_wconf 91' lang='lat' dir='ltr'>non</span> <span class='ocrx_word' id='word_1_641' title='bbox 540 2531 595 2560; x_wconf 89' lang='lat' dir='ltr'>est</span> <span class='ocrx_word' id='word_1_642' title='bbox 622 2522 754 2560; x_wconf 87' lang='lat' dir='ltr'>virtus.</span> 
     </span>
    </p>

    <p class='ocr_par' dir='ltr' id='par_1_32' title="bbox 256 2575 1368 2732">
     <span class='ocr_line' id='line_1_86' title="bbox 345 2575 1368 2625; baseline -0.003 -10"><span class='ocrx_word' id='word_1_643' title='bbox 345 2589 380 2615; x_wconf 89' lang='lat'>2.</span> <span class='ocrx_word' id='word_1_644' title='bbox 401 2577 638 2623; x_wconf 58' lang='lat' dir='ltr'>ptumam,</span> <span class='ocrx_word' id='word_1_645' title='bbox 659 2576 724 2625; x_wconf 92' lang='lat' dir='ltr'>qui</span> <span class='ocrx_word' id='word_1_646' title='bbox 753 2576 870 2613; x_wconf 87' lang='lat' dir='ltr'>habet</span> <span class='ocrx_word' id='word_1_647' title='bbox 898 2587 1016 2612; x_wconf 89' lang='lat' dir='ltr'>unam</span> <span class='ocrx_word' id='word_1_648' title='bbox 1036 2575 1232 2621; x_wconf 88' lang='lat' dir='ltr'>virtutem,</span> <span class='ocrx_word' id='word_1_649' title='bbox 1251 2575 1368 2612; x_wconf 88' lang='lat' dir='ltr'>habet</span> 
     </span>
     <span class='ocr_line' id='line_1_87' title="bbox 256 2629 1366 2680; baseline -0.003 -12"><span class='ocrx_word' id='word_1_650' title='bbox 256 2658 260 2662; x_wconf 86' lang='lat'><em>-</em></span> <span class='ocrx_word' id='word_1_651' title='bbox 289 2643 439 2678; x_wconf 84' lang='lat' dir='ltr'>omneS,</span> <span class='ocrx_word' id='word_1_652' title='bbox 468 2639 510 2668; x_wconf 92' lang='lat' dir='ltr'>ut</span> <span class='ocrx_word' id='word_1_653' title='bbox 538 2642 654 2680; x_wconf 88' lang='lat' dir='ltr'>supra</span> <span class='ocrx_word' id='word_1_654' title='bbox 672 2629 692 2652; x_wconf 72' lang='lat'>&#39;¹‘</span> <span class='ocrx_word' id='word_1_655' title='bbox 720 2629 894 2667; x_wconf 92' lang='lat' dir='ltr'>habitum</span> <span class='ocrx_word' id='word_1_656' title='bbox 925 2637 992 2666; x_wconf 90' lang='lat' dir='ltr'>est.</span> <span class='ocrx_word' id='word_1_657' title='bbox 1027 2629 1106 2666; x_wconf 91' lang='lat' dir='ltr'>Sed</span> <span class='ocrx_word' id='word_1_658' title='bbox 1134 2629 1269 2677; x_wconf 87' lang='lat' dir='ltr'>aliquis</span> <span class='ocrx_word' id='word_1_659' title='bbox 1297 2641 1366 2678; x_wconf 90' lang='lat' dir='ltr'>po·</span> 
     </span>
     <span class='ocr_line' id='line_1_88' title="bbox 290 2683 1367 2732; baseline -0.002 -10"><span class='ocrx_word' id='word_1_660' title='bbox 290 2693 362 2723; x_wconf 91' lang='lat' dir='ltr'>test</span> <span class='ocrx_word' id='word_1_661' title='bbox 390 2685 533 2722; x_wconf 89' lang='lat' dir='ltr'>habere</span> <span class='ocrx_word' id='word_1_662' title='bbox 553 2685 720 2732; x_wconf 89' lang='lat' dir='ltr'>aliquam</span> <span class='ocrx_word' id='word_1_663' title='bbox 739 2683 922 2720; x_wconf 88' lang='lat' dir='ltr'>virtutem</span> <span class='ocrx_word' id='word_1_664' title='bbox 944 2695 1024 2720; x_wconf 92' lang='lat' dir='ltr'>non</span> <span class='ocrx_word' id='word_1_665' title='bbox 1042 2683 1190 2720; x_wconf 89' lang='lat' dir='ltr'>habens</span> <span class='ocrx_word' id='word_1_666' title='bbox 1211 2690 1367 2731; x_wconf 86' lang='lat' dir='ltr'>m&#39;agna-</span> 
     </span>
    </p>
   </div>
   <div class='ocr_carea' id='block_1_27' title="bbox 201 2736 1396 2841">
    <p class='ocr_par' dir='ltr' id='par_1_33' title="bbox 201 2734 1396 2841">
     <span class='ocr_line' id='line_1_89' title="bbox 201 2736 1366 2785; baseline -0.003 -8"><span class='ocrx_word' id='word_1_667' title='bbox 201 2762 207 2770; x_wconf 87' lang='lat'><strong>·</strong></span> <span class='ocrx_word' id='word_1_668' title='bbox 235 2757 262 2768; x_wconf 87' lang='lat'>-·</span> <span class='ocrx_word' id='word_1_669' title='bbox 290 2738 522 2777; x_wconf 85' lang='lat' dir='ltr'>nimitatem:</span> <span class='ocrx_word' id='word_1_670' title='bbox 546 2738 636 2775; x_wconf 90' lang='lat' dir='ltr'>dicit</span> <span class='ocrx_word' id='word_1_671' title='bbox 655 2737 759 2774; x_wconf 87' lang='lat' dir='ltr'>enim</span> <span class='ocrx_word' id='word_1_672' title='bbox 780 2737 1050 2785; x_wconf 86' lang='lat' dir='ltr'>Philosophus,</span> <span class='ocrx_word' id='word_1_673' title='bbox 1072 2736 1110 2773; x_wconf 92' lang='lat' dir='ltr'>in</span> <span class='ocrx_word' id='word_1_674' title='bbox 1131 2737 1183 2773; x_wconf 92' lang='lat' dir='ltr'>IV</span> <span class='ocrx_word' id='word_1_675' title='bbox 1196 2737 1317 2774; x_wconf 80' lang='lat' dir='ltr'>Ethic.</span> <span class='ocrx_word' id='word_1_676' title='bbox 1333 2736 1366 2783; x_wconf 72' lang='lat'>²¹²,</span> 
     </span>
     <span class='ocr_line' id='line_1_90' title="bbox 256 2790 1396 2841; baseline -0.003 -11"><span class='ocrx_word' id='word_1_677' title='bbox 256 2790 262 2795; x_wconf 78' lang='lat'>&#39;</span> <span class='ocrx_word' id='word_1_678' title='bbox 291 2792 397 2841; x_wconf 89' lang='lat' dir='ltr'>quod</span> <span class='ocrx_word' id='word_1_679' title='bbox 427 2793 492 2841; x_wconf 86' lang='lat' dir='ltr'>qui</span> <span class='ocrx_word' id='word_1_680' title='bbox 518 2797 572 2829; x_wconf 83' lang='lat' dir='ltr'>est</span> <span class='ocrx_word' id='word_1_681' title='bbox 593 2791 728 2841; x_wconf 81' lang='lat' dir='ltr'>parvis</span> <span class='ocrx_word' id='word_1_682' title='bbox 755 2791 910 2841; x_wconf 84' lang='lat' dir='ltr'>dignus,</span> <span class='ocrx_word' id='word_1_683' title='bbox 940 2795 975 2826; x_wconf 88' lang='lat' dir='ltr'>et</span> <span class='ocrx_word' id='word_1_684' title='bbox 1001 2790 1059 2835; x_wconf 74' lang='lat' dir='ltr'>his</span> <span class='ocrx_word' id='word_1_685' title='bbox 1086 2790 1285 2840; x_wconf 80' lang='lat' dir='ltr'>dignificat</span> <span class='ocrx_word' id='word_1_686' title='bbox 1310 2802 1366 2827; x_wconf 88' lang='lat' dir='ltr'>se-</span> <span class='ocrx_word' id='word_1_687' title='bbox 1394 2791 1396 2807; x_wconf 40' lang='lat' dir='ltr'><strong>I</strong></span> 
     </span>
    </p>
   </div>
   <div class='ocr_carea' id='block_1_28' title="bbox 290 2844 1370 3433">
    <p class='ocr_par' dir='ltr' id='par_1_34' title="bbox 290 2844 1366 2948">
     <span class='ocr_line' id='line_1_91' title="bbox 290 2844 1366 2896; baseline -0.003 -12"><span class='ocrx_word' id='word_1_688' title='bbox 290 2847 434 2896; x_wconf 80' lang='lat' dir='ltr'>ipsum,</span> <span class='ocrx_word' id='word_1_689' title='bbox 463 2851 692 2894; x_wconf 85' lang='lat' dir='ltr'>temperatus</span> <span class='ocrx_word' id='word_1_690' title='bbox 720 2850 790 2891; x_wconf 86' lang='lat' dir='ltr'>est,</span> <span class='ocrx_word' id='word_1_691' title='bbox 821 2844 1094 2894; x_wconf 77' lang='lat' dir='ltr'>magnanimus</span> <span class='ocrx_word' id='word_1_692' title='bbox 1121 2850 1247 2881; x_wconf 88' lang='lat' dir='ltr'>autem</span> <span class='ocrx_word' id='word_1_693' title='bbox 1277 2856 1366 2881; x_wconf 91' lang='lat' dir='ltr'>non.</span> 
     </span>
     <span class='ocr_line' id='line_1_92' title="bbox 291 2897 1073 2948; baseline -0.005 -10"><span class='ocrx_word' id='word_1_694' title='bbox 291 2901 395 2948; x_wconf 86' lang='lat' dir='ltr'>Ergo</span> <span class='ocrx_word' id='word_1_695' title='bbox 424 2899 719 2948; x_wconf 88' lang='lat' dir='ltr'>magnanimitas</span> <span class='ocrx_word' id='word_1_696' title='bbox 748 2910 827 2935; x_wconf 90' lang='lat' dir='ltr'>non</span> <span class='ocrx_word' id='word_1_697' title='bbox 858 2905 914 2934; x_wconf 89' lang='lat' dir='ltr'>est</span> <span class='ocrx_word' id='word_1_698' title='bbox 939 2897 1073 2935; x_wconf 87' lang='lat' dir='ltr'>virtus.</span> 
     </span>
    </p>

    <p class='ocr_par' dir='ltr' id='par_1_35' title="bbox 290 2950 1369 3270">
     <span class='ocr_line' id='line_1_93' title="bbox 348 2950 1367 3000; baseline -0.004 -9"><span class='ocrx_word' id='word_1_699' title='bbox 348 2955 382 2992; x_wconf 86' lang='lat'>3.-</span> <span class='ocrx_word' id='word_1_700' title='bbox 413 2955 650 3000; x_wconf 60' lang='lat' dir='ltr'>ptumam,</span> <span class='ocrx_word' id='word_1_701' title='bbox 670 2952 791 2990; x_wconf 75' lang='lat' dir='ltr'>virtus</span> <span class='ocrx_word' id='word_1_702' title='bbox 820 2959 876 2988; x_wconf 92' lang='lat' dir='ltr'>est</span> <span class='ocrx_word' id='word_1_703' title='bbox 903 2952 1003 2988; x_wconf 85' lang='lat' dir='ltr'>bona</span> <span class='ocrx_word' id='word_1_704' title='bbox 1032 2950 1194 3000; x_wconf 82' lang='lat' dir='ltr'>qualitas</span> <span class='ocrx_word' id='word_1_705' title='bbox 1221 2952 1367 2998; x_wconf 85' lang='lat' dir='ltr'>mentis,</span> 
     </span>
     <span class='ocr_line' id='line_1_94' title="bbox 290 3004 1369 3056; baseline -0.004 -11"><span class='ocrx_word' id='word_1_706' title='bbox 290 3015 332 3045; x_wconf 90' lang='lat' dir='ltr'>ut</span> <span class='ocrx_word' id='word_1_707' title='bbox 360 3020 476 3056; x_wconf 90' lang='lat' dir='ltr'>supra</span> <span class='ocrx_word' id='word_1_708' title='bbox 494 3007 515 3029; x_wconf 71' lang='lat'>&#39;¹‘</span> <span class='ocrx_word' id='word_1_709' title='bbox 542 3007 716 3044; x_wconf 86' lang='lat' dir='ltr'>habiturn</span> <span class='ocrx_word' id='word_1_710' title='bbox 738 3013 804 3043; x_wconf 91' lang='lat' dir='ltr'>est.</span> <span class='ocrx_word' id='word_1_711' title='bbox 835 3006 912 3043; x_wconf 92' lang='lat' dir='ltr'>Sed</span> <span class='ocrx_word' id='word_1_712' title='bbox 932 3004 1227 3053; x_wconf 85' lang='lat' dir='ltr'>magnanimitas</span> <span class='ocrx_word' id='word_1_713' title='bbox 1252 3005 1369 3042; x_wconf 91' lang='lat' dir='ltr'>habet</span> 
     </span>
     <span class='ocr_line' id='line_1_95' title="bbox 292 3058 1368 3110; baseline -0.003 -12"><span class='ocrx_word' id='word_1_714' title='bbox 292 3061 482 3110; x_wconf 90' lang='lat' dir='ltr'>quasdam</span> <span class='ocrx_word' id='word_1_715' title='bbox 503 3061 721 3110; x_wconf 88' lang='lat' dir='ltr'>corporales</span> <span class='ocrx_word' id='word_1_716' title='bbox 742 3059 1026 3108; x_wconf 84' lang='lat' dir='ltr'>dispositiones:</span> <span class='ocrx_word' id='word_1_717' title='bbox 1050 3059 1137 3096; x_wconf 91' lang='lat' dir='ltr'>dicit</span> <span class='ocrx_word' id='word_1_718' title='bbox 1157 3058 1259 3095; x_wconf 90' lang='lat' dir='ltr'>enim</span> <span class='ocrx_word' id='word_1_719' title='bbox 1280 3059 1368 3095; x_wconf 93' lang='lat' dir='ltr'>Phi-</span> 
     </span>
     <span class='ocr_line' id='line_1_96' title="bbox 292 3112 1368 3164; baseline -0.003 -12"><span class='ocrx_word' id='word_1_720' title='bbox 292 3115 491 3164; x_wconf 90' lang='lat' dir='ltr'>losophus,</span> <span class='ocrx_word' id='word_1_721' title='bbox 511 3115 550 3152; x_wconf 90' lang='lat' dir='ltr'>in</span> <span class='ocrx_word' id='word_1_722' title='bbox 580 3115 631 3151; x_wconf 92' lang='lat' dir='ltr'>IV</span> <span class='ocrx_word' id='word_1_723' title='bbox 658 3114 780 3151; x_wconf 87' lang='lat' dir='ltr'>Ethic.</span> <span class='ocrx_word' id='word_1_724' title='bbox 800 3114 831 3160; x_wconf 67' lang='lat'>⁸,</span> <span class='ocrx_word' id='word_1_725' title='bbox 862 3113 969 3161; x_wconf 89' lang='lat' dir='ltr'>quod</span> <span class='ocrx_word' id='word_1_726' title='bbox 997 3118 1121 3150; x_wconf 89' lang='lat' dir='ltr'>motus</span> <span class='ocrx_word' id='word_1_727' title='bbox 1139 3112 1260 3149; x_wconf 91' lang='lat' dir='ltr'>lentus</span> <span class='ocrx_word' id='word_1_728' title='bbox 1287 3124 1368 3149; x_wconf 91' lang='lat' dir='ltr'>ma-</span> 
     </span>
     <span class='ocr_line' id='line_1_97' title="bbox 291 3165 1366 3219; baseline -0.003 -13"><span class='ocrx_word' id='word_1_729' title='bbox 291 3169 470 3219; x_wconf 85' lang='lat' dir='ltr'>gnanimi</span> <span class='ocrx_word' id='word_1_730' title='bbox 483 3168 645 3214; x_wconf 72' lang='lat' dir='ltr'>videtur,</span> <span class='ocrx_word' id='word_1_731' title='bbox 666 3174 702 3205; x_wconf 91' lang='lat' dir='ltr'>et</span> <span class='ocrx_word' id='word_1_732' title='bbox 726 3179 806 3205; x_wconf 85' lang='lat' dir='ltr'>vox</span> <span class='ocrx_word' id='word_1_733' title='bbox 833 3167 979 3217; x_wconf 77' lang='lat' dir='ltr'>gravis,</span> <span class='ocrx_word' id='word_1_734' title='bbox 999 3172 1036 3203; x_wconf 90' lang='lat' dir='ltr'>et</span> <span class='ocrx_word' id='word_1_735' title='bbox 1058 3166 1194 3204; x_wconf 89' lang='lat' dir='ltr'>locutio</span> <span class='ocrx_word' id='word_1_736' title='bbox 1213 3165 1366 3203; x_wconf 87' lang='lat' dir='ltr'>stabilis.</span> 
     </span>
     <span class='ocr_line' id='line_1_98' title="bbox 294 3220 1073 3270; baseline -0.004 -11"><span class='ocrx_word' id='word_1_737' title='bbox 294 3223 397 3270; x_wconf 89' lang='lat' dir='ltr'>Ergo</span> <span class='ocrx_word' id='word_1_738' title='bbox 426 3221 721 3270; x_wconf 86' lang='lat' dir='ltr'>magnanimitas</span> <span class='ocrx_word' id='word_1_739' title='bbox 750 3234 829 3258; x_wconf 89' lang='lat' dir='ltr'>non</span> <span class='ocrx_word' id='word_1_740' title='bbox 859 3228 915 3257; x_wconf 91' lang='lat' dir='ltr'>est</span> <span class='ocrx_word' id='word_1_741' title='bbox 941 3220 1073 3257; x_wconf 91' lang='lat' dir='ltr'>virtus.</span> 
     </span>
    </p>

    <p class='ocr_par' dir='ltr' id='par_1_36' title="bbox 293 3273 1370 3433">
     <span class='ocr_line' id='line_1_99' title="bbox 347 3273 1369 3323; baseline -0.003 -11"><span class='ocrx_word' id='word_1_742' title='bbox 347 3287 384 3322; x_wconf 95' lang='lat'>4.</span> <span class='ocrx_word' id='word_1_743' title='bbox 401 3276 638 3322; x_wconf 76' lang='lat' dir='ltr'>PRAETEREA,</span> <span class='ocrx_word' id='word_1_744' title='bbox 668 3275 772 3312; x_wconf 91' lang='lat' dir='ltr'>nulla</span> <span class='ocrx_word' id='word_1_745' title='bbox 790 3274 912 3312; x_wconf 91' lang='lat' dir='ltr'>virtus</span> <span class='ocrx_word' id='word_1_746' title='bbox 941 3273 1151 3323; x_wconf 89' lang='lat' dir='ltr'>opponitur</span> <span class='ocrx_word' id='word_1_747' title='bbox 1171 3273 1277 3310; x_wconf 90' lang='lat' dir='ltr'>alteri</span> <span class='ocrx_word' id='word_1_748' title='bbox 1296 3273 1369 3309; x_wconf 92' lang='lat' dir='ltr'>vir-</span> 
     </span>
     <span class='ocr_line' id='line_1_100' title="bbox 293 3326 1367 3378; baseline -0.002 -13"><span class='ocrx_word' id='word_1_749' title='bbox 293 3328 373 3367; x_wconf 88' lang='lat' dir='ltr'>tuti.</span> <span class='ocrx_word' id='word_1_750' title='bbox 396 3328 474 3365; x_wconf 90' lang='lat' dir='ltr'>Sed</span> <span class='ocrx_word' id='word_1_751' title='bbox 493 3329 786 3377; x_wconf 87' lang='lat' dir='ltr'>magnanimitas</span> <span class='ocrx_word' id='word_1_752' title='bbox 806 3327 1015 3378; x_wconf 92' lang='lat' dir='ltr'>opponitur</span> <span class='ocrx_word' id='word_1_753' title='bbox 1033 3326 1251 3365; x_wconf 89' lang='lat' dir='ltr'>humilitati:</span> <span class='ocrx_word' id='word_1_754' title='bbox 1277 3339 1367 3363; x_wconf 91' lang='lat' dir='ltr'>narn</span> 
     </span>
     <span class='ocr_line' id='line_1_101' title="bbox 294 3380 1370 3433; baseline -0.001 -15"><span class='ocrx_word' id='word_1_755' title='bbox 294 3381 563 3430; x_wconf 87' lang='lat' dir='ltr'>magnanimus</span> <span class='ocrx_word' id='word_1_756' title='bbox 590 3382 750 3433; x_wconf 81' lang='lat' dir='ltr'>dignum</span> <span class='ocrx_word' id='word_1_757' title='bbox 778 3394 818 3420; x_wconf 82' lang='lat' dir='ltr'>se</span> <span class='ocrx_word' id='word_1_758' title='bbox 845 3387 995 3430; x_wconf 86' lang='lat' dir='ltr'>reputat</span> <span class='ocrx_word' id='word_1_759' title='bbox 1020 3381 1184 3431; x_wconf 82' lang='lat' dir='ltr'>magnis,</span> <span class='ocrx_word' id='word_1_760' title='bbox 1211 3388 1247 3417; x_wconf 89' lang='lat' dir='ltr'>et</span> <span class='ocrx_word' id='word_1_761' title='bbox 1275 3380 1370 3417; x_wconf 85' lang='lat' dir='ltr'>alios</span> 
     </span>
    </p>
   </div>
   <div class='ocr_carea' id='block_1_29' title="bbox 295 3527 1371 3598">
    <p class='ocr_par' dir='ltr' id='par_1_37' title="bbox 295 3527 1371 3598">
     <span class='ocr_line' id='line_1_102' title="bbox 350 3527 1371 3563; baseline 0.001 -11"><span class='ocrx_word' id='word_1_762' title='bbox 350 3529 377 3561; x_wconf 80' lang='grc' dir='ltr'>α)</span> <span class='ocrx_word' id='word_1_763' title='bbox 396 3528 444 3553; x_wconf 83' lang='lat' dir='ltr'>sed</span> <span class='ocrx_word' id='word_1_764' title='bbox 469 3528 526 3553; x_wconf 87' lang='lat' dir='ltr'>in...</span> <span class='ocrx_word' id='word_1_765' title='bbox 548 3527 707 3560; x_wconf 72' lang='lat' dir='ltr'>seipsum.—</span> <span class='ocrx_word' id='word_1_766' title='bbox 725 3528 773 3554; x_wconf 84' lang='lat' dir='ltr'>sed</span> <span class='ocrx_word' id='word_1_767' title='bbox 797 3529 927 3554; x_wconf 77' lang='lat' dir='ltr'>maximis</span> <span class='ocrx_word' id='word_1_768' title='bbox 951 3529 1094 3563; x_wconf 52' lang='lat' dir='ltr'>digni-&#39;ficut</span> <span class='ocrx_word' id='word_1_769' title='bbox 1117 3529 1232 3562; x_wconf 79' lang='lat' dir='ltr'>seipsam</span> <span class='ocrx_word' id='word_1_770' title='bbox 1253 3528 1289 3557; x_wconf 90' lang='lat' dir='ltr'>G;</span> <span class='ocrx_word' id='word_1_771' title='bbox 1309 3533 1371 3561; x_wconf 91' lang='lat' dir='ltr'>post</span> 
     </span>
     <span class='ocr_line' id='line_1_103' title="bbox 295 3563 961 3598; baseline 0.002 -9"><span class='ocrx_word' id='word_1_772' title='bbox 295 3564 359 3597; x_wconf 81' lang='lat' dir='ltr'>quia</span> <span class='ocrx_word' id='word_1_773' title='bbox 378 3564 482 3597; x_wconf 87' lang='lat' dir='ltr'>aliquae</span> <span class='ocrx_word' id='word_1_774' title='bbox 500 3563 627 3588; x_wconf 85' lang='lat' dir='ltr'>editiones</span> <span class='ocrx_word' id='word_1_775' title='bbox 647 3563 744 3589; x_wconf 83' lang='lat' dir='ltr'>addunt</span> <span class='ocrx_word' id='word_1_776' title='bbox 763 3565 961 3598; x_wconf 79' lang='lat' dir='ltr'>magnanimus.</span> 
     </span>
    </p>
   </div>
   <div class='ocr_carea' id='block_1_30' title="bbox 1392 2235 1398 3005">
    <p class='ocr_par' dir='ltr' id='par_1_38' title="bbox 1392 2235 1398 3005">
     <span class='ocr_line' id='line_1_104' title="bbox 1392 2235 1398 3005; baseline 0 0"><span class='ocrx_word' id='word_1_777' title='bbox 1392 2235 1398 3005; x_wconf 95' lang='lat' dir='ltr'> </span> 
     </span>
    </p>
   </div>
   <div class='ocr_carea' id='block_1_31' title="bbox 1395 3526 1399 3631">
    <p class='ocr_par' dir='ltr' id='par_1_39' title="bbox 1395 3526 1399 3631">
     <span class='ocr_line' id='line_1_105' title="bbox 1395 3526 1399 3631; baseline 0 567"><span class='ocrx_word' id='word_1_778' title='bbox 1395 3526 1399 3631; x_wconf 95' lang='lat' dir='ltr'> </span> 
     </span>
    </p>
   </div>
   <div class='ocr_carea' id='block_1_32' title="bbox 436 2197 2498 2316">
    <p class='ocr_par' dir='ltr' id='par_1_40' title="bbox 436 2197 2498 2316">
     <span class='ocr_line' id='line_1_106' title="bbox 1392 2197 2498 2247; baseline 0.001 -12"><span class='ocrx_word' id='word_1_779' title='bbox 1392 2198 1394 2233; x_wconf 66' lang='lat' dir='ltr'><strong>I</strong></span> <span class='ocrx_word' id='word_1_780' title='bbox 1421 2198 1635 2244; x_wconf 84' lang='lat' dir='ltr'>contemnit,</span> <span class='ocrx_word' id='word_1_781' title='bbox 1656 2206 1698 2235; x_wconf 88' lang='lat' dir='ltr'>ut</span> <span class='ocrx_word' id='word_1_782' title='bbox 1727 2198 1863 2235; x_wconf 88' lang='lat' dir='ltr'>dicitur</span> <span class='ocrx_word' id='word_1_783' title='bbox 1891 2198 1928 2235; x_wconf 91' lang='lat' dir='ltr'>in</span> <span class='ocrx_word' id='word_1_784' title='bbox 1959 2199 2010 2235; x_wconf 93' lang='lat' dir='ltr'>IV</span> <span class='ocrx_word' id='word_1_785' title='bbox 2029 2199 2150 2236; x_wconf 85' lang='lat' dir='ltr'>Ethic.</span> <span class='ocrx_word' id='word_1_786' title='bbox 2170 2197 2191 2220; x_wconf 81' lang='lat'><strong>*</strong></span> <span class='ocrx_word' id='word_1_787' title='bbox 2219 2199 2321 2247; x_wconf 88' lang='lat' dir='ltr'>Ergo</span> <span class='ocrx_word' id='word_1_788' title='bbox 2343 2211 2498 2247; x_wconf 87' lang='lat' dir='ltr'>magna-</span> 
     </span>
     <span class='ocr_line' id='line_1_107' title="bbox 436 2252 1394 2316; baseline -0.005 -23"><span class='ocrx_word' id='word_1_789' title='bbox 436 2266 472 2316; x_wconf 52' lang='lat'>51</span> <span class='ocrx_word' id='word_1_790' title='bbox 503 2253 796 2303; x_wconf 86' lang='lat' dir='ltr'>magnanimitas</span> <span class='ocrx_word' id='word_1_791' title='bbox 837 2265 917 2290; x_wconf 92' lang='lat' dir='ltr'>non</span> <span class='ocrx_word' id='word_1_792' title='bbox 960 2252 1006 2289; x_wconf 91' lang='lat' dir='ltr'>sit</span> <span class='ocrx_word' id='word_1_793' title='bbox 1047 2252 1180 2289; x_wconf 88' lang='lat' dir='ltr'>virtus.</span> <span class='ocrx_word' id='word_1_794' title='bbox 1225 2252 1394 2302; x_wconf 44' lang='lat' dir='ltr'>Omnis¹</span> 
     </span>
    </p>
   </div>
   <div class='ocr_carea' id='block_1_33' title="bbox 1422 2251 2500 2516">
    <p class='ocr_par' dir='ltr' id='par_1_41' title="bbox 1423 2251 1928 2289">
     <span class='ocr_line' id='line_1_108' title="bbox 1423 2251 1928 2289; baseline 0 -1"><span class='ocrx_word' id='word_1_795' title='bbox 1423 2251 1576 2289; x_wconf 89' lang='lat' dir='ltr'>nimitas</span> <span class='ocrx_word' id='word_1_796' title='bbox 1604 2264 1683 2289; x_wconf 92' lang='lat' dir='ltr'>non</span> <span class='ocrx_word' id='word_1_797' title='bbox 1712 2259 1768 2288; x_wconf 91' lang='lat' dir='ltr'>est</span> <span class='ocrx_word' id='word_1_798' title='bbox 1796 2251 1928 2288; x_wconf 87' lang='lat' dir='ltr'>virtus.</span> 
     </span>
    </p>

    <p class='ocr_par' dir='ltr' id='par_1_42' title="bbox 1422 2305 2500 2516">
     <span class='ocr_line' id='line_1_109' title="bbox 1480 2305 2499 2355; baseline 0 -13"><span class='ocrx_word' id='word_1_799' title='bbox 1480 2307 1513 2342; x_wconf 89' lang='lat'>5.</span> <span class='ocrx_word' id='word_1_800' title='bbox 1547 2306 1791 2352; x_wconf 72' lang='lat' dir='ltr'>PRAETEREA,</span> <span class='ocrx_word' id='word_1_801' title='bbox 1828 2305 2028 2342; x_wconf 89' lang='lat' dir='ltr'>cuiuslibet</span> <span class='ocrx_word' id='word_1_802' title='bbox 2064 2305 2212 2342; x_wconf 84' lang='lat' dir='ltr'>virtutis</span> <span class='ocrx_word' id='word_1_803' title='bbox 2249 2305 2499 2355; x_wconf 90' lang='lat' dir='ltr'>proprietates</span> 
     </span>
     <span class='ocr_line' id='line_1_110' title="bbox 1422 2359 2499 2408; baseline 0.002 -12"><span class='ocrx_word' id='word_1_804' title='bbox 1422 2367 1510 2396; x_wconf 90' lang='lat' dir='ltr'>sunt</span> <span class='ocrx_word' id='word_1_805' title='bbox 1530 2359 1752 2396; x_wconf 90' lang='lat' dir='ltr'>laudabiles.</span> <span class='ocrx_word' id='word_1_806' title='bbox 1776 2359 1851 2396; x_wconf 89' lang='lat' dir='ltr'>Sed</span> <span class='ocrx_word' id='word_1_807' title='bbox 1868 2359 2164 2407; x_wconf 89' lang='lat' dir='ltr'>magnanimitas</span> <span class='ocrx_word' id='word_1_808' title='bbox 2179 2360 2294 2396; x_wconf 90' lang='lat' dir='ltr'>habet</span> <span class='ocrx_word' id='word_1_809' title='bbox 2309 2361 2499 2408; x_wconf 85' lang='lat' dir='ltr'>quasdam</span> 
     </span>
     <span class='ocr_line' id='line_1_111' title="bbox 1422 2413 2500 2462; baseline 0 -12"><span class='ocrx_word' id='word_1_810' title='bbox 1422 2413 1675 2462; x_wconf 90' lang='lat' dir='ltr'>proprietates</span> <span class='ocrx_word' id='word_1_811' title='bbox 1694 2413 1988 2462; x_wconf 88' lang='lat' dir='ltr'>vituperabiles:</span> <span class='ocrx_word' id='word_1_812' title='bbox 2019 2413 2146 2462; x_wconf 89' lang='lat' dir='ltr'>primo</span> <span class='ocrx_word' id='word_1_813' title='bbox 2167 2413 2346 2462; x_wconf 85' lang='lat' dir='ltr'>quidem,</span> <span class='ocrx_word' id='word_1_814' title='bbox 2364 2414 2469 2462; x_wconf 93' lang='lat' dir='ltr'>quod</span> <span class='ocrx_word' id='word_1_815' title='bbox 2485 2413 2500 2444; x_wconf 77' lang='grc' dir='ltr'><strong>β</strong></span> 
     </span>
     <span class='ocr_line' id='line_1_112' title="bbox 1423 2466 2499 2516; baseline 0.001 -12"><span class='ocrx_word' id='word_1_816' title='bbox 1423 2479 1498 2504; x_wconf 91' lang='lat' dir='ltr'>non</span> <span class='ocrx_word' id='word_1_817' title='bbox 1515 2473 1569 2504; x_wconf 91' lang='lat' dir='ltr'>est</span> <span class='ocrx_word' id='word_1_818' title='bbox 1587 2479 1735 2504; x_wconf 90' lang='lat' dir='ltr'>memor</span> <span class='ocrx_word' id='word_1_819' title='bbox 1749 2468 2033 2516; x_wconf 83' lang='lat' dir='ltr'>benefactorum</span> <span class='ocrx_word' id='word_1_820' title='bbox 2049 2466 2086 2513; x_wconf 76' lang='lat'>*3</span> <span class='ocrx_word' id='word_1_821' title='bbox 2117 2467 2300 2514; x_wconf 86' lang='lat' dir='ltr'>secundo,</span> <span class='ocrx_word' id='word_1_822' title='bbox 2318 2467 2423 2516; x_wconf 89' lang='lat' dir='ltr'>quod</span> <span class='ocrx_word' id='word_1_823' title='bbox 2444 2476 2499 2505; x_wconf 88' lang='lat' dir='ltr'>est</span> 
     </span>
    </p>
   </div>
   <div class='ocr_carea' id='block_1_34' title="bbox 1394 2520 2501 2570">
    <p class='ocr_par' dir='ltr' id='par_1_43' title="bbox 1394 2520 2501 2570">
     <span class='ocr_line' id='line_1_113' title="bbox 1394 2520 2501 2570; baseline 0 -12"><span class='ocrx_word' id='word_1_824' title='bbox 1394 2557 1395 2561; x_wconf 71' lang='grc'>,</span> <span class='ocrx_word' id='word_1_825' title='bbox 1423 2521 1562 2558; x_wconf 84' lang='lat' dir='ltr'>otiosus</span> <span class='ocrx_word' id='word_1_826' title='bbox 1590 2527 1627 2558; x_wconf 85' lang='lat' dir='ltr'>et</span> <span class='ocrx_word' id='word_1_827' title='bbox 1651 2522 1782 2558; x_wconf 87' lang='lat' dir='ltr'>tardus</span> <span class='ocrx_word' id='word_1_828' title='bbox 1800 2521 1841 2564; x_wconf 70' lang='grc' dir='ltr'>*ς</span> <span class='ocrx_word' id='word_1_829' title='bbox 1871 2521 1994 2569; x_wconf 88' lang='lat' dir='ltr'>tertio,</span> <span class='ocrx_word' id='word_1_830' title='bbox 2020 2520 2125 2570; x_wconf 90' lang='lat' dir='ltr'>quod</span> <span class='ocrx_word' id='word_1_831' title='bbox 2155 2521 2271 2558; x_wconf 87' lang='lat' dir='ltr'>utitur</span> <span class='ocrx_word' id='word_1_832' title='bbox 2297 2521 2422 2558; x_wconf 87' lang='lat' dir='ltr'>ironia</span> <span class='ocrx_word' id='word_1_833' title='bbox 2450 2523 2501 2559; x_wconf 88' lang='lat' dir='ltr'>ad</span> 
     </span>
    </p>
   </div>
   <div class='ocr_carea' id='block_1_35' title="bbox 1409 2575 2500 3427">
    <p class='ocr_par' dir='ltr' id='par_1_44' title="bbox 1409 2575 2498 2731">
     <span class='ocr_line' id='line_1_114' title="bbox 1423 2575 2498 2624; baseline -0.001 -12"><span class='ocrx_word' id='word_1_834' title='bbox 1423 2575 1560 2612; x_wconf 90' lang='lat' dir='ltr'>multos</span> <span class='ocrx_word' id='word_1_835' title='bbox 1574 2575 1612 2620; x_wconf 77' lang='grc' dir='ltr'>*ς</span> <span class='ocrx_word' id='word_1_836' title='bbox 1633 2583 1781 2624; x_wconf 88' lang='lat' dir='ltr'>quart0,</span> <span class='ocrx_word' id='word_1_837' title='bbox 1798 2575 1903 2624; x_wconf 91' lang='lat' dir='ltr'>quod</span> <span class='ocrx_word' id='word_1_838' title='bbox 1920 2587 1995 2612; x_wconf 91' lang='lat' dir='ltr'>non</span> <span class='ocrx_word' id='word_1_839' title='bbox 2005 2580 2129 2623; x_wconf 82' lang='lat' dir='ltr'>potest</span> <span class='ocrx_word' id='word_1_840' title='bbox 2145 2575 2213 2611; x_wconf 87' lang='lat' dir='ltr'>alii</span> <span class='ocrx_word' id='word_1_841' title='bbox 2225 2575 2426 2612; x_wconf 77' lang='lat' dir='ltr'>convivere</span> <span class='ocrx_word' id='word_1_842' title='bbox 2439 2575 2498 2621; x_wconf 69' lang='lat'>*²¹⁶3</span> 
     </span>
     <span class='ocr_line' id='line_1_115' title="bbox 1423 2628 2497 2679; baseline 0 -13"><span class='ocrx_word' id='word_1_843' title='bbox 1423 2628 1574 2678; x_wconf 67' lang='lat' dir='ltr'>quintO,</span> <span class='ocrx_word' id='word_1_844' title='bbox 1610 2629 1715 2678; x_wconf 91' lang='lat' dir='ltr'>quod</span> <span class='ocrx_word' id='word_1_845' title='bbox 1751 2629 1877 2679; x_wconf 81' lang='lat' dir='ltr'>magis</span> <span class='ocrx_word' id='word_1_846' title='bbox 1907 2629 2075 2677; x_wconf 81' lang='lat' dir='ltr'>possidet</span> <span class='ocrx_word' id='word_1_847' title='bbox 2110 2629 2345 2676; x_wconf 86' lang='lat' dir='ltr'>infructuosa</span> <span class='ocrx_word' id='word_1_848' title='bbox 2383 2640 2497 2677; x_wconf 88' lang='lat' dir='ltr'>quam</span> 
     </span>
     <span class='ocr_line' id='line_1_116' title="bbox 1409 2682 2443 2731; baseline -0.001 -11"><span class='ocrx_word' id='word_1_849' title='bbox 1409 2683 1619 2731; x_wconf 86' lang='lat' dir='ltr'>fructuosa</span> <span class='ocrx_word' id='word_1_850' title='bbox 1637 2682 1668 2720; x_wconf 75' lang='lat'>²¹².</span> <span class='ocrx_word' id='word_1_851' title='bbox 1700 2683 1803 2730; x_wconf 90' lang='lat' dir='ltr'>Ergo</span> <span class='ocrx_word' id='word_1_852' title='bbox 1823 2682 2118 2730; x_wconf 87' lang='lat' dir='ltr'>magnanimitas</span> <span class='ocrx_word' id='word_1_853' title='bbox 2138 2694 2216 2718; x_wconf 92' lang='lat' dir='ltr'>non</span> <span class='ocrx_word' id='word_1_854' title='bbox 2238 2689 2293 2718; x_wconf 91' lang='lat' dir='ltr'>est</span> <span class='ocrx_word' id='word_1_855' title='bbox 2310 2682 2443 2719; x_wconf 89' lang='lat' dir='ltr'>virtus.</span> 
     </span>
    </p>

    <p class='ocr_par' dir='ltr' id='par_1_45' title="bbox 1418 2736 2499 3106">
     <span class='ocr_line' id='line_1_117' title="bbox 1478 2736 2498 2784; baseline -0.002 -10"><span class='ocrx_word' id='word_1_856' title='bbox 1478 2737 1554 2774; x_wconf 79' lang='lat' dir='ltr'>SED</span> <span class='ocrx_word' id='word_1_857' title='bbox 1583 2748 1730 2774; x_wconf 78' lang='lat' dir='ltr'>CONTRA</span> <span class='ocrx_word' id='word_1_858' title='bbox 1757 2748 1823 2773; x_wconf 87' lang='lat' dir='ltr'>EST</span> <span class='ocrx_word' id='word_1_859' title='bbox 1853 2736 1960 2784; x_wconf 92' lang='lat' dir='ltr'>quod</span> <span class='ocrx_word' id='word_1_860' title='bbox 1994 2736 2032 2772; x_wconf 91' lang='lat' dir='ltr'>in</span> <span class='ocrx_word' id='word_1_861' title='bbox 2069 2736 2223 2773; x_wconf 88' lang='lat' dir='ltr'>laudem</span> <span class='ocrx_word' id='word_1_862' title='bbox 2254 2737 2498 2784; x_wconf 85' lang='lat' dir='ltr'>quorundam</span> 
     </span>
     <span class='ocr_line' id='line_1_118' title="bbox 1424 2789 2497 2836; baseline -0.001 -9"><span class='ocrx_word' id='word_1_863' title='bbox 1424 2790 1570 2836; x_wconf 85' lang='lat' dir='ltr'>dicitur,</span> <span class='ocrx_word' id='word_1_864' title='bbox 1602 2791 1633 2826; x_wconf 90' lang='lat'>11</span> <span class='ocrx_word' id='word_1_865' title='bbox 1653 2790 1838 2827; x_wconf 85' lang='lat' dir='ltr'>Machab.</span> <span class='ocrx_word' id='word_1_866' title='bbox 1859 2802 1921 2827; x_wconf 79' lang='lat' dir='ltr'>xiv</span> <span class='ocrx_word' id='word_1_867' title='bbox 1938 2789 1976 2826; x_wconf 77' lang='lat' dir='ltr'>*z</span> <span class='ocrx_word' id='word_1_868' title='bbox 2010 2789 2188 2826; x_wconf 89' lang='lat' dir='ltr'>Nicanor</span> <span class='ocrx_word' id='word_1_869' title='bbox 2206 2789 2362 2826; x_wconf 86' lang='lat' dir='ltr'>audiens</span> <span class='ocrx_word' id='word_1_870' title='bbox 2381 2790 2497 2826; x_wconf 76' lang='lat' dir='ltr'>virtu-</span> 
     </span>
     <span class='ocr_line' id='line_1_119' title="bbox 1423 2843 2498 2893; baseline -0.001 -12"><span class='ocrx_word' id='word_1_871' title='bbox 1423 2850 1496 2881; x_wconf 89' lang='lat' dir='ltr'>tem</span> <span class='ocrx_word' id='word_1_872' title='bbox 1516 2844 1696 2881; x_wconf 90' lang='lat' dir='ltr'>comitum</span> <span class='ocrx_word' id='word_1_873' title='bbox 1716 2844 1848 2890; x_wconf 89' lang='lat' dir='ltr'>Iudae,</span> <span class='ocrx_word' id='word_1_874' title='bbox 1869 2850 1906 2880; x_wconf 88' lang='lat' dir='ltr'>et</span> <span class='ocrx_word' id='word_1_875' title='bbox 1922 2844 2044 2881; x_wconf 87' lang='lat' dir='ltr'>animi</span> <span class='ocrx_word' id='word_1_876' title='bbox 2060 2843 2362 2893; x_wconf 83' lang='lat' dir='ltr'>magnitudinem</span> <span class='ocrx_word' id='word_1_877' title='bbox 2383 2855 2498 2892; x_wconf 86' lang='lat' dir='ltr'>quam</span> 
     </span>
     <span class='ocr_line' id='line_1_120' title="bbox 1418 2897 2499 2947; baseline -0.002 -12"><span class='ocrx_word' id='word_1_878' title='bbox 1418 2910 1492 2947; x_wconf 87' lang='lat' dir='ltr'>pro</span> <span class='ocrx_word' id='word_1_879' title='bbox 1516 2898 1669 2947; x_wconf 87' lang='lat' dir='ltr'>patriae</span> <span class='ocrx_word' id='word_1_880' title='bbox 1700 2898 1968 2934; x_wconf 84' lang='lat' dir='ltr'>certaminibus</span> <span class='ocrx_word' id='word_1_881' title='bbox 2002 2898 2208 2942; x_wconf 84' lang='lat' dir='ltr'>habebant,</span> <span class='ocrx_word' id='word_1_882' title='bbox 2240 2905 2310 2934; x_wconf 90' lang='lat' dir='ltr'>etc.</span> <span class='ocrx_word' id='word_1_883' title='bbox 2348 2897 2499 2934; x_wconf 88' lang='lat' dir='ltr'>Lauda-</span> 
     </span>
     <span class='ocr_line' id='line_1_121' title="bbox 1423 2951 2499 3000; baseline -0.002 -12"><span class='ocrx_word' id='word_1_884' title='bbox 1423 2951 1511 2989; x_wconf 89' lang='lat' dir='ltr'>bilia</span> <span class='ocrx_word' id='word_1_885' title='bbox 1531 2959 1659 2988; x_wconf 88' lang='lat' dir='ltr'>autem</span> <span class='ocrx_word' id='word_1_886' title='bbox 1682 2959 1769 2988; x_wconf 90' lang='lat' dir='ltr'>sunt</span> <span class='ocrx_word' id='word_1_887' title='bbox 1788 2952 1913 2988; x_wconf 85' lang='lat' dir='ltr'>solum</span> <span class='ocrx_word' id='word_1_888' title='bbox 1933 2951 2118 2988; x_wconf 90' lang='lat' dir='ltr'>virtutum</span> <span class='ocrx_word' id='word_1_889' title='bbox 2139 2963 2269 3000; x_wconf 89' lang='lat' dir='ltr'>opera.</span> <span class='ocrx_word' id='word_1_890' title='bbox 2295 2951 2398 2998; x_wconf 91' lang='lat' dir='ltr'>Ergo</span> <span class='ocrx_word' id='word_1_891' title='bbox 2419 2963 2499 2987; x_wconf 90' lang='lat' dir='ltr'>ma-</span> 
     </span>
     <span class='ocr_line' id='line_1_122' title="bbox 1423 3004 2497 3054; baseline -0.002 -12"><span class='ocrx_word' id='word_1_892' title='bbox 1423 3005 1663 3054; x_wconf 88' lang='lat' dir='ltr'>gnanimitas,</span> <span class='ocrx_word' id='word_1_893' title='bbox 1693 3005 1743 3042; x_wconf 87' lang='lat' dir='ltr'>ad</span> <span class='ocrx_word' id='word_1_894' title='bbox 1772 3017 1889 3054; x_wconf 90' lang='lat' dir='ltr'>quarn</span> <span class='ocrx_word' id='word_1_895' title='bbox 1918 3005 2082 3053; x_wconf 90' lang='lat' dir='ltr'>pertinet</span> <span class='ocrx_word' id='word_1_896' title='bbox 2110 3017 2295 3053; x_wconf 89' lang='lat' dir='ltr'>magnum</span> <span class='ocrx_word' id='word_1_897' title='bbox 2324 3004 2497 3041; x_wconf 86' lang='lat' dir='ltr'>animum</span> 
     </span>
     <span class='ocr_line' id='line_1_123' title="bbox 1423 3059 1825 3106; baseline -0.002 -10"><span class='ocrx_word' id='word_1_898' title='bbox 1423 3059 1578 3106; x_wconf 88' lang='lat' dir='ltr'>habere,</span> <span class='ocrx_word' id='word_1_899' title='bbox 1610 3067 1666 3096; x_wconf 90' lang='lat' dir='ltr'>est</span> <span class='ocrx_word' id='word_1_900' title='bbox 1693 3059 1825 3096; x_wconf 88' lang='lat' dir='ltr'>virtus.</span> 
     </span>
    </p>

    <p class='ocr_par' dir='ltr' id='par_1_46' title="bbox 1423 3110 2500 3427">
     <span class='ocr_line' id='line_1_124' title="bbox 1478 3110 2499 3160; baseline -0.003 -10"><span class='ocrx_word' id='word_1_901' title='bbox 1478 3114 1706 3150; x_wconf 65' lang='lat' dir='ltr'>Responnsso</span> <span class='ocrx_word' id='word_1_902' title='bbox 1745 3124 1931 3150; x_wconf 80' lang='lat' dir='ltr'>DicENDUM</span> <span class='ocrx_word' id='word_1_903' title='bbox 1969 3111 2075 3160; x_wconf 91' lang='lat' dir='ltr'>quod</span> <span class='ocrx_word' id='word_1_904' title='bbox 2112 3111 2161 3148; x_wconf 89' lang='lat' dir='ltr'>ad</span> <span class='ocrx_word' id='word_1_905' title='bbox 2198 3110 2387 3147; x_wconf 88' lang='lat' dir='ltr'>rationem</span> <span class='ocrx_word' id='word_1_906' title='bbox 2424 3110 2499 3147; x_wconf 87' lang='lat' dir='ltr'>vir-</span> 
     </span>
     <span class='ocr_line' id='line_1_125' title="bbox 1423 3164 2500 3214; baseline -0.002 -11"><span class='ocrx_word' id='word_1_907' title='bbox 1423 3166 1511 3203; x_wconf 86' lang='lat' dir='ltr'>tutis</span> <span class='ocrx_word' id='word_1_908' title='bbox 1540 3165 1734 3203; x_wconf 87' lang='lat' dir='ltr'>humanae</span> <span class='ocrx_word' id='word_1_909' title='bbox 1763 3165 1925 3214; x_wconf 89' lang='lat' dir='ltr'>pertinet</span> <span class='ocrx_word' id='word_1_910' title='bbox 1952 3173 1994 3202; x_wconf 92' lang='lat' dir='ltr'>ut</span> <span class='ocrx_word' id='word_1_911' title='bbox 2022 3165 2061 3202; x_wconf 93' lang='lat' dir='ltr'>in</span> <span class='ocrx_word' id='word_1_912' title='bbox 2089 3165 2203 3201; x_wconf 89' lang='lat' dir='ltr'>rebus</span> <span class='ocrx_word' id='word_1_913' title='bbox 2232 3164 2411 3201; x_wconf 88' lang='lat' dir='ltr'>humanis</span> <span class='ocrx_word' id='word_1_914' title='bbox 2431 3164 2500 3201; x_wconf 94' lang='lat' dir='ltr'>bo-</span> 
     </span>
     <span class='ocr_line' id='line_1_126' title="bbox 1424 3217 2499 3267; baseline -0.002 -11"><span class='ocrx_word' id='word_1_915' title='bbox 1424 3232 1519 3256; x_wconf 92' lang='lat' dir='ltr'>num</span> <span class='ocrx_word' id='word_1_916' title='bbox 1558 3219 1712 3256; x_wconf 88' lang='lat' dir='ltr'>rationis</span> <span class='ocrx_word' id='word_1_917' title='bbox 1746 3226 1935 3265; x_wconf 88' lang='lat' dir='ltr'>servetur,</span> <span class='ocrx_word' id='word_1_918' title='bbox 1967 3218 2070 3267; x_wconf 92' lang='lat' dir='ltr'>quod</span> <span class='ocrx_word' id='word_1_919' title='bbox 2106 3225 2161 3254; x_wconf 92' lang='lat' dir='ltr'>est</span> <span class='ocrx_word' id='word_1_920' title='bbox 2197 3217 2397 3267; x_wconf 91' lang='lat' dir='ltr'>proprium</span> <span class='ocrx_word' id='word_1_921' title='bbox 2431 3218 2499 3254; x_wconf 91' lang='lat' dir='ltr'>ho-</span> 
     </span>
     <span class='ocr_line' id='line_1_127' title="bbox 1423 3272 2499 3310; baseline -0.002 0"><span class='ocrx_word' id='word_1_922' title='bbox 1423 3273 1537 3310; x_wconf 91' lang='lat' dir='ltr'>minis</span> <span class='ocrx_word' id='word_1_923' title='bbox 1566 3274 1726 3310; x_wconf 90' lang='lat' dir='ltr'>bonum.</span> <span class='ocrx_word' id='word_1_924' title='bbox 1762 3274 1863 3309; x_wconf 89' lang='lat' dir='ltr'>Inter</span> <span class='ocrx_word' id='word_1_925' title='bbox 1891 3280 2035 3309; x_wconf 90' lang='lat' dir='ltr'>ceteras</span> <span class='ocrx_word' id='word_1_926' title='bbox 2063 3279 2191 3308; x_wconf 92' lang='lat' dir='ltr'>autem</span> <span class='ocrx_word' id='word_1_927' title='bbox 2221 3284 2281 3308; x_wconf 92' lang='lat' dir='ltr'>res</span> <span class='ocrx_word' id='word_1_928' title='bbox 2308 3272 2499 3308; x_wconf 89' lang='lat' dir='ltr'>humanas</span> 
     </span>
     <span class='ocr_line' id='line_1_128' title="bbox 1424 3325 2497 3375; baseline -0.001 -12"><span class='ocrx_word' id='word_1_929' title='bbox 1424 3327 1650 3374; x_wconf 84' lang='lat' dir='ltr'>exteriores,</span> <span class='ocrx_word' id='word_1_930' title='bbox 1687 3327 1855 3363; x_wconf 90' lang='lat' dir='ltr'>honores</span> <span class='ocrx_word' id='word_1_931' title='bbox 1892 3325 2144 3375; x_wconf 90' lang='lat' dir='ltr'>praecipuum</span> <span class='ocrx_word' id='word_1_932' title='bbox 2183 3326 2312 3362; x_wconf 89' lang='lat' dir='ltr'>locum</span> <span class='ocrx_word' id='word_1_933' title='bbox 2351 3332 2497 3372; x_wconf 89' lang='lat' dir='ltr'>tenent,</span> 
     </span>
     <span class='ocr_line' id='line_1_129' title="bbox 1425 3378 2498 3427; baseline -0.001 -10"><span class='ocrx_word' id='word_1_934' title='bbox 1425 3380 1520 3417; x_wconf 88' lang='lat' dir='ltr'>sicut</span> <span class='ocrx_word' id='word_1_935' title='bbox 1549 3379 1693 3417; x_wconf 90' lang='lat' dir='ltr'>dictum</span> <span class='ocrx_word' id='word_1_936' title='bbox 1715 3387 1770 3416; x_wconf 90' lang='lat' dir='ltr'>est</span> <span class='ocrx_word' id='word_1_937' title='bbox 1788 3379 1820 3416; x_wconf 71' lang='lat'>³¹².</span> <span class='ocrx_word' id='word_1_938' title='bbox 1851 3379 1900 3416; x_wconf 93' lang='lat' dir='ltr'>Et</span> <span class='ocrx_word' id='word_1_939' title='bbox 1919 3379 2007 3416; x_wconf 91' lang='lat' dir='ltr'>inde</span> <span class='ocrx_word' id='word_1_940' title='bbox 2027 3383 2043 3407; x_wconf 75' lang='grc' dir='ltr'><strong>Υ</strong></span> <span class='ocrx_word' id='word_1_941' title='bbox 2073 3378 2378 3427; x_wconf 88' lang='lat' dir='ltr'>magnanimitas,</span> <span class='ocrx_word' id='word_1_942' title='bbox 2400 3391 2498 3426; x_wconf 88' lang='lat' dir='ltr'>quae</span> 
     </span>
    </p>
   </div>
   <div class='ocr_carea' id='block_1_36' title="bbox 1419 3525 2501 3633">
    <p class='ocr_par' dir='ltr' id='par_1_47' title="bbox 1419 3525 2501 3633">
     <span class='ocr_line' id='line_1_130' title="bbox 1479 3525 2501 3561; baseline -0.002 -9"><span class='ocrx_word' id='word_1_943' title='bbox 1479 3527 1505 3561; x_wconf 73' lang='grc' dir='ltr'>β)</span> <span class='ocrx_word' id='word_1_944' title='bbox 1525 3527 1605 3560; x_wconf 82' lang='lat' dir='ltr'>quod.</span> <span class='ocrx_word' id='word_1_945' title='bbox 1618 3542 1638 3546; x_wconf 98' lang='lat'><em>-</em></span> <span class='ocrx_word' id='word_1_946' title='bbox 1655 3527 1719 3560; x_wconf 81' lang='lat' dir='ltr'>quia</span> <span class='ocrx_word' id='word_1_947' title='bbox 1738 3526 1758 3551; x_wconf 80' lang='lat' dir='ltr'>P</span> <span class='ocrx_word' id='word_1_948' title='bbox 1777 3526 1818 3551; x_wconf 90' lang='lat' dir='ltr'>hic</span> <span class='ocrx_word' id='word_1_949' title='bbox 1838 3531 1863 3551; x_wconf 89' lang='lat' dir='ltr'>et</span> <span class='ocrx_word' id='word_1_950' title='bbox 1882 3531 1976 3559; x_wconf 89' lang='lat' dir='ltr'>quater</span> <span class='ocrx_word' id='word_1_951' title='bbox 1998 3525 2072 3551; x_wconf 83' lang='lat' dir='ltr'>infra.</span> <span class='ocrx_word' id='word_1_952' title='bbox 2084 3539 2104 3545; x_wconf 94' lang='lat'>-</span> <span class='ocrx_word' id='word_1_953' title='bbox 2122 3526 2172 3550; x_wconf 87' lang='lat' dir='ltr'>Pro</span> <span class='ocrx_word' id='word_1_954' title='bbox 2195 3525 2404 3559; x_wconf 83' lang='lat' dir='ltr'>benefactorum,</span> <span class='ocrx_word' id='word_1_955' title='bbox 2425 3525 2501 3550; x_wconf 83' lang='lat' dir='ltr'>benc-</span> 
     </span>
     <span class='ocr_line' id='line_1_131' title="bbox 1419 3561 1948 3597; baseline -0.004 -9"><span class='ocrx_word' id='word_1_956' title='bbox 1419 3563 1547 3597; x_wconf 84' lang='lat' dir='ltr'>ficiorum</span> <span class='ocrx_word' id='word_1_957' title='bbox 1568 3563 1606 3588; x_wconf 84' lang='lat' dir='ltr'>Pa</span> <span class='ocrx_word' id='word_1_958' title='bbox 1625 3568 1650 3588; x_wconf 85' lang='lat' dir='ltr'>et</span> <span class='ocrx_word' id='word_1_959' title='bbox 1669 3563 1772 3588; x_wconf 90' lang='lat' dir='ltr'>codices</span> <span class='ocrx_word' id='word_1_960' title='bbox 1792 3566 1900 3594; x_wconf 88' lang='lat' dir='ltr'>excepto</span> <span class='ocrx_word' id='word_1_961' title='bbox 1919 3561 1948 3586; x_wconf 91' lang='lat' dir='ltr'>F.</span> 
     </span>
     <span class='ocr_line' id='line_1_132' title="bbox 1478 3597 2265 3633; baseline -0.003 -9"><span class='ocrx_word' id='word_1_962' title='bbox 1478 3599 1505 3633; x_wconf 62' lang='grc' dir='ltr'>γ)</span> <span class='ocrx_word' id='word_1_963' title='bbox 1526 3599 1597 3624; x_wconf 78' lang='lat' dir='ltr'>inde.</span> <span class='ocrx_word' id='word_1_964' title='bbox 1609 3613 1629 3618; x_wconf 88' lang='lat'>-</span> <span class='ocrx_word' id='word_1_965' title='bbox 1647 3599 1709 3624; x_wconf 82' lang='lat' dir='ltr'>inde</span> <span class='ocrx_word' id='word_1_966' title='bbox 1727 3602 1767 3624; x_wconf 77' lang='lat' dir='ltr'>est</span> <span class='ocrx_word' id='word_1_967' title='bbox 1785 3598 1857 3631; x_wconf 69' lang='lat' dir='ltr'>quod</span> <span class='ocrx_word' id='word_1_968' title='bbox 1875 3597 1967 3627; x_wconf 84' lang='lat' dir='ltr'>ADGI,</span> <span class='ocrx_word' id='word_1_969' title='bbox 1986 3597 2088 3623; x_wconf 83' lang='lat' dir='ltr'>exinde</span> <span class='ocrx_word' id='word_1_970' title='bbox 2106 3598 2135 3628; x_wconf 91' lang='lat' dir='ltr'>L,</span> <span class='ocrx_word' id='word_1_971' title='bbox 2156 3597 2216 3622; x_wconf 82' lang='lat' dir='ltr'>ideo</span> <span class='ocrx_word' id='word_1_972' title='bbox 2235 3597 2265 3622; x_wconf 87' lang='lat' dir='ltr'>P.</span> 
     </span>
    </p>
   </div>
   <div class='ocr_carea' id='block_1_37' title="bbox 2520 646 2664 669">
    <p class='ocr_par' dir='ltr' id='par_1_48' title="bbox 2520 646 2664 669">
     <span class='ocr_line' id='line_1_133' title="bbox 2520 646 2664 669; baseline 0 -1"><span class='ocrx_word' id='word_1_973' title='bbox 2520 648 2530 657; x_wconf 71' lang='lat'><em>⁹</em></span> <span class='ocrx_word' id='word_1_974' title='bbox 2545 646 2615 669; x_wconf 84' lang='lat' dir='ltr'>Num.</span> <span class='ocrx_word' id='word_1_975' title='bbox 2633 653 2664 668; x_wconf 80' lang='lat' dir='ltr'>ut.</span> 
     </span>
    </p>
   </div>
   <div class='ocr_carea' id='block_1_38' title="bbox 2524 1358 2664 1380">
    <p class='ocr_par' dir='ltr' id='par_1_49' title="bbox 2524 1358 2664 1380">
     <span class='ocr_line' id='line_1_134' title="bbox 2524 1358 2664 1380; baseline -0.014 1"><span class='ocrx_word' id='word_1_976' title='bbox 2524 1359 2534 1369; x_wconf 73' lang='lat'>⁸</span> <span class='ocrx_word' id='word_1_977' title='bbox 2548 1358 2617 1380; x_wconf 85' lang='lat' dir='ltr'>Num.</span> <span class='ocrx_word' id='word_1_978' title='bbox 2634 1365 2664 1380; x_wconf 87' lang='grc' dir='ltr'>ιν.</span> 
     </span>
    </p>
   </div>
   <div class='ocr_carea' id='block_1_39' title="bbox 2527 2215 2739 2293">
    <p class='ocr_par' dir='ltr' id='par_1_50' title="bbox 2527 2215 2739 2293">
     <span class='ocr_line' id='line_1_135' title="bbox 2527 2215 2739 2263; baseline 0 0"><span class='ocrx_word' id='word_1_979' title='bbox 2527 2215 2739 2263; x_wconf 43' lang='lat' dir='ltr'>{sapas-ittet:</span> 
     </span>
     <span class='ocr_line' id='line_1_136' title="bbox 2527 2275 2611 2293; baseline 0 -3"><span class='ocrx_word' id='word_1_980' title='bbox 2527 2275 2575 2293; x_wconf 77' lang='lat' dir='ltr'>vm.</span> <span class='ocrx_word' id='word_1_981' title='bbox 2590 2275 2611 2290; x_wconf 79' lang='grc' dir='ltr'>Χ.</span> 
     </span>
    </p>
   </div>
   <div class='ocr_carea' id='block_1_40' title="bbox 2512 2475 2742 2557">
    <p class='ocr_par' dir='ltr' id='par_1_51' title="bbox 2512 2475 2742 2557">
     <span class='ocr_line' id='line_1_137' title="bbox 2527 2475 2742 2504; baseline -0.005 -7"><span class='ocrx_word' id='word_1_982' title='bbox 2527 2475 2620 2499; x_wconf 73' lang='lat' dir='ltr'>⁴1bid·.</span> <span class='ocrx_word' id='word_1_983' title='bbox 2641 2482 2663 2497; x_wconf 87' lang='lat' dir='ltr'>n.</span> <span class='ocrx_word' id='word_1_984' title='bbox 2683 2482 2714 2504; x_wconf 69' lang='lat'>25,</span> <span class='ocrx_word' id='word_1_985' title='bbox 2731 2487 2742 2491; x_wconf 87' lang='lat'><em>—</em></span> 
     </span>
     <span class='ocr_line' id='line_1_138' title="bbox 2527 2502 2715 2524; baseline 0 0"><span class='ocrx_word' id='word_1_986' title='bbox 2527 2503 2550 2524; x_wconf 86' lang='lat' dir='ltr'>S.</span> <span class='ocrx_word' id='word_1_987' title='bbox 2566 2502 2610 2524; x_wconf 79' lang='lat' dir='ltr'>Th.</span> <span class='ocrx_word' id='word_1_988' title='bbox 2627 2503 2677 2524; x_wconf 35' lang='lat' dir='ltr'>lect:</span> <span class='ocrx_word' id='word_1_989' title='bbox 2694 2510 2715 2524; x_wconf 87' lang='lat' dir='ltr'>x.</span> 
     </span>
     <span class='ocr_line' id='line_1_139' title="bbox 2512 2529 2704 2557; baseline -0.01 -4"><span class='ocrx_word' id='word_1_990' title='bbox 2512 2530 2536 2553; x_wconf 29' lang='grc' dir='ltr'>γ’</span> <span class='ocrx_word' id='word_1_991' title='bbox 2550 2529 2618 2555; x_wconf 86' lang='lat' dir='ltr'>1bid.,</span> <span class='ocrx_word' id='word_1_992' title='bbox 2634 2535 2656 2551; x_wconf 92' lang='lat' dir='ltr'>n.</span> <span class='ocrx_word' id='word_1_993' title='bbox 2671 2536 2704 2557; x_wconf 90' lang='lat'>27.</span> 
     </span>
    </p>
   </div>
   <div class='ocr_carea' id='block_1_41' title="bbox 2528 2578 2719 2718">
    <p class='ocr_par' dir='ltr' id='par_1_52' title="bbox 2528 2578 2719 2718">
     <span class='ocr_line' id='line_1_140' title="bbox 2528 2578 2707 2604; baseline 0 -4"><span class='ocrx_word' id='word_1_994' title='bbox 2528 2580 2536 2589; x_wconf 75' lang='lat'><em>⁶</em></span> <span class='ocrx_word' id='word_1_995' title='bbox 2551 2578 2619 2604; x_wconf 66' lang='lat' dir='ltr'>Ibid„</span> <span class='ocrx_word' id='word_1_996' title='bbox 2636 2585 2658 2600; x_wconf 88' lang='lat' dir='ltr'>n.</span> <span class='ocrx_word' id='word_1_997' title='bbox 2673 2581 2707 2600; x_wconf 72' lang='lat'>28.</span> 
     </span>
     <span class='ocr_line' id='line_1_141' title="bbox 2528 2606 2719 2632; baseline -0.005 -5"><span class='ocrx_word' id='word_1_998' title='bbox 2528 2607 2547 2616; x_wconf 78' lang='lat'>⁸·</span> <span class='ocrx_word' id='word_1_999' title='bbox 2562 2606 2629 2628; x_wconf 75' lang='lat' dir='ltr'>ibid..</span> <span class='ocrx_word' id='word_1_1000' title='bbox 2646 2612 2668 2627; x_wconf 88' lang='lat' dir='ltr'>n.</span> <span class='ocrx_word' id='word_1_1001' title='bbox 2685 2612 2719 2632; x_wconf 81' lang='lat'>²9-</span> 
     </span>
     <span class='ocr_line' id='line_1_142' title="bbox 2528 2689 2705 2718; baseline 0 -8"><span class='ocrx_word' id='word_1_1002' title='bbox 2528 2690 2535 2699; x_wconf 85' lang='lat'><strong>·</strong></span> <span class='ocrx_word' id='word_1_1003' title='bbox 2552 2689 2619 2712; x_wconf 84' lang='lat' dir='ltr'>Ibid..</span> <span class='ocrx_word' id='word_1_1004' title='bbox 2636 2696 2656 2711; x_wconf 39' lang='lat' dir='ltr'>n&gt;</span> <span class='ocrx_word' id='word_1_1005' title='bbox 2673 2696 2705 2718; x_wconf 85' lang='lat'>33.</span> 
     </span>
    </p>
   </div>
   <div class='ocr_carea' id='block_1_42' title="bbox 2523 2799 2663 2821">
    <p class='ocr_par' dir='ltr' id='par_1_53' title="bbox 2523 2799 2663 2821">
     <span class='ocr_line' id='line_1_143' title="bbox 2523 2799 2663 2821; baseline 0.007 -1"><span class='ocrx_word' id='word_1_1006' title='bbox 2523 2800 2534 2809; x_wconf 83' lang='lat'>¹·</span> <span class='ocrx_word' id='word_1_1007' title='bbox 2552 2799 2616 2821; x_wconf 83' lang='lat' dir='ltr'>Vers.</span> <span class='ocrx_word' id='word_1_1008' title='bbox 2632 2800 2663 2821; x_wconf 84' lang='lat'>18.</span> 
     </span>
    </p>
   </div>
   <div class='ocr_carea' id='block_1_43' title="bbox 2527 3353 2632 3374">
    <p class='ocr_par' dir='ltr' id='par_1_54' title="bbox 2527 3353 2632 3374">
     <span class='ocr_line' id='line_1_144' title="bbox 2527 3353 2632 3374; baseline 0 0"><span class='ocrx_word' id='word_1_1009' title='bbox 2527 3353 2536 3362; x_wconf 78' lang='lat'>⁸</span> <span class='ocrx_word' id='word_1_1010' title='bbox 2550 3354 2602 3374; x_wconf 85' lang='lat' dir='ltr'>Art.</span> <span class='ocrx_word' id='word_1_1011' title='bbox 2618 3359 2632 3374; x_wconf 84' lang='lat'>1.</span> 
     </span>
    </p>
   </div>
  </div>
 </body>
</html>
