2768 4198
951 270 1218 317 QUAESTIO
1250 270 1420 317 CLVIII,
1450 269 1748 307 ARTICULUS
1779 270 1829 305 III

1421 350 1514 386 bum
1535 349 1626 396 legis
1641 349 1672 396 ²3,
1703 349 1778 390 Qui
1795 338 1982 394 occiderit,
2003 359 2090 384 reus
2109 348 2180 384 erit
2198 348 2346 384 iudicio.
2376 348 2487 385 Unde
2516 356 2614 404 {03⁰5
2628 363 2726 404 5³33,

1420 402 1587 451 loquitur
1614 402 1665 438 ibi
1692 402 1884 439 Dominus
1905 401 1952 438 de
1973 408 2081 437 motu
2109 401 2187 437 irae
2217 413 2293 449 quo
2320 400 2404 450 quis
2424 414 2488 450 ap·
2516 389 2728 437 cap-'v‚ie'rs-17-2

1420 455 1512 504 petit
1539 455 1703 504 proximi
1732 455 1976 502 occisionem,
1998 461 2063 491 aut
2091 466 2377 503 quamcumque
2406 467 2486 502 gra-

2411 270 2483 317 275

349 354 409 388 An
429 362 567 387 Palmum
596 362 695 387 ERGO
724 362 909 387 DICENDUM
940 351 1044 398 quod
1074 361 1119 386 ex
1148 349 1207 386 illa
1236 357 1365 386 aueto-

297 404 404 441 ritate
432 416 511 440 non
538 404 702 440 habetur
729 403 834 452 quod
865 403 990 440 omnis
1010 403 1063 439 ira
1092 402 1137 439 sit
1164 410 1365 451 peccatum
1392 403 1394 451 ᾖ

297 456 470 504 mortale,
491 456 559 494 sed
587 456 693 505 quod
722 456 821 493 stulti
841 469 910 505 per
928 456 1164 493 iracundiam
1194 455 1365 505 spiritua·
1392 461 1394 507 ξ
2517 436 2726 464 Cf'Mmh'cap'v’

2516 468 2576 484 vers.
2590 468 2619 484 21.

57 984 73 1033 ἒ
83 984 131 1012 Qu.
139 989 157 1012 ι,
166 984 270 1006 conclus.

56 1158 70 1170 ⁸
82 1157 118 1180 Cf.
133 1163 198 1180 num.
213 1163 248 1180 ιιι.

56 2623 67 2635 ·
139 2638 144 2643 .
159 2621 191 2644 de
205 2622 272 2644 Tria.

156 2648 192 2676 V,
220 2654 272 2677 cap.

58 2681 123 2698 xvni.

61 3285 173 3307 ’ΔΙ-ἱεῖσι.
181 3284 274 3313 Pluyeic.

60 3311 101 3333 lib.
119 3311 153 3338 11,
179 3317 229 3339 cap.
251 3318 273 3338 v,

79 3355 83 3359 .
108 3344 131 3366 9.
151 3348 162 3354 -
180 3338 204 3360 S.
228 3338 273 3359 Th.

61 3364 112 3386 lect.
128 3371 159 3386 ιι.

296 510 379 547 liter
416 510 661 547 occiduntur:
691 509 917 557 inquantum
951 509 1106 556 scilicet,
1138 522 1217 546 non
1254 510 1366 546 refre-

297 563 426 600 nando
454 576 524 612 per
551 562 736 599 rationem
775 570 924 600 motum
954 563 1049 610 irae,
1081 563 1295 600 dilabuntur
1329 562 1367 599 in
1393 601 1395 608 ,

298 616 425 664 aliqua
462 623 618 665 peccata
654 616 849 663 mortalia,
886 624 977 665 puta
1014 617 1052 653 in
1089 616 1366 664 blasphemiam

297 670 370 706 Dei
397 670 460 706 vel
488 669 526 706 in
554 669 731 706 iniuriam
760 669 935 718 proximi.

350 724 410 759 At>
438 734 630 759 SECUNDUM
659 734 845 760 DtCENDUM
866 722 971 771 quod
991 722 1182 759 Dominus
1201 722 1367 758 verbum

298 775 389 812 illud
418 775 509 812 dixit
529 775 576 812 de
597 775 666 823 ira,
685 775 794 824 quasi
823 776 1086 825 superaddens
1106 775 1155 812 ad
1174 775 1265 812 illud
1284 787 1368 811 ver-

1420 521 1510 545 vem
1540 508 1770 545 laesionem:
1808 508 1866 545 cui
1903 507 2085 557 appetitui
2122 507 2152 544 si
2191 519 2398 544 consensus
2432 520 2488 544 ra-

1420 561 1533 598 tionis
1562 562 1825 610 superveniat,
1855 562 2000 610 absque
2039 561 2156 598 dubio
2187 561 2256 598 erit
2288 568 2487 609 peccatum

1422 615 1594 651 mortale.

1475 669 1534 704 AD
1562 679 1723 705 TERTmM
1743 679 1928 705 mcENDUM
1948 668 2053 717 quod
2081 667 2119 704 in
2139 667 2202 703 illo
2233 679 2324 704 casu
2343 667 2380 703 in
2410 679 2488 714 quo

1422 721 1476 757 ira
1506 720 1754 758 contrariatur
1788 721 1951 767 caritati,
1983 728 2037 757 est
2071 728 2272 770 peccatum
2307 721 2488 757 mortale:

1394 814 1396 821 ¹
1423 774 1490 811 sed
1518 775 1593 811 hoc
1621 786 1700 811 non
1719 786 1870 823 semper
1899 774 2045 821 accidit,
2066 782 2107 811 ut
2137 786 2181 811 ex
2201 773 2309 811 dictis
2327 773 2348 795 ‘¹‘
2375 782 2488 822 patet.

981 863 1315 895 Commentaria
1338 861 1589 894 Cardinalis
1612 861 1811 894 Caietam

325 945 346 965 N
369 935 502 966 articulo
520 935 612 966 tertio
631 935 776 965 eiusdem
799 934 994 975 quaestionis
1018 932 1366 973 centesimaequinqua-

301 946 605 1020 Igesimaeoctavae‚
622 979 759 1010 dubium
776 989 812 1010 ex
828 979 976 1015 Martino,
990 978 1023 1008 in
1036 988 1090 1019 qu.
1105 978 1144 1008 de
1161 977 1326 1008 Iracundia
1337 977 1365 1013 *,

299 1024 436 1054 occurrit
458 1024 538 1054 circa
561 1023 648 1054 illam
673 1023 924 1059 conclusionem,
949 1022 1080 1053 scilicet:
1105 1023 1273 1052 Peccatum
1298 1023 1368 1052 irae

298 1078 340 1099 ex
356 1073 456 1108 parte
478 1068 668 1109 appetibilis,
687 1068 807 1098 scilicet
831 1068 970 1098 iniustae
992 1067 1163 1103 vindictae,
1179 1071 1226 1096 est
1249 1075 1290 1096 ex
1311 1075 1367 1106 ge-

299 1122 377 1143 nere
399 1122 458 1143 suo
475 1118 645 1153 peccatum
670 1112 816 1143 mortale.
841 1111 956 1151 Arguit
973 1110 1058 1141 enirn
1073 1109 1236 1149 tripliciter
1259 1116 1368 1140 contra

298 1157 360 1187 hoc
375 1157 401 1187 *.
426 1156 545 1188 Primo.
569 1157 626 1187 Est
641 1156 755 1197 aliquis
771 1162 859 1186 actus
882 1154 1064 1185 iracundiae
1085 1153 1285 1184 voluntarius
1302 1163 1368 1183 non

299 1201 451 1237 mortalis,
469 1211 535 1241 quo
559 1200 719 1240 appetitur
741 1200 858 1230 iniusta
880 1199 1028 1229 vindicta.
1054 1198 1139 1238 Ergo
1162 1198 1279 1228 iniusta
1301 1197 1369 1227 vin-

299 1245 381 1276 dicta
405 1254 471 1276 non
494 1244 597 1275 reddit
619 1254 656 1274 ex
679 1254 793 1284 genere
816 1253 876 1274 suo
901 1250 1008 1273 actum
1031 1243 1212 1273 mortalem.
1227 1260 1248 1265 -
1272 1244 1369 1273 Ante-

299 1289 413 1329 cedens
435 1295 524 1329 patet
538 1289 576 1318 de
592 1294 760 1328 appetente
783 1287 955 1318 vindictam
971 1287 1004 1316 in
1021 1286 1129 1327 aliquo
1153 1286 1282 1316 modico
1303 1296 1369 1316 non

298 1329 437 1364 multum
452 1333 640 1373 reputando,
654 1339 690 1362 ut
704 1341 819 1372 parurn
833 1331 955 1362 trahere
970 1340 1108 1371 puerum
1123 1340 1179 1370 per
1194 1330 1335 1370 capillos.
1348 1347 1369 1353 —

298 1376 537 1418 Consequentia
560 1382 655 1416 patet.
680 1375 765 1413 Quia
788 1375 868 1407 ratio
894 1375 1028 1406 iniustae
1051 1374 1208 1405 vindictae
1232 1374 1370 1405 salvatur

297 1422 363 1452 sive
385 1431 482 1460 parva
505 1420 570 1450 sive
593 1430 709 1460 magna
728 1420 767 1450 sit
785 1420 902 1450 iniusta
924 1419 1079 1450 vindicta:
1104 1429 1179 1449 nam
1195 1429 1232 1449 ex
1248 1419 1370 1459 magni-

298 1465 410 1498 tudine
433 1471 463 1495 et
486 1464 639 1504 parvitate
663 1464 731 1494 sola
755 1463 915 1505 quantitas
938 1464 1086 1494 variatur.

353 1509 511 1540 Secundo.
536 1508 703 1549 Quidquid
727 1515 773 1539 est
797 1508 929 1538 mortale
954 1518 991 1538 ex
1013 1517 1127 1548 genere
1145 1514 1175 1538 et
1190 1517 1257 1538 non
1276 1507 1371 1538 habet

297 1553 418 1595 aliquid
441 1552 563 1584 infinite
586 1553 746 1589 allevians,
767 1559 909 1583 remanet
932 1551 1116 1592 simpliciter
1139 1552 1285 1583 mortale.
1309 1552 1371 1582 Sed

298 1598 434 1639 parvitas
457 1597 614 1628 vindictae
633 1597 791 1638 appetitae
806 1607 874 1628 non
889 1597 1015 1627 alleviat
1029 1595 1166 1627 infinite:
1191 1596 1267 1638 quia
1283 1595 1370 1627 finite

298 1643 392 1674 distat
415 1653 433 1673 a
456 1641 594 1672 vindicta
623 1641 713 1673 cuius
742 1641 901 1682 appetitus
930 1648 976 1672 est
1003 1640 1187 1681 simpliciter
1217 1641 1370 1672 mortalis.

297 1687 394 1727 Ergo.
411 1704 432 1710 -
451 1686 607 1717 Probatur
630 1685 741 1717 maior.
767 1685 852 1723 Quia
875 1695 972 1716 omne
996 1685 1130 1716 mortale
1153 1686 1186 1715 in
1209 1685 1371 1717 infinitum

298 1730 420 1762 excedit
442 1730 575 1761 veniale.

353 1775 526 1812 Praeterea,
543 1785 641 1806 omne
656 1775 791 1805 mortale
808 1784 845 1804 ex
860 1784 984 1814 genere,
998 1781 1045 1804 est
1061 1774 1195 1804 mortale
1211 1774 1371 1804 universa-

297 1820 377 1851 liter.
410 1819 472 1850 Sed
495 1820 655 1860 appetitus
671 1819 806 1850 iniustae
829 1818 986 1849 vindictae
1010 1828 1076 1848 non
1094 1825 1139 1848 est
1155 1818 1371 1849 universaliter

297 1863 452 1895 mortalis.
477 1864 574 1904 Ergo,
591 1874 657 1894 non
677 1863 819 1894 mortalis
844 1873 881 1893 ex
903 1872 1028 1902 genere.
1044 1879 1065 1885 -
1081 1862 1183 1893 Maior
1206 1863 1369 1902 probatur.

297 1909 387 1940 Tum
410 1908 485 1949 quia
508 1908 603 1939 habet
617 1908 650 1938 in
667 1917 701 1938 se
724 1906 934 1938 sufficientem
957 1917 1085 1937 causam
1110 1907 1229 1946 peccati
1253 1914 1371 1938 morta-

297 1952 336 1984 lis
359 1952 392 1983 in
415 1962 624 1994 quocumque
655 1951 835 1992 reperiatur.
867 1951 955 1982 Tum
983 1951 1059 1992 quia
1089 1951 1223 1982 mortale
1246 1961 1283 1982 ex
1307 1962 1371 1982 una

299 1996 534 2028 circumstantia
548 2006 605 2036 per
619 1996 742 2027 nullam
756 1996 851 2026 aliam
867 1995 1135 2026 circumstantiam
1150 1995 1290 2026 redditur
1304 2006 1371 2026 non

298 2041 449 2072 mortale:
475 2050 566 2081 ergo,
590 2051 608 2071 a
631 2040 771 2076 fortiori,
795 2040 930 2070 mortale
954 2049 989 2070 ex
1014 2039 1139 2070 obiecto
1164 2049 1220 2079 per
1248 2040 1370 2070 nullam

247 2107 250 2111 -
299 2085 569 2117 circumstantiam
592 2084 628 2115 fit
650 2094 716 2115 non
740 2084 885 2115 mortale.
909 2101 928 2107 -
951 2084 1058 2115 Minor
1081 2090 1178 2124 patet.

355 2129 394 2160 11.
424 2129 474 2160 Ad
501 2129 598 2160 huius
626 2128 831 2165 evidentiam,
856 2129 935 2159 scito
962 2129 1052 2169 quod
1080 2135 1248 2168 peccatum
1275 2128 1371 2158 habet

298 2173 332 2204 in
348 2183 381 2204 se
401 2173 482 2204 duo:
508 2173 625 2204 scilicet
649 2173 785 2213 speciem
810 2173 974 2213 propriam
982 2181 990 2209 ;
1015 2179 1046 2203 et
1070 2172 1295 2203 mortalitatem
1314 2182 1370 2203 seu

297 2217 522 2248 venialitatem.
546 2217 588 2248 Et
611 2217 750 2257 speciem
773 2217 904 2258 quidem
928 2216 978 2247 sui
1001 2224 1089 2247 actus
1113 2217 1244 2247 sortitur
1267 2227 1304 2248 ex
1323 2227 1370 2247 ra-

298 2262 386 2293 tione
410 2261 536 2292 formali
561 2261 694 2292 obiecti:
720 2271 759 2292 eo
775 2261 865 2302 quod
884 2267 972 2292 actus
996 2260 1217 2300 specificantur
1232 2271 1269 2291 ex
1285 2261 1370 2291 obie-

299 2306 366 2338 ctis.
391 2306 433 2337 Et
447 2305 522 2336 hinc
536 2305 572 2337 fit
586 2312 623 2336 ut
638 2315 751 2336 omnes
775 2312 864 2336 actus
886 2311 1031 2345 respectu
1054 2304 1140 2335 illius
1164 2305 1289 2341 obiecti,
1306 2305 1371 2336 sive

298 2351 361 2381 sint
383 2356 472 2381 actus
494 2349 631 2390 perfecte
655 2350 720 2380 sive
742 2349 927 2389 imperfecte
950 2349 1115 2380 tendentes
1138 2349 1171 2379 in
1194 2349 1284 2386 illud,
1309 2350 1372 2380 sint

298 2394 441 2426 eiusdem
469 2394 601 2433 speciei:
625 2394 670 2425 ita
692 2394 783 2435 quod
810 2393 934 2434 primus
962 2400 1071 2425 motus
1098 2393 1244 2424 adulterii
1269 2400 1315 2424 est
1338 2394 1370 2425 in

297 2438 402 2480 specie
425 2438 581 2475 adulterii,
605 2445 636 2469 et
658 2439 781 2479 primus
805 2445 914 2469 motus
937 2438 1013 2470 furti
1037 2445 1083 2469 est
1101 2438 1134 2468 in
1158 2438 1262 2479 specie
1285 2438 1370 2475 furti,

298 2490 330 2514 et
352 2483 396 2513 sic
420 2483 459 2513 de
487 2482 566 2514 aliis.

353 2526 582 2558 Mortalitatem
604 2533 712 2557 autem
727 2527 778 2557 vel
801 2527 1016 2558 venialitatem
1039 2526 1134 2557 habet
1152 2537 1190 2557 ex
1205 2537 1272 2558 esse
1296 2537 1372 2558 con-

297 2578 344 2602 tra
366 2571 418 2601 vel
441 2577 562 2611 praeter
585 2571 755 2607 caritatem,
780 2581 862 2612 quae
889 2578 935 2602 est
957 2571 1021 2602 vita
1045 2571 1179 2607 animae,
1201 2581 1284 2612 quae
1306 2572 1371 2603 dis-

299 2616 419 2657 tinguit
441 2616 526 2646 inter
544 2615 639 2656 filios
661 2616 724 2646 Dei
746 2621 778 2646 et
794 2615 890 2656 filios
906 2615 1100 2656 perditionis
1112 2615 1139 2646 *.
1170 2616 1211 2646 Et
1234 2616 1308 2647 hinc
1336 2615 1372 2647 fit

299 2666 336 2691 ut
368 2666 456 2690 actus
487 2659 567 2690 circa
595 2659 735 2700 aliquam
762 2660 928 2690 materiam
957 2659 1114 2700 perfectus
1137 2660 1178 2690 sit
1205 2667 1371 2700 peccatum

299 2703 443 2739 mortale,
467 2703 672 2744 imperfectus
694 2714 771 2734 vero
794 2704 834 2735 sit
855 2710 1022 2744 peccatum
1044 2704 1184 2735 veniale:
1214 2705 1290 2745 quia
1313 2706 1371 2736 sci-

291 2748 371 2779 licet
386 2747 547 2779 obiectum
567 2747 647 2778 illud
661 2748 797 2789 perfecte
818 2748 985 2779 attinctum
1007 2748 1214 2779 contrariatur
1237 2749 1369 2787 caritati;

298 2792 481 2833 imperfecte
505 2799 613 2823 autem
637 2792 805 2823 attinctum
828 2802 895 2822 non
919 2793 1002 2824 tollit
1018 2792 1189 2829 caritatem,
1207 2794 1261 2824 sed
1285 2804 1371 2834 prae-

298 2843 346 2868 ter
367 2837 456 2867 illam
480 2843 535 2873 est,
558 2836 674 2867 tollens
697 2836 782 2867 illius
808 2836 976 2868 fervorem.
1000 2837 1096 2868 Verbi
1118 2837 1235 2877 gratia:
1258 2838 1370 2869 tollere

297 2891 366 2912 rem
390 2881 527 2912 alienam
548 2881 650 2912 invito
674 2881 819 2917 domino,
840 2888 886 2912 est
913 2888 1002 2912 actus
1025 2881 1140 2912 cadens
1163 2892 1259 2922 super
1281 2883 1369 2913 inde-

298 2926 363 2957 bita
385 2925 529 2962 materia,
554 2925 672 2956 scilicet
694 2935 727 2956 re
755 2925 858 2956 aliena
886 2925 987 2956 invito
1017 2925 1160 2956 domino.
1194 2927 1235 2956 Et
1265 2934 1371 2967 potest

298 2980 347 3001 res
370 2969 473 3000 aliena
495 2970 596 3001 invito
620 2970 753 3000 domino
777 2969 846 3001 tolli
869 2969 1038 3010 tripliciter.
1062 2970 1188 3008 Primo,
1212 2978 1284 3002 actu
1307 2971 1369 3002 im—

298 3013 438 3054 perfecto
469 3024 507 3044 ex
529 3021 616 3054 parte
648 3014 804 3051 tollentis,
835 3021 914 3054 puta
937 3014 963 3044 si
986 3013 1106 3055 appetit
1133 3024 1201 3044 rem
1234 3015 1369 3047 alienam

298 3058 399 3089 invito
423 3058 557 3089 domino
582 3058 724 3099 appetitu
748 3068 815 3089 non
838 3058 1020 3095 deliberato,
1044 3059 1099 3089 sed
1126 3059 1232 3098 primo
1256 3067 1368 3091 motu:

301 3102 351 3133 hic
374 3102 460 3133 enim
479 3109 567 3134 actus
594 3112 661 3133 non
677 3109 724 3134 est
742 3102 879 3143 perfecte
902 3110 989 3134 actus
1012 3103 1184 3134 humanus.
1209 3103 1368 3142 Secundo,

300 3146 396 3176 etiam
418 3153 491 3177 actu
513 3147 700 3187 imperfecto
725 3157 762 3178 ex
777 3154 865 3187 parte
883 3147 928 3177 rei
951 3147 1072 3178 alienae
1094 3148 1268 3179 tollendae:
1291 3156 1370 3189 puta

301 3190 376 3230 quia
399 3200 448 3221 res
463 3197 510 3221 est
532 3191 681 3228 minima3
701 3191 752 3221 vel
775 3191 852 3232 quia
875 3201 941 3222 non
964 3191 1066 3222 invito
1090 3192 1223 3223 domino
1248 3193 1369 3234 simpli-

302 3233 386 3270 citer,
403 3234 459 3264 sed
481 3235 660 3266 secundum
674 3236 763 3277 quid.
787 3236 829 3266 Et
852 3235 896 3266 sic
912 3235 1007 3266 etiam
1030 3242 1118 3267 actus
1141 3236 1274 3268 tollendi
1297 3238 1368 3268 alie—

301 3288 379 3308 num
393 3284 440 3308 est
455 3277 674 3319 imperfectus:
698 3279 774 3321 quia
786 3281 952 3310 minimum
962 3290 1026 3320 pro
1043 3281 1142 3311 nihilo
1158 3287 1330 3321 reputatur
1339 3282 1366 3319 *‚

300 3322 333 3352 in
358 3321 463 3362 primo
487 3331 576 3359 casu;
601 3330 632 3354 et
654 3324 729 3365 quia
751 3324 1004 3355 involuntarium
1027 3325 1205 3356 secundum
1220 3325 1299 3366 quid
1322 3333 1369 3357 est

301 3365 486 3406 simpliciter
506 3367 734 3405 voluntarium,
750 3368 783 3398 in
800 3369 941 3399 secundo
956 3379 1042 3400 casu.
1065 3369 1186 3406 Tertio,
1203 3377 1274 3401 actu
1298 3381 1367 3410 per·
1393 3393 1394 3396 η

301 3409 384 3440 fecto
401 3409 559 3450 utrinque,
584 3411 701 3442 scilicet
729 3422 767 3443 ex
789 3419 876 3452 parte
900 3413 1059 3453 operantis
1090 3421 1121 3444 et
1144 3414 1302 3445 materiae.
1327 3415 1368 3446 Et

302 3454 352 3484 hic
369 3454 500 3495 quidem
520 3454 629 3485 tertius
653 3461 740 3486 actus
764 3463 811 3487 est
833 3464 999 3496 peccatum
1023 3458 1156 3488 mortale
1176 3468 1213 3489 ex
1235 3468 1366 3498 genere:

301 3498 414 3539 reliqui
436 3504 554 3534 autem,
570 3498 643 3530 licet
667 3499 728 3530 sint
750 3499 784 3530 in
803 3501 914 3531 eadem
937 3502 1051 3542 specie,
1069 3509 1198 3542 propter
1220 3503 1367 3543 imperfe-

302 3542 442 3573 ctionem
465 3548 571 3573 tamen
595 3549 682 3573 actus
706 3553 772 3573 non
796 3551 870 3575 sunt
893 3553 1020 3585 peccata
1042 3547 1198 3578 mortalia.
1227 3547 1312 3584 Quia
1333 3547 1366 3577 in

301 3587 357 3616 illo
381 3586 518 3617 salvatur
541 3586 620 3617 ratio
649 3593 736 3618 actus
766 3587 899 3619 humani
922 3595 1031 3620 contra
1062 3590 1264 3621 dilectionem
1293 3601 1366 3631 pro-

1420 933 1507 969 ximi,
1525 943 1562 963 ex
1575 933 1770 973 perfectione
1785 939 1874 963 actus
1891 933 1971 963 circa
1986 933 2048 963 tale
2064 933 2227 964 obiectum
2241 942 2247 963 :
2272 934 2304 963 in
2321 933 2388 964 istis
2404 944 2489 969 vero,

1421 977 1494 1008 licet
1517 977 1597 1007 circa
1622 977 1755 1007 eandem
1780 976 1841 1007 sint
1864 976 2043 1013 materiam,
2068 978 2144 1018 quia
2166 984 2273 1008 tamen
2296 978 2490 1019 imperfecte,

1422 1022 1502 1052 adeo
1526 1028 1562 1051 ut
1585 1031 1650 1051 non
1668 1021 1730 1051 sint
1746 1027 1856 1051 contra
1871 1021 2007 1060 proximi
2032 1021 2244 1058 dilectionem,
2262 1023 2334 1053 ideo
2357 1023 2491 1053 venialia

1423 1072 1508 1096 sunt.

1478 1109 1531 1139 111.
1555 1109 1607 1139 Ad
1625 1110 1767 1148 primam
1793 1118 1867 1148 ergo
1892 1109 2106 1139 obiectionem
2122 1110 2148 1145 *,
2173 1111 2299 1150 proprie
2316 1111 2490 1152 loquendo,

1422 1159 1555 1193 negatur
1578 1153 1775 1183 antecedens.
1802 1153 1966 1190 Quoniam
1982 1153 2119 1184 vindicta
2143 1154 2258 1185 iniusta
2278 1162 2343 1185 tam
2359 1156 2492 1186 minima

1423 1207 1490 1228 non
1514 1203 1560 1227 est
1583 1197 1700 1227 iniusta
1728 1197 1866 1227 vindicta
1896 1197 2097 1237 simpliciter,
2122 1198 2176 1228 sed
2200 1200 2377 1230 secundum
2404 1201 2491 1241 quid.

1423 1242 1464 1273 Et
1487 1241 1560 1271 ideo
1580 1251 1647 1271 non
1664 1241 1828 1271 constituit
1850 1248 2016 1282 peccatum
2033 1242 2225 1281 simpliciter,
2243 1244 2297 1273 sed
2316 1245 2492 1274 secundum

1423 1285 1518 1327 quid,
1543 1285 1636 1326 quale
1661 1292 1708 1315 est
1730 1285 1863 1316 veniale.
1888 1286 1933 1315 Ita
1956 1286 2055 1326 quod,
2073 1286 2153 1317 sicut
2177 1287 2298 1327 primus
2322 1296 2429 1319 motus
2454 1291 2492 1319 ad

1422 1330 1596 1361 vindictam
1621 1336 1667 1359 est
1682 1337 1771 1360 actus
1792 1329 1996 1369 imperfectus
2020 1331 2095 1371 quia
2116 1341 2182 1361 non
2207 1339 2253 1362 est
2276 1339 2364 1363 actus
2380 1333 2492 1363 huma-

1423 1384 1484 1405 nus
1512 1373 1713 1414 simpliciter,
1742 1374 1797 1404 sed
1814 1374 1991 1404 secundum
2014 1375 2108 1415 quid;
2140 1375 2184 1405 ita
2207 1377 2366 1416 appetitus
2393 1377 2493 1407 vindi-

1424 1425 1491 1449 ctae
1519 1418 1671 1448 minimae
1695 1424 1741 1448 est
1764 1425 1852 1449 actus
1877 1418 2081 1458 imperfectus
2110 1419 2185 1459 quia
2215 1430 2280 1450 non
2305 1428 2351 1451 est
2374 1422 2494 1462 appeti-

1423 1470 1475 1494 tus
1498 1462 1654 1493 vindictae
1678 1462 1877 1502 simpliciter,
1911 1463 1966 1493 sed
1997 1464 2174 1494 secundum
2198 1464 2286 1504 quid.
2311 1482 2332 1487 -
2355 1466 2396 1495 Et
2420 1476 2493 1496 cum

1424 1514 1534 1538 contra
1550 1507 1612 1538 hoc
1625 1506 1752 1537 affertur
1768 1507 1857 1547 quod
1881 1517 2035 1546 magnum
2060 1515 2090 1538 et
2114 1518 2249 1548 parvum
2280 1519 2345 1539 non
2374 1511 2495 1540 variant

1424 1552 1582 1583 rationem
1611 1551 1784 1582 vindictae:
1818 1552 2028 1591 respondetur
2053 1553 2158 1592 quod,
2185 1563 2259 1583 cum
2283 1563 2437 1593 magnum
2466 1562 2496 1584 et

1397 1619 1398 1631 2
1423 1607 1560 1637 parvum
1576 1602 1762 1636 supponant
1780 1595 1812 1626 id
1829 1595 1909 1626 circa
1926 1597 2015 1636 quod
2039 1603 2095 1632 est,
2117 1597 2327 1628 diversimode
2347 1598 2433 1629 iuxta
2450 1599 2494 1629 di-

1424 1641 1605 1672 versitatem
1629 1641 1846 1670 subiectorum
1869 1641 2070 1681 loquendum
2095 1648 2150 1672 est.
2180 1642 2264 1672 Nam
2288 1652 2442 1683 magnum
2466 1651 2496 1674 et

1425 1695 1560 1726 parvum
1589 1685 1669 1716 circa
1691 1684 1864 1715 vindictam
1894 1685 2077 1725 simpliciter
2107 1695 2173 1716 non
2197 1687 2318 1718 variant
2340 1688 2494 1718 rationem

1396 1726 1398 1741 ³
1423 1730 1592 1760 vindictae.
1625 1729 1666 1760 Et
1695 1735 1863 1768 propterea
1894 1729 2052 1769 appetitus
2081 1730 2215 1761 iniustae
2245 1731 2400 1762 vindictae
2431 1732 2495 1763 sive

1425 1784 1559 1814 magnae
1590 1773 1655 1804 sive
1687 1783 1818 1813 parvae,
1844 1773 2024 1804 dummodo
2048 1774 2088 1805 sit
2110 1774 2227 1805 iniusta
2252 1776 2390 1807 vindicta
2421 1777 2495 1807 sim-

1424 1819 1555 1859 pliciter,
1581 1825 1627 1848 est
1650 1824 1817 1857 peccatum
1838 1818 1982 1849 mortale.
2019 1818 2080 1848 Sed
2107 1820 2238 1859 quando
2262 1821 2399 1860 parvitas
2431 1831 2495 1851 non

1423 1870 1490 1894 tam
1510 1861 1664 1902 significat
1687 1862 1916 1902 quantitatem,
1942 1872 2040 1902 quam
2063 1869 2149 1894 tenet
2170 1863 2280 1894 locum
2304 1865 2496 1896 conditionis

1425 1907 1648 1942 diminuentis,
1673 1906 1716 1936 ita
1740 1907 1829 1947 quod
1852 1906 1885 1936 id
1909 1906 1959 1936 cui
1983 1906 2109 1937 additur
2133 1908 2296 1939 constituit
2318 1911 2495 1940 secundum

1425 1951 1502 1993 quid
1530 1951 1609 1987 tale;
1642 1960 1679 1980 ex
1702 1950 1764 1980 hoc
1787 1950 1858 1990 ipso
1882 1950 1975 1990 ponit
2001 1951 2097 1981 talem
2121 1951 2404 1992 imperfectionem,
2430 1964 2495 1984 non

1425 2003 1460 2026 ut
1483 1996 1574 2026 tollat
1597 1995 1734 2026 totaliter
1756 1994 1913 2025 rationem
1928 1995 2022 2031 illius,
2044 1996 2098 2026 sed
2122 2003 2158 2026 ut
2180 1996 2271 2027 tollat
2294 1998 2496 2029 contrarieta-

1424 2047 1489 2071 tem
1513 2050 1668 2070 annexam
1695 2039 1740 2069 illi
1760 2038 1959 2079 simpliciter,
1986 2039 2067 2070 sicut
2089 2040 2171 2070 tollit
2194 2040 2274 2071 illud
2303 2042 2494 2082 simpliciter.

1424 2085 1466 2115 Et
1489 2084 1533 2115 sic
1556 2091 1603 2114 est
1626 2084 1659 2113 in
1683 2083 1866 2124 proposito:
1892 2083 1981 2124 quod
2002 2090 2088 2114 tanta
2112 2085 2248 2124 parvitas
2270 2085 2426 2116 vindictae
2451 2094 2497 2117 est

1425 2128 1567 2160 conditio
1584 2128 1766 2158 diminuens
1794 2127 1950 2158 rationem
1966 2128 2132 2165 vindictae,
2149 2139 2215 2159 non
2234 2130 2323 2170 quod
2339 2130 2430 2161 tollat
2448 2137 2495 2161 to-

1424 2173 1526 2204 taliter
1541 2172 1699 2203 rationem
1714 2172 1880 2207 vindictae,
1897 2172 1978 2202 sicut
1995 2172 2140 2209 dicendo,
2156 2173 2264 2204 Homo
2288 2180 2446 2212 mortuus,
2464 2175 2497 2216 ly

1424 2222 1573 2248 mortuus
1595 2216 1732 2247 totaliter
1762 2216 1846 2246 tollit
1869 2216 2025 2246 rationem
2055 2217 2208 2254 hominis;
2234 2218 2288 2248 sed
2317 2218 2392 2258 quia
2415 2219 2498 2249 tollit

1424 2261 1582 2292 rationem
1611 2261 1768 2291 vindictae
1792 2260 1994 2300 simpliciter,
2019 2271 2055 2291 ac
2081 2271 2137 2301 per
2160 2261 2221 2292 hoc
2245 2263 2497 2293 contrarietatem

1426 2305 1464 2336 ad
1489 2304 1693 2336 dilectionem
1716 2304 1863 2344 proximi,
1884 2314 1966 2345 quae
1983 2311 2030 2335 est
2053 2305 2223 2336 coniuncta
2246 2306 2380 2337 iniustae
2395 2307 2497 2337 vindi-

1426 2356 1493 2381 ctae
1509 2349 1703 2389 simpliciter.
1729 2349 1770 2380 Et
1786 2349 1888 2379 simile
1905 2355 1951 2379 est
1966 2349 1999 2379 in
2016 2349 2112 2386 furto,
2130 2359 2205 2380 cum
2219 2350 2342 2381 tollitur
2358 2351 2498 2382 alienum

1426 2394 1609 2425 minimum.
1633 2394 1717 2423 Nam
1733 2393 1806 2424 licet
1820 2393 1899 2423 ratio
1916 2393 1959 2423 rei
1977 2393 2096 2424 alienae
2117 2404 2183 2424 non
2207 2395 2344 2425 varietur
2359 2406 2416 2435 per
2431 2406 2497 2426 ma-

1425 2449 1527 2479 gnum
1544 2446 1575 2469 et
1597 2448 1732 2478 parvum
1749 2445 1785 2468 ut
1808 2438 1918 2468 dicunt
1933 2438 2124 2479 quantitates
2143 2439 2187 2469 rei
2207 2439 2326 2470 alienae
2333 2449 2340 2476 ;
2368 2441 2497 2480 quando

1426 2491 1533 2515 tamen
1557 2483 1589 2523 ly
1606 2493 1749 2523 parvum
1774 2482 1924 2513 diminuit
1947 2482 2103 2513 rationem
2126 2483 2202 2514 boni
2226 2483 2318 2514 alieni
2341 2484 2385 2515 ita
2409 2486 2498 2525 quod

1427 2527 1590 2559 constituit
1605 2526 1685 2557 illud
1701 2527 1734 2556 in
1751 2526 1813 2557 hoc
1829 2527 1917 2567 quod
1934 2534 1980 2557 est
2003 2537 2070 2557 esse
2087 2527 2224 2558 alienum
2246 2529 2369 2558 bonum
2386 2539 2497 2559 secun-

1426 2573 1505 2603 dum
1520 2571 1598 2612 quid
1615 2578 1750 2607 tantum,
1767 2578 1844 2601 tunc
1861 2581 1927 2601 non
1946 2578 2087 2602 remanet
2101 2572 2190 2612 quod
2209 2572 2340 2603 tollatur
2356 2573 2497 2605 alienum

1425 2617 1550 2647 bonurn
1574 2615 1772 2656 simpliciter,
1797 2616 1852 2645 sed
1879 2616 2056 2646 secundum
2080 2616 2175 2656 quid;
2200 2626 2235 2646 ac
2258 2627 2314 2656 per
2333 2617 2404 2653 hoc,
2430 2628 2496 2648 non

1425 2660 1638 2692 committitur
1661 2660 1783 2690 furtum
1803 2660 1864 2690 nisi
1887 2661 2065 2690 secundum
2089 2660 2181 2700 quid,
2206 2661 2295 2701 quod
2318 2668 2365 2692 est
2388 2672 2496 2701 pecca-

1425 2713 1496 2737 tum
1519 2705 1651 2735 veniale.

1481 2750 1532 2780 Ad
1554 2749 1728 2780 secundam
1748 2748 1979 2784 obiecfionem,
2004 2755 2137 2788 negatur
2159 2749 2273 2779 minor.
2306 2749 2386 2780 Dico
2411 2749 2496 2779 enirn

1425 2794 1525 2835 quod,
1543 2793 1624 2824 sicut
1647 2793 1780 2825 mortale
1805 2799 1835 2823 et
1850 2793 1971 2823 veniale
1988 2793 2104 2823 distant
2122 2793 2155 2823 in
2174 2792 2346 2831 infinitum,
2362 2794 2404 2824 ita
2428 2794 2494 2824 vin—

1425 2839 1508 2869 dicta
1531 2838 1647 2868 iniusta
1671 2844 1702 2868 et
1723 2837 1862 2868 vindicta
1891 2837 2007 2868 iniusta
2038 2837 2171 2867 minima
2199 2837 2314 2868 distant
2336 2838 2368 2867 in
2393 2837 2495 2868 infini-

1424 2890 1511 2914 tum:
1545 2882 1621 2923 quia
1645 2882 1762 2912 distant
1785 2888 1822 2912 ut
1843 2881 1981 2912 vindicta
2004 2888 2034 2912 et
2057 2882 2288 2919 non-vindicta,
2314 2883 2398 2921 apud
2426 2893 2494 2912 mo-

1424 2928 1514 2964 rales,
1539 2927 1614 2968 quia
1637 2926 1795 2957 modicum
1814 2936 1878 2966 pro
1902 2927 2000 2957 nihilo
2023 2926 2159 2957 habetur
2176 2926 2202 2957 *.
2227 2927 2396 2966 Propterea
2419 2937 2493 2967 ergo

1425 2972 1579 3012 parvitas,
1605 2971 1736 3012 quando
1760 2977 1807 3001 est
1835 2971 1977 3001 conditio
2008 2970 2189 3001 diminuens
2221 2977 2256 3001 ut
2286 2970 2407 3001 dictum
2437 2978 2492 3007 est,

1424 3015 1550 3047 alleviat
1572 3016 1605 3046 in
1622 3014 1794 3051 infinitum,
1811 3015 1886 3056 quia
1904 3015 1999 3045 trahit
2018 3021 2124 3045 actum
2141 3015 2179 3045 ab
2196 3021 2266 3045 ente
2283 3015 2322 3045 ad
2346 3025 2492 3051 non-ens,

1423 3061 1486 3091 hoc
1510 3067 1556 3091 est
1579 3070 1596 3090 a
1622 3060 1778 3090 contrario
1802 3059 1883 3089 vitae
1913 3060 1953 3089 ad
1985 3059 2261 3090 non-contrarium
2293 3059 2389 3095 vitae,
2411 3069 2493 3100 quae

1425 3105 1542 3136 distant
1564 3104 1597 3134 in
1621 3103 1792 3138 infinitum,
1808 3103 1890 3134 sicut
1913 3104 2046 3134 mortale
2070 3111 2100 3134 et
2113 3103 2250 3139 veniale;
2277 3110 2306 3133 et
2326 3104 2364 3133 ab
2384 3103 2492 3144 aliquo

1424 3150 1463 3179 ad
1487 3149 1579 3185 nihil,
1604 3149 1637 3178 in
1666 3148 1777 3178 ordine
1801 3148 1840 3177 ad
1864 3148 2099 3188 reputationem
2123 3147 2314 3183 humanam;
2347 3148 2492 3188 quamvis

1423 3193 1602 3224 secundum
1624 3202 1692 3222 rem
1715 3192 1755 3222 sit
1769 3193 1862 3232 quasi
1885 3192 1974 3229 nihil,
1991 3199 2021 3222 et
2039 3192 2111 3222 ideo
2135 3191 2324 3231 relinquitur
2346 3191 2389 3222 ibi
2413 3193 2492 3223 ratio

1423 3237 1544 3278 peccati
1568 3237 1745 3267 secundum
1770 3236 1858 3276 quid.

1481 3281 1532 3312 Ad
1556 3282 1683 3311 tertiam
1701 3280 1914 3311 obiectionem
1938 3279 2051 3309 dicitur
2067 3279 2155 3319 quod
2178 3279 2211 3309 in
2234 3279 2357 3316 maiori,
2375 3281 2413 3310 ad
2430 3280 2491 3312 hoc

1423 3332 1458 3356 ut
1482 3325 1521 3355 sit
1539 3324 1676 3356 totaliter
1698 3334 1781 3360 vera,
1799 3330 1926 3363 oportet
1949 3324 2062 3353 addere
2077 3323 2127 3353 vel
2151 3323 2382 3364 subintelligere
2402 3326 2491 3366 quod

1423 3370 1462 3400 sit
1486 3379 1590 3399 sermo
1610 3369 1648 3398 de
1665 3375 1736 3399 actu
1751 3368 1910 3408 perfecto:
1934 3368 1977 3398 ita
1993 3368 2081 3408 quod
2097 3367 2199 3398 maior
2218 3368 2257 3399 sit
2275 3368 2350 3399 ista:
2379 3368 2491 3400 Omnis

1422 3419 1514 3444 actus
1537 3413 1684 3443 mortalis
1707 3422 1749 3443 ex
1770 3422 1901 3453 genere,
1927 3418 1974 3443 est
1996 3412 2143 3442 mortalis
2165 3413 2197 3442 in
2221 3422 2420 3453 quocumque
2443 3415 2489 3444 in—

1423 3459 1550 3489 venitur
1567 3457 1743 3497 perfectus.
1778 3456 1947 3497 Alioquin,
1973 3456 1998 3486 si
2021 3457 2235 3487 communiter
2263 3465 2402 3497 vagetur,
2428 3458 2488 3487 dis-

1421 3502 1584 3542 tinguatur
1606 3501 1694 3541 quod
1710 3501 1743 3531 in
1759 3511 1966 3541 quocumque
1989 3501 2148 3532 invenitur
2162 3501 2328 3541 perfectus,
2343 3509 2389 3532 est
2405 3512 2486 3531 mor-

1422 3546 1498 3577 tale:
1516 3546 1571 3576 ubi
1588 3552 1695 3576 autem
1711 3545 1925 3585 imperfectus,
1941 3545 1991 3575 vel
2008 3555 2044 3575 ex
2059 3552 2146 3586 parte
2161 3552 2248 3576 actus
2264 3546 2314 3576 vel
2331 3546 2487 3582 materiae,

1392 3612 1394 3622 .
1422 3601 1488 3621 non
1513 3596 1648 3630 oportet.
1673 3607 1694 3612 -
1718 3590 1759 3620 Et
1782 3589 1808 3619 si
1831 3589 1934 3620 maior
1956 3589 2000 3620 sic
2025 3589 2204 3620 modificata
2228 3590 2359 3630 probata
2376 3589 2487 3620 dicitur

2518 780 2527 790 ⁸
2542 779 2567 801 ln
2582 785 2686 807 corpore.

2519 1119 2530 1130 ⁸
2542 1119 2613 1141 Num.
2628 1125 2644 1140 1.

2521 2937 2531 2948 ⁴
2536 2937 2633 2959 Aristot.
2642 2937 2686 2959 loc.
2693 2938 2733 2959 cit.
