2768 4198
27 744 36 752 ⁸
50 741 135 763 l-lomil.
158 740 233 765 LV11,

26 769 54 789 al.
86 767 170 791 LVIII.
210 767 234 787 in

28 794 110 816 Matth.

26 900 36 910 ⁴
58 899 112 930 Can.
131 898 189 919 Ante
210 903 233 917 ο-

25 931 96 946 mma.

25 1373 34 1403 ⁸.
49 1372 84 1392 De
95 1371 147 1392 Elia
162 1372 186 1391 et
198 1370 232 1391 le-

23 1404 78 1422 mn„
94 1403 142 1425 cap.
157 1403 178 1417 v.

24 1533 34 1542 ¹·
47 1530 171 1551 Moralium
193 1529 230 1550 lib.

24 1557 127 1583 XXXIII,
136 1562 184 1583 cap.
192 1561 231 1582 xn,

25 1584 52 1605 al.
63 1590 94 1607 xi,
108 1583 130 1604 in
140 1587 184 1604 vet.
194 1588 231 1603 xv.

29 2368 37 2376 ⁸
48 2367 82 2388 De
91 2366 177 2388 Ebriet.
196 2372 233 2394 qu.

30 2399 54 2417 ιι,
69 2393 167 2414 conclus.
183 2399 201 2414 2.

268 317 337 352 188
960 304 1223 352 QUAESTIO
1254 303 1337 349 CL,

1367 303 1664 340 ARTICULUS
1695 303 1742 339 III

1059 427 1378 471 ARTICULUS
1405 427 1635 470 TERTIUS

792 525 944 557 UTRUM
968 521 1179 553 EBRIETAS
1203 520 1270 551 srr
1294 519 1588 550 GRAvlsSIMUM
1610 519 1911 552 PEccAToRUM

470 635 492 659 D
512 631 669 658 TER‘rmM
689 629 741 654 sm
761 624 999 652 PROCEDITUR.
1030 611 1191 647 Videtur
1214 611 1320 657 quod
1345 632 1347 651 ,

381 666 418 698 ”’”
448 674 629 711 ebrietas
667 670 712 707 sit
748 666 1015 716 gravissimum
1058 670 1317 712 peccatorum.
1346 697 1347 700 ,

319 740 394 765 'xv
456 726 566 764 Dicit
594 724 694 760 enim
725 722 1024 768 Chrysostornus
1043 717 1063 738 '¹‘
1091 715 1196 765 quod
1229 715 1321 751 nihil

300 759 415 818 ἑῷν)
430 775 519 818 &ita
539 783 592 814 est
614 774 790 812 daemoni
814 772 979 809 amicum
996 775 1013 791 ‘²
1040 770 1135 806 sicut
1162 769 1320 805 ebrietas
1346 786 1348 814 1

261 842 296 872 et
319 833 480 877 lascivia,
509 841 604 879 quae
631 834 683 864 est
709 832 830 863 mater
857 824 1025 861 omnium
1053 823 1241 860 vitiorum.
1272 822 1321 858 Et
1347 842 1348 869 2

262 889 298 924 in
316 885 482 923 Decretis
502 883 643 927 dicitur,
662 880 743 917 dist.
765 878 909 915 XXXV
927 876 966 913 *ε
986 877 1084 913 Ante
1103 875 1231 912 omnia
1251 874 1321 911 cle-

261 940 345 976 ricis
368 939 500 974 vitetur
519 934 533 964 β
561 934 728 978 ebrietas,
749 943 846 980 quae
865 931 1033 967 omnium
1063 929 1239 965 vitiorum
1260 939 1321 964 ra-

259 994 325 1029 dix
351 996 386 1027 et
412 989 541 1026 nutrix
567 993 629 1024 est.

314 1056 348 1080 2.
370 1045 601 1087 PRAETEREA,
623 1051 667 1075 ex
695 1039 768 1075 hoc
798 1036 933 1074 dicitur
961 1034 1101 1084 aliquid
1122 1047 1204 1076 esse
1233 1046 1321 1083 pec-
1347 1050 1349 1060 ε

260 1105 383 1134 catum
411 1095 514 1143 quod
552 1094 698 1130 bonum
734 1089 889 1127 rationis
918 1088 1092 1125 excludit.
1137 1088 1213 1125 Sed
1246 1088 1321 1124 hoc

259 1149 423 1187 maxime
460 1147 546 1184 facit
574 1145 745 1182 ebrietas.
784 1144 886 1191 Ergo
923 1142 1084 1179 ebrietas
1114 1149 1169 1179 est
1203 1141 1322 1178 maxi-

257 1215 362 1239 mum
391 1208 646 1250 peccatorum.

313 1256 346 1292 3.
367 1256 607 1299 PRAETEREA,
638 1249 860 1298 magnitudo
892 1249 1025 1297 culpae
1055 1260 1100 1284 ex
1136 1247 1322 1296 magnitu-
1349 1250 1350 1292 ξ

260 1309 345 1346 dine
373 1319 520 1356 poenae
540 1304 758 1342 ostenditur.
791 1302 868 1340 Sed
889 1302 1051 1339 ebrietas
1069 1301 1220 1339 videtur
1240 1313 1322 1338 esse

260 1361 422 1398 maxime
458 1360 604 1409 punita:
642 1357 730 1394 dicit
775 1356 877 1393 enirn
912 1355 1141 1392 Ambrosius
1168 1354 1189 1376 '¹‘
1216 1354 1323 1403 quod

260 1427 332 1452 non
362 1419 453 1450 esset
478 1415 514 1449 in
534 1411 684 1449 homine
710 1410 880 1455 servitus,
900 1410 934 1446 si
961 1421 1035 1446 non
1043 1409 1185 1457 fuisset
1206 1408 1324 1445 ebrie-

259 1475 324 1505 tas.
355 1468 454 1515 Ergo
485 1465 644 1502 ebrietas
674 1471 728 1500 est
757 1463 970 1500 maximum
999 1470 1259 1511 peccatorum.
1351 1491 1353 1507 ,

313 1522 384 1557 SED
413 1531 557 1557 CONTRA
585 1529 650 1555 EST
669 1517 787 1565 quod,
810 1517 1022 1553 secundum
1043 1514 1272 1564 Gregorium
1291 1514 1323 1561 ²¹²,

258 1574 347 1611 vitia
376 1572 576 1622 spiritualia
604 1579 691 1608 sunt
720 1570 867 1607 maiora
895 1582 1012 1618 quam
1042 1568 1215 1607 carnalia.
1247 1568 1325 1605 Sed

260 1627 417 1664 ebrietas
446 1625 656 1662 continetur
675 1625 772 1661 inter
799 1623 891 1660 vitia
911 1622 1087 1660 carnalia.
1118 1623 1221 1671 Ergo
1247 1634 1325 1659 non

260 1688 314 1717 est
341 1680 549 1716 maximum
577 1685 836 1726 peccatorum.

312 1735 534 1770 RESPONDEO
563 1743 748 1768 DicENDUM
777 1730 883 1779 quod
913 1741 958 1766 ex
986 1730 1062 1766 hoc
1098 1728 1234 1765 dicitur
1263 1727 1326 1765 ali-

260 1787 348 1835 quid
362 1799 442 1823 esse
458 1786 614 1832 malum,
626 1785 732 1833 quod
742 1784 868 1833 privat
883 1783 1043 1820 bonum.
1060 1781 1172 1820 Unde
1183 1788 1326 1830 quanto

260 1841 380 1877 maius
401 1847 456 1876 est
474 1840 619 1876 bonum
641 1838 747 1886 quod
767 1837 937 1886 privatur
956 1848 1025 1885 per
1043 1836 1201 1882 malum,
1222 1842 1326 1871 tanto

261 1895 401 1930 malum
430 1892 581 1941 gravius
611 1899 677 1928 est.
710 1890 957 1928 Manifestum
988 1896 1044 1926 est
1063 1896 1192 1925 autern
1222 1888 1327 1937 quod

312 2008 338 2040 α)
359 2006 482 2032 daemoni
499 2005 623 2031 amicum.
635 2019 653 2024 -
673 2004 877 2029 daemoniacum
898 2003 993 2028 PFGa.

312 2042 336 2075 β)
356 2042 463 2067 vitetur.
480 2055 498 2060 —
517 2044 624 2066 veretur
648 2040 728 2070 ΑΗΕ,
753 2043 875 2065 vertetur
904 2039 952 2072 pC‚
978 2041 1084 2064 vetetur
1109 2038 1196 2071 pEsCI
1220 2042 1246 2063 et
1271 2042 1330 2062 ante
1353 2044 1355 2064 !

259 2079 358 2104 clericis
376 2078 452 2108 BFK,
471 2077 556 2102 utitur
575 2079 679 2101 vetetur
697 2076 733 2108 pl,
753 2078 861 2101 vetatur
879 2074 975 2099 PDGa.

311 2114 338 2148 γ)
353 2116 474 2146 peccata.
488 2126 505 2131 —
519 2115 660 2145 peccatum
680 2111 754 2136 BFK.

1375 609 1522 644 bonum
1553 608 1726 645 divinum
1757 618 1813 646 est
1840 610 1963 647 maius
1992 622 2109 659 quam
2135 611 2282 648 bonum
2311 612 2445 648 huma-

1375 673 1480 698 num.
1511 662 1560 697 Et
1587 661 1674 698 ideo
1703 670 1860 710 peccata
1888 675 1987 711 quae
2017 671 2104 701 sunt
2139 664 2278 701 directe
2316 672 2447 702 contra

1374 715 1516 761 Deum,
1537 722 1625 751 sunt
1652 714 1829 762 graviora
1847 724 2005 764 peccato
2036 717 2238 765 ebrietatis,
2260 717 2365 766 quod
2393 718 2447 755 di-

1375 775 1476 804 recte
1506 767 1715 815 opponitur
1743 768 1848 804 bono
1877 768 2033 806 rationis
2061 770 2267 808 humanae.

1428 823 1487 856 An
1517 832 1656 857 PRtMUM
1684 832 1784 857 ERGO
1817 833 2005 859 montinum
2033 823 2141 870 quod
2173 824 2222 860 ad
2257 832 2414 872 peccata
2432 829 2448 852 Ὺ

1346 898 1348 922 4
1374 873 1689 921 intemperantiae
1719 874 1886 910 maxime
1914 875 2034 911 homo
2062 876 2179 912 habet
2204 877 2447 925 pronitatem,

1347 961 1348 968 ,
1375 934 1532 976 propter
1560 927 1635 963 hoc
1664 927 1769 975 quod
1797 927 2017 964 huiusmodi
2054 930 2384 978 concupiscentiae
2414 938 2450 967 et

1347 996 1349 1013 1
1377 979 1647 1017 delectationes
1677 987 1764 1017 sunt
1792 980 1904 1017 nobis
1931 982 2208 1019 connaturales.
2239 983 2289 1019 Et
2316 996 2448 1021 secun-

1377 1034 1470 1070 dum
1499 1034 1586 1080 hoc,
1615 1033 1791 1071 dicuntur
1822 1033 2045 1071 huiusmodi
2072 1042 2228 1083 peccata
2258 1048 2339 1073 esse
2370 1049 2450 1073 ma-

1376 1087 1477 1124 xime
1498 1087 1623 1123 amica
1652 1087 1827 1124 diabolo:
1858 1099 1937 1124 non
1960 1087 2049 1136 quia
2069 1088 2142 1125 sint
2160 1087 2241 1125 aliis
2260 1089 2449 1137 graviora,

1377 1140 1445 1178 sed
1475 1140 1564 1189 quia
1593 1148 1680 1177 sunt
1709 1140 1811 1189 apud
1839 1140 2017 1178 homines
2045 1141 2315 1190 frequentiora.

1430 1196 1491 1231 An
1520 1205 1712 1232 SECUNDUM
1745 1206 1932 1231 DICENDUM
1970 1195 2076 1243 quod
2113 1195 2262 1232 bonurn
2297 1195 2452 1232 rationis

1377 1246 1584 1296 impeditur
1603 1247 1822 1296 dupliciter:
1852 1260 1932 1285 uno
1953 1249 2086 1295 modo,
2105 1260 2176 1297 per
2203 1248 2243 1286 id
2271 1249 2377 1297 quod
2397 1256 2454 1286 est

1378 1301 1611 1337 contrarium
1641 1301 1795 1348 rationi;
1826 1301 1900 1338 alio
1929 1301 2062 1349 modo,
2089 1314 2157 1350 per
2184 1302 2223 1339 id
2251 1302 2359 1351 quod
2386 1314 2452 1339 au-

1378 1355 1448 1391 fert
1474 1366 1588 1391 usum
1618 1354 1784 1392 rationis.
1814 1355 1904 1391 Plus
1933 1362 2061 1392 autem
2086 1356 2201 1392 habet
2230 1355 2278 1392 de
2306 1355 2452 1392 ratione

1371 1407 1469 1445 -mali
1497 1407 1535 1445 id
1561 1409 1667 1456 quod
1697 1408 1947 1445 contrariatur
1966 1408 2114 1455 rationi,
2136 1421 2253 1457 quarn
2277 1409 2382 1457 quod
2403 1409 2453 1447 ad

1378 1459 1540 1499 horam⁶
1559 1473 1673 1498 usum
1702 1461 1858 1498 rationis
1887 1462 2027 1499 aufert:
2057 1474 2150 1499 usus
2175 1462 2278 1500 enim
2298 1461 2453 1500 rationis

1352 1545 1353 1550 ,
1379 1522 1505 1564 potest
1533 1527 1616 1552 esse
1655 1522 1691 1551 et
1719 1515 1846 1552 bonus
1884 1523 1920 1553 et
1947 1516 2090 1562 malus,
2120 1515 2185 1564 qui
2217 1515 2358 1553 tollitur
2385 1527 2454 1565 per

1381 1568 1619 1614 ebrietatem3
1645 1568 1713 1605 sed
1733 1569 1836 1606 bona
1854 1569 2051 1616 virtutum,
2067 1581 2166 1618 quae
2185 1569 2368 1607 tolluntur
2386 1581 2456 1619 per

1382 1634 1425 1658 ea
1454 1633 1554 1670 quae
1579 1622 1856 1659 contrariantur
1883 1622 2029 1669 rationi,
2051 1630 2139 1659 sunt
2157 1634 2311 1672 semper
2338 1624 2453 1660 bona.

1434 1677 1494 1711 An
1517 1686 1678 1712 Tannum
1706 1687 1892 1713 montinum
1922 1676 2028 1725 quod
2047 1675 2210 1713 servitus
2235 1683 2291 1713 est
2320 1689 2453 1714 conse·

1381 1735 1467 1765 cuta
1483 1740 1529 1764 ex
1545 1727 1725 1765 ebrietate
1741 1729 2041 1776 occasionaliter,
2058 1729 2284 1778 inquantum
2302 1730 2427 1767 Cham
2441 1734 2454 1751 ⁸

1382 1780 1690 1819 maledictionem
1719 1781 1907 1819 servitutis
1936 1782 1975 1819 in
2004 1794 2074 1820 sua
2100 1782 2319 1832 posteritate
2349 1795 2455 1821 acce·

1381 1833 1462 1883 pit‘
1486 1842 1643 1884 propter
1661 1836 1737 1872 hoc
1756 1835 1862 1883 quod
1881 1835 1991 1873 irrisit
2009 1843 2159 1884 patrem
2178 1836 2408 1874 inebriatum
2422 1835 2454 1874 ³⁸².

1382 1888 1474 1925 Non
1494 1895 1623 1925 autem
1653 1888 1815 1925 servitus
1844 1888 1912 1925 fuit
1940 1888 2080 1926 directe
2099 1901 2227 1938 poena
2254 1889 2454 1927 ebrietatis.

1435 2001 1460 2034 δ)
1479 2002 1516 2027 ad
1535 2002 1640 2027 horam.
1652 2016 1671 2022 -
1688 2003 1726 2027 ad
1744 2002 1792 2035 pC,
1811 2010 1866 2027 om.
1884 2002 2014 2027 ADHlsC.

1435 2038 1458 2070 ε)
1481 2038 1604 2063 Cham.-
1621 2045 1698 2063 suam
1717 2037 1932 2071 ABDEHLpCK,
1951 2045 2022 2071 carn
2043 2038 2085 2062 ed.
2103 2045 2129 2063 a.

1436 2072 1462 2106 ζ)
1482 2074 1594 2106 accepit.
1605 2087 1625 2093 —
1642 2074 1712 2106 cepit
1730 2074 1825 2107 BFpK.

939 2189 1274 2222 Commentario.
1297 2188 1550 2222 Cardinalis
1573 2187 1774 2221 Caietam

290 2284 309 2303 N
327 2273 456 2304 articulo
473 2272 563 2303 tertio
581 2272 724 2302 eiusdem
742 2268 1219 2310 centesimaequinquagesimae
1235 2278 1330 2310 quae-

264 2286 412 2355 Istionis,
436 2317 468 2348 in
491 2316 699 2357 responsione
724 2315 763 2345 ad
787 2315 939 2356 primum,
960 2313 1088 2345 Martini
1112 2313 1250 2344 obiectio
1275 2323 1327 2344 oc·
1352 2316 1354 2339 l

263 2362 368 2399 currit,
393 2361 446 2393 ubi
470 2371 563 2402 supra
578 2361 610 2398 *‚
635 2366 745 2392 contra
764 2362 940 2390 Auctorem
963 2358 1015 2389 hic
1038 2358 1214 2398 arguentis,
1239 2358 1329 2399 quod
1353 2348 1355 2363 ¹

263 2417 328 2437 non
344 2413 466 2447 reputat
479 2416 586 2437 veram
603 2406 683 2436 hanc
700 2404 933 2445 expositionem
950 2403 1112 2434 Auctoris:
1138 2413 1212 2434 cum
1228 2402 1330 2433 multa

263 2451 336 2482 vitia
360 2451 420 2481 sint
443 2450 541 2491 magis
574 2449 760 2481 communia
783 2459 882 2490 quarn
906 2448 1054 2484 ebrietas;
1083 2447 1186 2478 immo
1217 2447 1272 2488 qui
1297 2457 1329 2477 se
1355 2455 1356 2460 ¹

264 2495 416 2526 inebriant
439 2495 531 2536 pauci
550 2502 623 2525 sunt
646 2494 678 2524 in
703 2493 943 2534 comparatione
967 2492 1007 2523 ad
1031 2492 1121 2523 alios.

318 2540 368 2570 Ad
392 2540 452 2570 hoc
476 2539 588 2570 dicitur
611 2539 700 2579 quod
720 2538 858 2568 obiectio
882 2547 948 2568 non
972 2537 1079 2567 solum
1096 2542 1206 2567 contra
1229 2536 1330 2566 inten-

265 2585 393 2620 tionem,
418 2584 471 2614 sed
488 2591 596 2614 contra
619 2584 712 2614 verba
736 2581 884 2614 Auctoris
908 2591 1038 2612 sensum
1062 2581 1184 2622 accipit.
1209 2582 1331 2611 Auctor

266 2628 421 2670 siquidem
441 2628 514 2659 dicit
538 2628 626 2669 quod
650 2635 777 2668 peccata
800 2625 1063 2668 intemperantiae
1087 2632 1162 2656 sunt
1185 2635 1331 2656 commu-

266 2673 393 2703 nissima
412 2674 518 2714 quoad
542 2673 747 2713 pronitatem:
773 2679 803 2703 et
827 2682 892 2702 non
918 2670 993 2702 dicit
1016 2670 1106 2712 quod
1130 2669 1262 2700 ebrietas
1286 2676 1333 2700 est
1357 2682 1358 2685 ¹

266 2718 399 2748 maxime
423 2717 612 2748 communis.
639 2717 683 2747 Ita
706 2717 793 2758 quod
818 2718 940 2747 Auctor
963 2714 1098 2746 intendit
1121 2715 1210 2756 quod
1231 2713 1332 2755 Chry·
1357 2734 1359 2738 .

266 2769 425 2792 sostomus
449 2762 612 2802 speciebus
634 2761 894 2802 intemperantiae
918 2759 1058 2791 attribuit
1081 2766 1201 2790 tantam
1225 2758 1332 2789 amici-

267 2806 341 2836 tiam
366 2816 438 2836 cum
462 2806 626 2842 daemone,
647 2813 776 2846 propter
799 2805 921 2845 generis
946 2804 994 2836 sui
1019 2803 1244 2845 frequentiam,
1269 2813 1333 2844 qua

267 2858 331 2880 tam
355 2850 494 2880 amicum
518 2850 657 2880 redditur
681 2850 839 2880 daemoni.

323 2895 359 2925 11.
386 2895 419 2925 ln
444 2895 557 2924 eodem
580 2894 710 2925 articulo
735 2894 837 2930 tertio,
861 2894 893 2924 in
917 2892 1126 2933 responsione
1156 2893 1195 2923 ad
1220 2902 1332 2923 secun-
1359 2904 1360 2909 ¹

269 2939 355 2975 dum,
369 2938 503 2969 dubium
520 2938 663 2974 occurrit,
677 2939 751 2979 quia
766 2938 930 2979 responsio
947 2937 1096 2968 Auctoris
1112 2944 1167 2968 aut
1183 2943 1229 2967 est
1245 2936 1332 2973 falsa,

269 2989 322 3013 aut
346 2993 410 3013 non
426 2983 519 3013 solvit
543 2989 775 3022 argumentum.
800 2982 979 3023 Responsio
1004 2981 1089 3012 enim
1113 2992 1169 3012 sua
1191 2981 1334 3012 consistit

270 3027 300 3056 in
326 3027 386 3057 hoc
402 3027 491 3068 quod
508 3027 610 3057 maius
627 3027 748 3057 malum
773 3034 818 3057 est
838 3027 950 3058 vitium
970 3036 1026 3058 seu
1051 3034 1217 3067 peccatum
1234 3036 1333 3067 quarn

271 3071 396 3101 amissio
413 3082 488 3102 usus
503 3071 642 3107 rationis,
653 3071 727 3112 quia
744 3071 846 3101 maius
861 3072 983 3102 bonum
1002 3078 1047 3102 est
1062 3070 1186 3102 virtutis
1198 3071 1332 3106 bonurn,
1360 3074 1361 3084 ¹

272 3116 357 3155 quod
382 3123 427 3146 est
451 3125 574 3156 semper
596 3116 734 3152 bonum,
760 3126 856 3157 quam
881 3126 957 3146 usus
985 3115 1125 3152 rationis,
1149 3115 1204 3156 qui
1229 3121 1334 3155 potest
1360 3127 1362 3132 ⁴

273 3169 337 3189 esse
366 3160 469 3190 bonus
493 3166 523 3190 et
546 3160 658 3191 malus.
691 3160 756 3190 Sub
780 3160 838 3190 hac
862 3167 968 3190 autem
992 3159 1193 3191 distinctione
1221 3166 1251 3190 et
1275 3159 1333 3190 do—

274 3203 369 3232 ctrina
399 3211 452 3234 aut
475 3206 595 3235 Auctor
623 3204 756 3235 intendit
777 3204 919 3235 subsumi
944 3205 1056 3235 debere
1089 3204 1178 3245 quod
1203 3203 1334 3234 ebrietas

274 3246 356 3276 tollit
372 3257 465 3278 usum
481 3248 620 3285 rationis,
637 3256 667 3279 et
682 3258 747 3279 non
764 3249 887 3279 bonum
903 3248 1035 3285 virtutis,
1053 3259 1088 3280 ac
1104 3259 1160 3289 per
1179 3248 1250 3284 hoc,
1269 3258 1334 3279 non

276 3291 374 3330 magis
391 3292 594 3323 contrariatur
616 3292 738 3324 rationi.
764 3293 804 3323 Et
828 3293 870 3324 sic
895 3293 1010 3324 falsum
1030 3293 1158 3324 dicitur:
1179 3291 1336 3334 quoniam
1361 3294 1363 3298 '

277 3334 406 3365 ebrietas
422 3336 504 3366 tollit
519 3343 689 3377 utrumque
704 3337 837 3374 bonum,
855 3337 971 3368 scilicet
986 3345 1016 3368 et
1040 3347 1135 3368 usum
1150 3337 1290 3374 rationis,
1307 3343 1337 3368 et

278 3378 368 3417 ponit
383 3387 545 3418 peccatum
562 3381 754 3411 contrarium
770 3382 857 3411 bono
874 3382 1059 3412 sobrietatis.
1077 3399 1097 3405 -
1115 3384 1181 3413 Aut
1203 3381 1338 3412 intendit
1362 3388 1364 3400 ¹

278 3422 366 3462 quod
382 3432 436 3461 per
460 3423 638 3454 ebrietatem
653 3425 781 3455 tollatur
804 3433 977 3466 utrumque
1001 3427 1134 3457 bonum.
1160 3427 1200 3457 Et
1224 3426 1268 3456 sic
1286 3435 1338 3456 ve·
1363 3441 1365 3462 ς

279 3476 350 3495 rum
375 3466 497 3496 dicitur:
529 3468 582 3497 sed
606 3476 826 3508 argumentum
851 3477 999 3501 remanet.
1025 3470 1110 3507 Quia
1134 3470 1265 3501 ebrietas
1289 3477 1340 3500 to·
1363 3483 1365 3507 l

279 3509 379 3539 taliter
402 3510 484 3540 tollit
506 3511 627 3541 bonum
650 3512 796 3542 rationis:
822 3514 895 3553 quia
920 3521 949 3544 et
973 3521 1128 3555 quantum
1151 3515 1190 3545 ad
1214 3515 1338 3545 bonum
1363 3509 1365 3513 ’

280 3553 386 3589 moris,
406 3561 435 3584 et
458 3562 613 3594 quantum
629 3556 667 3585 ad
690 3556 812 3586 bonum
836 3564 975 3589 naturae.

1436 2268 1487 2299 Ad
1511 2268 1573 2299 hoc
1597 2267 1711 2299 dicitur
1734 2268 1824 2310 quod
1853 2268 1941 2299 nulla
1970 2268 2090 2299 falsitas
2114 2275 2160 2300 est
2182 2269 2216 2300 in
2239 2269 2298 2300 hac
2327 2279 2459 2310 respon-

1382 2312 1488 2349 sione,
1514 2319 1545 2344 et
1567 2313 1658 2354 quod
1682 2313 1804 2353 optime
1837 2319 1967 2344 evacuat
1990 2319 2226 2354 argumentum.
2258 2313 2396 2345 Intendit
2419 2313 2459 2345 si-

1382 2357 1514 2398 quidem
1538 2359 1660 2388 Auctor
1683 2358 1783 2398 quod,
1801 2367 1876 2388 cum
1899 2358 2027 2388 duobus
2050 2357 2166 2394 modis,
2182 2367 2238 2389 seu
2255 2359 2362 2399 quoad
2380 2358 2458 2396 duo,

1382 2402 1515 2433 tollatur
1544 2402 1669 2432 bonum
1697 2401 1845 2439 rationis,
1871 2402 1989 2433 scilicet
2017 2402 2127 2443 quoad
2161 2402 2287 2433 bonum
2317 2409 2458 2440 naturae,

1383 2447 1474 2487 quod
1498 2453 1544 2477 est
1568 2457 1645 2477 usus
1670 2446 1811 2483 rationis,
1832 2453 1863 2478 et
1885 2447 1995 2488 quoad
2018 2447 2143 2478 bonum
2166 2447 2276 2484 moris,
2300 2447 2389 2488 quod
2413 2454 2460 2479 est

1383 2492 1508 2522 bonum
1531 2490 1656 2522 virtutis
1664 2500 1672 2528 ;
1694 2491 1891 2532 comparatio
1915 2490 2070 2522 vitiorum
2093 2491 2125 2521 in
2148 2491 2299 2531 gravitate
2322 2501 2388 2522 non
2413 2498 2460 2524 est

1384 2542 1450 2566 tam
1484 2536 1773 2566 commensuranda
1806 2545 1903 2576 penes
1939 2536 2064 2566 bonum
2092 2535 2143 2566 vel
2173 2535 2296 2567 malum
2329 2542 2459 2568 naturae

1356 2603 1358 2613 ι
1385 2590 1484 2621 quam
1507 2590 1605 2621 penes
1625 2581 1750 2611 bonum
1766 2581 1817 2611 vel
1833 2580 1957 2611 malum
1980 2579 2095 2610 moris:
2121 2579 2197 2621 quia
2212 2580 2300 2611 bono
2317 2587 2459 2617 naturae,

1385 2625 1480 2665 quale
1503 2632 1550 2655 est
1574 2635 1651 2655 usus
1675 2625 1815 2661 rationis,
1836 2631 1942 2666 potest
1965 2624 2037 2666 quis
2060 2624 2141 2655 bene
2164 2631 2195 2656 et
2213 2625 2297 2656 male
2313 2624 2378 2662 uti;
2402 2625 2459 2656 bo-

1386 2679 1466 2700 num
1489 2679 1565 2700 vero
1589 2669 1702 2706 moris,
1727 2669 1821 2711 quale
1845 2677 1892 2700 est
1921 2669 2045 2700 bonum
2070 2669 2193 2700 virtutis
2215 2669 2364 2706 moralis,
2389 2675 2460 2707 etc„

1386 2720 1433 2744 est
1456 2715 1581 2744 bonum
1605 2719 1741 2755 semper.
1766 2714 1807 2745 Et
1830 2714 1889 2745 sub
1913 2713 1972 2745 hac
1988 2713 2096 2754 regula
2115 2723 2182 2745 non
2199 2720 2246 2745 est
2269 2714 2459 2745 subsumen-

1387 2758 1466 2789 dum
1490 2759 1579 2800 quod
1603 2758 1736 2789 ebrietas
1760 2758 1852 2790 tollat
1875 2765 2002 2790 tantum
2023 2758 2148 2790 bonum
2173 2765 2319 2795 naturae,
2344 2757 2461 2790 scilicet

1387 2813 1483 2834 usum
1508 2803 1655 2834 rationis:
1680 2803 1837 2845 quoniam
1860 2803 1893 2834 in
1917 2802 2045 2834 veritate
2069 2802 2152 2834 tollit
2176 2809 2207 2834 et
2228 2803 2351 2834 bonum
2370 2809 2461 2834 natu-

1388 2858 1458 2884 rae,
1484 2848 1627 2878 tollendo
1658 2858 1754 2878 usum
1783 2847 1930 2885 rationis,
1955 2854 1986 2879 et
2013 2848 2139 2878 bonum
2167 2847 2284 2886 moris,
2307 2847 2460 2888 ponendo

1387 2898 1554 2933 peccatum
1570 2892 1765 2923 contrarium
1781 2893 1869 2923 bono
1881 2891 2005 2923 virtutis
2021 2902 2103 2934 quae
2120 2898 2167 2923 est
2182 2891 2343 2923 sobrietas.
2360 2890 2461 2923 Com-

1359 2964 1361 2974 ,
1388 2946 1486 2968 mune
1510 2936 1669 2978 siquidem
1693 2944 1740 2968 est
1763 2937 1853 2968 omni
1876 2936 1955 2968 vitio
1979 2946 2015 2967 ac
2038 2943 2169 2977 peccato
2202 2935 2313 2968 tollere
2336 2936 2461 2967 bonum

1388 2981 1500 3012 moris:
1525 2981 1684 3023 peculiare
1708 2988 1815 3012 autem
1831 2988 1877 3012 est
1901 2980 2041 3012 ebrietati
2064 2980 2154 3022 quod
2169 2980 2264 3012 etiam
2287 2979 2379 3011 tollat
2402 2980 2460 3012 bo-

1388 3036 1467 3057 num
1492 3033 1622 3057 naturae
1645 3025 1677 3056 in
1702 3026 1770 3067 ipsa
1798 3025 1936 3062 ratione,
1962 3025 2042 3056 sicut
2065 3025 2125 3056 alia
2149 3024 2223 3055 vitia
2253 3023 2372 3056 tollunt
2402 3024 2462 3055 alia

1387 3071 1473 3101 bona
1497 3071 1547 3101 vel
1571 3077 1701 3102 naturae
1725 3070 1757 3101 in
1782 3080 1926 3111 corpore,
1952 3076 1987 3101 ut
2010 3068 2223 3100 homicidium
2246 3068 2329 3100 tollit
2351 3068 2460 3106 vitam,

1388 3115 1437 3146 vel
1462 3114 1628 3152 fortunae,
1653 3121 1689 3146 ut
1712 3114 1833 3146 furtum
1858 3113 1941 3146 tollit
1963 3113 2151 3155 pecuniam,
2175 3119 2232 3144 etc.
2257 3113 2319 3144 Sed
2346 3113 2461 3144 subsu-

1389 3159 1545 3190 mendum
1561 3166 1607 3190 est
1623 3159 1712 3200 quod
1735 3159 1870 3200 gravitas
1886 3164 2091 3199 peccatorum
2115 3157 2284 3199 praecipue
2301 3157 2462 3198 pensanda

1389 3211 1436 3235 est
1452 3214 1489 3234 ex
1505 3203 1725 3235 contrarietate
1740 3203 1780 3234 ad
1795 3204 1920 3234 bonum
1936 3201 2052 3234 moris:
2069 3201 2112 3233 ita
2127 3202 2216 3243 quod
2231 3201 2346 3233 vitium
2362 3202 2462 3243 magis

1390 3248 1583 3279 contrarium
1609 3248 1696 3279 bono
1720 3247 1851 3279 rationis
1874 3246 1988 3278 morali
2011 3254 2058 3278 est
2080 3246 2215 3286 gravius.
2240 3248 2287 3277 Ac
2311 3256 2367 3287 per
2389 3246 2461 3284 hoc,

1390 3293 1462 3324 licet
1485 3292 1617 3324 ebrietas
1640 3292 1680 3324 sit
1699 3291 1853 3324 contraria
1872 3292 1960 3322 bono
1985 3289 2114 3322 rationis
2134 3297 2164 3321 et
2187 3290 2321 3322 naturali
2337 3298 2367 3322 et
2390 3301 2462 3323 rno-

1362 3367 1364 3382 =.
1390 3337 1456 3374 rali,
1474 3337 1550 3378 quia
1564 3344 1671 3368 tamen
1695 3336 1800 3378 aliqua
1823 3336 1883 3366 alia
1906 3334 1981 3366 vitia
2004 3334 2104 3376 magis
2128 3334 2359 3367 contrariantur
2375 3335 2462 3367 bono

1392 3381 1505 3412 morali
1529 3381 1668 3418 rationis,
1693 3380 1766 3411 ideo
1789 3390 1826 3411 ex
1849 3379 1907 3410 hac
1930 3379 2066 3414 ratione,
2091 3380 2166 3420 quia
2191 3379 2307 3411 scilicet
2331 3379 2461 3411 ebrietas

1391 3425 1475 3456 tollit
1503 3426 1628 3456 bonum
1659 3424 1788 3455 rationis
1823 3423 1976 3460 totaliter,
2002 3423 2119 3454 scilicet
2148 3424 2224 3465 quia
2254 3424 2348 3455 etiam
2381 3423 2462 3455 tollit

1392 3479 1502 3505 usum,
1528 3479 1593 3500 non
1626 3468 1770 3510 sequitur
1802 3468 1891 3509 quod
1923 3468 2146 3508 gravissimum
2170 3468 2209 3499 sit
2239 3475 2460 3509 peccatorum:

1392 3514 1447 3544 sed
1476 3513 1531 3543 illa
1559 3513 1632 3544 vitia
1661 3522 1743 3554 quae
1773 3512 1892 3543 tollunt
1914 3513 2018 3543 multo
2049 3512 2152 3543 maius
2182 3513 2305 3544 bonum
2332 3512 2462 3543 rationis

1393 3558 1523 3594 morale,
1548 3564 1623 3588 sunt
1645 3556 1799 3597 graviora.

2484 1873 2493 1881 ⁴
2513 1869 2570 1893 Gen.
2591 1876 2642 1899 mp-
2659 1877 2696 1898 tx,

2483 1902 2543 1919 vers.
2559 1903 2581 1919 τι
2597 1903 2648 1926 sqq.
