2768 4198
46 1014 55 1023 '⁶
70 1012 135 1034 Vers.
152 1018 187 1040 29.

45 1071 55 1081 ⁴
71 1070 135 1091 Vers.
152 1076 174 1096 4.

43 1123 54 1135 ⁸
69 1123 125 1145 Ord.

45 1285 55 1294 ⁸
69 1284 117 1306 cfr.
133 1289 179 1311 arg.
196 1290 215 1313 3.

292 237 365 273 520

287 315 470 352 candidae
498 316 630 352 mentis
659 315 796 352 indicia
814 320 917 350 sunt:
945 313 1028 350 vilis
1048 314 1174 350 tunica
1194 317 1357 349 contem·
1384 312 1386 348 Ι

282 374 390 417 ptum
418 369 561 406 saeculi
581 370 731 417 probat.
762 369 821 404 Ita
846 367 1049 403 dumtaxat
1066 379 1113 403 ne
1132 366 1283 403 animus
1302 371 1357 402 tu-

287 428 389 458 meat
413 421 443 469 ῑ,
484 435 530 459 ne
565 422 711 458 habitus
745 432 944 468 sermoque
982 420 1210 456 dissentiant.
1247 440 1271 446 -
1309 419 1358 455 Et

287 476 499 512 secundum
539 483 743 534 utrumque
772 475 933 514 horum
965 473 1147 522 competit
1177 472 1386 520 religiosis

286 529 410 566 vilitas
438 528 619 565 vestium:
651 527 739 576 quia
769 526 898 574 religio
930 534 985 563 est
1013 534 1131 563 status
1160 526 1358 575 poeniten·
1384 523 1386 554 l

287 582 359 619 tiae
389 590 424 618 et
453 589 693 629 contemptus
722 580 940 617 mundanae
969 580 1123 627 gloriae.

342 636 418 672 Sed
439 635 544 683 quod
564 634 697 683 aliquis
717 633 808 670 velit
828 634 903 669 hoc
923 633 1002 670 aliis
1023 633 1249 681 significare,
1267 645 1357 669 con-

286 688 392 736 tingit
418 695 575 736 propter
603 687 683 723 tria.
722 687 810 724 Uno
841 688 979 733 modo,
1018 687 1068 723 ad
1097 686 1155 723 sui
1183 686 1359 723 humilia-

286 742 450 778 tionem:
482 741 576 778 sicut
606 740 708 777 enim
730 752 775 777 ex
795 740 999 789 splendore
1018 740 1184 777 vestium
1207 740 1358 777 animus

284 794 451 832 hominis
481 795 667 841 elevatur,
698 793 748 830 ita
777 806 822 830 ex
852 794 1063 831 humilitate
1091 793 1259 831 vestium
1289 794 1358 831 hu—

286 848 461 884 miliatur.
500 848 612 885 Unde
652 848 699 884 de
728 848 862 884 Achab
888 853 925 894 η,
965 847 1030 896 qui
1064 859 1219 885 carnem
1248 860 1358 884 suam

285 902 405 938 cilicio
434 901 573 947 induit,
609 901 699 938 dixit
727 901 920 938 Dominus
955 902 1004 938 ad
1034 901 1178 938 Eliam:
1217 902 1360 939 Nonne

284 955 406 991 vidisti
432 955 566 992 Achab
593 954 832 992 humiliatum
862 967 994 992 coram
1023 967 1099 1002 me,
1129 963 1170 992 ut
1197 956 1360 992 habetur

286 1010 334 1044 ΙΙΙ
356 1010 454 1058 Reg.
475 1021 534 1045 xm
554 1008 584 1045 ²¹⁸.
616 1030 639 1036 -
669 1009 756 1045 Alio
785 1009 921 1056 modo,
952 1017 1109 1059 propter
1139 1010 1357 1058 exemplum

285 1062 460 1100 aliorum.
499 1063 612 1100 Unde
643 1075 758 1111 super
785 1062 875 1099 illud
906 1063 1041 1100 Matth.
1064 1062 1150 1108 111*‚
1181 1063 1362 1100 Habebat

285 1116 544 1153 vestimentum
559 1117 606 1153 de
619 1116 707 1165 pilis
722 1116 956 1154 camelorum
968 1124 1052 1164 etc„
1070 1116 1159 1154 dicit
1174 1116 1357 1154 Glossa*:

290 1170 364 1211 Qui
384 1170 655 1218 poenitentiam
679 1170 889 1219 praedicat,
913 1171 1083 1208 habitum
1107 1171 1360 1219 poenitentiae
1386 1189 1388 1213 ᾖ

281 1224 504 1272 praetendit.
534 1245 558 1252 -
587 1224 720 1261 Tertio
748 1224 882 1272 modo,
912 1232 1069 1274 propter
1096 1224 1251 1262 inanem
1280 1225 1358 1274 glo·
1386 1248 1388 1258 ι

286 1277 402 1314 riam:
433 1277 530 1314 sicut
557 1278 793 1326 Augustinus
823 1278 912 1315 dicit
930 1277 950 1300 *
978 1278 1084 1327 quod
1113 1279 1151 1315 in
1173 1279 1261 1328 ipsis
1279 1291 1361 1316 sor·
1387 1306 1389 1331 ;

286 1331 393 1368 dibus
431 1331 607 1368 luctuosis
639 1338 763 1381 potest
795 1344 874 1369 esse
910 1332 1101 1370 iactantia.
1138 1354 1161 1360 -
1195 1333 1360 1370 Duobus
1387 1335 1389 1353 ³

287 1397 377 1433 ergo
405 1385 539 1433 primis
559 1386 697 1431 modis,
728 1386 917 1423 laudabile
939 1393 995 1423 est
1013 1386 1169 1423 abiectis
1188 1386 1360 1424 vestibus

286 1438 361 1475 uti:
392 1438 501 1476 tertio
530 1451 625 1476 vero
656 1440 789 1486 modo,
821 1447 876 1477 est
904 1439 1099 1477 vitiosum.

340 1492 428 1529 Alio
444 1500 573 1530 autern
586 1493 707 1531 modo
722 1501 848 1542 potest
864 1493 1096 1531 considerari
1111 1493 1261 1531 habitus
1275 1493 1361 1531 vilis

289 1554 325 1582 et
353 1546 514 1583 incultus
549 1547 763 1584 secundum
793 1547 898 1596 quod
926 1547 1099 1597 procedit
1128 1559 1174 1584 ex
1203 1547 1361 1585 avaritia

285 1600 347 1636 vel
370 1612 415 1636 ex
435 1600 671 1648 negligentia.
695 1601 744 1637 Et
763 1600 816 1637 sic
833 1600 946 1638 etiam
968 1601 1017 1638 ad
1031 1600 1167 1638 vitium
1184 1601 1359 1649 pertinet.

340 1655 398 1690 AD
423 1665 560 1691 ptumum
589 1665 688 1691 ERGO
718 1666 904 1691 DICENDUM
925 1654 1031 1703 quod
1050 1654 1174 1691 vilitas
1193 1654 1359 1692 vestium

288 1706 335 1743 de
373 1719 413 1743 se
452 1719 531 1744 non
566 1707 682 1744 habet
716 1707 886 1756 speciem
924 1707 1036 1744 mali:
1075 1707 1197 1744 immo
1235 1707 1362 1756 potius

286 1759 455 1808 speciem
477 1760 580 1806 boni,
611 1760 752 1797 scilicet
776 1768 1019 1810 contemptus
1040 1761 1261 1798 mundanae
1281 1762 1360 1809 glo-

287 1812 375 1850 riae.
406 1814 456 1850 Et
483 1813 572 1851 inde
602 1821 658 1851 est
686 1814 793 1862 quod
822 1814 911 1851 mali
940 1815 1012 1852 sub
1031 1814 1175 1851 vilitate
1195 1815 1359 1852 vestium

336 1927 362 1960 ζ)
383 1930 526 1953 tumeat.-
544 1927 639 1953 timeat
663 1920 856 1960 BEFHLpAlK
882 1933 908 1953 et
927 1935 962 1957 a,·
980 1936 1029 1961 pro
1055 1935 1095 1958 ne,
1116 1935 1165 1954 nec
1188 1929 1223 1959 P;
1243 1936 1291 1961 pm
1309 1928 1365 1954 dis-
1392 1959 1394 1961 ‚

284 1964 411 1994 semlant,
432 1963 575 1989 dissentiat
593 1963 734 1990 PCHKsD.

1384 351 1386 400 l
1412 365 1451 401 in
1480 366 1575 403 libro
1609 368 1655 404 de
1682 369 1803 405 Serm.
1835 370 1948 405 Dom.
1979 369 2016 406 in
2046 369 2226 406 Monte*

892 235 1162 282 QUAESTIO
1197 233 1464 280 CLXXXVII,
1493 235 1795 273 ARTICULUS
1823 237 1874 273 VI

1414 324 1525 350 suam
1555 314 1738 351 malitiam
1763 316 1966 352 occultant.
1997 315 2108 353 Unde
2129 316 2366 364 Augustinus
2387 315 2487 363 dicit,

2237 399 2246 417 ,
2277 370 2382 418 quod
2411 381 2487 406 non

1413 418 1495 456 ideo
1524 421 1658 457 debent
1685 433 1773 459 oves
1801 422 1921 459 odisse
1947 423 2209 460 vestimentum
2234 435 2358 469 suum,
2389 411 2530 471 quod

1408 472 1634 522 plerumque
1661 475 1723 511 illo
1752 487 1792 512 se
1820 476 2010 513 occultant
2038 476 2127 526 lupi.

1466 528 1526 564 AD
1556 539 1749 565 SECUNDUM
1783 541 1969 567 mcennum
2003 531 2109 579 quod
2144 530 2408 579 Hieronymus
2438 528 2490 566 ibi

1413 579 1578 628 loquitur
1607 581 1654 618 de
1674 581 1846 619 vestibus
1865 583 2006 620 vilibus
2031 596 2131 632 quae
2152 584 2374 621 deferuntur
2402 595 2490 632 pro-

1413 641 1497 683 pter
1524 635 1736 671 humanam
1767 635 1941 683 gloriam.

1466 690 1526 724 An
1554 699 1717 726 TERTmM
1747 700 1933 727 ntcENDuM
1962 690 2080 739 quod,
2111 691 2327 728 secundum
2352 689 2490 727 doctri-

1414 753 1503 778 nam
1533 741 1691 779 Domini
1714 741 1754 789 *‚
1785 742 1823 779 in
1853 743 2035 792 operibus
2064 744 2269 782 sanctitatis
2299 744 2391 781 nihil
2420 744 2489 780 ho-

1414 795 1537 832 mines
1566 795 1690 833 facere
1720 796 1862 834 debent
1888 805 2046 846 propter
2065 798 2342 847 apparentiam.
2373 796 2491 844 Quod

1385 883 1387 899 3
1413 849 1620 898 praecipue
1641 850 1824 898 contingit
1843 852 2000 899 quando
2021 850 2158 901 aliquis
2177 851 2319 900 aliquid
2340 863 2489 889 novum

1414 902 1512 939 facit.
1544 903 1656 941 Unde
1678 903 1981 952 Chrysostomus
2010 904 2120 952 dicit,
2148 915 2263 953 super
2289 905 2429 942 Matth.
2449 903 2543 953 *zju

1419 957 1543 994 Orans
1571 957 1664 994 nihil
1692 969 1833 994 novum
1858 958 1991 1006 faciat
2023 959 2126 1007 quod
2156 958 2344 1008 aspiciant
2372 958 2491 995 homi-

1415 1022 1499 1056 nes,
1533 1010 1594 1048 vel
1629 1011 1853 1058 clamando,
1889 1012 1950 1048 vel
1977 1018 2109 1061 pectus
2135 1011 2404 1061 percutiendo,
2434 1011 2494 1048 vel

1414 1076 1552 1101 manus
1579 1065 1850 1113 expandendo:
1880 1065 1970 1114 quia
1991 1065 2134 1104 scilicet
2153 1078 2199 1105 ex
2219 1066 2302 1115 ipsa
2321 1064 2492 1103 novitate

1414 1118 1594 1155 homines
1614 1118 1779 1156 reddunt
1793 1119 1959 1156 intentos
1979 1120 2027 1157 ad
2048 1119 2388 1157 considerandum.
2410 1119 2494 1156 Nec

1413 1180 1545 1209 tamen
1582 1172 1710 1209 omnis
1748 1173 1900 1210 novitas
1936 1172 2102 1210 intentos
2135 1173 2278 1211 faciens
2315 1172 2494 1211 homines

1415 1226 1465 1263 ad
1512 1226 1856 1273 considerandum,
1901 1227 2208 1276 reprehensibilis
2251 1234 2318 1264 est.
2363 1227 2495 1263 Potest

1417 1279 1517 1317 enim
1556 1287 1593 1316 et
1634 1280 1734 1317 bene
1770 1288 1806 1318 et
1843 1280 1944 1318 male
1977 1280 2072 1318 fieri.
2112 1281 2226 1319 Unde
2259 1279 2494 1329 Augustinus

1416 1333 1516 1380 dicit,
1547 1333 1585 1370 in
1613 1333 1708 1371 libro
1737 1334 1784 1371 de
1811 1335 1933 1372 Serm.
1957 1335 2071 1372 Dom.
2103 1335 2140 1373 in
2169 1334 2306 1372 Monte
2324 1333 2356 1381 *,
2386 1332 2494 1383 quod

1416 1387 1483 1436 qui
1513 1387 1550 1424 in
1580 1388 1820 1436 professione
1851 1388 2142 1426 Christianitatis
2171 1389 2347 1426 inusitato
2379 1398 2492 1436 squa-

1417 1440 1497 1478 lore
1524 1452 1571 1478 ac
1597 1442 1771 1479 sordibus
1805 1442 1964 1479 intentos
1993 1443 2031 1480 in
2060 1455 2100 1479 se
2133 1442 2262 1480 oculos
2296 1441 2494 1479 hominum

1404 1494 1519 1543 facit,
1541 1507 1628 1532 cum
1657 1495 1697 1532 id
1722 1495 1915 1533 voluntate
1930 1496 2072 1544 saciat,
2094 1508 2169 1534 non
2191 1495 2410 1534 necessitate
2423 1505 2495 1544 pa-

1417 1548 1544 1594 tiatur,
1564 1549 1695 1586 ceteris
1714 1549 1794 1586 eius
1813 1550 1989 1604 operibus
2013 1555 2138 1599 potest
2163 1549 2346 1600 cognosci
2367 1555 2495 1586 utrum

1389 1603 1487 1643 ,hoc
1529 1607 1743 1651 contemptu
1784 1604 1969 1652 superflui
2009 1603 2150 1650 cultus,
2195 1615 2246 1640 an
2289 1602 2496 1641 ambitione

1416 1655 1545 1704 aliqua
1561 1657 1701 1704 saciat.
1741 1657 1912 1694 Maxime
1942 1665 2073 1694 autem
2102 1657 2282 1695 videntur
2311 1655 2387 1694 hoc
2416 1667 2496 1693 non

1418 1720 1462 1745 ex
1492 1709 1702 1746 ambitione
1731 1710 1856 1747 facere
1885 1710 2060 1759 religiosi,
2082 1710 2147 1760 qui
2173 1710 2350 1748 habitum
2376 1709 2496 1747 vilem

1417 1762 1592 1799 deferunt
1615 1762 1724 1812 quasi
1744 1763 1895 1811 signum
1914 1776 2006 1801 suae
2025 1764 2286 1814 professioniS,
2306 1775 2385 1815 qua
2405 1768 2496 1803 con-

1416 1823 1607 1865 temptum
1637 1816 1773 1854 mundi
1801 1817 2043 1866 profitentur.

1473 1930 1501 1962 η)
1520 1929 1651 1955 Aemu-
1669 1929 1760 1963 ,αι-ιω(
1785 1929 1940 1962 sarmit,
1965 1929 2055 1955 Annas
2078 1930 2111 1961 A,
2135 1929 2228 1956 Acina·-
2246 1930 2303 1964 ρος
2325 1937 2389 1956 nox
2407 1919 2499 1964 Q

1421 1965 1540 1999 81²1pr
1560 1970 1587 1991 οι
1604 1972 1630 1995 a,
1649 1965 1725 1991 Aaeha
1743 1966 1793 1998 ρΑ,
1811 1965 1901 1991 Aonas
1920 1966 1966 1996 m.
1985 1965 2078 1992 achar
2095 1966 2147 2000 ρο,
2164 1966 2269 1994 Aetam
2286 1966 2318 1993 E.
2408 1982 2411 1985 Δ

960 2043 1298 2078 Commentario.
1321 2043 1579 2078 Oardjnalis
1602 2045 1805 2079 Caietam

317 2136 337 2156 N
361 2126 494 2157 articulo
519 2133 607 2158 sexto
631 2125 775 2156 eiusdem
799 2125 1005 2166 quaestionis,
1029 2125 1062 2156 in
1086 2125 1295 2167 responsione
1321 2126 1361 2157 ad
1417 2133 1511 2158 testes
1535 2136 1602 2157 esse
1626 2126 1751 2158 debent.
1783 2126 1826 2158 Et
1855 2133 2024 2168 propterea
2053 2136 2092 2158 ex
2119 2126 2190 2160 dii·
2211 2127 2373 2168 operibus
2395 2126 2498 2159 con-'—

290 2138 458 2208 Itertium,
483 2178 560 2202 nota
580 2170 752 2210 Augustini
769 2170 1003 2202 documentum
1020 2170 1101 2202 circa
1117 2170 1362 2202 discernendum
1417 2171 1556 2202 deranda
1579 2171 1714 2203 intentio
1738 2181 1853 2203 eorum
1876 2178 1939 2203 est:
1969 2182 2010 2203 an
2034 2181 2072 2203 ex
2094 2171 2260 2204 sanctitate
2283 2172 2427 2212 maiore,
2456 2181 2499 2205 αι

287 2215 433 2246 animum
455 2215 595 2246 hominis
616 2215 733 2246 utentis
749 2215 889 2246 novitate
904 2215 1011 2257 aliqua
1030 2215 1130 2256 magis
1146 2215 1292 2256 religiosa
1307 2222 1362 2247 aut
1418 2226 1455 2247 ex
1478 2215 1652 2248 ambitione
1675 2215 1783 2258 aliqua
1806 2216 1931 2248 novitas
1955 2224 2092 2249 emanet.
2126 2216 2154 2248 A
2175 2216 2349 2259 fructibus
2371 2226 2498 2258 eorum,

287 2259 412 2291 humili.
436 2260 512 2291 Non
535 2267 583 2291 est
601 2259 687 2290 enim
706 2259 861 2291 iudicium
878 2259 1083 2290 temerarium
1098 2270 1119 2291 a
1126 2260 1295 2302 fructibus
1311 2270 1362 2291 eo-

288 2314 360 2335 rum
385 2304 524 2335 iudicare
540 2314 605 2335 eoa.
630 2304 801 2335 Sanctiotis
818 2314 958 2346 namque
973 2304 1072 2335 animi
1091 2305 1250 2336 sanctiora
1265 2314 1362 2345 opera

1417 2260 1522 2303 inquit
1545 2260 1705 2291 Dominus
1720 2259 1747 2297 ¹⁸,
1771 2262 1972 2303 cognoscetis
1995 2271 2058 2294 eos.

2517 378 2525 387 ·
2517 377 2598 425 ultib.
2623 377 2655 404 11,
2678 383 2729 405 cap.

2519 754 2529 764 ⁸
2543 753 2624 775 Matth.
2637 759 2688 782 cap.
2699 759 2731 781 vt,

2518 786 2579 802 vers.
2598 786 2614 802 ι.

2601 903 2733 953 homil.

2519 958 2593 980 xm-
2601 948 2662 980 Inter
2669 957 2733 986 Opp-

2520 985 2602 1013 Chrys.

2521 1338 2532 1350 ⁸
2539 1337 2590 1360 Lib.
2596 1337 2626 1366 11,
2633 1342 2685 1365 σιρ.
2693 1342 2734 1359 xu.

2527 2262 2536 2274 ⁸
2546 2261 2625 2284 unm.
2637 2267 2688 2290 oep.
2699 2269 2738 2289 vn,

2475 2319 2477 2321 ι
2525 2295 2584 2312 vnn.
2599 2287 2633 2312 1⁶.
