2768 4198
232 259 254 294 6
873 255 1141 302 QUAESTIO
1172 254 1349 301 CXXHI,
1378 255 1678 292 ARTlCULUS
1709 257 1738 292 11

1357 340 1432 364 sunt
1448 335 1486 364 ab
1504 333 1648 373 appetitu
1666 334 1828 364 sensitivo.
1853 335 2031 375 Nunquam
2047 335 2134 365 enim
2149 335 2368 365 moderaretur
2384 337 2439 365 has

230 338 389 368 mediante
413 338 466 367 illa
489 337 528 366 ad
553 336 774 376 operationem
798 334 971 375 propriam.
1001 333 1036 362 In
1060 333 1165 372 primo
1189 341 1304 371 genere
1328 343 1331 356 ι

1328 357 1330 399 l
1357 378 1521 417 passiones
1546 377 1701 409 fortitudo
1717 378 1778 408 nisi
1802 379 1966 410 electionis
1989 379 2220 420 impedimenta
2239 380 2438 410 abstulisset:

231 393 397 414 causarum
421 391 494 411 vera
517 388 564 411 est
591 380 709 416 maior,
734 380 823 420 quod
854 387 948 408 causa
978 377 1097 407 habens
1126 376 1249 416 operari
1274 382 1304 406 et
1328 405 1330 429 i

5 1313 36 1335 Ca
56 1328 61 1334 .
73 1319 104 1340 vt,
115 1319 137 1333 n.
149 1318 195 1341 ¹5·-

5 1356 10 1361 .
62 1355 66 1360 .
82 1340 133 1361 lect.
155 1344 193 1360 vn.

7 1491 77 1512 Num.
93 1497 109 1512 ι.

11 1623 80 1645 Num.
96 1629 128 1646 ιιι,
147 1629 178 1645 ιν.

4 2254 75 2276 Num.
90 2260 116 2276 ιι.

11 3152 77 3174 νει-ι.
91 3158 112 3181 7.

17 3484 73 3512 Cap.
89 3490 168 3506 xxxtx.

230 428 340 458 tollere
364 426 609 466 impedimenta,
635 424 734 464 magis
765 423 941 454 secundum
974 421 1098 461 operari
1130 430 1226 461 quam
1255 430 1303 450 se·
1328 434 1329 469 ι

230 472 372 502 cundum
401 471 511 501 tollere
538 469 767 509 impedimenta
801 466 969 498 iudicanda
1000 473 1064 496 est:
1096 465 1127 495 in
1160 465 1302 495 secundo
1328 495 1329 509 ζ

230 524 336 547 autem
353 525 519 546 causarum
545 523 657 553 genere
675 523 739 543 non
757 519 803 542 est
825 521 907 541 vera.
932 510 973 540 Et
992 510 1023 539 in
1045 517 1198 550 promptu
1223 508 1302 539 ratio
1328 533 1329 551 3

230 560 415 591 diversitatis
439 567 494 589 est.
527 559 611 595 Quia
634 558 667 587 in
690 557 757 587 istis
791 556 893 585 causis
926 554 1136 594 praecipuum
1165 560 1212 584 est
1235 563 1301 594 quo
1327 556 1329 573 ³

229 605 401 645 respiciunt
425 613 552 634 causam
576 602 788 642 superiorem:
818 600 850 629 in
875 598 935 628 illis
959 609 1034 629 vero
1059 598 1233 638 principale
1257 604 1303 628 est

229 650 381 689 respicere
398 648 561 688 propriam
577 646 806 686 operationem.
827 644 868 674 Et
884 650 1052 683 propterea
1069 643 1101 673 in
1117 643 1184 673 istis
1200 642 1302 672 causis

228 693 433 734 principalius
463 699 493 722 et
523 690 738 721 immediatius
770 688 989 718 consideratur
1019 687 1136 717 ablatio
1166 686 1302 727 impedi-

227 745 412 768 mentorum
429 735 600 776 superioris
621 744 733 764 causae
750 743 849 773 quam
865 732 966 762 facere
983 731 1204 772 operationem
1229 740 1301 771 pro-

228 782 346 822 priam,
371 791 469 821 quam
493 779 652 809 mediante
677 778 849 818 superioris
873 786 986 807 causae
1010 776 1135 806 actione
1159 782 1299 806 causant.

228 827 314 857 Haec
338 827 377 855 ad
394 825 558 854 maiorem.

281 871 331 901 Ad
348 869 505 899 minorem
521 877 597 897 vero
615 866 730 896 dicitur
750 876 863 896 verum
884 875 951 896 esse
967 865 1057 906 quod
1081 865 1181 895 virtus
1206 864 1301 895 habet

226 922 412 954 utrumque,
446 912 564 943 scilicet
597 911 721 951 operari
759 918 790 941 et
826 910 937 941 tollere
969 910 1214 950 impedimenta:
1245 910 1300 939 sed

226 969 290 989 non
307 967 372 988 uno
388 958 488 988 modo
505 955 666 998 quaelibet
685 955 786 986 virtus
813 955 889 986 haec
914 956 979 985 duo
1003 955 1108 985 habet.
1134 954 1301 991 Quoniam

224 1003 382 1043 quaedam
400 1003 532 1032 virtutes
555 1007 631 1031 sunt
653 1001 740 1030 velut
763 1010 875 1030 causae
905 999 1077 1040 superioris
1107 999 1246 1030 ordinis:
1272 1005 1303 1029 et

224 1048 281 1078 hae
306 1047 410 1088 primo
435 1052 621 1087 operantur,
648 1052 679 1076 et
701 1044 889 1076 secundario
918 1045 1038 1075 tollunt
1059 1043 1301 1084 impedimenta,

224 1099 259 1122 ut
273 1092 392 1123 iustitia
408 1091 491 1123 facit.
506 1090 673 1128 Quaedam
689 1097 763 1120 sunt
775 1089 933 1120 inferioris
950 1088 1080 1125 ordinis,
1095 1098 1178 1130 quae
1193 1088 1299 1129 primo

223 1137 411 1167 ordinantur
436 1137 476 1167 ad
500 1135 720 1176 operationem
746 1135 930 1175 superioriS,
950 1141 981 1165 et
1005 1133 1164 1164 mediante
1188 1133 1240 1163 illa
1262 1133 1302 1163 ad

223 1182 443 1222 operationem
475 1180 657 1221 propriam,
680 1187 715 1210 ut
738 1179 892 1210 fortitudo
913 1186 944 1210 et
967 1178 1195 1219 temperantia:
1219 1188 1301 1218 quo-

223 1226 309 1256 niam
333 1227 438 1267 primo
468 1225 633 1256 ordinatur
656 1224 815 1265 quaelibet
844 1224 974 1254 moralis
996 1223 1097 1254 virtus
1120 1224 1160 1253 ad
1184 1230 1302 1253 rectam

223 1271 423 1307 electionem,
447 1280 530 1311 quae
554 1276 602 1300 est
625 1276 713 1300 actus
729 1269 921 1305 voluntatis;
946 1268 1046 1299 virtus
1071 1267 1158 1299 enim
1180 1275 1227 1298 est
1245 1268 1302 1298 ha-

222 1316 306 1347 bitus
330 1316 492 1353 electivus,
518 1315 543 1345 Il
567 1314 671 1345 Ethic.
692 1314 710 1333 *
733 1314 774 1344 Et
801 1314 860 1344 hae
887 1313 993 1354 primo
1017 1313 1137 1344 tollunt
1166 1311 1302 1352 impedi-

223 1368 331 1392 menta
355 1367 456 1391 rectae
483 1358 663 1395 electionis;
696 1369 731 1389 ac
752 1369 808 1398 per
826 1359 904 1395 hoc,
932 1358 1152 1398 participando
1178 1357 1303 1388 electio-

223 1415 297 1436 nem
330 1413 467 1440 rectam‚
492 1404 655 1434 moderate
680 1410 868 1444 operantur,
893 1403 1058 1443 passiones
1087 1401 1301 1438 rectificando‚

223 1457 253 1480 et
277 1456 509 1491 consequenter
533 1449 686 1479 exteriora
710 1458 819 1488 opera.

278 1495 331 1526 VI.
349 1496 399 1525 Ad
415 1494 544 1525 tertium
561 1493 578 1512 *
601 1493 665 1523 iam
682 1500 768 1533 patet
791 1492 970 1533 responsio,
987 1492 1194 1522 concedendo
1213 1491 1302 1531 quod

222 1539 378 1571 fortitudo
403 1546 433 1570 et
456 1538 665 1579 temperantia
689 1545 817 1578 ponunt
846 1537 1070 1568 rectitudinem
1094 1536 1127 1566 in
1152 1535 1303 1576 operibus

222 1584 371 1615 humanis
392 1594 474 1625 quae
498 1589 573 1614 sunt
596 1583 635 1613 ad
659 1592 707 1613 se:
726 1582 781 1612 sed
805 1592 871 1613 non
891 1581 1018 1618 directe,
1035 1591 1094 1611 nec
1118 1591 1185 1611 uno
1202 1587 1234 1611 et
1249 1590 1303 1611 eo-

222 1630 295 1660 dem
319 1629 419 1660 modo
440 1629 471 1659 in
497 1627 648 1659 omnibus
673 1627 824 1668 operibus
848 1627 926 1662 eius,
948 1633 984 1657 ut
1007 1626 1071 1656 iam
1096 1625 1176 1656 bis*
1200 1625 1302 1656 decla-

222 1683 326 1706 ratum
350 1681 407 1704 est.

277 1719 328 1750 Ad
357 1725 524 1759 quartum,
549 1716 734 1747 conceditur
765 1716 854 1756 quod
885 1715 985 1746 virtus
1016 1723 1047 1746 et
1076 1715 1233 1745 fortitudo
1257 1721 1304 1745 est

221 1764 347 1795 habitus
371 1762 615 1794 bene-factivus:
642 1762 697 1792 sed
721 1771 787 1790 non
813 1770 890 1796 uno,
912 1761 968 1790 sed
992 1759 1102 1790 multis
1127 1759 1233 1790 modis
1257 1769 1303 1789 re-

220 1808 335 1840 ctificat
359 1807 501 1838 diversos
525 1813 614 1836 actus
645 1813 870 1836 concurrentes
896 1805 936 1834 ad
967 1814 1064 1834 suum
1097 1803 1302 1835 beneficium.

275 1853 323 1884 Ad
349 1852 511 1892 quintum,
532 1850 627 1891 gratis
648 1849 833 1880 conceditur
849 1849 938 1890 quod
964 1848 1120 1879 fortitudo
1140 1847 1234 1888 ponit
1256 1857 1303 1878 re—

219 1897 407 1929 ctitudinem
431 1895 463 1926 in
488 1896 610 1926 actibus
634 1893 785 1925 humanis
805 1893 937 1924 diversis
961 1893 1068 1923 modis
1092 1899 1238 1933 respectu
1256 1891 1303 1922 di-

218 1951 385 1973 versorum
401 1948 546 1972 actuum:
572 1946 603 1970 et
618 1949 684 1969 non
701 1938 761 1969 nisi
786 1939 931 1970 tollendo
946 1938 1177 1978 impedimenta
1197 1946 1302 1977 respe-

219 1995 270 2019 ctu
295 1985 479 2027 principalis
503 1992 603 2021 actuS,
628 1984 685 2025 qui
709 1983 904 2015 est·electio.

274 2031 314 2062 Et
338 2041 394 2072 per
418 2031 479 2061 hoc
498 2029 594 2060 etiam
618 2036 706 2069 patet
729 2028 897 2068 responsio
913 2027 953 2058 ad
970 2035 1106 2058 sextum.
1131 2027 1200 2058 Nos
1215 2027 1302 2058 enim

219 2078 373 2107 docemus
402 2075 506 2116 quod,
531 2073 664 2105 sublatis
691 2072 952 2114 impedimentis,
976 2071 1127 2102 voluntas
1155 2081 1221 2102 non
1246 2082 1303 2113 per

219 2121 364 2152 habitum
379 2119 530 2155 iustitiae,
551 2119 606 2149 sed
631 2128 686 2158 per
701 2118 878 2148 naturalem
903 2116 1146 2148 inclinationem
1169 2116 1235 2147 iam
1251 2127 1302 2147 ex-

219 2166 325 2207 pedite
349 2165 440 2206 ponit
463 2163 687 2194 rectitudinem
710 2163 743 2193 in
768 2162 922 2193 electione
946 2171 1014 2198 sua,
1039 2168 1070 2192 et
1093 2161 1184 2202 quasi
1207 2160 1303 2192 infert

220 2210 443 2242 rectitudinem
465 2209 499 2239 in
523 2208 678 2239 electione
701 2207 889 2248 participata
912 2206 945 2236 in
970 2205 1114 2246 appetitu
1138 2205 1301 2242 sensitivo,

220 2261 414 2295 cooperante
438 2254 477 2284 ad
497 2253 560 2284 hoc
575 2253 693 2283 virtute
716 2251 925 2288 fortitudinis,
944 2258 980 2281 ut
994 2257 1082 2291 patet
1106 2260 1143 2280 ex
1167 2250 1258 2281 dictis
1274 2250 1301 2282 *.

276 2300 343 2331 Stat
367 2309 442 2340 ergo
467 2298 609 2329 solidum
637 2297 888 2328 fundamentum
918 2295 1059 2332 litterae,
1085 2294 1175 2335 quod
1201 2294 1301 2326 virtus

221 2355 287 2375 non
311 2354 378 2375 uno
402 2343 503 2374 modo
527 2342 657 2378 dicitur,
683 2349 714 2372 et
737 2341 827 2382 quod
852 2340 1008 2371 fortitudo
1033 2340 1106 2370 ideo
1130 2339 1230 2370 virtus
1255 2347 1302 2371 est

221 2389 296 2430 quia
319 2388 403 2420 tollit
426 2387 655 2428 impedimenta
671 2385 869 2417 rectitudinis
893 2384 1040 2416 rationis:
1065 2384 1223 2425 quoniam
1239 2384 1302 2415 hoc

221 2441 268 2464 est
291 2433 502 2474 praecipuum
525 2439 556 2463 et
577 2431 802 2462 immediatum
827 2440 924 2461 suum
948 2429 1103 2465 officium,
1128 2435 1160 2460 et
1182 2428 1214 2459 in
1239 2429 1302 2460 hoc

221 2488 282 2509 suo
306 2477 412 2509 officio
430 2477 613 2509 continetur
627 2476 790 2517 reliquum
806 2475 897 2516 quod
916 2475 974 2505 sibi
999 2473 1159 2510 convenit,
1184 2473 1303 2505 scilicet

222 2522 379 2553 moderari
394 2522 570 2563 passiones.
595 2522 762 2559 Quoniam
777 2521 846 2561 ipsa
870 2527 916 2551 est
935 2520 968 2550 in
988 2518 1132 2560 appetitu
1148 2518 1300 2550 sensitivo

222 2578 288 2598 non
308 2568 464 2604 absolute,
489 2567 544 2598 sed
568 2573 604 2597 ut
627 2567 736 2597 subest
758 2565 934 2601 voluntati;
959 2574 995 2595 ac
1019 2574 1075 2604 per
1098 2563 1171 2599 hoc,
1189 2570 1236 2594 est
1250 2562 1300 2594 fir-

222 2612 339 2643 mativa
361 2611 521 2652 appetitus
546 2619 582 2642 ut
606 2618 755 2642 movetur
774 2621 792 2641 a
815 2610 996 2645 voluntate;
1022 2615 1053 2639 et
1077 2617 1133 2649 per
1156 2607 1236 2644 hoc,
1255 2616 1301 2640 est

222 2657 414 2687 moderatrix
437 2656 562 2687 timoris
586 2664 617 2688 et
640 2655 791 2687 audaciae
815 2662 850 2686 ut
875 2653 1028 2695 eligibiles
1052 2652 1300 2694 quodammodo

1357 428 1387 451 et
1411 431 1468 461 per
1490 422 1553 452 hoc
1577 422 1686 462 ipsum
1710 423 1799 464 quod
1823 423 2053 464 impedimenta
2079 431 2181 455 rectae
2205 424 2369 455 electionis
2384 434 2439 455 au-

1356 464 1425 502 fert,
1443 466 1609 496 electionis
1633 474 1736 497 rectae
1755 468 2015 509 participativum
2032 467 2136 500 habile
2153 469 2328 506 constituit,
2354 469 2439 499 unde

1356 510 1479 550 reliqua
1503 517 1587 541 recta
1611 518 1801 551 sequuntur.

1412 555 1480 585 VII.
1507 555 1542 584 In
1566 556 1683 585 eodem
1702 556 1837 587 articulo
1856 557 1993 587 dubium
2010 567 2046 588 ex
2064 558 2179 588 eodem
2198 557 2337 588 Martino
2353 557 2371 577 *
2387 568 2440 588 oc-

1356 599 1453 629 currit
1477 599 1558 629 circa
1581 599 1661 629 illud
1681 601 1771 640 quod
1787 601 1820 631 in
1843 601 1948 632 littera
1971 602 2096 639 dicitur,
2118 602 2208 643 quod
2229 602 2439 642 temperantia

1355 643 1440 674 tollit
1456 643 1688 683 impedimenta
1700 654 1718 674 a
1730 645 1908 676 delectabili
1920 647 2150 686 provenientia.
2169 646 2301 683 Contra,
2313 647 2437 688 inquit:

1355 687 1588 727 perseverantia
1616 688 1753 728 pertinet
1775 690 1815 719 ad
1846 691 2107 730 temperantiam
2138 698 2169 722 et
2196 691 2281 722 tollit
2302 691 2439 732 impedi—

1355 739 1462 762 menta
1486 733 1708 773 provenientia
1724 743 1742 763 a
1759 734 1979 771 contristabili,
1997 742 2032 766 ut
2047 743 2135 776 patet
2154 736 2186 766 in
2202 736 2259 767 VII
2279 736 2384 768 Ethic.
2402 736 2437 773 *;

1354 787 1430 816 ergo
1454 777 1665 817 temperantia
1689 777 1774 807 male
1806 778 1922 809 dicitur
1951 779 2063 810 tollere
2093 780 2324 821 impedimenta
2347 791 2365 811 a
2389 781 2440 811 de—

1353 821 1503 852 lectabili.

1410 866 1460 896 Ad
1485 866 1548 896 hoc
1572 865 1688 896 dicitur
1711 866 1817 906 primo
1842 868 1942 907 quod,
1960 877 2036 898 eum
2060 869 2270 909 temperantia
2294 870 2335 901 sit
2358 870 2439 901 circa

1354 910 1580 942 delectationes
1605 918 1636 941 et
1660 910 1810 947 tristitias,
1829 918 1864 942 ut
1887 911 2020 943 inferius
2035 912 2053 932 *
2075 914 2213 954 patebit;
2238 914 2315 955 quia
2331 922 2439 946 tamen

1355 955 1571 996 principaliter
1594 963 1641 986 est
1657 955 1739 986 circa
1763 955 1999 993 delectationes,
2017 957 2091 988 ideo
2114 957 2230 989 merito
2251 966 2282 990 et
2296 969 2369 990 vere
2393 960 2439 990 di-

1354 1008 1443 1031 ctum
1459 1007 1506 1031 est
1521 1001 1611 1042 quod
1627 1000 1711 1031 tollit
1726 1000 1958 1041 impedimenta
1975 1012 1993 1032 a
2009 1001 2188 1033 delectabili
2207 1003 2438 1044 provenientia.

1353 1045 1440 1076 Nihil
1464 1055 1539 1085 ergo
1565 1046 1671 1076 obstat
1686 1045 1810 1076 veritati
1834 1045 1931 1077 huius
1946 1046 2068 1077 litterae
2085 1046 2110 1077 si
2127 1047 2225 1078 etiam
2249 1049 2438 1080 secundario

1353 1090 1586 1131 impedimenta
1610 1101 1627 1120 a
1651 1090 1796 1121 tristabili
1821 1091 1923 1122 tollat.

1411 1135 1561 1166 Secundo
1585 1134 1701 1166 dicitur
1722 1135 1813 1176 quod
1836 1135 2070 1175 perseverantia
2095 1146 2162 1167 non
2185 1143 2234 1168 est
2255 1137 2367 1175 virtus,
2384 1138 2439 1169 sed

1354 1179 1579 1220 imperfectum
1605 1180 1684 1220 quid
1707 1180 1740 1210 in
1764 1190 1879 1220 genere
1903 1180 2038 1217 virtutis,
2060 1187 2097 1212 ut
2120 1180 2252 1212 inferius
2266 1181 2284 1201 *
2307 1182 2438 1223 patebit.
2468 1189 2476 1197 ·

1354 1225 1518 1266 Aliudque
1534 1232 1581 1256 est
1597 1225 1636 1255 de
1653 1235 1699 1261 ea,
1717 1232 1748 1256 et
1763 1225 1852 1256 aliud
1876 1226 1915 1257 de
1930 1226 2140 1266 temperantia
2156 1226 2331 1258 iudicium:
2356 1237 2437 1269 quo-

1355 1270 1442 1300 niam
1470 1269 1557 1300 illius
1586 1269 1689 1310 prima
1712 1269 1843 1300 materia
1867 1278 1915 1302 est
1938 1270 2080 1307 tristitia,
2108 1270 2199 1302 istius
2222 1281 2299 1302 vero
2324 1271 2438 1313 princi-

1354 1314 1435 1355 palis
1460 1314 1591 1345 materia
1615 1313 1664 1345 est'
1686 1314 1864 1345 delectatio.

1409 1359 1493 1390 VIII.
1519 1359 1555 1389 In
1579 1359 1695 1389 eodem
1723 1359 1830 1400 primo
1855 1359 2003 1396 articulo,
2029 1360 2062 1390 in
2085 1361 2296 1401 responsione
2327 1361 2367 1391 ad
2391 1371 2438 1393 se-

1355 1404 1510 1440 cundum,
1528 1403 1664 1434 dubium
1681 1404 1820 1435 occurrit
1839 1405 1920 1436 circa
1939 1405 2003 1435 hoc
2019 1405 2109 1446 quod
2126 1412 2236 1436 contra
2252 1415 2325 1436 vere
2340 1406 2438 1438 fortes

1356 1449 1597 1490 distinguuntur
1620 1456 1798 1480 exercentes
1818 1449 2012 1480 fortitudinis
2040 1457 2158 1487 actum,
2182 1457 2261 1491 puta
2284 1461 2437 1492 pugnare,

1355 1500 1487 1534 propter
1503 1494 1661 1524 damnum
1676 1493 1844 1524 vitandum
1863 1494 2023 1535 vituperii,
2042 1494 2223 1526 afflictionis
2238 1502 2294 1526 aut
2316 1496 2436 1528 damni.

1355 1539 1396 1569 Et
1420 1545 1467 1569 est
1490 1538 1571 1569 ratio
1591 1538 1679 1569 dubii
1703 1538 1780 1580 quia
1803 1538 1881 1570 istae
1897 1546 1973 1570 sunt
1989 1549 2103 1570 causae
2126 1539 2201 1571 iusti
2219 1541 2308 1572 belli:
2335 1548 2366 1572 et
2382 1551 2439 1582 per

1355 1584 1427 1619 hoc,
1451 1583 1628 1623 pugnando
1654 1593 1712 1624 pro
1737 1583 1796 1620 his,
1820 1593 1912 1614 verae
1931 1583 2129 1615 fortitudinis
2152 1592 2241 1616 actus
2265 1593 2437 1618 exercetur.

1411 1629 1461 1658 Ad
1486 1628 1548 1658 hoc
1573 1628 1689 1659 dicitur
1712 1628 1813 1668 quod,
1838 1638 1914 1660 cum
1933 1627 2005 1659 finis
2020 1629 2145 1660 virtutis
2162 1640 2229 1661 non
2253 1630 2294 1661 sit
2316 1630 2436 1672 aliquid

1354 1671 1488 1703 inferius
1518 1672 1587 1713 ipsa
1611 1673 1746 1709 virtute,
1770 1683 1846 1704 cum
1870 1673 1950 1704 nihil
1978 1673 2019 1705 sit
2042 1681 2175 1715 propter
2196 1675 2292 1706 vilius
2316 1685 2349 1706 se
2370 1683 2437 1707 tan-

1354 1727 1454 1758 quam
1478 1716 1593 1754 finem;
1626 1724 1657 1748 et
1681 1717 1795 1748 omnia·
1815 1718 1902 1749 bona
1931 1718 2086 1749 exteriora
2110 1726 2186 1750 sunt
2215 1720 2324 1751 minus
2352 1721 2438 1752 bona

1328 1759 1330 1797 f
1354 1771 1455 1803 quam
1469 1762 1602 1793 virtutes
1624 1762 1723 1803 ipsae,
1740 1772 1823 1803 quae
1846 1770 1924 1794 sunt
1945 1763 2095 1794 interiora
2120 1764 2219 1795 animi
2242 1765 2338 1802 bona,
2354 1775 2439 1807 quae

1355 1815 1414 1837 nec
1429 1806 1506 1836 dari
1522 1812 1661 1847 possunt
1679 1816 1739 1838 nec
1760 1806 1892 1848 auferri
1912 1807 1953 1838 ab
1975 1808 2157 1840 hominibus
2174 1809 2208 1839 *ε
2234 1819 2437 1851 consequens

1354 1857 1402 1881 est
1420 1851 1511 1891 quod
1530 1850 1602 1881 finis
1626 1850 1824 1882 fortitudinis
1843 1861 1911 1882 non
1934 1859 2017 1883 recte
2037 1860 2178 1893 ponatur
2204 1855 2438 1897 quodcumque

1355 1895 1533 1935 temporale
1563 1895 1699 1932 bonum,
1725 1903 1804 1936 puta
1827 1896 1949 1932 honor,
1975 1897 2126 1938 voluptas
2149 1906 2205 1930 aut
2233 1899 2372 1931 lucrum.
2397 1900 2439 1932 Et

1354 1946 1524 1980 propterea
1539 1947 1721 1980 pugnantes
1732 1949 1793 1981 pro
1805 1941 1908 1980 gloria
1919 1948 1976 1972 aut
1987 1941 2125 1982 imperio
2138 1942 2313 1981 dilatando,
2327 1954 2439 1986 quam-

1353 1984 1401 2014 vis
1425 1984 1599 2016 fortissime
1618 1995 1652 2015 se
1674 1984 1823 2022 habeant,
1840 1995 1907 2016 non
1930 1993 2006 2017 sunt
2029 1993 2137 2017 tamen
2154 1997 2226 2018 vere
2249 1987 2357 2026 fortes,
2382 1990 2438 2021 sed

1354 2028 1491 2060 fortibus
1507 2029 1639 2061 similes.
1667 2030 1709 2061 Et
1724 2029 1801 2072 quia
1824 2030 1923 2061 vitare
1939 2031 2024 2061 mala
2039 2031 2203 2072 opposita,
2219 2039 2297 2074 puta
2313 2033 2438 2075 vitupe-

1354 2073 1456 2110 rium,
1487 2074 1648 2106 tristitiam
1673 2082 1704 2105 et
1733 2075 1907 2112 damnum,
1937 2075 2039 2106 oritur
2070 2085 2108 2107 ex
2139 2086 2248 2108 amore
2274 2078 2438 2110 bonorum

1354 2128 1495 2159 quorum
1528 2118 1724 2159 privationes
1756 2127 1971 2151 annectuntur
2000 2121 2108 2158 malis;
2136 2121 2221 2158 ideo,
2253 2123 2366 2154 eadem
2390 2133 2438 2155 ra·

1353 2163 1450 2199 tione,
1476 2173 1543 2194 non
1567 2171 1652 2194 recte
1675 2164 1809 2204 ponitur
1832 2164 2028 2196 fortitudinis
2044 2164 2117 2196 finis
2141 2176 2284 2207 pugnare
2307 2175 2439 2209 propter

1354 2208 1531 2248 temporale
1555 2208 1714 2239 damnum
1735 2209 1906 2240 vitandum
1929 2216 2085 2251 tanquam
2109 2218 2241 2252 propter
2255 2211 2363 2244 finem.

1413 2253 1464 2283 Ad
1488 2252 1706 2284 obiectionem
1722 2260 1831 2284 autem
1848 2254 1881 2284 in
1896 2254 2087 2295 oppositum
2111 2255 2227 2287 dicitur
2248 2258 2338 2298 quod
2357 2264 2436 2289 tem-

1355 2297 1477 2337 poralia
1500 2298 1586 2328 bona
1609 2298 1779 2340 dupliciter
1799 2299 2051 2330 considerantur.
2076 2300 2196 2335 Primo,
2220 2302 2381 2334 absolute:
2406 2309 2438 2334 et

1355 2341 1399 2372 sic
1422 2351 1489 2372 non
1513 2350 1666 2374 excusant
1688 2343 1820 2374 bellum.
1850 2343 1925 2374 Alio
1950 2344 2062 2381 modo,
2087 2352 2124 2376 ut
2146 2353 2222 2377 sunt
2241 2346 2436 2378 adminicula

1354 2386 1526 2417 virtutum:
1548 2394 1579 2418 et
1594 2387 1639 2419 sic
1655 2388 1793 2419 reddunt
1811 2388 1894 2420 iusta
1910 2388 2004 2420 bella.
2030 2388 2148 2420 Littera
2167 2397 2276 2422 autem
2291 2391 2438 2433 loquitur

1354 2431 1486 2471 quando
1510 2431 1543 2462 in
1559 2432 1637 2473 ipsis
1653 2432 1747 2463 bonis
1762 2433 1996 2474 temporalibus
2011 2434 2218 2467 constituitur
2238 2434 2321 2467 finis.
2342 2437 2436 2468 Unde

1356 2475 1447 2506 dicit:
1478 2477 1586 2508 Tertio
1610 2478 1722 2515 modo,
1741 2483 1880 2519 propter
1894 2478 2092 2517 electionem,
2118 2489 2182 2511 non
2207 2480 2335 2521 quidem
2349 2481 2436 2523 finis

1354 2520 1462 2558 debiti,
1486 2522 1544 2553 sed
1565 2523 1706 2553 alicuius
1730 2523 1934 2564 temporalis;
1958 2523 2013 2554 ubi
2037 2523 2180 2556 insinuat
2201 2525 2292 2566 quod
2308 2532 2435 2567 tempo—

1327 2582 1328 2585 =
1354 2565 1417 2596 rale
1433 2566 1660 2606 praestituatur
1675 2574 1711 2598 ut
1730 2566 1813 2598 finis.
1839 2568 1940 2605 Quod
1957 2575 2080 2600 constat
2096 2578 2164 2600 esse
2179 2569 2342 2601 illicitum:
2358 2571 2434 2613 quia

1353 2610 1446 2641 debet
1470 2610 1582 2652 respici
1608 2619 1644 2642 ut
1667 2612 1706 2642 ad
1730 2611 1839 2649 finem,
1854 2613 2006 2644 virtutem
2030 2613 2160 2650 scilicet,
2177 2624 2233 2645 seu
2256 2625 2366 2646 veram
2390 2616 2434 2647 fe-

1326 2681 1328 2685 .
1352 2654 1515 2692 licitatetn,
1539 2666 1623 2697 quae
1647 2664 1694 2687 est
1717 2658 1897 2688 secundum
1922 2658 2084 2689 virtutem.

1194 2731 1247 2738 &fes
1254 2733 1372 2742 mm«
1378 2738 1389 2741 χ
1394 2738 1410 2743 Α
1417 2738 1446 2744 »v

995 2795 1317 2838 ARTICULUS
1352 2795 1656 2838 SECUNDUS

853 2890 1007 2921 UTRUM
1034 2890 1292 2922 Foarrruno
1317 2891 1384 2922 srr
1409 2890 1624 2922 SPECIALIS
1649 2890 1807 2922 vtarus

321 2969 396 2998 Infra,
416 2977 460 3002 qu.
479 2977 589 2999 cxxxvii,
610 2974 657 2994 art.
681 2977 706 2998 1;
728 2969 750 2993 1¹
771 2969 826 2999 11⁸⁸,
847 2978 891 3002 qu.
913 2978 961 2999 Lxr,
982 2975 1031 2996 art.
1053 2970 1076 3000 3.
1095 2979 1128 3002 4;
1149 2971 1180 2996 111
1202 2971 1286 3001 δοκι,
1307 2971 1366 2996 dist.
1386 2978 1470 3002 xxxin,
1490 2978 1534 3003 qu.
1555 2978 1571 3000 1,
1592 2977 1639 2997 art.
1664 2979 1684 3000 ι,
1705 2970 1754 3004 qu*
1776 2971 1805 3000 3;
1825 2971 1859 2996 de
1877 2970 1984 3000 Vir-tut..
2005 2979 2050 3004 qu.
2070 2979 2087 3002 ι,
2106 2977 2154 2997 art.
2179 2979 2218 3001 η,
2237 2973 2268 2997 ad
2290 2972 2332 2998 23.

257 3083 282 3095 ff
308 3069 312 3080 '
336 3068 406 3112 'aa'

253 3082 403 3164 ιιι
418 3154 422 3157 ,

301 3173 349 3191 *V

242 3161 424 3244 8sska
437 3211 630 3254 brietatem
660 3217 695 3248 et
717 3211 960 3260 prudentiam
981 3212 1098 3259 docet,
1119 3213 1295 3250 iustitiam

227 3266 263 3298 et
288 3262 481 3301 virtutem:
511 3273 547 3301 et
575 3264 729 3313 ponitur
758 3265 808 3302 ibi
828 3266 947 3302 virtus
975 3277 1044 3314 pro
1066 3265 1295 3304 fortitudine.
1323 3273 1325 3314 ξ

228 3315 329 3351 Cum
359 3328 447 3363 ergo
477 3330 619 3354 nomen
639 3319 784 3355 virtutis
810 3319 856 3356 sit
877 3331 1085 3356 commune
1115 3320 1296 3357 omnibus
1323 3318 1325 3350 l

227 3368 447 3428 virtutibus,
484 3370 635 3407 videtur
672 3365 775 3420 quod
814 3373 995 3409 fortitudo
1031 3373 1077 3410 sit
1111 3373 1297 3422 generalis

226 3429 359 3458 virtus.

436 3062 459 3087 D
479 3062 670 3087 SECUNDUM
686 3062 740 3087 sm
756 3062 998 3088 PROCEDlTUR.
1015 3051 1176 3088 Videtur
1191 3052 1296 3101 quod
1323 3069 1324 3090 l

437 3103 617 3140 fortitudo
648 3116 725 3140 non
756 3104 802 3140 sit
831 3104 1004 3153 specialis
1032 3105 1164 3142 virtus.
1195 3105 1296 3143 Dici·
1339 3105 1469 3154 fendit
1495 3111 1720 3142 ornamenta
1740 3105 1920 3142 virtutum
1950 3106 2132 3152 omnium,
2153 3112 2190 3143 et
2207 3106 2346 3144 iudicia
2365 3118 2429 3144 cu-

1350 3052 1441 3089 Non
1471 3052 1671 3089 mediocris
1698 3052 1821 3089 animi
1845 3057 1900 3090 est
1915 3052 2117 3101 fortitudo,
2137 3064 2236 3101 quae
2262 3053 2343 3090 sola
2367 3053 2429 3090 de·

436 3165 497 3194 tur
526 3157 628 3194 enim
659 3158 746 3206 Sap.
768 3169 828 3194 vut
848 3158 879 3203 *,
910 3160 1015 3207 quod
1036 3159 1220 3208 sapientia
1239 3171 1297 3196 so·
1350 3159 1478 3203 stodit,·
1497 3165 1532 3196 et
1550 3170 1648 3208 quae
1667 3159 1889 3208 inexpiabili
1903 3163 1920 3180 ²
1934 3159 2084 3208 praelio
2101 3159 2284 3197 adversus
2298 3161 2429 3198 omnia

1350 3213 1440 3250 vitia
1459 3213 1635 3250 decertat.
1651 3212 1798 3250 Invicta
1813 3213 1865 3250 ad
1882 3212 2163 3262 labores‚sortis
2181 3213 2234 3251 ad
2240 3214 2427 3262 pericula,

1351 3266 1514 3315 rigidior
1535 3267 1717 3304 adversus
1745 3266 1964 3314 voluptates,
1984 3266 2187 3304 avaritiam
2203 3269 2321 3318 fugat
2347 3274 2428 3306 tan-

1351 3331 1466 3368 quam
1505 3320 1627 3357 labem
1656 3319 1849 3368 quandam
1887 3331 1986 3368 quae
2017 3320 2191 3358 virtutem
2225 3321 2426 3371 effeminet.

1352 3374 1401 3410 Et
1430 3373 1531 3409 idem
1561 3380 1695 3421 postea
1724 3373 1853 3410 subdit
1882 3372 1928 3410 de
1955 3373 2035 3410 aliis
2049 3373 2158 3411 vitiis.
2190 3375 2276 3412 Hoc
2296 3383 2425 3413 autem

1352 3438 1431 3462 non
1459 3433 1586 3475 potest
1610 3425 1817 3462 convenire
1837 3426 1947 3463 alicui
1978 3427 2131 3476 speciali
2151 3427 2292 3466 virtuti.
2324 3429 2426 3478 Ergo

283 3486 317 3511 2.
339 3475 572 3522 PRAETEREA‚
594 3477 821 3514 Ambrosius
847 3478 946 3524 dicit,
970 3479 1007 3516 in
1030 3481 1040 3516 l
1063 3480 1108 3517 de
1127 3480 1236 3528 Offic.
1255 3478 1296 3516 *ε
1323 3489 1325 3526 l
1353 3478 1534 3516 fortitudo
1564 3491 1641 3516 non
1673 3486 1727 3516 est
1757 3479 1930 3528 specialis
1958 3481 2090 3518 virtus.

282 3598 309 3629 α)
329 3598 498 3630 inexpiabili.
510 3612 529 3618 -
547 3598 753 3631 inexpugnabili
776 3600 876 3629 PCGH,
898 3601 1084 3633 inexperribili
1105 3602 1141 3629 L:
1164 3602 1200 3627 al.
1222 3602 1431 3635 inexpugnabili
1449 3610 1541 3634 margo
1559 3603 1597 3633 Κ;
1616 3605 1771 3637 profugat,
1783 3604 1881 3637 fugiat
1900 3605 2098 3637 BDEFlpACK,
2109 3606 2190 3639 fingit
2208 3605 2240 3630 G.

2467 567 2475 575 ·
2483 565 2539 586 Loc.
2548 565 2587 587 cit.
2594 571 2679 587 num-t.

2556 744 2597 764 vn,
2608 745 2631 760 n.
2642 745 2658 760 ι.
2668 750 2679 755 -

2466 738 2551 787 ὃεῖςι.
2568 766 2619 787 lect.
2630 771 2669 787 vu.

2466 924 2476 934 ⁸
2486 923 2535 951 Qu.
2546 927 2679 952 cxu‚art.3.

2500 1187 2548 1215 Qu.
2573 1193 2664 1210 cxxxvu
2673 1203 2679 1214 ,

2466 1218 2509 1237 art.
2524 1220 2540 1242 ι,
2555 1214 2584 1236 ad
2598 1220 2615 1237 ι.

2559 1817 2634 1866 2¹⁸3...
2649 1817 2681 1866 a

2627 1876 2680 1899 eap-

2463 1816 2539 1920 ³532

2571 1870 2616 1898 bt,
