2768 4198
59 1025 72 1037 ⁸
85 1023 120 1046 ef.
135 1028 199 1045 uum.
214 1029 235 1044 v.

12 1063 13 1066 ’
59 1063 72 1076 ⁸
84 1063 122 1087 Cf·
142 1069 207 1086 num.
221 1069 273 1085 vui.

24 2091 26 2093 -
57 2081 112 2105 ‘OE-
127 2087 192 2104 num.
202 2087 269 2110 prae·

56 2266 242 2293 ’Chammvn

19 2311 251 2344 {·Cf.num.vn.

938 277 1206 323 QUAEsrlo
1238 278 1466 326 CLXXXV,
1495 281 1793 319 ARTICULUS
1822 282 1856 318 v

303 354 420 385 scilicet
435 354 599 395 propriam
611 354 793 391 dioecesim,
806 354 850 385 ita
865 355 960 385 habet
976 362 1102 396 tempus
1118 356 1373 393 determinatum,

303 398 430 435 scilicet,
455 399 594 432 assidue.
622 399 662 430 Et
686 399 740 435 sic,
763 399 835 429 licet
858 406 1025 440 praecepta
1049 400 1234 431 affirmativa
1257 401 1373 431 forma-

302 443 373 473 liter
396 443 538 483 obligent
562 452 686 483 semper
709 443 763 473 sed
788 453 854 474 non
879 444 916 473 ad
941 454 1074 484 semper,
1093 446 1148 475 sed
1172 456 1230 485 pro
1254 446 1327 476 loco
1344 452 1375 476 et
1399 458 1400 462 ¹

303 494 448 527 tempore
471 497 538 528 quo
563 494 699 528 oportet,
725 494 755 517 et
778 487 811 517 in
835 487 897 518 hoc
921 488 1064 519 differant
1083 489 1257 520 formaliter
1280 500 1297 519 a
1321 500 1375 520 ne-

302 532 432 572 gativis:
457 532 520 562 hoc
545 538 651 562 tamen
667 538 883 572 praeceptum,
900 534 998 572 gratia
1014 534 1174 570 materiae,
1193 534 1312 574 obligat
1335 535 1374 564 ad

303 586 437 616 semper,
462 585 518 606 seu
543 576 679 612 assidue,
695 577 785 616 quod
810 583 855 607 est
878 577 968 618 quasi
993 588 1126 618 semper,
1143 586 1173 609 et
1196 579 1236 609 ad
1253 586 1374 609 certum

302 620 423 650 locum.

359 664 411 694 lV.
429 663 471 694 Et
494 663 649 704 quoniam
667 664 818 704 obligatio
835 665 893 695 ista
917 667 956 696 ad
971 676 1096 706 semper
1112 677 1148 697 ex
1165 674 1251 707 parte
1274 674 1373 697 mate-

302 708 366 737 riae
390 713 450 744 est;
476 714 507 738 et
530 708 659 738 materia
681 708 750 748 ipsa
779 710 981 741 mutabilitati
1004 711 1144 742 subiecta
1168 718 1231 742 est:
1256 711 1373 742 idcirco

302 751 457 791 contingit
472 752 591 793 absque
604 753 778 784 violatione
794 755 953 795 praecepti
964 755 1152 796 episcopum
1169 766 1234 786 non
1250 766 1374 796 semper

301 795 446 826 residere.
471 796 704 837 Quaecumque
728 798 814 828 enim
837 799 880 829 ita
903 809 936 829 se
959 799 1076 830 habent
1098 801 1138 830 ad
1165 800 1261 831 huius
1285 810 1372 840 prae-

302 840 383 880 cepti
407 841 574 871 materiam
597 842 704 883 quod,
729 843 906 873 secundum
930 850 1030 874 rectae
1054 844 1209 874 iudicium
1233 844 1372 881 rationis,

301 885 473 915 absolvunt
495 885 583 916 illam
607 896 624 916 a
647 886 777 917 vinculo
809 888 999 918 necessariae
1023 889 1256 925 continuitatis,
1281 899 1372 919 excu-

302 936 372 959 sant
403 929 592 971 episcopum
622 931 660 961 ab
685 931 880 971 obligatione
910 932 950 962 ad
973 933 1176 963 residendum
1203 943 1261 973 pro
1285 940 1372 964 tunc.

301 973 383 1004 Sunt
406 980 515 1005 autem
538 984 621 1015 quae
645 976 683 1005 ab
706 976 895 1006 huiusmodi
918 977 1048 1007 vinculo
1079 978 1249 1008 absolvunt
1272 984 1302 1008 et
1325 988 1373 1008 ex-

301 1025 421 1054 cusant,
439 1019 514 1049 tria:
547 1019 713 1050 necessitas
729 1020 967 1061 impedimenti;
993 1022 1128 1062 qualitas
1151 1022 1269 1062 negotii
1285 1022 1317 1057 *;
1343 1030 1373 1052 et

301 1063 444 1094 conditio
468 1073 623 1103 personae
639 1064 666 1094 *.

356 1107 397 1137 Et
418 1108 688 1148 impedimentum
708 1108 840 1148 quidem
863 1109 1023 1139 invenitur
1046 1109 1230 1149 dupliciter:
1256 1110 1373 1141 scilicet

300 1151 339 1181 ab
364 1152 548 1188 extrinseco,
573 1153 624 1183 vel
648 1153 686 1183 ab
710 1153 891 1184 intrinseco.
916 1153 949 1184 Si
973 1153 1058 1183 enim
1075 1154 1246 1184 extrinseca
1270 1164 1372 1193 perse-

299 1195 404 1233 cutio,
438 1197 490 1227 vel
512 1196 690 1227 infidelium
716 1197 767 1227 vel
798 1197 950 1237 principis
982 1197 1168 1234 Christiani,
1200 1198 1284 1237 cogit
1307 1199 1372 1238 epi-

300 1250 437 1281 scopum
453 1242 578 1272 exulare
594 1241 645 1272 vel
661 1241 816 1280 recedere,
829 1248 865 1272 ut
881 1241 1013 1281 contigit
1027 1242 1126 1272 Beato
1143 1241 1254 1272 loanni
1270 1242 1373 1272 Evan-

237 1299 244 1306 ·
265 1300 271 1311 ‚
298 1284 620 1325 gelistaeussetaeBeato
636 1286 785 1316 Thomae
805 1285 1025 1317 Cantuariensi
1039 1286 1083 1323 **,
1099 1285 1181 1316 licite
1201 1286 1372 1326 episcopus

212 1352 218 1359 .
266 1353 272 1358 .
292 1328 455 1360 ‘subtrahit
471 1330 635 1370 propriam
650 1330 862 1370 praesentiam
881 1330 967 1371 gregi
983 1339 1053 1361 suo.
1078 1330 1119 1360 Et
1133 1329 1166 1360 in
1186 1330 1373 1361 huiusmodi

266 1380 271 1385 ⁸
299 1374 575 1414 persecutionibus
597 1375 751 1405 servanda
774 1375 991 1405 universaliter
1014 1381 1061 1408 est
1082 1374 1192 1414 regula
1214 1374 1247 1404 in
1270 1374 1372 1405 littera

299 1418 430 1449 tradita:
456 1419 681 1459 distinguendo
698 1419 815 1450 scilicet
830 1419 961 1460 quando
978 1418 1103 1459 expedit
1118 1418 1266 1449 ecclesiae
1285 1429 1371 1459 prae-

298 1462 399 1494 sentia
420 1463 595 1504 personalis
625 1463 785 1504 episcopi,
811 1463 906 1494 etiam
938 1463 964 1493 si
995 1463 1168 1503 corporalis
1197 1462 1283 1493 illius
1308 1463 1372 1494 vita

299 1506 472 1538 auferenda
495 1508 639 1539 credatur
655 1517 674 1538 a
689 1514 825 1548 tyranno
841 1506 1012 1550 (quoniam
1035 1508 1136 1538 bonus
1150 1512 1267 1547 pastor
1279 1509 1374 1548 ponit

297 1552 443 1582 animam
466 1561 559 1583 suam
577 1561 642 1592 pro
665 1552 776 1582 ovibus
797 1553 866 1582 suis
878 1550 929 1593 *);
961 1559 992 1582 et
1014 1552 1146 1592 quando
1169 1551 1294 1592 expedit
1323 1562 1371 1582 ec-

298 1595 412 1627 clesiae
434 1603 471 1627 ut
493 1596 557 1627 vita
579 1596 631 1626 vel
653 1595 779 1626 libertas
802 1605 957 1636 personae
981 1595 1122 1637 episcopi
1153 1602 1371 1633 conservetur;

297 1649 336 1672 ex
359 1641 508 1676 ecelesiae
531 1640 691 1681 siquidem
713 1641 801 1671 bono
825 1641 980 1672 sumenda
1002 1647 1049 1671 est
1077 1640 1157 1672 ratio
1178 1640 1373 1680 praesentiae

206 1692 210 1702 ¹
258 1690 261 1694 ’
297 1692 354 1716 aut
376 1685 546 1716 absentiae.

354 1729 627 1770 impedimentum
660 1736 768 1760 autem
791 1729 1016 1766 intrinsecum,
1040 1729 1130 1770 quod
1154 1739 1191 1759 ex
1220 1739 1373 1770 corporea

296 1774 442 1815 procedit
465 1773 659 1810 infirmitate,
683 1773 830 1805 absolute
853 1774 1029 1815 loquendo,
1049 1781 1178 1804 excusat
1201 1784 1218 1803 a
1235 1773 1373 1804 residen-

295 1817 355 1850 tia:
381 1825 459 1859 puta
482 1819 508 1849 si
527 1825 656 1859 oportet
679 1825 802 1849 mutare
826 1828 932 1849 aerem
955 1818 995 1848 ad
1018 1818 1268 1858 recuperandam
1290 1818 1371 1848 sani-

297 1869 406 1899 tatem,
422 1863 474 1894 vel
496 1863 540 1894 ire
557 1863 598 1893 ad
620 1863 743 1899 balnea,
761 1870 792 1894 et
815 1862 1012 1893 huiusmodi.
1038 1862 1072 1892 In
1090 1872 1163 1893 casu
1181 1869 1288 1893 tamen
1310 1862 1371 1892 im-

296 1907 448 1939 minentis
464 1907 598 1948 periculi
614 1907 762 1938 ecclesiae
778 1917 864 1944 suae,
881 1907 932 1938 cui
949 1917 1004 1937 sua
1030 1907 1171 1937 obviaret
1186 1907 1370 1947 praesentia,

297 1958 456 1984 teneretur
478 1951 633 1983 sustinere
656 1951 901 1991 aegritudinem,
926 1951 1022 1982 en'am
1045 1961 1147 1992 usque
1171 1951 1211 1981 ad
1233 1958 1371 1982 mortem

295 1996 468 2028 inclusive:
499 1996 588 2028 iuxta
617 1997 753 2027 verbum
776 1996 925 2027 Domini:
956 1996 1071 2027 Bonus
1086 2001 1205 2036 pastor
1226 1997 1368 2027 animam

295 2051 390 2072 suam
408 2042 504 2082 ponit
521 2050 586 2081 pro
610 2041 721 2072 ovibus
743 2042 822 2079 suis,
847 2047 906 2072 etc.

352 2086 392 2117 V.
404 2085 584 2126 ’Negotium
600 2095 677 2116 vero
693 2095 844 2116 excusans
859 2095 878 2115 a
893 2084 1061 2115 residentia
1075 2085 1103 2121 *‚
1116 2084 1188 2115 licet
1204 2084 1371 2125 multiplex

295 2130 388 2161 valde
411 2130 462 2167 sit,
485 2130 526 2160 ad
548 2129 663 2170 triplex
685 2135 793 2160 tamen
816 2139 917 2169 genus
937 2129 1111 2160 reducitur:
1135 2129 1217 2160 sicut
1240 2129 1370 2159 ecclesia

296 2175 377 2215 ipsa,
393 2184 431 2205 ex
454 2174 546 2205 cuius
569 2175 658 2205 bono
681 2173 762 2204 ratio
777 2173 963 2205 residentiae
987 2173 1134 2210 sumitur,
1154 2173 1318 2214 tripliciter
1337 2183 1370 2204 se

295 2219 402 2251 habet.
425 2219 509 2250 Nam
533 2219 575 2250 ad
598 2218 719 2259 aliquid
741 2228 774 2249 se
797 2218 893 2249 habet
916 2225 951 2249 ut
973 2225 1080 2248 totum
1104 2218 1144 2248 ad
1168 2224 1305 2258 partem;
1331 2218 1370 2248 ad

296 2263 419 2305 aliquid
443 2273 519 2294 vero
535 2270 572 2294 ut
586 2273 658 2304 pars
682 2263 721 2293 ad
745 2269 852 2294 totum
866 2262 901 2299 *;
927 2263 967 2293 ad
983 2262 1104 2303 aliquid
1123 2269 1232 2293 autem
1247 2269 1283 2293 ut
1299 2272 1370 2302 pars

295 2309 336 2340 ad
361 2314 560 2348 compar-tem
574 2307 602 2339 *.
619 2307 715 2339 Verbi
731 2307 839 2347 gratia,
855 2306 986 2338 ecclesia
1002 2306 1153 2338 Caietana
1169 2306 1263 2337 habet
1282 2316 1314 2337 se
1331 2306 1371 2336 ad

295 2353 441 2393 singulos
464 2359 553 2384 actus
582 2351 642 2382 sibi
666 2351 806 2387 debitos,
829 2358 908 2392 puta
930 2351 1062 2388 visitari,
1087 2351 1207 2387 doceri,
1233 2350 1369 2387 defendi,

296 2404 328 2429 et
350 2396 549 2433 huiusmodi,
565 2403 602 2427 ut
617 2402 724 2427 totum
743 2396 783 2426 ad
805 2403 910 2436 partes
920 2405 928 2432 ;
953 2396 1047 2426 habet
1070 2402 1179 2426 autem
1195 2405 1228 2425 se
1244 2395 1284 2425 ad
1301 2395 1370 2425 uni-

255 2473 259 2477 ,
294 2442 451 2473 versalem
473 2441 649 2472 Ecclesiam
678 2447 715 2472 ut
738 2450 810 2481 pars
833 2441 874 2471 ad
897 2446 1020 2477 totum;
1050 2440 1090 2470 ad
1120 2440 1195 2470 alias
1218 2449 1294 2470 vero
1319 2449 1368 2470 ec-

294 2486 405 2518 clesias
436 2493 472 2518 ut
505 2496 577 2526 pars
614 2485 654 2516 ad
686 2491 874 2525 compartes.
908 2485 1049 2522 Quando
1078 2484 1174 2525 igitur
1204 2484 1370 2524 negotium

296 2531 423 2571 exigens
447 2530 623 2561 absentiam
654 2529 797 2570 episcopi
820 2539 854 2559 se
876 2529 972 2560 habet
1001 2529 1041 2559 ad
1064 2528 1168 2569 ipsam
1198 2538 1290 2559 suam
1320 2538 1370 2559 ec-

296 2575 427 2607 clesiam
450 2581 486 2605 ut
500 2584 572 2615 pars
596 2574 636 2604 ad
655 2580 772 2610 totum,
790 2580 867 2614 puta
883 2573 960 2614 quia
982 2573 1130 2603 imminet
1153 2572 1295 2603 defensio
1321 2583 1369 2603 ec-

297 2619 420 2655 clesiae,
443 2619 486 2649 ob
511 2627 610 2659 quam
633 2625 761 2658 oportet
779 2618 970 2659 episcopum
992 2618 1032 2647 ad
1055 2617 1243 2647 remotiores
1266 2623 1370 2657 partes

296 2673 331 2695 se
353 2663 533 2695 transferre:
558 2670 636 2694 tunc
658 2662 760 2703 liquet
783 2662 973 2702 episcopum
989 2661 1131 2692 excusari
1154 2671 1172 2691 a
1191 2661 1368 2692 residentia.

296 2709 338 2739 Et
361 2707 440 2739 ratio
464 2714 512 2738 est
533 2707 609 2748 quia
632 2706 700 2746 ipse
723 2713 848 2737 tenetur
871 2716 946 2736 suae
970 2705 1119 2736 ecclesiae
1142 2705 1288 2736 exhibere
1302 2715 1370 2736 non

297 2753 406 2784 solum
429 2752 509 2783 alios
531 2758 638 2787 actus,
663 2751 718 2781 sed
742 2750 837 2781 etiam
859 2750 958 2782 istum
981 2750 1037 2790 qui
1061 2756 1107 2780 est
1130 2749 1297 2780 defendere
1320 2750 1371 2780 vel

296 2807 467 2839 procurare
491 2797 617 2827 bonum
639 2795 717 2826 eius.
742 2795 783 2825 Et
806 2801 974 2834 propterea
996 2794 1081 2825 licite
1104 2794 1147 2824 ob
1171 2804 1247 2824 suae
1270 2794 1368 2825 eccle-

297 2843 361 2873 siae
384 2842 508 2872 bonum
534 2839 689 2871 subtrahit
713 2839 914 2879 corporalem
936 2837 1156 2879 praesentiam.
1181 2838 1222 2868 Et
1244 2839 1284 2868 ad
1307 2839 1370 2869 hoc

296 2887 481 2918 membrum
497 2885 612 2916 directe
627 2884 755 2924 respicit
770 2884 859 2924 quod
875 2883 909 2914 in
923 2883 1026 2914 littera
1049 2882 1173 2919 dicitur,
1191 2883 1282 2923 quod
1290 2893 1369 2923 pro-

292 2936 369 2972 pter
390 2930 522 2971 aliquod
545 2929 744 2961 commodum
769 2928 922 2959 ecclesiae
945 2927 1116 2968 episcopus
1131 2933 1237 2967 potest
1259 2936 1294 2957 se
1316 2928 1368 2958 ab·

296 2982 430 3006 nutare.

353 3019 408 3051 Vl.
431 3018 519 3050 Cum
532 3027 608 3049 vero
631 3017 798 3057 negotium
818 3017 945 3057 exigens
962 3015 1105 3056 episcopi
1130 3015 1304 3046 absentiam
1329 3016 1369 3046 ad

297 3063 485 3096 universalis
507 3062 667 3094 Ecclesiae
690 3062 815 3092 bonum
838 3067 958 3101 spectat
972 3060 1000 3096 *,
1017 3060 1138 3091 clarum
1162 3069 1294 3100 quoque
1322 3066 1369 3090 est

296 3107 381 3139 licite
404 3107 594 3148 episcopum
617 3117 650 3137 se
674 3107 836 3136 absentare
860 3116 878 3135 a
901 3115 958 3135 sua
985 3104 1125 3135 ecclesia.
1157 3104 1198 3134 Et
1220 3103 1300 3134 ratio
1322 3110 1370 3134 est

299 3152 375 3192 quia
397 3152 523 3182 bonum
546 3151 645 3192 partis
667 3151 832 3181 ordinatur
854 3150 895 3180 ad
917 3150 1042 3180 bonum
1070 3148 1170 3179 totius
1194 3154 1230 3178 ut
1252 3147 1366 3178 finem:

298 3202 330 3226 et
352 3195 446 3226 debet
468 3205 541 3235 pars
557 3195 674 3235 exponi
697 3205 757 3236 pro
780 3194 881 3225 totius
903 3195 1002 3230 bono,
1019 3200 1060 3229 et,
1076 3192 1101 3223 si
1118 3198 1254 3232 oportet,
1272 3192 1368 3223 etiam

299 3240 528 3270 detrimentum
550 3239 632 3280 pati;
656 3246 692 3270 ut
715 3246 802 3280 patet
825 3249 899 3269 cum
922 3238 1070 3268 inciditur
1086 3236 1281 3277 quandoque
1304 3246 1369 3266 ma-

299 3293 361 3314 nus
385 3290 421 3314 ut
444 3283 581 3314 salvetur
595 3293 741 3323 persona.
767 3284 860 3315 Unde
875 3282 1006 3314 ecclesia
1028 3280 1226 3322 particularis
1244 3286 1369 3311 tenetur

299 3337 359 3368 pro
382 3328 471 3358 bono
494 3327 678 3358 universalis
701 3328 859 3359 Ecclesiae
882 3336 979 3358 suum
1009 3335 1166 3367 exponere
1195 3331 1366 3365 pastorem,

299 3378 331 3402 et
353 3371 509 3402 damnum
532 3370 628 3402 etiam
650 3372 716 3411 pati
739 3382 816 3403 suae
838 3371 1007 3402 absentiae.

355 3416 413 3446 Est
435 3422 544 3446 tamen
566 3414 617 3446 hic
647 3425 730 3455 opus
754 3416 973 3452 distinctione,
998 3425 1038 3446 an
1062 3413 1228 3454 negotium
1257 3412 1366 3443 huius-

300 3459 391 3490 modi
409 3458 593 3490 universalis
608 3458 768 3490 Ecclesiae
781 3459 821 3490 sit
835 3460 1011 3491 necessario
1027 3459 1152 3498 exigens
1168 3457 1366 3498 episcopum,

299 3505 359 3535 vel'
373 3514 450 3535 non.
479 3504 564 3534 Nam
592 3502 618 3533 si
646 3503 812 3543 negotium
840 3505 1015 3535 necessario
1046 3503 1139 3543 exigit
1169 3502 1366 3542 episcopum,

300 3555 336 3579 ut
358 3548 402 3579 ire
426 3548 466 3578 ad
489 3546 662 3578 concilium
689 3547 836 3586 generale
864 3548 916 3578 vel
938 3549 978 3578 ad
1007 3547 1170 3589 synodum
1193 3545 1369 3586 provincia-

299 3593 365 3624 lem
388 3591 484 3635 (quae
500 3591 595 3622 etiam
618 3601 652 3622 se
674 3591 771 3622 habet
783 3591 824 3621 ad
843 3591 1007 3622 ecclesiam
1030 3592 1247 3631 episcopalem
1269 3598 1306 3621 ut
1321 3597 1369 3620 to-

300 3643 371 3668 tum
394 3637 434 3667 ad
464 3634 620 3678 partem),
645 3642 768 3666 constat
797 3636 886 3676 quod
915 3635 1109 3666 rationabilis
1142 3642 1188 3666 est
1219 3634 1368 3665 absentia.

2415 296 2492 332 477

1428 357 1489 388 Sed
1506 358 1532 388 si
1556 359 1722 399 negotium
1739 360 1922 391 universalis
1945 361 2102 391 Ecclesiae
2119 372 2184 392 non
2202 362 2376 392 necessario
2401 361 2494 401 exigit

1427 402 1626 443 episcopum,
1643 411 1720 444 puta
1739 404 1814 445 quia
1830 415 1966 445 persona
1988 405 2130 446 episcopi
2153 406 2247 437 habet
2266 406 2407 436 officium
2427 416 2492 447 quo

1428 454 1554 486 oportet
1577 449 1684 488 ipsum
1708 449 1892 479 universalis
1915 449 2072 480 Ecclesiae
2095 450 2221 480 servitio
2245 457 2400 491 perpetuo
2423 460 2493 490 per-

1428 491 1578 522 sonaliter
1601 493 1722 523 Romae
1740 494 1903 530 deservire,
1920 494 2006 524 verbi
2029 494 2137 534 gratia,
2155 495 2230 535 quia
2250 502 2296 526 est
2311 495 2493 525 secretarius

1428 535 1516 566 Sedis
1539 537 1754 577 Apostolicae,
1774 538 1824 568 vel
1848 538 1974 568 auditor
1997 539 2109 575 Rotae,
2127 546 2182 570 aut
2198 539 2402 570 huiusmodi:
2427 549 2493 569 non

1428 590 1464 610 ex
1488 580 1549 611 hoc
1573 589 1738 612 excusatur
1760 592 1777 612 a
1801 582 1977 619 residentia,
2002 584 2110 624 quoad
2133 584 2249 614 Deum.
2282 584 2323 614 Et
2346 583 2424 614 ratio
2449 584 2493 613 di-

1427 625 1578 655 versitatis
1602 633 1648 656 est
1671 627 1747 667 quia
1776 633 1879 666 partes
1903 627 2068 667 dupliciter
2098 628 2285 659 ordinantur
2307 628 2346 658 ad
2369 628 2493 658 bonum

1427 669 1535 700 totius.
1555 670 1673 706 Primo,
1690 671 1852 701 absolute:
1874 677 1904 701 et
1919 671 1973 709 sic,
1990 673 2168 703 secundum
2183 673 2358 703 naturalem
2376 679 2492 703 statum

1427 713 1613 744 ordinantur
1636 715 1675 744 ad
1692 716 1815 745 bonum
1838 715 1952 751 totius;
1977 716 2058 747 sicut
2080 727 2203 753 manus,
2225 717 2320 757 pedes
2346 723 2377 747 et
2393 723 2493 747 cetera

1427 758 1568 788 membra
1592 759 1732 789 hominis
1764 760 1908 790 absolute
1931 760 2062 800 quidem
2090 761 2291 798 ordinantur,
2316 761 2492 791 secundum

1426 811 1502 832 suos
1518 804 1674 833 naturales
1699 810 1807 840 status,
1823 804 1862 834 ad
1885 804 2009 835 bonum
2026 805 2165 835 hominis
2182 805 2272 836 cuius
2288 812 2362 836 sunt
2377 812 2491 845 partes.

1427 846 1462 875 In
1487 856 1559 877 casu
1580 854 1686 878 autem
1703 858 1769 888 quo
1786 848 1883 878 totius
1906 848 2029 879 bonum
2052 850 2252 889 periclitatur,
2273 857 2375 890 partes
2397 849 2491 881 etiam

1427 891 1589 930 perdendo
1614 892 1771 922 naturales
1795 902 1870 922 suos
1894 899 2003 929 status,
2028 894 2215 924 ordinantur
2238 894 2278 924 ad
2301 894 2425 924 bonum
2444 900 2492 924 to-

1426 934 1498 965 tius.
1531 935 1661 966 Secluso
1692 943 1799 966 autem
1824 946 1896 966 casu
1920 937 2110 968 necessitatis
2142 948 2198 970 seu
2228 938 2359 977 periculi
2382 938 2490 974 totius,

1427 985 1537 1009 natura
1561 980 1659 1010 totius
1683 990 1749 1010 non
1781 981 1911 1021 requirit
1941 981 2099 1012 defectum
2122 982 2154 1012 in
2179 989 2266 1022 parte
2289 982 2412 1023 aliqua,
2437 983 2491 1013 sed

1426 1023 1535 1053 nititur
1551 1024 1690 1064 singulas
1706 1031 1808 1064 partes
1832 1025 1949 1057 salvare
1973 1026 2038 1056 suis
2061 1026 2255 1056 naturalibus
2279 1026 2419 1057 statibus.
2441 1026 2492 1057 Sic

1425 1074 1532 1098 autem
1556 1068 1834 1108 proportionaliter
1849 1077 1976 1109 oportet
1998 1070 2064 1100 fieri
2086 1071 2120 1100 in
2144 1077 2212 1101 toto
2236 1077 2266 1100 et
2282 1070 2422 1110 partibus
2446 1081 2492 1101 ec—

1425 1111 1614 1142 clesiasticae
1638 1113 1776 1152 politiae,
1795 1114 1972 1145 secundum
1995 1121 2112 1144 rectam
2136 1114 2308 1145 rationem:
2333 1115 2375 1145 ita
2400 1116 2490 1155 quod

1426 1156 1583 1196 quaelibet
1607 1157 1802 1197 particularis
1826 1157 1955 1189 ecclesia
1979 1158 2142 1189 ordinatur
2166 1159 2205 1188 ad
2226 1158 2409 1189 universalis
2432 1159 2490 1190 Ec-

1426 1200 1537 1230 clesiae
1553 1201 1677 1231 bonurn
1693 1207 1723 1231 et
1737 1201 1908 1239 servitium,
1922 1203 2067 1233 absolute
2083 1203 2223 1243 quidem,
2237 1203 2322 1233 salva
2337 1203 2491 1243 cuiusque

1426 1244 1573 1274 ecclesiae
1596 1244 1802 1284 perfectione;
1827 1246 1860 1275 in
1883 1257 1955 1277 casu
1980 1253 2086 1277 autem
2110 1247 2311 1283 necessitatis,
2329 1247 2492 1278 ordinatur

1426 1289 1465 1318 ad
1488 1289 1613 1318 bonum
1638 1289 1819 1319 universalis
1836 1290 1992 1321 Ecclesiae
2016 1291 2111 1321 etiam
2126 1301 2200 1321 cum
2224 1291 2273 1321 sui
2290 1291 2489 1322 detrimento.

1426 1332 1466 1363 Et
1489 1332 1564 1372 quia
1587 1333 1711 1363 servitia
1734 1334 1909 1374 quaedam,
1934 1342 1970 1365 ut
1989 1335 2033 1365 ire
2057 1335 2096 1364 ad
2127 1335 2303 1376 synodum,
2329 1342 2403 1366 sunt
2425 1345 2490 1366 ma-

1425 1376 1537 1406 nifeste
1560 1376 1593 1406 in
1609 1377 1742 1407 articulo
1766 1379 1957 1409 necessitatis
1973 1379 2132 1409 Ecclesiae
2155 1379 2338 1409 universalis
2353 1380 2403 1410 vel
2418 1389 2492 1419 pro-

1425 1420 1584 1456 vincialis;
1610 1420 1733 1451 servitia
1747 1428 1854 1451 autem
1871 1433 1952 1463 quae
1975 1424 2098 1453 Romae
2121 1423 2153 1453 in
2169 1423 2356 1453 huiusmodi
2380 1423 2492 1454 officiis

1426 1464 1622 1500 exhibentur,
1639 1465 1727 1495 nulla
1751 1466 1933 1497 necessitate
1950 1467 2163 1497 communiter
2178 1467 2307 1506 exigunt
2321 1468 2410 1508 quod
2424 1468 2492 1507 epi-

1426 1509 1515 1549 scopi
1538 1508 1725 1539 incumbant
1747 1509 1862 1540 talibus
1886 1510 2006 1547 officiis,
2023 1511 2078 1541 sed
2102 1518 2175 1542 sunt
2198 1512 2274 1541 tales
2298 1511 2330 1541 in
2354 1511 2493 1542 Ecclesia

1426 1553 1486 1584 Dei
1508 1553 1596 1583 velut
1618 1560 1761 1584 monstra
1784 1553 1816 1583 in
1840 1561 1966 1585 natura:
1997 1555 2070 1585 ideo
2099 1565 2164 1585 non
2196 1562 2382 1586 excusantur
2405 1565 2423 1585 a
2446 1565 2492 1586 re-

1426 1597 1570 1628 sidentia.

1482 1642 1522 1672 Et
1552 1641 1578 1671 si
1609 1641 1742 1672 instetur
1771 1643 1859 1682 quod
1888 1643 2060 1673 residentes
2089 1643 2122 1673 in
2153 1642 2283 1673 ecclesia
2315 1643 2492 1681 communi,

1426 1686 1529 1727 qualis
1553 1692 1600 1716 est
1622 1686 1784 1722 Romana,
1811 1694 1978 1718 censentur
2001 1687 2120 1728 ubique
2149 1687 2298 1718 residere:
2323 1704 2344 1710 -
2363 1697 2492 1727 respon-

1427 1731 1518 1761 detur
1541 1730 1641 1771 quod,
1658 1730 1684 1760 si
1704 1731 1767 1761 hoc
1791 1737 1837 1762 est
1859 1741 1971 1762 verum
1994 1731 2122 1762 fictione
2141 1731 2267 1771 positivi
2291 1731 2379 1768 iuris,
2402 1733 2492 1772 quod

1427 1775 1542 1806 iuristis
1565 1775 1722 1815 relinquo,
1740 1785 1806 1805 non
1821 1782 1927 1806 tamen
1945 1783 1991 1806 est
2011 1786 2122 1806 verum
2141 1776 2248 1816 quoad
2267 1776 2382 1806 Deum.
2408 1776 2492 1813 Quia

1427 1819 1603 1850 secundum
1633 1819 1810 1856 veritatem,
1835 1819 1916 1850 alius
1939 1827 1986 1851 est
2012 1819 2084 1851 finis
2108 1819 2256 1860 proprius
2280 1830 2371 1850 curae
2398 1820 2493 1851 eccle-

1426 1863 1488 1894 siae
1513 1863 1713 1899 communis,
1739 1870 1770 1894 et
1791 1863 1871 1894 alius
1895 1870 1942 1895 est
1963 1864 2034 1894 finis
2057 1864 2204 1905 proprius
2229 1874 2321 1895 curae
2345 1864 2491 1895 ecclesiae

1426 1907 1635 1949 particularis:
1661 1918 1696 1938 ac
1720 1918 1775 1948 per
1798 1908 1875 1944 hoc,
1900 1908 1985 1939 aliud
2009 1915 2055 1939 est
2081 1909 2263 1939 incumbere
2287 1918 2379 1939 curae
2403 1919 2490 1939 com-

1426 1952 1531 1983 munis
1555 1952 1712 1988 ecclesiae,
1739 1959 1770 1983 et
1792 1952 1880 1983 aliud
1903 1960 1949 1983 est
1972 1953 2156 1983 incumbere
2180 1963 2272 1983 curae
2295 1953 2490 1993 particularis

1425 1996 1582 2028 ecclesiae.
1607 1996 1648 2027 Et
1664 1996 1774 2026 eadem
1798 1997 1929 2034 ratione,
1947 1997 2033 2028 aliud
2048 2004 2094 2028 est
2109 1996 2243 2027 residere
2266 1997 2298 2027 in
2323 2007 2397 2027 cura
2416 2008 2488 2038 par-

1425 2041 1562 2072 ticularis
1593 2040 1756 2077 ecclesiae,
1781 2048 1811 2072 et
1842 2041 1929 2072 aliud
1960 2048 2006 2072 est
2028 2041 2162 2072 residere
2185 2041 2217 2071 in
2242 2051 2316 2072 cura
2345 2052 2490 2072 commu-

1426 2085 1473 2116 nis
1496 2085 1654 2116 ecclesiae.

1480 2130 1521 2160 Et
1544 2129 1569 2160 si
1583 2139 1692 2159 rursus
1708 2129 1841 2160 instetur
1856 2130 1945 2170 quod
1969 2129 2131 2160 cardinalis
2147 2130 2311 2160 Romanae
2334 2129 2490 2160 Ecclesiae

1424 2174 1463 2204 de
1485 2174 1554 2204 iure
1577 2180 1683 2213 potest
1701 2183 1768 2204 esse
1787 2173 1957 2213 episcopus
1973 2174 2106 2204 alicuius
2122 2174 2316 2214 particularis
2332 2174 2488 2210 ecclesiae,

1424 2218 1520 2249 etiam
1536 2218 1765 2249 remotissimae
1788 2219 1827 2248 ab
1844 2218 1946 2249 Urbe:
1982 2228 2017 2248 ac
2040 2229 2096 2258 per
2118 2219 2190 2254 hoc,
2207 2225 2372 2248 excusatur
2387 2228 2405 2248 a
2420 2228 2490 2258 per-

1423 2269 1520 2303 petua
1543 2262 1710 2293 residentia
1739 2262 1772 2292 in
1796 2272 1854 2292 sua
1884 2262 2064 2302 particulari
2087 2262 2232 2298 ecclesia,
2257 2273 2294 2293 ex
2316 2262 2378 2292 hoc
2402 2263 2491 2303 quod

1423 2307 1537 2337 residet
1559 2307 1693 2343 Romae,
1715 2307 1859 2337 vacando
1882 2317 1975 2337 curae
1998 2306 2182 2337 universalis
2205 2306 2376 2337 Ecclesiae:
2400 2323 2421 2329 —
2444 2316 2491 2336 re-

1424 2351 1599 2392 spondetur
1623 2350 1799 2391 dupliciter.
1822 2351 1942 2389 Primo,
1961 2350 2048 2381 iuxta
2071 2351 2202 2381 illorum
2226 2350 2413 2391 opinionem
2436 2350 2492 2391 qui

1424 2402 1532 2426 tenent
1555 2395 1746 2426 cardinalem
1769 2395 2043 2436 non-episcopum
2073 2405 2167 2435 posse
2197 2405 2262 2425 non
2286 2394 2393 2425 solum
2419 2395 2492 2425 reti-

1424 2450 1498 2471 nere
1522 2440 1744 2480 episcopatum
1767 2439 1855 2479 prius
1878 2439 2032 2476 habitum,
2054 2440 2109 2470 sed
2134 2439 2228 2470 etiam
2251 2449 2345 2479 posse
2365 2438 2436 2479 eligi
2458 2439 2491 2469 in

1424 2484 1625 2525 episcopum:
1650 2484 1739 2525 quod
1756 2484 1817 2514 hoc
1841 2494 1908 2514 non
1925 2484 2072 2514 convenit
2096 2483 2244 2514 cardinali
2269 2493 2306 2513 ex
2320 2483 2382 2514 hoc
2401 2483 2491 2523 quod

1423 2535 1595 2569 perpetuae
1617 2528 1760 2559 servituti
1783 2528 1967 2558 universalis
1991 2528 2150 2558 Ecclesiae
2173 2534 2221 2558 est
2243 2527 2403 2563 addictus;
2436 2528 2491 2557 sed

1423 2583 1460 2603 ex
1483 2573 1546 2604 hoc
1568 2573 1658 2614 quod
1681 2572 1902 2613 praesumitur,
1927 2572 2002 2612 quia
2025 2572 2069 2602 sic
2093 2572 2185 2602 debet
2207 2581 2289 2607 esse,
2313 2571 2402 2611 quod
2426 2581 2489 2601 car-

1423 2617 1543 2647 dinales
1569 2624 1643 2647 sunt
1665 2616 1759 2647 flores
1782 2616 1877 2652 orbis,
1893 2616 1982 2646 electi
2005 2626 2042 2646 ex
2064 2616 2210 2646 universa
2223 2615 2363 2645 Ecclesia
2381 2621 2418 2645 ut
2432 2615 2490 2645 viri

1423 2661 1675 2692 excellentissimi
1697 2661 1730 2690 in
1753 2660 1817 2691 vita
1840 2667 1870 2691 et
1893 2659 2054 2696 doctrina;
2083 2660 2127 2690 ita
2154 2666 2190 2690 ut
2219 2659 2332 2689 merito
2356 2659 2396 2689 ad
2419 2659 2488 2689 uni-

1422 2706 1550 2736 versalis
1580 2705 1739 2736 Ecclesiae
1769 2714 1835 2734 non
1865 2705 2098 2744 qualecumque
2128 2703 2304 2739 servitium,
2336 2703 2390 2733 sed
2426 2703 2488 2733 hoc

1423 2751 1577 2786 maxime,
1602 2749 1719 2780 scilicet
1742 2758 1867 2785 curam,
1891 2749 1954 2779 sint
1977 2748 2141 2788 assumpti.
2171 2748 2220 2778 De
2242 2747 2358 2778 talibus
2381 2753 2487 2777 autem

1422 2794 1495 2825 viris
1518 2793 1744 2825 rationabiliter
1766 2793 1978 2833 praesumitur
2000 2793 2089 2833 quod
2112 2802 2178 2822 non
2202 2791 2308 2821 minus
2331 2792 2410 2821 bene
2434 2801 2487 2831 pa-

1423 2845 1510 2869 scent
1532 2838 1734 2878 particulares
1758 2837 1902 2868 ecclesias
1933 2847 2005 2867 suas
2028 2837 2171 2867 absentes
2194 2845 2293 2876 quam
2324 2835 2375 2865 alii
2399 2844 2486 2875 prae-

1423 2890 1535 2914 sentes.
1559 2883 1600 2913 Et
1623 2882 1739 2912 idcirco
1764 2891 1830 2911 non
1854 2891 1891 2911 ex
1913 2881 1974 2911 hoc
1999 2881 2098 2921 capite
2122 2880 2202 2916 solo,
2227 2880 2288 2910 hoc
2312 2885 2358 2910 est
2381 2889 2418 2909 ex
2433 2889 2486 2909 ne-

1422 2927 1511 2968 gotio
1542 2926 1728 2957 universalis
1754 2925 1927 2961 Ecclesiae,
1942 2930 1947 2935 '
1960 2926 2015 2955 sed
2045 2935 2082 2955 ex
2111 2924 2173 2954 alio
2206 2923 2355 2954 adiuncto
2386 2923 2486 2963 capite

1423 2971 1632 3012 postmodum
1648 2970 1666 2989 *
1685 2970 1858 3006 tractando,
1875 2969 1991 3000 scilicet
2007 2979 2044 2999 ex
2059 2968 2241 3000 conditione
2256 2977 2418 3007 personae,
2436 2977 2486 2997 ex-

1423 3022 1550 3047 cusatur
1580 3014 1744 3045 cardinalis
1774 3024 1792 3044 a
1820 3013 1987 3044 residentia
2019 3013 2052 3043 in
2081 3023 2141 3043 suo
2178 3011 2360 3051 episcopatu
2391 3011 2485 3041 etiam

1423 3060 1531 3101 quoad
1559 3060 1677 3090 Deum.
1708 3059 1889 3099 Utrumque
1917 3064 2024 3088 autem
2050 3064 2145 3097 caput
2175 3055 2331 3086 clauditur
2360 3055 2393 3084 in
2423 3055 2485 3085 hoc

1422 3104 1512 3145 quod
1535 3103 1648 3134 dicitur
1664 3102 1829 3133 cardinalis
1850 3103 2015 3133 Romanae
2037 3100 2210 3132 Ecclesiae:
2234 3099 2309 3140 quia
2331 3099 2486 3130 incumbit

1421 3154 1576 3188 perpetuo
1594 3157 1687 3178 curae
1703 3146 1886 3177 universalis
1902 3145 2075 3181 Ecclesiae;
2094 3152 2124 3175 et
2139 3143 2350 3185 praesumitur
2365 3143 2403 3173 de
2417 3143 2485 3173 iure

1422 3202 1507 3222 unus
1529 3201 1566 3222 ex
1586 3190 1694 3232 primis
1721 3190 1916 3230 sapientibus
1938 3190 2023 3220 orbis
2039 3190 2078 3219 ad
2101 3188 2273 3229 regendum
2297 3197 2334 3217 ac
2356 3197 2484 3227 pascen-

1421 3237 1500 3267 dum
1522 3235 1696 3266 Ecclesiam
1719 3234 1789 3265 Dei.

1477 3279 1640 3313 Secundo,
1663 3279 1748 3309 iuxta
1772 3277 1950 3308 doctrinam
1972 3277 2047 3307 iuris
2071 3275 2251 3307 communis
2275 3274 2350 3306 editi
2372 3275 2412 3304 ab
2435 3274 2485 3304 In-

1421 3323 1571 3354 nocentio
1588 3323 1647 3359 111,
1666 3323 1778 3358 Extra,
1800 3322 1840 3352 de
1864 3322 2019 3352 Postulat.
2027 3343 2038 3358 ‚
2066 3330 2134 3360 cap.
2157 3321 2270 3350 Bonae
2293 3319 2486 3350 memoriae:

1421 3368 1511 3409 quod
1535 3367 1651 3397 falsum
1678 3365 1866 3402 assumitur,
1898 3365 2015 3396 scilicet
2042 3365 2133 3405 quod
2154 3363 2318 3395 cardinalis
2347 3363 2387 3393 de
2417 3362 2484 3393 iure

1422 3418 1526 3452 potest
1543 3421 1608 3441 esse
1633 3410 1802 3450 episcopus
1821 3409 2050 3449 cuiuscumque
2074 3408 2222 3439 ecclesiae
2236 3414 2484 3448 quantumcum-

1422 3466 1486 3497 que
1501 3462 1651 3486 remotae.
1676 3453 1850 3491 Quoniam,
1869 3460 1905 3484 ut
1919 3453 1952 3484 in
1976 3453 2058 3483 dicta
2079 3459 2166 3493 patet
2184 3451 2339 3488 decretali,
2355 3457 2485 3491 propter

1423 3499 1709 3540 impossibilitatem
1724 3498 1879 3529 residendi
1901 3498 1934 3528 in
1958 3504 2090 3537 utraque
2110 3496 2248 3533 ecclesia,
2264 3497 2410 3527 Romana
2425 3494 2482 3525 sci-

1422 3545 1494 3575 licet
1517 3550 1547 3574 et
1570 3544 1767 3579 Ravennate,
1786 3542 1958 3582 praefertur
1981 3541 2098 3572 utilitas
2122 3540 2306 3571 universalis
2326 3538 2482 3570 Ecclesiae

1423 3595 1459 3620 ut
1482 3588 1645 3619 cardinalis
1661 3597 1808 3628 praesens
1823 3586 1862 3617 sit
1884 3587 2018 3622 Romae,
2033 3592 2064 3616 et
2087 3595 2154 3616 non
2178 3584 2351 3615 admittitur
2373 3589 2481 3622 postu-

1423 3633 1501 3664 latio
1523 3632 1622 3673 ipsius
1645 3632 1685 3662 ad
1710 3630 2016 3671 archiepiscopatum
2044 3629 2191 3661 ecclesiae
2214 3626 2413 3659 Ravennatis.
2441 3625 2482 3655 Et

2514 2975 2524 2984 ⁸
2538 2974 2606 2997 Num.
2621 2980 2672 2996 vm.
