2768 4198
51 684 103 707 'Ca
123 690 170 710 .n1,
186 690 265 710 n.14.-

52 711 77 734 S.
88 691 134 732 'lJiu
149 711 201 732 tect.
212 716 262 732 vni.

55 1221 203 1244 ⁸ne1nvent.
212 1221 270 1243 Rhe-

54 1250 101 1298 g:
114 1249 155 1271 lib.
173 1248 202 1275 Π,
217 1253 269 1275 cup.

57 1691 254 1746 &aasz

58 1744 163 1768 conclus.
176 1749 199 1766 a.

937 277 1206 322 QUAESTIO
1237 277 1452 324 CXXXIV,
1481 276 1780 313 ARTICULUS
1811 277 1842 312 ll
2438 291 2482 325 91

289 356 470 394 sumitur:
509 368 589 393 non
634 363 763 393 autem
803 356 1017 392 secundum
1056 357 1161 404 quod
1200 356 1362 393 sumitur
1388 356 1390 400 ἰ
1415 356 1544 404 ampla
1573 362 1610 392 et
1638 355 1832 404 splendida
1854 356 2133 404 propositione,
2164 357 2342 406 cogitatio
2380 364 2491 406 atque

290 410 456 459 proprie,
481 410 548 446 sed
576 410 651 446 hoc
680 417 735 446 est
758 409 959 458 proprium
988 409 1307 457 magnificentiae.
1389 401 1391 456 ζ
1416 409 1710 454 administratio;
1738 417 1779 446 ut
1798 409 1976 459 cogitatio
1999 409 2183 446 referatur
2202 410 2250 447 ad
2272 410 2490 448 interiorem

343 465 402 500 AD
432 474 624 500 SECUNDUM
652 474 839 499 memnon
868 462 974 511 quod
994 462 1043 499 ad
1071 463 1363 510 magnanimita-
1390 461 1392 513 l
1416 463 1679 509 intentionem,
1700 463 1975 500 administratio
1997 463 2045 500 ad
2065 461 2080 492 β
2109 463 2335 500 exteriorem
2357 477 2492 502 execu-

286 524 368 557 ‚tem
398 516 561 565 pertinet
587 528 667 553 non
686 517 812 553 solum
834 516 989 553 tendere
1018 516 1055 552 in
1077 528 1274 564 magnum,
1296 516 1364 553 sed
1418 516 1575 554 tionem.
1606 517 1719 554 Unde
1748 524 1899 566 oportet
1931 516 2036 565 quod
2075 516 2170 554 sicut
2199 518 2491 566 magnanimitas

292 569 405 607 etiam
433 570 471 607 in
491 570 664 606 omnibus
682 569 880 606 virtutibus
903 581 1089 619 magnum
1118 571 1282 619 operari,
1301 570 1364 607 vel
1391 576 1393 619 ξ
1419 571 1579 608 intendit
1613 570 1769 618 aliquod
1804 582 1989 618 magnum
2023 570 2061 607 in
2090 570 2196 607 omni
2235 571 2412 618 materia,
2442 571 2492 608 ita

291 623 467 660 faciendo
495 623 557 659 vel
587 622 915 672 qualitercumque
954 623 1124 670 agendo,
1154 632 1195 660 ut
1232 623 1366 660 dicitur
1392 622 1393 666 l
1420 623 1703 671 magnificentia
1732 624 1770 660 in
1799 624 1928 673 aliquo
1958 636 2075 673 opere
2103 624 2267 661 factibili.

291 676 330 713 in
347 677 398 713 IV
411 676 532 713 Ethic.
548 675 585 713 *z
610 676 660 713 ita
679 684 808 713 tamen
828 677 934 725 quod
954 676 1247 724 magnanimitas
1267 677 1366 713 circa
1392 680 1394 694 ²

291 730 367 766 hoc
395 729 546 778 respicit
571 730 693 767 solam
723 730 911 767 rationem
937 730 1078 778 magni.
1107 730 1215 767 Aliae
1237 738 1365 767 autem

291 783 462 831 virtutes,
483 795 595 831 quae,
617 783 647 820 si
667 783 740 820 sint
766 784 969 833 perfectae,
991 796 1175 832 magnum
1206 795 1367 833 operan-

293 844 364 884 tur,
394 849 474 874 non
501 836 757 886 principaliter
785 837 948 885 dirigunt
975 837 1227 874 intentionem
1256 849 1366 874 suam

293 889 344 927 ad
371 902 570 938 magnum,
596 891 664 928 sed
693 892 741 928 ad
771 891 808 928 id
837 891 943 941 quod
973 899 1028 928 est
1055 891 1256 940 proprium
1286 891 1368 928 uni-

294 943 431 991 cuique
459 943 606 981 virtuti:
637 944 860 993 magnitudo
890 952 1019 981 autern
1049 944 1295 992 consequitur
1324 956 1368 980 ex

294 997 502 1046 quantitate
530 998 688 1035 virtutis.
718 998 780 1036 Ad
810 998 1135 1046 magnificentiam
1159 1009 1254 1034 vero
1283 1009 1368 1046 per-

294 1049 386 1087 tinet
415 1063 493 1088 non
522 1052 647 1088 solum
669 1052 792 1088 facere
822 1063 1005 1099 magnum
1026 1051 1239 1087 secundum
1263 1050 1368 1098 quod

295 1103 420 1141 facere
454 1105 609 1154 proprie
648 1105 828 1152 sumitur,
858 1105 926 1142 sed
956 1104 1070 1141 etiam
1107 1104 1156 1141 ad
1185 1115 1368 1151 magnum

295 1157 514 1195 faciendum
544 1159 701 1196 tendere
730 1159 883 1196 animo:
913 1158 1016 1195 unde
1036 1157 1186 1194 Tullius
1212 1156 1312 1202 dicit,
1332 1156 1369 1193 in

296 1223 364 1247 sua
398 1213 603 1249 Rhetorica
622 1212 658 1259 ³¹²,
689 1212 795 1261 quod
829 1211 1114 1261 magnificentia
1151 1215 1205 1246 est
1241 1221 1370 1246 rerum

296 1276 530 1315 magnarum
546 1314 553 1316 ἡ
568 1271 604 1303 et
636 1265 894 1311 excelsarum,
923 1276 1011 1301 cum
1048 1264 1170 1301 animi
1203 1264 1369 1311 quadam

351 1377 377 1411 β)
397 1379 444 1405 ad.
457 1394 475 1398 -
493 1383 583 1405 autem
602 1379 640 1404 ad
659 1379 717 1404 Pla.

349 1415 377 1449 γ)
397 1415 554 1440 hominihus.
567 1429 586 1434 —
604 1415 725 1440 omnibus
744 1413 878 1439 ACEFIK.

1393 721 1394 725 Ἰ
1473 679 1532 714 AD
1560 688 1722 715 TERTmM
1757 689 1943 715 DlCENDuM
1979 679 2084 727 quod
2120 678 2403 726 magnificentia
2439 678 2493 715 in-

1393 728 1394 741 ’
1419 730 1538 768 tendit
1566 742 1664 780 opus
1684 743 1868 779 magnum
1890 732 2026 768 facere.
2058 732 2189 781 Opera
2208 739 2338 769 autem
2357 732 2405 769 ab
2425 733 2494 769 ho-

1393 778 1589 836 }minibus
1616 789 1630 812 Υ
1668 784 1765 822 facta
1803 785 1851 822 ad
1889 785 2056 834 aliquem
2098 785 2219 823 finem
2257 785 2492 823 ordinantur.

1394 844 1395 889 ξ
1422 838 1560 874 Nullus
1589 846 1716 874 autem
1738 838 1825 875 finis
1844 839 2104 876 humanorum
2133 851 2297 888 operum
2322 847 2378 876 est
2397 840 2494 876 adeo

1394 903 1396 942 ]
1422 902 1584 939 magnus
1614 891 1710 928 sicut
1736 892 1862 928 honor
1890 892 1974 929 Dei.
2014 893 2064 928 Et
2091 892 2179 930 ideo
2214 893 2493 941 magnificentia

1395 979 1396 984 ,
1421 944 1626 993 praecipue
1657 955 1840 991 magnum
1871 957 1969 993 opus
1998 945 2086 982 facit
2115 947 2152 983 in
2181 946 2315 984 ordine
2350 947 2398 984 ad
2427 947 2496 983 ho-

1396 1031 1397 1048 ἶ
1423 1009 1559 1034 norem
1580 997 1665 1034 Dei.
1686 997 1798 1034 Unde
1813 998 2070 1047 Philosophus
2091 999 2190 1046 dicit,
2207 999 2245 1036 in
2262 1000 2313 1036 IV
2326 1001 2447 1037 Ethic.
2463 1000 2495 1047 ²⁸,

1396 1049 1397 1102 ᾖ
1423 1050 1529 1099 quod
1557 1050 1796 1087 honorabiles
1824 1057 1993 1099 sumptus
2020 1058 2107 1089 sunt
2133 1054 2303 1090 maxime
2323 1055 2389 1102 qui
2410 1066 2497 1103 per-

1396 1106 1397 1111 ’
1423 1104 1540 1140 tinent
1557 1103 1609 1140 ad
1625 1104 1754 1140 divina
1772 1105 1983 1152 sacrificia:
2012 1111 2046 1142 et
2068 1106 2169 1143 circa
2197 1108 2268 1143 hoc
2287 1105 2300 1128 δ
2328 1108 2499 1144 maxime

1397 1182 1398 1195 η
1423 1157 1544 1193 studet
1570 1157 1810 1206 magnificus.
1841 1158 1890 1194 Et
1918 1159 2004 1195 ideo
2034 1159 2317 1206 magnificentia
2342 1161 2499 1198 coniun-

1424 1209 1523 1258 gitur
1558 1210 1762 1247 sanctitati:
1799 1211 1889 1259 quia
1918 1213 2122 1261 praecipue
2152 1213 2233 1250 eius
2264 1213 2420 1251 effectus
2449 1215 2497 1252 ad

1398 1265 1399 1309 ξ
1426 1263 1662 1311 religionem,
1693 1263 1774 1301 sive
1804 1265 1851 1302 ad
1882 1265 2132 1313 sanctitatem,
2163 1266 2368 1304 ordinatur.

1399 1383 1402 1442 ι
1482 1375 1507 1409 ὃ)
1527 1377 1584 1402 hoc.
1596 1390 1615 1396 -
1634 1377 1681 1402 hos
1701 1378 1728 1402 Ρ.

980 1502 1317 1536 Commenta-ia
1340 1500 1594 1534 cardinalis
1617 1502 1820 1535 Caietam

325 1604 346 1625 u
369 1591 504 1624 articulo
529 1589 671 1621 secundo
695 1589 841 1620 eiusdem
871 1587 1374 1630 ceutesimaetrigesimaequartae
1399 1588 1401 1617 i

327 1636 534 1681 quaestionis,
551 1636 584 1667 in
605 1635 815 1676 responsione
837 1634 877 1664 ad
900 1635 1089 1671 secundum,
1107 1633 1244 1665 dubium
1266 1633 1372 1675 primo

298 1682 436 1716 occurrit
448 1681 467 1701 *
482 1692 519 1712 ex
538 1681 687 1718 Martino,
704 1680 825 1712 ibidem
839 1679 885 1719 **‚
901 1679 982 1710 circa
1000 1680 1033 1710 id
1050 1680 1140 1720 quod
1157 1680 1196 1710 de
1211 1679 1375 1720 magnani-

298 1729 407 1761 mitate
425 1727 549 1764 dicitur,
567 1727 658 1767 quod
672 1727 716 1757 ad
739 1726 986 1767 magnanimum
1009 1730 1132 1766 spectat
1153 1726 1285 1766 operari
1304 1734 1374 1755 ma-

297 1783 401 1817 gnum
426 1773 458 1803 in
483 1772 624 1813 qualibet
647 1773 786 1809 virtute,
811 1771 856 1800 ita
880 1770 966 1811 quod
990 1771 1222 1811 magnanimus
1245 1770 1376 1810 respicit

299 1820 387 1851 circa
405 1816 466 1848 hoc
479 1818 582 1848 solam
607 1817 765 1848 rationem
791 1817 916 1857 magni,
937 1819 994 1846 etc.
1019 1815 1108 1846 Haec
1128 1814 1252 1856 opini0,
1270 1814 1374 1855 inquit
1401 1824 1402 1831 ¹

298 1862 378 1894 mihi
395 1872 462 1893 non
488 1862 613 1893 videtur
627 1871 710 1892 vera.
734 1861 834 1896 Tum,
850 1860 968 1900 primo,
985 1860 1061 1900 quia
1077 1866 1263 1901 sequeretur
1285 1859 1375 1900 quod

300 1917 398 1939 omne
410 1917 494 1948 opus
513 1916 680 1947 magnum,
695 1905 874 1936 secundum
887 1905 977 1946 quod
998 1915 1163 1945 magnum,
1177 1903 1265 1935 fieret
1277 1915 1295 1934 a
1308 1913 1375 1934 ma·
1402 1909 1403 1941 ᾗ

299 1951 516 1994 gnanImitate.
530 1952 604 1982 Hoc
616 1958 663 1982 est
675 1950 807 1981 falsum:
822 1949 899 1990 quia
910 1955 1030 1991 spectat
1042 1951 1083 1980 ad
1095 1948 1375 1991 magnificentiam.
1402 1951 1403 1965 ³

355 1997 456 2034 Tum,
473 1996 626 2032 secundo,
642 1995 718 2036 quia
741 1994 967 2034 magnanimus
989 2004 1055 2024 non
1070 1994 1178 2025 solum
1200 1993 1378 2025 considerat

302 2040 557 2083 magnitudinem
580 2040 701 2081 operis,
725 2041 780 2070 sed
804 2039 900 2070 etiam
922 2039 1160 2070 rectitudinem:
1186 2045 1264 2080 puta
1287 2038 1377 2080 quod

303 2093 349 2117 est
365 2096 449 2127 opus
467 2085 605 2117 iustitiae
620 2091 675 2116 aut
691 2083 899 2124 fortitudinis,
917 2091 974 2116 etc.
998 2085 1075 2115 Non
1091 2094 1166 2125 ergo
1182 2083 1309 2124 respicit
1325 2093 1377 2113 so-

302 2131 367 2162 lam
396 2130 555 2163 rationem
571 2129 689 2171 magni.
714 2147 733 2152 ——
756 2130 914 2160 Probatur
930 2130 1128 2160 antecedens.
1154 2128 1239 2166 Quia
1263 2128 1288 2159 si
1309 2128 1378 2158 sola

303 2177 382 2207 ratio
406 2175 514 2216 magni
538 2175 755 2215 respiceretur,
772 2181 957 2215 sequeretur
980 2175 1070 2214 quod
1094 2173 1175 2204 ratio
1196 2173 1273 2203 boni
1298 2179 1379 2203 esset

303 2221 332 2252 ei
355 2221 577 2263 impertinens:
603 2227 633 2250 et
664 2226 896 2259 consequenter
914 2219 1005 2260 quod
1028 2218 1144 2249 faceret
1174 2217 1271 2248 etiam
1294 2227 1378 2258 opus
1405 2219 1407 2242 ἱ

303 2275 448 2307 pravum,
468 2265 569 2296 modo
593 2271 674 2295 esset
696 2273 862 2304 magnum.

360 2311 460 2347 Tum,
483 2309 587 2345 tertio,
612 2309 687 2350 quia
710 2315 766 2339 aut
788 2307 1014 2348 magnanimus
1042 2307 1192 2348 producit
1219 2306 1379 2347 magnitu-

304 2355 413 2387 dinem
436 2354 541 2395 operis
564 2353 650 2391 iusti,
668 2359 699 2384 et
722 2353 825 2384 iustus
848 2353 957 2393 ipsum
981 2361 1064 2392 opus
1089 2351 1268 2383 secundum
1291 2351 1380 2394 quod
1406 2352 1408 2382 i

304 2407 351 2431 est
373 2399 488 2431 debitis
511 2398 755 2430 circumstantiis
778 2397 946 2428 vestitum:
977 2403 1033 2427 aut
1062 2404 1127 2428 tam
1155 2397 1380 2438 magnanimus

303 2454 403 2486 quam
421 2445 524 2476 iustus
539 2443 690 2486 producit
706 2450 891 2484 utrumque,
909 2443 965 2473 sed
988 2442 1215 2482 magnanimus
1238 2452 1305 2473 non
1322 2442 1382 2473 fert

303 2489 517 2522 intentionem
540 2499 634 2520 suam
653 2488 714 2519 nisi
737 2488 778 2519 ad
801 2486 1067 2529 magnitudinem,
1085 2494 1116 2518 et
1138 2487 1241 2518 iustus
1266 2487 1325 2517 nisi
1342 2487 1382 2517 ad

303 2534 436 2567 iustum.
459 2535 606 2566 Primum
629 2534 749 2565 horum
764 2543 831 2563 non
855 2540 902 2564 est
924 2532 1136 2573 intelligibile:
1161 2533 1238 2574 quia
1260 2531 1382 2573 magni-

304 2580 385 2611 tudo
418 2579 524 2620 operis
555 2588 622 2609 non
653 2585 699 2609 est
729 2578 890 2619 quantitas
921 2577 1124 2618 superaddita
1156 2577 1200 2608 rei
1228 2587 1381 2618 magnae,

306 2624 361 2655 sed
384 2631 430 2655 est
445 2624 515 2665 ipsa
530 2622 674 2664 operatio
698 2631 831 2663 magna3
856 2623 938 2654 sicut
961 2622 1100 2654 arduitas
1117 2622 1222 2663 operis
1246 2632 1312 2653 non
1337 2628 1384 2653 est

306 2669 367 2700 nisi
390 2679 474 2710 opus
498 2669 646 2704 arduum,
664 2674 694 2699 et
714 2667 882 2698 difficultas
905 2677 990 2708 opus
1006 2667 1142 2698 difficile.
1159 2685 1180 2690 -
1197 2667 1319 2698 Contra
1334 2677 1383 2698 se-

307 2715 451 2746 cundum
474 2720 583 2744 autem
608 2713 733 2744 dicendi
757 2712 895 2743 modum
914 2712 1039 2749 militat,
1055 2712 1172 2752 primo,
1190 2712 1270 2743 ratio
1293 2722 1382 2752 prae-

307 2760 438 2791 cedens:
463 2759 540 2800 quia
555 2768 593 2789 ex
607 2758 670 2789 hoc
692 2756 955 2788 indissolubiliter
978 2757 1123 2798 sequitur
1139 2757 1229 2798 quod
1252 2767 1382 2798 magna-

307 2805 425 2841 nimus,
443 2804 624 2835 secundum
639 2803 729 2844 quod
753 2802 952 2839 huiusmodi,
968 2812 1035 2832 non
1059 2802 1132 2842 plus
1154 2809 1303 2842 operatur
1319 2811 1384 2832 ma-

307 2860 409 2891 gnum
432 2849 466 2879 in
489 2850 577 2880 bono
610 2858 709 2890 quam
736 2847 769 2877 in
801 2847 899 2877 malo.
924 2865 944 2869 -
968 2847 1127 2878 Secundo.
1157 2846 1383 2887 Magnanimus

308 2895 366 2926 scit
390 2904 474 2935 opus
498 2903 595 2925 suum
624 2903 691 2924 esse
715 2893 850 2923 bonum.
884 2891 983 2931 Igitur
1004 2891 1140 2922 intentio
1167 2902 1224 2922 sua
1248 2901 1314 2922 non
1338 2898 1386 2922 est

309 2940 349 2971 ad
373 2949 529 2980 magnum
551 2944 697 2974 tanturn,
722 2938 777 2968 sed
801 2937 841 2967 ad
864 2937 999 2967 bonum.
1023 2954 1045 2959 -
1068 2936 1191 2967 Tertio.
1222 2936 1386 2977 Magnani-

309 2995 383 3016 mus
399 2994 534 3025 operans
558 2993 714 3024 magnum
730 2992 814 3022 opus
837 2981 984 3017 iustitiae,
1005 2980 1130 3021 attingit
1145 2981 1184 3011 de
1200 2981 1284 3012 facto
1301 2991 1385 3021 opus

308 3031 441 3061 iustum.
466 3032 533 3060 Aut
556 3038 631 3069 ergo
656 3034 787 3069 praeter,
813 3034 867 3057 aut
891 3033 1001 3057 contra
1023 3025 1245 3062 intentionem,
1270 3032 1325 3056 aut
1348 3035 1386 3056 ex

309 3075 497 3106 intentione.
534 3074 609 3104 Non
633 3073 738 3113 primo
771 3081 828 3102 nec
853 3071 1016 3102 secundo:
1049 3080 1124 3110 ergo
1155 3070 1249 3101 tertio
1273 3071 1383 3101 modo.

310 3120 352 3151 Et
375 3119 595 3150 confirmatur:
621 3118 697 3159 quia
713 3124 768 3148 aut
792 3116 916 3156 attingit
934 3116 1014 3146 illud
1030 3115 1224 3151 naturaliter,
1238 3122 1293 3145 aut
1312 3125 1384 3145 cau-

311 3164 425 3201 saliter,
443 3171 499 3195 aut
517 3174 554 3194 ex
573 3163 743 3199 electione;
769 3171 835 3192 non
850 3161 992 3201 primum
1008 3170 1065 3191 nec
1089 3160 1284 3196 secundum;
1310 3169 1385 3199 ergo

311 3209 451 3240 tertium.
466 3227 487 3232 -
507 3209 642 3247 Quarto.
662 3206 888 3247 Magnanimus
907 3205 1068 3236 interdum
1092 3205 1210 3235 iudicat
1233 3205 1323 3245 quod
1346 3204 1386 3234 ad

313 3255 393 3284 bene
425 3255 601 3294 gerendum
628 3259 809 3293 susceptam
838 3250 1162 3286 administrationem,
1187 3256 1315 3290 oportet
1341 3248 1386 3279 fa-

314 3309 383 3330 cere
407 3309 491 3338 opus
514 3299 652 3330 arduum
674 3297 822 3328 iustitiae.
847 3296 910 3327 Sed
934 3295 1040 3326 omnis
1054 3295 1165 3326 volens
1178 3294 1279 3325 facere
1302 3304 1385 3334 opus

312 3343 451 3374 iustitiae
474 3344 622 3380 arduum,
642 3353 709 3373 non
731 3348 858 3372 tantum
878 3340 983 3381 dirigit
1005 3340 1215 3371 intentionem
1239 3349 1332 3370 suam
1347 3339 1387 3368 ad

315 3398 398 3429 opus
414 3386 592 3418 secundum
616 3388 705 3428 quod
721 3396 887 3427 magnum,
905 3386 960 3416 sed
984 3385 1079 3416 etiam
1104 3385 1282 3415 secundum
1297 3383 1387 3425 quod

314 3434 445 3464 iustum.
471 3431 570 3471 Igitur
584 3432 828 3472 magnanimitas
845 3440 912 3461 non
929 3431 1036 3461 solum
1053 3429 1157 3470 dirigit
1176 3429 1387 3460 intentionem

315 3488 407 3509 suam
430 3477 470 3507 ad
494 3486 578 3517 opus
601 3477 778 3507 secundum
802 3476 892 3517 quod
915 3485 1080 3516 magnum.

371 3523 412 3553 Et
434 3521 564 3552 tandem
593 3520 755 3552 concludit
777 3520 966 3561 opinionem
993 3521 1075 3551 hanc
1102 3519 1135 3549 in
1163 3519 1226 3549 hoc
1256 3517 1387 3549 deficere

315 3567 403 3608 quod
442 3566 619 3596 secundum
650 3575 735 3601 eam,
760 3575 857 3595 omne
888 3575 972 3605 opus
1004 3574 1176 3605 magnum,
1208 3563 1387 3594 secundum

316 3612 404 3652 quod
435 3620 605 3651 magnum,
631 3609 766 3649 pertinet
797 3609 836 3640 ad
867 3609 1171 3649 magnanimitatem.
1206 3608 1246 3639 Et
1277 3615 1388 3648 postea

1427 1591 1515 1622 addit
1537 1591 1626 1632 quod
1655 1592 1900 1632 magnanimitas
1924 1601 1971 1624 est
1994 1594 2101 1625 solum
2130 1595 2210 1626 circa
2233 1606 2342 1636 graves
2371 1598 2504 1628 admini-

1399 1629 1401 1690 4
1428 1636 1605 1667 strationes.
1630 1636 1671 1667 Et
1694 1638 1819 1677 probat.
1845 1638 1901 1668 Illa
1918 1638 1986 1670 sola
2003 1649 2100 1679 opera
2120 1648 2263 1681 spectant
2279 1642 2318 1671 ad
2338 1643 2504 1682 magnani-

1428 1691 1521 1711 mum
1546 1680 1664 1721 quibus
1688 1681 1789 1712 homo
1807 1682 1967 1723 dignificat
1991 1694 2023 1714 se
2042 1685 2166 1725 magnis
2186 1685 2364 1717 honoribus
2388 1687 2504 1728 quibus

1399 1692 1402 1773 Ι
1428 1733 1475 1756 est
1503 1725 1628 1765 dignus.
1659 1725 1720 1757 Sed
1745 1736 1801 1767 per
1824 1728 1893 1758 sola
1917 1738 2014 1768 opera
2045 1730 2191 1770 publicae
2224 1731 2506 1763 administrationis

1401 1792 1402 1808 3
1429 1777 1475 1801 est
1491 1770 1591 1801 homo
1615 1770 1731 1811 dignus
1755 1772 1879 1812 magnis
1903 1773 2090 1805 honoribus.
2117 1774 2223 1814 Igitur.
2240 1794 2261 1799 -
2277 1776 2432 1808 Probatur
2448 1777 2506 1807 rni-

1401 1816 1402 1819 ’
1429 1825 1498 1846 nor.
1521 1814 1605 1852 Quia
1622 1825 1678 1855 per
1693 1815 1815 1857 reliqua
1831 1827 1928 1857 opera
1941 1818 2042 1849 homo
2056 1830 2123 1850 non
2140 1819 2254 1851 dicitur
2269 1821 2503 1861 magnanimus,

1401 1856 1403 1894 ἕ,
1429 1866 1484 1890 aut
1507 1859 1747 1899 pusillanimus,
1773 1868 1827 1892 aut
1855 1863 2061 1900 ambitiosus,
2086 1871 2161 1901 etc.;
2186 1865 2240 1895 sed
2265 1876 2321 1906 per
2344 1866 2413 1897 sola
2436 1866 2505 1897 ista.

1487 1904 1524 1936 11.
1549 1904 1585 1934 In
1610 1905 1720 1935 eadem
1746 1907 1954 1946 responsione
1978 1909 2018 1939 ad
2041 1911 2234 1947 secundum,
2260 1910 2395 1942 dubium
2419 1911 2506 1941 aliud

1402 1977 1403 1994 3
1430 1948 1618 1985 occurrit*,
1649 1960 1690 1980 an
1718 1951 1962 1991 magnanimitas
1990 1953 2030 1985 sit
2059 1954 2139 1985 circa
2171 1964 2324 1995 magnum
2353 1956 2385 1986 in
2410 1966 2506 1996 opere

1402 2011 1404 2034 3
1430 1992 1692 2033 magnificentiae.
1725 1995 1766 2026 Et
1790 2004 1836 2028 est
1860 1997 1939 2028 ratio
1965 1998 2053 2028 dubii
2076 1999 2152 2040 quia
2176 2010 2234 2040 pro
2259 2001 2361 2040 parte‘
2371 1999 2506 2031 affirma-

1403 2035 1405 2076 }
1429 2038 1494 2069 tiva
1518 2045 1564 2070 est
1586 2039 1689 2070 littera
1709 2040 1751 2071 IV
1767 2041 1871 2072 Ethic.
1890 2049 1922 2073 et
1938 2044 2111 2082 praesentis
2140 2044 2272 2081 articuli,
2290 2045 2416 2081 scilicet,
2434 2047 2506 2076 Ma-

1403 2082 1405 2123 }
1429 2084 1580 2124 gnanimi
1603 2090 1650 2115 est
1668 2087 1800 2125 operari
1823 2097 1978 2127 magnum
2000 2089 2032 2118 in
2056 2089 2196 2128 qualibet
2219 2090 2338 2120 virtute
2346 2098 2359 2128 ;
2376 2098 2415 2126 et,
2432 2091 2506 2121 Ma-

1430 2129 1632 2169 gnanimitas
1655 2130 1791 2161 intendit
1814 2141 1970 2172 magnum
1995 2133 2027 2162 in
2051 2134 2139 2163 omni
2162 2135 2310 2164 materia.

1488 2173 1550 2203 Pro
1581 2181 1669 2213 parte
1700 2182 1807 2205 autem
1841 2177 1985 2216 negativa
2014 2184 2076 2213 est,
2106 2185 2177 2208 tum
2201 2179 2357 2219 quoniam
2381 2179 2419 2208 ad
2444 2189 2509 2209 ma-

1405 2243 1406 2248 ,
1432 2227 1534 2257 gnum
1557 2217 1590 2247 in
1615 2228 1672 2248 sua
1695 2219 1826 2249 materia
1850 2220 2084 2260 magnificentia
2107 2222 2208 2253 tendit
2231 2222 2357 2253 directe.
2383 2225 2429 2253 Ac
2453 2233 2509 2264 per

1406 2276 1407 2279 =
1433 2261 1516 2300 hoc,
1546 2270 1708 2302 oporteret
1737 2264 1815 2294 duas
1844 2265 1990 2302 virtutes,
2016 2266 2134 2297 scilicet
2156 2267 2451 2307 magnanimitatem
2480 2275 2510 2298 et

1406 2341 1407 2347 ἵ
1434 2306 1713 2346 magnificentiam,
1730 2309 1858 2340 tendere
1883 2310 1999 2341 directe
2023 2311 2061 2341 ad
2086 2321 2241 2352 magnum
2257 2311 2289 2342 in
2309 2313 2420 2342 eadem
2444 2323 2510 2342 ma—

1434 2351 1520 2383 teria.
1551 2352 1650 2390 Quod
1681 2360 1727 2384 est
1755 2353 1993 2386 inconveniens.
2018 2373 2039 2378 -
2062 2356 2151 2386 Tum
2182 2357 2336 2397 quoniam
2366 2357 2509 2396 magnifi-

1435 2397 1537 2428 centia
1560 2396 1593 2427 in
1617 2397 1679 2428 hoc
1697 2397 1799 2429 differt
1815 2409 1833 2429 a
1850 2400 1959 2430 ceteris
1974 2400 2145 2431 virtutibus
2165 2402 2223 2431 sub
2239 2401 2508 2442 magnanimitate,

1434 2442 1524 2482 quod
1548 2441 1627 2472 aliae
1650 2442 1791 2480 virtutes,
1816 2451 1852 2475 ut
1876 2444 1908 2475 in
1932 2444 2034 2476 littera
2059 2445 2188 2483 dicitur,
2214 2446 2334 2477 faciunt
2357 2457 2511 2487 magnum

1436 2486 1639 2518 consecutive
1663 2498 1701 2518 ex
1725 2488 1900 2529 quantitate
1923 2489 2046 2520 virtutis
2077 2490 2249 2530 perfectae:
2279 2490 2511 2531 magnificentia

1436 2538 1544 2563 autem
1573 2542 1610 2563 ex
1637 2531 1814 2564 intentione
1846 2534 1946 2565 tendit
1975 2535 2014 2565 ad
2039 2545 2195 2575 magnum
2226 2536 2258 2565 in
2283 2535 2336 2566 tali
2369 2536 2509 2571 materia,

1436 2576 1518 2608 sicut
1548 2577 1792 2618 magnanimitas
1816 2578 1849 2609 in
1882 2579 1971 2609 omni
1995 2579 2136 2610 materia.
2168 2579 2302 2610 Videtur
2334 2590 2409 2620 ergo
2433 2580 2511 2611 exci-

1435 2621 1553 2662 pienda
1577 2621 1811 2663 magnificentia
1835 2634 1852 2653 a
1875 2623 2006 2654 materia
2029 2624 2308 2664 magnanimitatis.

1493 2667 1546 2698 111.
1567 2667 1618 2698 Ad
1636 2667 1826 2698 evidentiam
1844 2668 1973 2705 horum,
1991 2668 2069 2699 scito
2085 2669 2174 2709 quod
2190 2668 2331 2709 primum
2347 2669 2483 2700 dubium
2495 2666 2511 2683 *

1434 2711 1509 2742 licet
1540 2719 1660 2752 spectet
1691 2713 1731 2742 ad
1755 2719 1922 2743 tractatum
1955 2713 1993 2743 de
2018 2713 2296 2753 magnanimitate:
2328 2713 2383 2744 ubi
2407 2713 2511 2744 adhuc

1436 2767 1504 2787 non
1528 2757 1725 2788 adverteram
1748 2757 1791 2788 ibi
1815 2767 1890 2788 cum
1914 2764 2002 2788 tanto
2022 2758 2130 2788 labore
2157 2758 2304 2788 traditam
2333 2757 2511 2789 doctrinam

1436 2801 1544 2832 haberi
1567 2801 1601 2832 in
1625 2802 1683 2833 hac
1707 2802 1915 2843 responsione
1939 2803 1977 2833 ab
1997 2805 2137 2833 Auctore
2160 2810 2227 2833 tam
2250 2802 2397 2833 breviter:
2419 2820 2439 2825 -
2457 2803 2511 2833 sed

1437 2846 1594 2887 quoniam
1617 2846 1693 2877 ibi*
1717 2847 1882 2887 explanata
1901 2854 1948 2878 est
1971 2846 2092 2884 diffuse,
2111 2854 2141 2878 et
2163 2847 2213 2878 hic
2238 2848 2276 2877 ab
2297 2850 2437 2878 Auctore
2462 2857 2511 2877 ex-

1437 2891 1581 2932 plicatur,
1607 2899 1638 2922 et
1661 2902 1679 2922 a
1702 2891 1840 2922 Martino
1865 2892 1915 2922 hic
1939 2891 2164 2932 impugnatur;
2195 2891 2268 2922 ideo
2297 2892 2348 2922 hic
2379 2902 2511 2932 quoque

1438 2936 1700 2977 respondendum
1723 2944 1770 2967 est
1793 2937 1882 2977 quod
1910 2937 2187 2977 quemadmodum
2212 2937 2337 2967 simitas
2359 2936 2512 2976 significat

1439 2982 1626 3013 curvitatem
1650 2991 1718 3011 non
1742 2981 1940 3021 simpliciter,
1966 2981 2021 3012 sed
2044 2981 2077 3011 in
2097 2991 2190 3017 naso,
2215 2988 2246 3012 et
2268 2991 2334 3011 non
2358 2980 2512 3021 significat

1439 3033 1623 3067 utrumque,
1640 3026 1758 3056 scilicet
1782 3025 1968 3057 curvitatem
1984 3033 2015 3056 et
2034 3036 2158 3062 nasum,
2176 3026 2230 3056 sed
2254 3025 2428 3056 formaliter
2444 3036 2512 3056 cur-

1438 3071 1587 3108 vitatem,
1611 3071 1645 3101 in
1668 3071 1727 3101 hac
1750 3077 1857 3101 tamen
1889 3070 2020 3101 materia
2053 3077 2262 3106 contractam;
2291 3070 2334 3100 ita
2357 3080 2512 3110 magnum

1439 3117 1528 3157 quod
1553 3123 1600 3146 est
1622 3115 1784 3146 obiectum
1804 3115 2010 3155 magnanimi,
2028 3125 2094 3145 non
2119 3123 2164 3146 est
2187 3124 2341 3154 magnum
2357 3115 2511 3151 absolute,

1440 3162 1494 3192 sed
1518 3168 1565 3191 est
1588 3170 1742 3200 magnum
1760 3159 1792 3190 in
1816 3170 1912 3200 opere
1929 3160 2067 3196 virtutis;
2091 3160 2134 3190 ita
2157 3159 2246 3200 quod
2262 3159 2450 3199 magnitudo
2468 3167 2514 3190 est

1439 3205 1472 3236 id
1495 3205 1585 3246 quod
1609 3204 1785 3235 formaliter
1808 3204 2001 3244 significatur
2024 3211 2054 3235 et
2077 3203 2242 3244 respicitur
2265 3214 2283 3233 a
2306 3204 2514 3244 magnanimi-

1439 3257 1517 3286 tate;
1543 3260 1626 3289 opus
1650 3256 1758 3280 autem
1778 3249 1959 3280 virtuosum
1981 3249 2014 3279 in
2034 3248 2211 3284 communi,
2228 3258 2293 3278 non
2314 3255 2512 3279 contractum

1440 3295 1481 3325 ad
1504 3294 1643 3334 speciem
1667 3294 1762 3324 huius
1795 3293 1918 3324 virtutis
1941 3294 1991 3323 vel
2014 3293 2116 3329 illius,
2141 3299 2187 3323 est
2210 3293 2356 3333 proxima
2384 3293 2514 3324 materia

1440 3339 1525 3370 illius
1549 3338 1787 3378 magnitudinis,
1813 3338 2000 3368 contrahens
2024 3337 2289 3378 magnitudinem,
2314 3338 2514 3369 materialiter

1441 3391 1558 3419 tamen,
1582 3383 1621 3413 ad
1645 3383 1807 3413 obiectum
1831 3381 2109 3423 magnanimitatiS‚
2133 3382 2215 3413 sicut
2237 3393 2333 3413 nasus
2358 3383 2515 3413 contrahit

1441 3428 1638 3464 curvitatem,
1664 3434 1695 3458 et
1718 3427 1916 3458 contraheret
1943 3427 1982 3457 ad
2006 3427 2167 3458 obiectum
2195 3427 2343 3458 scientiae
2366 3427 2513 3468 propriae

1442 3474 1481 3504 de
1505 3472 1657 3508 simitate,
1682 3472 1708 3502 si
1731 3482 1795 3513 qua
1819 3479 1908 3502 esset.

1497 3517 1719 3548 Recolendum
1749 3527 1858 3547 rursus
1882 3526 1919 3547 ex
1943 3526 2038 3556 supra
2054 3515 2072 3535 *
2095 3516 2185 3547 dictis
2209 3517 2299 3557 quod
2326 3516 2513 3556 magnitudo

1440 3562 1573 3594 virtuosi
1590 3562 1706 3602 operis,
1724 3568 1759 3592 ut
1775 3561 1870 3592 habet
1891 3561 2047 3592 rationem
2069 3561 2262 3592 conditionis
2291 3560 2512 3601 consequentis

1414 3635 1417 3639 .
1442 3607 1654 3648 quantitatem
1676 3606 1800 3637 virtutis
1831 3606 2036 3646 producentis
2066 3606 2188 3646 ipsam,
2212 3616 2278 3636 non
2302 3605 2396 3636 habet
2418 3605 2513 3635 ratio-

2626 1014 2652 1034 n.
2672 1014 2694 1029 n.
2711 1014 2738 1035 n,

2525 1010 2535 1019 ⁶
2549 1008 2582 1030 Ca
2601 1025 2606 1030 .

2525 1041 2552 1063 ι5.
2564 1015 2610 1058 -ἓ,
2625 1035 2669 1057 Th.
2685 1035 2737 1057 lect.

2525 1068 2566 1084 vn.

2625 1117 2639 1141 δ

2535 1970 2544 1979 ·
2559 1968 2595 1990 Cf.
2611 1974 2674 1989 num.
2690 1975 2712 1989 v.

2540 2674 2548 2681 ⁸
2563 2671 2634 2693 Num.
2650 2676 2664 2692 1.

2540 2858 2549 2867 μ

2561 2857 2607 2906 Ωὲι.
2618 2862 2696 2880 cxxix.
2709 2861 2752 2878 art.

2539 2891 2561 2910 4,
2597 2887 2710 2905 omment.
2728 2890 2751 2904 n.

2539 2917 2556 2932 u
2571 2916 2622 2939 sqq.

2542 3527 2550 3535 ⁸
2566 3525 2631 3552 1bid.‚
2647 3531 2711 3546 num.
2722 3531 2751 3545 ιν.
