2768 4198
3 716 12 724 ⁸
27 714 83 741 Cap.
100 719 147 734 xxi.

1 1203 10 1212 ⁸
26 1201 92 1222 Vers.
109 1205 133 1220 ιι.

3 1518 12 1525 ”
28 1516 87 1538 Vers
112 1522 140 1544 13,
157 1521 187 1541 ¹4·

103 1578 117 1600 ⁷l

5 1735 14 1743 ⁸
28 1733 85 1760 Cap.
100 1738 146 1754 xxi.

6 2214 14 2222 ⁴
33 2212 101 2233 Num:
118 2218 145 2240 ¹3-

11 2642 19 2649 ·
36 2640 92 2668 Cap.
108 2646 160 2661 xxv.

245 253 319 297 514

229 330 405 378 fidelium
425 328 588 365 subsidio
607 327 900 375 supplendorum
928 323 1228 360 necessariorum
1249 319 1310 355 de-

241 395 319 420 esse
356 395 430 419 non
468 382 602 418 debent
636 381 706 417 illis
726 378 738 401 δ
772 378 890 415 servis
924 376 999 413 Dei
1034 375 1100 424 qui
1135 373 1309 410 manibus
1336 396 1338 420 3

242 442 458 485 operantur,
482 441 520 472 ut
543 437 661 471 horae
689 433 833 481 quibus
850 431 901 467 ad
927 428 1200 478 expediendum
1229 425 1310 462 ani-
1336 421 1338 436 ¹

243 502 346 526 mum
382 491 432 526 ita
467 494 628 525 vacatur
657 492 696 522 ut
723 486 785 521 illa
821 482 1037 532 corporalia
1073 492 1189 529 opera
1225 479 1312 529 geri
1337 502 1339 508 .

242 556 316 580 non
346 543 501 591 possint,
537 553 610 577 non
649 540 865 587 opprimant
905 541 1079 586 egestate.
1110 557 1134 563 -
1163 533 1308 593 Tertio,

242 605 396 645 propter
416 595 611 644 pristinam
634 591 966 629 conversationem
990 601 1124 625 eorum
1146 599 1211 635 qul
1232 599 1310 623 non

243 656 524 687 consueverunt
544 646 720 684 manibus
740 646 926 682 laborare.
947 643 1059 681 Unde
1076 640 1311 689 Augustinus

244 704 352 748 dicit,
384 703 419 739 in
449 702 544 738 libro
575 701 620 737 de
652 699 834 748 Operibus
862 698 1045 734 Monach.
1074 696 1111 741 ²⁸⁸,
1142 695 1248 743 quod
1280 693 1314 730 si

242 758 429 794 habebant
460 755 604 802 aliquid
631 754 667 790 in
697 753 848 790 saeculo
877 764 951 800 quo
976 750 1099 799 facile
1125 749 1206 785 sine
1233 748 1311 796 opi-

237 812 325 858 ficio
349 813 599 846 sustentarent
616 808 725 843 istam
751 807 878 852 vitam,
900 805 1002 854 quod
1019 809 1043 851 ²,
1065 802 1238 840 conversi
1263 801 1314 838 ad

242 865 385 908 Deum,
416 862 668 912 indigentibus
705 860 887 908 dispertiti
918 864 1023 903 sunt;
1052 863 1088 894 et
1125 855 1311 894 credenda

242 923 296 954 est
313 929 445 953 eorum
482 915 693 963 infirmitas,
715 920 749 950 et
774 913 955 962 ferenda.
984 911 1112 949 Solent
1138 911 1237 947 enim
1259 915 1312 946 ta-

242 972 311 1016 les,
341 969 559 1019 languidius
593 969 755 1014 educati,
785 968 954 1004 laborem
984 977 1142 1015 operum
1181 975 1314 1012 corpo-

243 1025 382 1061 ralium
410 1024 593 1060 sustinere
621 1034 696 1058 non
721 1034 843 1071 posse.
876 1043 879 1045 >

296 1078 380 1115 Alio
411 1077 530 1114 modo
561 1075 722 1113 efficitur
751 1074 891 1124 aliquid
920 1073 1029 1111 alicui
1067 1071 1238 1110 debitum
1269 1082 1314 1106 ex

243 1145 288 1168 eo
319 1131 424 1181 quod
454 1131 535 1180 ipse
565 1129 727 1175 exhibet,
758 1129 839 1166 sive
869 1127 915 1165 sit
942 1127 1083 1176 aliquid
1103 1124 1314 1174 temporale

243 1186 323 1222 sive
343 1185 555 1234 spirituale:
587 1184 800 1220 secundum
821 1182 912 1219 illud
934 1183 946 1218 1
969 1182 1020 1219 ad
1042 1182 1129 1218 Cor.
1152 1192 1187 1216 ix
1205 1178 1245 1215 *τ
1275 1178 1318 1215 Si

243 1252 310 1276 nos
329 1239 434 1276 vobis
452 1238 662 1287 spiritualia
681 1237 962 1282 seminavimus,
992 1247 1066 1272 non
1088 1233 1100 1259 ζ
1128 1244 1315 1283 magnum

243 1300 295 1330 est
313 1294 346 1330 si
363 1292 536 1330 carnalia
556 1297 680 1329 vestra
701 1297 897 1328 metamus.
925 1290 974 1326 Et
992 1288 1207 1326 secundum
1228 1287 1315 1332 hoc,

244 1346 539 1396 quadrupliciter
575 1354 734 1395 possunt
773 1343 935 1392 religiosi
974 1343 1020 1380 de
1060 1339 1345 1389 eleemosynis,

242 1402 374 1438 vivere
410 1400 519 1450 quasi
561 1400 631 1436 sibi
668 1398 814 1435 debitis.
851 1397 1002 1442 Primo,
1033 1394 1068 1433 si
1097 1394 1319 1445 praedicent

848 243 1116 292 QUAESTIO
1150 238 1418 285 CLXXXVII,
1448 240 1747 277 ARTICULUS
1779 239 1830 276 lV

1365 326 1421 354 est
1450 319 1504 355 eis
1533 319 1716 355 illicitum.
1747 318 1860 356 Unde
1889 317 2124 366 Augustinus
2146 317 2243 364 dicit,
2274 317 2311 354 in
2340 317 2438 354 libro

1364 372 1410 408 de
1442 372 1625 420 Operibus
1651 373 1835 409 Monach.
1856 371 1892 408 *z
1922 371 2155 420 Plerumque
2172 371 2224 408 ad
2235 372 2439 420 professio-

1366 437 1451 462 nem
1478 426 1665 462 servitutis
1689 426 1765 462 Dei
1790 437 1841 462 ex
1868 426 2080 462 conditione
2098 424 2227 462 servili
2243 424 2363 473 aliqui
2379 436 2440 462 ve-

1366 479 1484 524 niunt,
1514 484 1551 515 et
1577 491 1627 515 ex
1653 479 1730 515 vita
1759 479 1964 525 rusticana,
1994 485 2030 515 et
2056 491 2106 515 ex
2134 479 2311 527 opificum
2332 490 2441 515 exer-

1366 532 1541 568 citatione
1569 538 1605 568 et
1624 532 1772 580 plebeio
1792 533 1943 569 labore:
1973 533 2018 569 de
2037 533 2171 581 quibus
2191 544 2265 569 non
2285 538 2444 581 apparet

1368 591 1494 622 utrum
1528 597 1578 622 ex
1604 586 1799 634 proposito
1827 586 2013 622 servitutis
2046 586 2122 622 Dei
2153 586 2341 632 venerint,
2371 598 2441 632 an,

1368 640 1484 676 vitam
1504 639 1654 687 inopem
1683 644 1717 675 et
1738 639 1968 675 laboriosam
1977 639 2187 688 fugientes,
2207 640 2322 676 vacui
2334 640 2445 688 pasci

1366 698 1478 741 atque
1506 693 1636 729 vestiri
1661 693 1785 738 velint,
1815 697 1852 728 et
1878 692 2031 740 insuper
2057 693 2243 730 honorari
2265 705 2288 730 a
2309 694 2443 742 quibus

1367 747 1558 783 contemni
1583 746 1801 794 conterique
1819 751 2105 782 consueverunt.
2139 746 2249 783 Tales
2267 759 2362 797 ergo
2390 759 2441 793 se,

1367 800 1569 849 quominus
1597 805 1811 848 operentur,
1840 799 1886 836 de
1904 799 2121 847 infirmitate
2140 801 2310 848 corporis
2328 813 2442 838 excu-

1339 890 1341 912 3
1366 866 1454 891 sare
1483 865 1558 890 non
1581 859 1758 903 possunt:
1791 853 2022 901 praeteritae
2056 853 2192 903 quippe
2222 853 2323 891 vitae
2355 866 2444 892 con-

1367 908 1562 944 suetudine
1580 907 1867 944 convincuntur.
1890 907 1939 943 Et
1957 914 2092 955 postea
2106 906 2126 928 '¹‘
2150 906 2293 944 subdit:
2319 907 2362 944 Si
2378 920 2444 945 no-

1369 962 1450 999 lunt
1472 962 1636 1010 operari,
1659 973 1728 998 nec
1746 960 1983 997 manducent.
2013 960 2151 1008 Neque
2173 965 2376 1010 propterea
2394 962 2447 999 ad

1363 1016 1542 1064 pietatem
1571 1015 1701 1052 divites
1728 1014 1998 1060 humiliantur,
2029 1019 2071 1050 ut
2090 1026 2280 1063 pauperes
2307 1015 2359 1051 ad
2383 1027 2446 1053 su-

1364 1070 1540 1118 perbiam
1579 1068 1830 1106 extollantur:
1866 1068 1969 1105 nullo
1998 1068 2098 1104 enim
2127 1068 2239 1104 modo
2273 1068 2376 1107 decet
2408 1074 2448 1106 ut

1371 1125 1408 1160 in
1429 1135 1474 1161 ea
1494 1123 1571 1160 vita
1601 1122 1666 1160 ubi
1691 1127 1884 1159 senatores
1900 1123 2006 1170 fiunt
2033 1121 2226 1168 laboriosi,
2236 1122 2344 1169 fiant
2369 1122 2447 1171 opi-

1366 1178 1459 1225 fices
1487 1176 1614 1221 otiosi;
1651 1182 1687 1213 et
1713 1187 1787 1225 quo
1816 1175 1986 1221 veniunt,
2017 1175 2153 1212 relictis
2180 1174 2321 1212 deliciis
2347 1177 2446 1222 suis,

1371 1231 1438 1280 qui
1460 1231 1628 1280 fuerunt
1654 1230 1905 1279 praediorum
1940 1229 2104 1275 domini,
2137 1229 2190 1266 ibi
2219 1229 2295 1266 sint
2319 1229 2451 1267 rustici

1343 1289 1344 1297 ¹
1372 1285 1530 1322 delicati.

1425 1341 1483 1375 Αι)
1499 1350 1637 1375 ptumum
1653 1348 1753 1374 ERGO
1769 1347 1955 1374 chENDUM
1975 1337 2082 1384 quod
2103 1336 2348 1374 auctoritates
2363 1337 2448 1374 illae

1372 1400 1460 1430 sunt
1492 1391 1757 1440 intelligendae
1795 1398 1971 1440 tempore
2006 1390 2260 1438 necessitatis,
2291 1390 2449 1440 quando

245 1454 467 1492 auctoritate
496 1454 769 1502 praelatorum.
798 1471 824 1480 —
854 1451 1056 1496 Secundo,
1087 1450 1117 1486 si
1147 1449 1219 1486 sint
1248 1447 1315 1485 mi-

245 1508 348 1546 nistri
379 1508 514 1545 altaris.
547 1507 659 1554 Quia,
689 1515 730 1543 ut
759 1505 893 1543 dicitur
922 1506 935 1542 Ι
965 1504 1017 1541 ad
1039 1504 1126 1541 Cor.
1149 1515 1184 1540 ix
1201 1501 1233 1548 ³¹²,
1254 1502 1321 1551 qui
1344 1505 1346 1514 ’

244 1563 356 1600 altari
376 1567 394 1589 η
423 1562 656 1606 deserviunt,
686 1572 772 1597 cum
801 1559 916 1596 altari
936 1557 1237 1607 participantur:
1267 1556 1318 1592 ita

245 1622 281 1653 et
306 1616 495 1653 Dominus
523 1614 713 1651 ordinavit
739 1613 796 1649 his
818 1613 884 1661 qui
901 1611 1157 1661 Evangelium
1177 1611 1319 1647 denun-
1346 1637 1347 1651 ι

245 1668 348 1715 tiant,
378 1670 424 1706 de
451 1667 663 1717 Evangelio
692 1667 830 1703 vivere.
868 1666 915 1702 Et
943 1664 1179 1712 Augustinus
1209 1662 1318 1708 dicit,
1346 1673 1347 1711 J

245 1724 281 1759 in
312 1723 407 1759 libro
438 1723 483 1758 de
516 1721 699 1769 Operibus
726 1719 909 1756 Monach.
930 1718 967 1755 *z
998 1718 1041 1754 Si
1065 1716 1321 1766 evangelistae

243 1782 340 1821 sunt,
361 1777 503 1824 fateor,
530 1775 669 1811 habent
696 1775 939 1821 (potestatem
968 1770 1125 1808 vivendi
1148 1770 1194 1807 de
1215 1782 1319 1807 sum·
1347 1777 1348 1784 ¹

243 1830 371 1879 ptibus
404 1828 610 1874 fidelium:
640 1827 672 1863 si
703 1826 867 1863 ministri
883 1825 1026 1871 altaris,
1048 1825 1320 1873 dispensatores

243 1888 582 1927 sacramentorum,
610 1882 703 1917 bene
721 1881 794 1917 sibi
811 1881 920 1917 istam
941 1891 1016 1916 non
1036 1883 1236 1928 arrogant,
1256 1877 1323 1914 sed

239 1937 355 1986 plane
383 1936 576 1973 vindicant
596 1940 832 1983 potestatem.
864 1934 912 1970 Et
936 1934 1011 1970 hoc
1030 1932 1130 1979 ideo,
1152 1931 1242 1980 quia
1262 1943 1320 1967 sa·

246 1987 509 2028 eramentum0
530 1988 667 2034 altaris,
683 1988 921 2036 ubicumque
942 1995 1087 2036 agatur,
1110 1997 1319 2023 commune

246 2053 301 2082 est
330 2044 396 2081 toti
425 2044 570 2093 populo
607 2042 793 2080 fidelium.
824 2062 848 2070 -
878 2041 1024 2087 Tertio,
1055 2039 1086 2077 si
1122 2039 1293 2077 insistant
1313 2044 1321 2059 ‘

246 2097 370 2136 studio
392 2110 521 2135 sacrae
543 2096 760 2145 Scripturae
781 2095 829 2133 ad
851 2106 1102 2133 communem
1123 2093 1320 2131 utilitatem
1347 2103 1348 2147 ζ

246 2152 361 2189 totius
390 2151 598 2188 Ecclesiae.
627 2150 740 2187 Unde
771 2150 1036 2198 Hieronymus
1066 2147 1164 2194 dicit,
1188 2152 1320 2184 contra

253 2205 498 2256 Vigilantium
517 2204 557 2241 *ε
587 2204 700 2241 Haec
720 2204 757 2240 in
777 2204 922 2240 Iudaea
937 2209 953 2225 ²
975 2214 1091 2251 usque
1109 2201 1219 2239 hodie
1232 2212 1320 2250 per-

247 2265 396 2296 severat
417 2258 658 2303 consuetudo,
680 2269 755 2294 non
775 2257 897 2294 solum
918 2256 1021 2306 apud
1039 2268 1107 2292 nos
1125 2255 1191 2292 sed
1208 2254 1320 2292 etiam

249 2313 352 2362 apud
377 2313 590 2357 Hebraeos,
613 2316 653 2347 ut
674 2311 740 2359 qui
757 2311 793 2347 in
814 2310 899 2360 lege
917 2309 1078 2347 Domini
1095 2308 1324 2346 meditantur
1348 2301 1350 2350 ξ

249 2367 308 2403 die
336 2377 382 2403 ac
410 2371 528 2411 nocte,
549 2370 585 2401 et
606 2369 756 2412 patrem
786 2375 861 2400 non
889 2364 1027 2400 habent
1055 2363 1091 2400 in
1122 2367 1224 2399 terra
1253 2361 1326 2398 nisi

249 2420 371 2457 solum
391 2420 528 2463 Deum,
553 2418 662 2454 totius
682 2417 783 2454 orbis
800 2418 1015 2466 foveantur
1042 2415 1266 2453 ministeriis.
1298 2436 1322 2443 -

252 2474 413 2521 Quart0,
443 2472 473 2509 si
503 2473 606 2509 bona
631 2471 859 2520 temporalia
888 2482 988 2519 quae
1016 2470 1212 2507 habebant
1241 2481 1324 2506 mo-

251 2527 414 2564 nasterio
444 2527 662 2574 largiuntur,
692 2532 854 2574 possunt
883 2525 929 2562 de
960 2522 1216 2572 eleemosynis
1240 2535 1323 2560 mo·
1350 2516 1352 2540 ³

251 2580 415 2618 nasterio
444 2580 550 2617 factis
579 2578 723 2615 vivere.
754 2579 865 2616 Unde
895 2578 1131 2626 Augustinus
1161 2576 1260 2623 dicit,
1286 2577 1324 2614 in

251 2635 347 2672 libro
377 2635 423 2671 de
455 2633 638 2682 Operibus
665 2633 849 2670 Monach.
870 2631 902 2678 *,
933 2632 1038 2681 quod
1067 2631 1124 2669 his
1153 2631 1237 2680 qui,
1267 2643 1324 2668 re-

252 2689 338 2726 licta
367 2687 427 2725 vel
453 2687 649 2733 distributa
685 2686 765 2723 sive
792 2686 920 2734 ampla
954 2686 1033 2724 sive
1060 2684 1327 2734 qualicumque

252 2742 462 2791 opulentia,
497 2737 594 2778 inter
629 2752 816 2789 pauperes
849 2740 988 2777 Christi
1016 2740 1084 2789 pia
1117 2744 1154 2776 et
1182 2739 1329 2776 salubri
1352 2745 1353 2751 ¹

252 2795 460 2833 humilitate
494 2794 692 2832 numerari
723 2793 872 2840 volunt,
911 2794 1030 2831 vicem
1063 2793 1327 2831 sustentandae

253 2850 351 2887 vitae
378 2860 510 2886 eorum
550 2860 611 2885 res
639 2849 718 2897 ipsa
748 2847 959 2884 communis
988 2853 1024 2884 et
1046 2848 1229 2896 fraterna
1265 2858 1326 2884 ca-

254 2904 344 2940 ritas
382 2903 497 2940 debet.
542 2902 617 2944 Qui
652 2901 890 2939 laudabiliter
927 2907 1050 2952 agunt
1084 2901 1118 2938 si
1153 2900 1328 2938 manibus

254 2962 467 3006 operentur.
493 2956 604 2998 Quod
620 2956 654 2992 si
672 2955 801 3002 nolint,
822 2955 904 3003 quis
923 2955 1061 2992 audeat
1079 2967 1141 2992 eos
1161 2954 1328 3008 cogere?
1354 2971 1355 3002 ς

254 3010 339 3048 Nec
354 3016 408 3047 est
422 3009 701 3056 attendendum,
718 3017 759 3046 ut
774 3008 915 3046 ibidem
939 3009 1125 3055 subditur,
1142 3008 1178 3046 in
1195 3008 1328 3058 quibus

255 3064 492 3102 monasteriis
515 3063 575 3100 vel
593 3063 630 3100 in
651 3075 725 3112 quo
754 3062 837 3100 loco
866 3062 1118 3113 indigentibus
1134 3062 1328 3112 fratribus

256 3118 422 3167 quisquis
450 3118 522 3154 hoc
554 3117 656 3166 quod
688 3117 851 3154 habebat
885 3116 1127 3165 impenderit:
1157 3117 1328 3154 omnium

257 3172 356 3208 enim
390 3170 694 3208 Christianorum
725 3182 802 3207 una
831 3170 1042 3220 respublica
1071 3177 1136 3208 est.
1355 3197 1357 3214 .

311 3224 350 3261 Si
377 3237 472 3262 vero
503 3224 618 3274 aliqui
646 3223 718 3261 sint
747 3223 911 3272 religiosi
941 3223 1004 3273 qui
1034 3225 1179 3274 absque
1199 3236 1328 3262 neces·
1356 3218 1357 3271 i

258 3278 363 3315 sitate
394 3285 430 3315 et
456 3277 612 3315 utilitate
642 3290 762 3327 quam
791 3277 963 3326 afferant,
993 3277 1112 3323 velint
1140 3277 1252 3316 otiosi
1281 3277 1330 3316 de
1356 3274 1358 3299 ³

259 3332 512 3380 eleemosynis
541 3344 642 3381 quae
672 3331 809 3369 dantur
837 3332 1071 3381 pauperibus
1090 3331 1234 3378 vivere,
1255 3331 1331 3370 hoc
1356 3326 1358 3340 ⁴

313 3445 337 3478 δ)
358 3445 419 3472 illis.
431 3460 450 3466 -
464 3447 504 3472 vel
523 3447 628 3477 CHIsK,
640 3455 693 3473 om.
714 3447 766 3477 Pa;
786 3455 834 3480 pro
853 3447 1061 3480 expediendum,
1075 3447 1283 3479 expendendum
1297 3447 1334 3478 L;

260 3489 308 3515 pro
323 3481 438 3514 possint,
453 3486 568 3513 possunt
588 3482 838 3514 PABDEFHLpKet
857 3490 882 3512 a,
899 3486 1015 3515 possunt
1033 3489 1168 3515 expuncto.
1186 3483 1294 3515 possint
1311 3482 1334 3513 1;

261 3525 308 3551 pro
329 3524 380 3542 non
400 3517 563 3549 opprimant,
585 3518 636 3542 nisi
654 3518 845 3550 opprimantur
864 3518 896 3543 G.
1039 3519 1042 3523 '

314 3555 336 3585 ε)
356 3553 553 3585 quod-quam
575 3553 806 3586 PABDEFIKLpC
826 3559 851 3578 et
869 3561 903 3582 a,·
922 3561 969 3586 pro
981 3554 1109 3586 serenda,
1130 3553 1267 3587 offerenda
1292 3552 1336 3578 BC

262 3589 451 3621 DEFHIKLpA
473 3594 498 3613 et
516 3596 542 3617 a,
568 3593 597 3612 ut
610 3595 658 3612 nos
678 3589 716 3617 G:
735 3595 783 3620 pro
797 3589 960 3621 languidius,
975 3589 1076 3614 lautius
1095 3589 1128 3619 Η,
1147 3589 1288 3614 delicatius
1307 3588 1336 3613 Ρ.

315 3624 340 3657 ζ)
361 3632 422 3650 non.
438 3638 457 3643 -
476 3625 537 3649 Om.
556 3623 690 3649 ACDEIL.
1360 3634 1363 3655 !

1344 1491 1345 1499 ἶ
1373 1452 1515 1490 scilicet
1547 1464 1626 1489 non
1659 1459 1790 1500 posset
1819 1450 1934 1487 -aliter
1965 1451 2202 1500 pauperibus
2239 1450 2449 1488 subveniri.

1373 1507 1487 1543 Tunc
1508 1506 1612 1543 enim
1632 1513 1853 1542 tenerentur
1873 1516 1950 1541 non
1973 1505 2099 1542 solum
2120 1505 2169 1542 ab
2193 1504 2451 1554 eleemosynis

1374 1560 1605 1609 accipiendis
1635 1559 1833 1606 desistere,
1863 1558 1931 1595 sed
1962 1558 2077 1595 etiam
2107 1571 2189 1605 sua,
2219 1558 2249 1596 si
2279 1571 2356 1607 qua
2383 1559 2451 1596 ha—

1374 1615 1520 1661 berent,
1551 1613 1676 1661 largiri
1705 1613 1755 1650 ad
1783 1623 2000 1661 pauperum
2031 1612 2362 1650 sustentationem.

1428 1668 1488 1703 An
1507 1678 1701 1704 SECUNDUM
1721 1677 1908 1703 ῡιεΕΝυυΜ
1927 1666 2032 1713 quod
2062 1665 2239 1715 praelatis
2268 1665 2453 1715 competit

1374 1719 1609 1769 praedicatio
1649 1731 1695 1756 ex
1733 1719 1885 1757 officio:
1930 1719 2114 1767 religiosis
2152 1728 2281 1758 autem
2325 1727 2454 1769 potest

1375 1781 1597 1822 competere
1627 1785 1672 1810 ex
1694 1771 1982 1810 commissione.
2014 1773 2063 1810 Et
2082 1773 2144 1819 ita,
2167 1786 2256 1811 cum
2277 1774 2453 1811 laborent

1376 1827 1414 1864 in
1452 1839 1544 1875 agro
1581 1826 1811 1868 Dominioe‚
1842 1833 2004 1874 possunt
2040 1826 2176 1864 exinde
2204 1827 2358 1864 vivere:
2397 1838 2454 1864 se-

1376 1880 1547 1918 cundum
1578 1880 1669 1917 illud
1699 1881 1729 1917 11
1751 1879 1804 1917 ad
1829 1879 1925 1916 Tim.
1947 1891 1971 1916 ιι
1990 1878 2030 1916 *z
2059 1880 2319 1918 Laborantem
2347 1880 2454 1931 agri·

1375 1935 1498 1972 colam
1519 1940 1665 1983 oportet
1685 1934 1856 1983 primum
1877 1933 1924 1970 de
1928 1933 2126 1981 fructibus
2138 1934 2370 1983 percipere,··
2387 1933 2454 1972 ubi

1376 1988 1465 2026 dicit
1485 1988 1624 2026 Glossa
1642 1987 1683 2024 *2
1712 1987 1852 2025 scilicet
1863 1987 2183 2036 praedicatorem,
2203 1988 2270 2037 qui
2295 1988 2334 2025 in
2353 1999 2454 2038 agro

1374 2042 1568 2080 Ecclesiae
1602 2042 1732 2092 ligone
1765 2042 1874 2079 verbi
1912 2041 1985 2078 Dei
2017 2041 2157 2079 excolit
2196 2042 2315 2080 corda
2349 2041 2457 2080 audi-

1376 2102 1514 2134 torum.

1430 2151 1597 2187 Possunt
1612 2148 1725 2186 etiam
1747 2147 1795 2186 de
1811 2148 2068 2197 eleemosynis
2083 2146 2096 2170 λ
2110 2148 2244 2186 vivere
2260 2148 2327 2197 qui
2346 2159 2455 2198 prae·

1347 2194 1349 2238 ἶ
1377 2203 1610 2241 dicatoribus
1648 2201 1875 2240 ministrant.
1916 2202 2029 2241 Unde
2067 2214 2184 2252 super
2215 2202 2308 2241 illud
2340 2203 2454 2241 Rom.

1376 2269 1424 2294 xv
1442 2256 1473 2302 ²⁸,
1505 2257 1548 2294 Si
1572 2255 1825 2305 spiritualium
1859 2268 1992 2294 eorum
2019 2257 2226 2305 participes
2243 2256 2346 2304 facti
2370 2261 2460 2294 sunt
2483 2265 2494 2276 ⁸

1376 2310 1553 2361 gentiles,
1583 2310 1717 2347 debent
1743 2315 1780 2346 et
1815 2310 1852 2346 in
1888 2310 2107 2348 carnalibus
2140 2310 2358 2348 ministrare
2385 2322 2456 2356 eis,

1349 2385 1351 2415 5
1378 2364 1465 2401 dicit
1484 2364 1624 2401 Glossa
1642 2363 1681 2400 *ε
1705 2363 1847 2400 scilicet
1862 2363 2033 2410 Iudaeis,
2063 2364 2130 2412 qui
2147 2364 2331 2400 miserunt
2341 2374 2457 2412 prae-

1378 2419 1563 2455 dicatores
1591 2418 1640 2454 ab
1667 2417 1963 2466 IIierosolrmis.

1433 2470 1481 2508 Et
1509 2479 1639 2508 tamen
1673 2479 1760 2508 sunt
1788 2470 1902 2508 etiam
1941 2470 2036 2508 aliae
2066 2482 2206 2507 causae
2245 2482 2291 2507 ex
2319 2470 2459 2520 quibus

1378 2524 1490 2562 alicui
1519 2525 1680 2562 debetur
1699 2532 1740 2562 ut
1763 2524 1811 2562 de
1832 2524 2048 2574 sumptibus
2077 2523 2249 2562 fidelium
2278 2523 2397 2570 vivat,
2418 2531 2460 2563 ut

1380 2579 1524 2616 dictum
1554 2586 1610 2615 est
1629 2577 1660 2615 *.

1433 2635 1493 2670 Αι)
1528 2643 1691 2670 TERTIUM
1724 2643 1911 2669 Diei-:uuum
1946 2631 2053 2680 quod
2066 2660 2075 2678 ,
2115 2631 2251 2669 ceteris
2278 2631 2457 2680 paribus,

1380 2687 1472 2724 dare
1493 2694 1549 2723 est
1569 2685 1774 2735 perfectius
1793 2697 1911 2734 quam
1933 2686 2120 2734 accipere.
2147 2685 2197 2722 Et
2215 2691 2346 2723 tamen
2367 2685 2459 2724 dare

1380 2740 1442 2778 vel
1472 2740 1687 2789 relinquere
1715 2739 1848 2776 omnia
1868 2751 1937 2776 sua
1966 2751 2036 2788 pro
2059 2737 2225 2786 Christo,
2248 2746 2285 2776 et
2303 2737 2460 2777 modica

1381 2794 1553 2843 accipere
1574 2794 1624 2831 ad
1644 2793 1963 2831 sustentationem
1980 2793 2093 2839 vitae,
2111 2792 2249 2830 melius
2263 2799 2321 2830 est
2337 2803 2459 2842 quam

1381 2849 1470 2886 dare
1492 2847 1767 2897 particulariter
1781 2848 1911 2895 aliqua
1925 2846 2176 2896 pauperibus:
2196 2854 2239 2883 ut
2252 2857 2299 2883 ex
2314 2844 2460 2895 supra*

1382 2902 1491 2940 dictis
1519 2909 1635 2951 patet.

1434 2957 1494 2993 An
1531 2966 1707 2999 QUARTUM
1740 2965 1929 2992 nicannun
1957 2953 2064 3002 quod
2093 2952 2267 3002 accipere
2297 2963 2460 2991 munera

1382 3009 1431 3047 ad
1452 3009 1602 3046 divitias
1622 3008 1942 3057 augmentandas,
1962 3007 2026 3045 vel
2050 3005 2224 3055 accipere
2244 3006 2389 3044 victum
2410 3007 2460 3044 ab

1382 3063 1455 3100 alio
1477 3063 1547 3100 sibi
1569 3075 1647 3100 non
1669 3062 1842 3100 debitum
1871 3062 2019 3110 absque
2048 3059 2205 3098 utilitate
2235 3068 2270 3097 et
2299 3059 2462 3098 necessi-

1382 3124 1470 3163 tate,
1487 3124 1653 3166 praestat
1673 3115 1918 3153 occasionem
1934 3113 2092 3164 peccati.
2113 3113 2230 3160 Quod
2246 3126 2327 3152 non
2345 3115 2462 3152 habet

1383 3172 1513 3208 locum
1547 3170 1585 3207 in
1621 3169 1820 3218 religiosis,
1855 3176 1898 3207 ut
1933 3179 1979 3205 ex
2011 3179 2127 3216 supra
2154 3165 2175 3188 '⁸‘
2203 3167 2312 3205 dietis
2343 3175 2459 3218 patet.
2489 3173 2499 3183 “

1437 3226 1496 3261 An
1535 3235 1700 3267 Quiuruu
1738 3228 1924 3261 mesanum
1951 3220 2075 3270 quod,
2106 3221 2263 3269 quando
2302 3229 2463 3271 apparet

1385 3278 1587 3316 manifesta
1602 3276 1806 3315 necessitas
1822 3282 1859 3313 et
1877 3273 2014 3312 utilitas
2033 3282 2191 3323 propter
2210 3287 2330 3324 quam
2346 3274 2463 3324 aliqui

1385 3331 1551 3380 religiosi
1575 3331 1624 3369 de
1645 3327 1902 3377 eleemosynis
1920 3327 2057 3365 vivunt
2076 3329 2223 3376 absque
2243 3340 2360 3378 opere
2381 3341 2462 3366 ma·

1441 3449 1468 3478 η)
1487 3445 1611 3471 altar-L·
1628 3443 1730 3470 altario
1754 3442 1787 3474 1³3
1812 3449 1860 3474 pro
1886 3442 1972 3468 altari
1993 3442 2206 3475 participantur,
2230 3442 2334 3468 altario
2347 3442 2465 3476 partie-‘-

1383 3481 1695 3549 pang)};lacramentum.
1706 3527 1726 3534 —
1743 3514 1904 3548 sacrificium
1925 3515 1953 3540 Ρ.

1443 3552 1461 3584 ι)
1483 3551 1618 3576 insistant.
1631 3564 1650 3569 —
1668 3550 1772 3576 instant
1791 3550 1818 3575 Ρ.

1442 3587 1468 3619 ι)
1490 3587 1516 3611 in
1539 3586 1646 3611 Iudaea.
1659 3599 1678 3605 —
1697 3585 1814 3618 undique
1832 3585 1879 3612 Pa.

1442 3621 1470 3655 λ)
1491 3622 1674 3655 eleemosynis.
1690 3636 1721 3639 —
1740 3621 1895 3655 Evangeliis
1914 3620 2146 3655 PABDEFILpCK
2167 3627 2192 3647 et
2210 3629 2235 3647 a.

2468 379 2477 389 ⁸
2491 378 2549 406 Cap.
2565 384 2621 400 xxii.

2470 917 2482 928 ¹⁸
2496 916 2553 944 Cap.
2567 922 2622 938 xxv.
2682 932 2684 935 ,

2481 1893 2490 1901 ·
2505 1890 2609 1913 Van-6.

2481 1995 2564 2019 ’oi-d.

2510 2263 2577 2287 ven.
2590 2269 2624 2293 ²7-

2486 2371 2495 2382 ·
2518 2370 2622 2393 Intestin-
2649 2374 2672 2392 οι

2485 2397 2570 2420 Lemb.

2486 2575 2658 2608 ’Inmen-

2487 2850 2496 2859 ·
2519 2848 2567 2876 Qu.
2591 2853 2700 2875 muns.

2486 2879 2527 2898 m.
2542 2881 2563 2904 3,
2577 2874 2607 2897 ad
2623 2874 2646 2897 ὁ.
