2768 4198
914 275 1181 319 QUAESTIO
1213 275 1439 321 CLXXV11,
1469 277 1767 314 ARTICULUS
1797 278 1828 313 Il

276 353 477 403 loquentis.
506 355 616 391 Bona
636 361 765 390 autern
794 364 912 400 opera
941 352 1136 400 utriusque
1166 365 1243 390 non
1264 367 1342 391 me·
1369 359 1372 438 1

277 415 406 445 rentur
425 407 566 444 directe
584 407 683 443 hanc
703 406 874 453 gratiam,
897 406 966 442 sed
985 406 1110 443 solum
1130 406 1344 454 impediunt
1399 415 1477 453 cet,
1507 409 1549 446 fit
1581 420 1649 456 per
1677 421 1898 446 sermonem
1933 409 2109 446 scientiae
2143 421 2210 444 seu
2239 407 2463 455 sapientiae:

276 460 387 496 huius
415 460 565 507 gratiae
603 458 890 506 impedimenta.
934 459 1038 494 Nam
1077 460 1192 496 etiam
1229 461 1344 508 gratia
1370 441 1372 495 l
1398 462 1501 498 unde
1535 463 1769 509 Augustinus
1807 462 1914 507 dicit,
1950 463 2039 499 XIV
2070 463 2117 499 de
2153 463 2189 498 T
2185 461 2256 497 rin.
2281 460 2321 506 ²⁸,
2361 461 2464 508 quod
2493 461 2606 489 ⁸0³⁹*-

276 520 424 560 gratum
453 513 595 548 faciens
624 511 854 547 subtrahitur
881 520 1037 560 propter
1066 514 1235 560 culpam:
1266 527 1344 550 non
1371 508 1373 548 l
1398 515 1495 550 scire
1531 516 1847 562 quemadmodum
1884 516 1978 562 fides
2015 521 2051 552 et
2083 515 2160 563 piis
2197 514 2397 563 opituletur
2433 519 2468 549 et

2386 276 2462 322 415

1400 355 1517 401 Quod
1546 363 1673 391 autem
1703 355 1836 404 aliquis
1863 355 1982 392 fidem
2004 367 2112 392 suam
2140 355 2220 392 aliis
2250 354 2464 391 communi·
2519 380 2521 383 -

276 573 406 602 tamen
436 577 522 601 eam
550 572 718 600 meretur
746 564 880 612 aliquis
908 577 977 613 per
996 566 1099 602 bona
1119 578 1248 614 opera,
1278 579 1346 615 per
1371 581 1373 607 i
1400 573 1531 604 contra
1552 568 1684 616 impios
1703 569 1959 616 defendatur&
1975 569 2122 605 videtur
2136 567 2336 616 Apostolus
2349 567 2466 602 scien·
2593 579 2604 595 ε

133 618 149 644 ⁸
277 630 376 666 quae
405 625 535 654 tamen
563 614 736 653 tollitur⁶
764 618 907 664 gratiae
937 618 1267 666 impedimentum.
1371 613 1373 662 ζ
1400 621 1490 656 tiam
1519 622 1720 668 appellare.
1762 623 1810 658 Et
1837 622 1924 658 ideo
1959 635 2036 660 non
2066 621 2232 670 oportuit
2265 620 2368 669 quod
2397 632 2465 668 po—

35 669 119 692 ’¹¹’³‘¹⁴
306 703 307 706 ,
329 673 387 708 An
413 682 587 713 QUARTUM
608 682 794 707 mCENDUM
814 672 931 718 quod,
962 672 1059 708 sicut
1081 672 1223 708 dictum
1245 681 1300 708 est
1313 672 1344 719 ²¹⁸,
1371 663 1373 698 l
1401 681 1507 709 neret
1535 686 1752 711 sermonem
1780 675 1890 711 fidei:
1921 676 1988 712 sed
2018 673 2197 712 suffecit<
2225 685 2369 723 ponere
2390 685 2466 709 ser·
2594 676 2608 705 ζ

275 724 394 772 gratia
423 723 837 761 sermonis'ordinatur
865 724 913 760 ad
942 724 1138 761 utilitatem
1169 725 1344 762 aliorum.
1372 734 1373 753 ³
1401 739 1558 763 monem
1587 727 1764 764 scientiae
1795 739 1831 764 et
1859 728 2077 776 sapientiae.

327 855 352 889 ὃ)
373 860 462 883 tamen
482 856 627 882 tollitur-.-
644 859 750 882 tantum
769 856 874 881 tollitur
892 857 922 886 L,
941 857 1047 882 tollitur
1064 860 1153 882 tamen
1173 859 1214 882 ed.
1232 865 1257 887 a,
1277 859 1347 882 tolli-

1455 862 1476 890 ε)
1497 861 1666 892 defendatur.
1678 873 1698 879 —
1715 860 1867 893 offendatur
1885 861 1984 886 ABDF.

275 897 322 919 tur
339 895 446 918 tantum
465 893 495 924 P,
513 893 620 918 tollitur
636 893 669 924 A,
688 892 751 917 inde
770 892 875 917 tollitur
893 893 926 917 H.

1455 894 1480 926 ζ)
1499 895 1641 929 suffecit.—-
1658 896 1758 929 sufficit
1776 896 1948 921 PDFHKa.—
1967 897 2018 921 Pro
2037 900 2071 925 et,
2091 897 2133 922 vel
2151 897 2198 921 Pa.

954 960 1289 1014 &ommentaria
1312 982 1566 1014 Cardjnalis
1588 983 1791 1015 Caietam

306 1083 326 1103 N
357 1072 490 1103 articulo
522 1072 628 1112 primo
660 1071 855 1112 quaestionis
887 1070 1344 1111 centesimaeseptuagesimae-
1371 1084 1373 1110 ς
1395 1082 1458 1111 per
1481 1072 1635 1112 Spiritum
1663 1073 1762 1103 datur
1789 1083 1893 1103 sermo
1921 1075 2109 1113 sapientiae,
2134 1081 2210 1105 etc.:
2235 1074 2368 1105 finaliter
2391 1085 2465 1105 vero

279 1084 476 1157 Iseptimae,
502 1117 627 1147 adverte
657 1116 746 1157 quod
775 1125 881 1147 sermo
913 1116 1091 1155 sapientiae
1122 1121 1151 1145 et
1181 1116 1345 1153 scientiae,
1372 1128 1374 1158 i
1401 1123 1530 1156 propter
1553 1116 1804 1147 aedificationem
1832 1118 2049 1147 membrorum
2075 1118 2199 1154 Christi,
2225 1120 2256 1149 in
2280 1118 2342 1159 quo
2365 1121 2468 1150 omnis

275 1171 342 1198 seu,
367 1161 463 1192 unico
486 1161 656 1197 vocabulo,
676 1161 787 1202 gratia
810 1160 979 1196 sermonis,
1001 1159 1119 1190 habens
1144 1170 1201 1200 pro
1226 1160 1347 1190 actibus
1373 1179 1375 1197 ρ
1401 1161 1582 1200 aedificatio
1606 1167 1788 1191 constructa
1813 1163 1926 1192 crescit
1949 1163 1981 1191 in
2006 1163 2156 1202 templum
2179 1168 2325 1194 sanctum
2350 1165 2382 1193 in
2402 1164 2466 1194 Do-

275 1206 341 1237 suis
366 1206 490 1242 docere,
508 1215 636 1236 movere
660 1212 755 1246 atque
779 1205 902 1235 flectere
921 1204 1096 1245 loquendo,
1114 1214 1179 1234 non
1196 1204 1239 1234 ita
1254 1204 1348 1234 habet
1373 1203 1375 1244 l
1403 1206 1488 1235 mino
1500 1205 1526 1235 *.
1544 1205 1637 1235 Unde
1654 1205 1775 1236 dicebat
1791 1206 2028 1245 Apostolus**:
2046 1207 2158 1237 Sermo
2174 1218 2274 1245 meus,
2292 1213 2322 1238 et
2334 1208 2467 1248 praedi-

275 1251 352 1281 haec
376 1250 655 1292 quemadmodum
678 1260 727 1280 ars
750 1249 902 1280 humana.
927 1248 1092 1287 Quoniam
1111 1249 1169 1279 arti
1188 1248 1347 1278 humanae
1374 1251 1375 1276 l
1402 1250 1485 1280 catio
1504 1259 1586 1286 mea,
1605 1259 1667 1280 non
1688 1252 1719 1280 in
1735 1251 2000 1290 persuasibilibus
2018 1252 2179 1282 humanae
2201 1253 2377 1292 sapientiae
2396 1262 2467 1283 ver-

262 1295 471 1329 conveniunt
490 1294 549 1325 is‘ta
573 1293 713 1325 effective
737 1294 869 1335 quidem
885 1304 922 1324 ex
937 1294 1008 1334 ipso
1025 1293 1181 1334 principio
1199 1293 1287 1323 artis:
1314 1292 1347 1323 fi·
1402 1294 1470 1324 bis:
1492 1294 1548 1324 sed
1571 1295 1603 1324 in
1628 1296 1806 1325 ostensione
1825 1295 1965 1335 Spiritus
1988 1300 2019 1325 et
2042 1297 2179 1326 virtutis.
2204 1297 2288 1327 Hinc
2311 1296 2469 1337 siquidem

2494 1210 2505 1221 ⁸
2511 1201 2550 1231 Aa
2555 1209 2649 1238 Ephe-s„
2656 1216 2706 1238 cap.

2495 1242 2521 1262 11,
2536 1242 2595 1258 vers.
2611 1243 2639 1258 21.

2495 1265 2516 1273 ¹¹·
2525 1262 2679 1291 Vid.resp.ad
2686 1269 2706 1284 2.

10 2094 229 2123 s'Ast-pruoed.

34 2145 198 2174 3Vm.3‚4.

35 2464 176 2501 “mur

34 2516 174 2546 ‘vemt-4.

0 2584 2 2606 3
34 2571 163 2600 ’να-ις.

0 2609 3 2636 [
35 2623 127 2647 ’Verm
141 2629 160 2653 5.

0 2666 3 2678 i

9 2815 18 2851 Α.
36 2833 47 2844 ·
60 2831 127 2854 νει-ι.
142 2837 175 2854 ιο.

0 3172 5 3183 w
0 3008 13 3156 *crass-*qm
0 2948 18 2994 :uz-¹
9 2904 13 2917 ,Ἰ

38 3205 50 3217 ²*
62 3205 129 3227 Vera.
142 3211 180 3234 34.

39 3259 49 3269 ·
63 3257 130 3280 Vm.
146 3264 175 3281 ιι.

276 1339 388 1370 naliter
411 1346 529 1376 autem,
546 1339 586 1370 ad
602 1338 734 1370 illorum
757 1338 886 1369 effectus
905 1338 1061 1374 absolute,
1078 1338 1128 1368 vel
1144 1338 1349 1378 propositum

276 1383 406 1425 aliquod
427 1383 654 1425 consequendi,
671 1390 749 1424 puta
765 1383 901 1419 lucrum,
918 1382 1064 1423 gloriam,
1080 1383 1211 1419 bellum,
1226 1392 1348 1422 pacem,

1403 1337 1506 1382 fitut,
1530 1338 1797 1378 praedicatoribus
1826 1338 2041 1370 deficientibus
2066 1350 2082 1369 a
2106 1341 2236 1380 proprio
2260 1341 2415 1381 principio
2440 1348 2470 1371 et

1403 1382 1532 1423 proprio
1557 1381 1629 1418 fine,
1651 1390 1680 1413 et
1704 1391 1772 1413 toto
1798 1383 1868 1413 nisu
1892 1384 2114 1424 quaerentibus
2138 1384 2251 1415 habere
2279 1385 2410 1424 gratiam
2434 1391 2470 1415 ut

275 1429 325 1459 vel
341 1428 475 1470 aliquod
491 1428 688 1459 huiusmodi.
705 1427 838 1458 Doctori
854 1435 962 1459 autem
980 1427 1193 1458 ecclesiastico
1211 1426 1350 1457 effective
1376 1434 1378 1469 Ι
1402 1427 1435 1456 in
1460 1426 1664 1457 multitudine
1695 1438 1810 1467 magna
1840 1428 2017 1464 audiantur,
2042 1429 2308 1468 impedimentum
2331 1436 2470 1469 ponatur

242 1492 248 1498 -
275 1473 425 1504 convenit
448 1483 485 1504 ex
508 1473 626 1513 Spiritu
650 1473 777 1508 Sancto,
802 1472 888 1502 iuxta
911 1473 1044 1502 verbum
1068 1471 1218 1512 Apostoli
1233 1472 1260 1508 *,
1284 1472 1350 1502 Alii
1376 1471 1379 1505 l
1404 1471 1528 1501 divinae
1551 1471 1684 1511 largitati
1709 1473 1747 1501 ad
1771 1472 1927 1502 influxum
1951 1473 2130 1512 gratiarum.

996 1616 1318 1658 ARTICULUS
1349 1616 1650 1658 SECUNDUS

399 1713 557 1744 UTRUM
581 1712 745 1743 GRATIA
770 1711 986 1742 SERMONIS
1010 1711 1266 1742 SAplENTIAE
1290 1710 1348 1740 ET
1372 1710 1601 1741 smENTIAE
1625 1711 1872 1742 PERTINEAT
1897 1712 2034 1742 ETIAM
2054 1713 2112 1743 AD
2136 1713 2351 1744 MULIERES

493 1793 562 1817 Part.
582 1792 622 1822 ΙΙΙ,
642 1800 686 1824 qu.
706 1799 746 1821 ιν,
765 1796 812 1816 art.
837 1799 857 1821 r,
877 1791 909 1815 ad
931 1790 957 1821 3;
977 1791 987 1815 1
1005 1790 1042 1815 ad
1064 1791 1135 1820 Cor„
1155 1798 1210 1822 cap.
1230 1797 1280 1819 xlv,
1300 1790 1360 1815 lect.
1378 1796 1429 1818 vn3
1449 1790 1457 1813 I
1476 1790 1514 1814 ad
1536 1789 1611 1819 Tim„
1633 1798 1688 1822 cap.
1707 1798 1734 1819 11,
1754 1791 1812 1816 lect.
1831 1798 1874 1821 1n;
1893 1792 1936 1816 Ad
1958 1791 2018 1821 Rt„
2038 1800 2093 1825 cap.
2113 1801 2139 1823 η,
2159 1794 2216 1818 lect.
2235 1801 2252 1818 1.

358 1893 367 1917 2
393 1902 431 1922 ,ιζ

336 1904 359 1933 ὴ

334 1938 354 1977 3

292 1986 329 2021 ‘v

331 2010 597 2069 fflmodi
631 2031 734 2068 enim
770 2031 928 2080 gratiam
962 2030 1124 2079 pertinet
1154 2030 1344 2077 doctrina,

275 2086 372 2124 sicut
399 2085 543 2123 dictum
573 2094 629 2122 est
646 2084 677 2122 ²¹⁶.
709 2085 786 2122 Sed
815 2086 952 2122 docere
973 2084 1153 2133 competit
1174 2084 1344 2121 mulieri:

276 2139 411 2177 dicitur
449 2139 551 2176 enirn
585 2139 699 2175 Prov.
728 2151 763 2175 ιν
785 2138 822 2175 *;
866 2138 1089 2188 Unigenitus
1109 2138 1180 2187 fui
1212 2149 1343 2175 coram

275 2199 398 2231 matre
415 2204 513 2239 mea,
535 2198 571 2228 et
591 2192 749 2229 docebat
766 2203 837 2228 me.
867 2192 969 2239 Ergo
990 2192 1085 2228 haec
1104 2190 1220 2240 gratia
1241 2203 1346 2228 corn-

274 2246 368 2296 petit
396 2245 632 2282 mulieribus.

329 2312 365 2337 2.
381 2300 616 2345 PRAETEREA,
633 2298 757 2335 maior
772 2306 828 2334 est
847 2297 964 2346 gratia
983 2298 1207 2346 prophetiae
1227 2310 1345 2346 quam

274 2353 391 2401 gratia
420 2353 627 2390 sermonis:
657 2351 753 2402 sicut
774 2351 897 2388 maior
917 2359 972 2388 est
992 2351 1259 2400 contemplatio
1279 2363 1345 2388 ve-

274 2405 391 2444 ritatis
420 2418 537 2455 quam
567 2405 648 2442 eius
677 2404 898 2442 enuntiatio,
930 2404 1008 2442 Sed
1035 2405 1237 2454 prophetia
1257 2417 1346 2441 con-

275 2459 422 2498 ceditur
442 2459 681 2496 mulieribus:
702 2458 799 2496 sicut
818 2458 952 2506 legitur
970 2459 1089 2495 Iudic.
1101 2458 1164 2495 lv*
1179 2459 1226 2496 de
1242 2459 1345 2495 Deb-

275 2515 390 2558 bora;
422 2521 457 2550 et
486 2513 537 2549 IV
564 2514 663 2562 Reg.
692 2512 815 2558 xxi1*,
851 2512 897 2549 de
924 2512 1072 2557 Holda,
1096 2512 1345 2561 prophetissa,

276 2578 398 2604 uxore
427 2566 590 2610 Sellum;
620 2573 655 2602 et
681 2566 764 2602 Act.
785 2565 895 2611 XX1*,
927 2565 974 2602 de
1004 2573 1168 2614 quatuor
1196 2565 1346 2602 filiabus

275 2619 452 2668 Philippi.
492 2619 700 2667 Apostolus
737 2618 849 2655 etiam
889 2618 996 2664 dicit,
1028 2620 1041 2654 1
1066 2619 1117 2655 ad
1140 2619 1226 2655 Cor.
1252 2631 1288 2655 xt
1307 2618 1345 2655 *τ

281 2673 411 2711 Omnis
446 2672 582 2709 mulier
618 2684 734 2708 orans
769 2677 836 2708 aut
860 2673 1108 2720 prophetans,
1135 2679 1204 2708 etc.
1243 2672 1345 2719 Ergo

274 2727 427 2765 videtur
455 2725 560 2774 quod
589 2725 709 2762 multo
738 2725 858 2772 magis
887 2725 1004 2773 gratia
1023 2725 1211 2762 sermonis
1241 2738 1345 2762 com-

275 2780 368 2830 petit
396 2779 559 2817 mulieri.

331 2835 366 2871 3.
397 2835 639 2878 PRAETEREA,
671 2832 684 2867 I
714 2830 814 2868 Petri
839 2843 874 2867 ιν
897 2830 917 2852 *
946 2830 1098 2867 dicitur:
1143 2832 1346 2880 Unusquis-

234 2900 236 2902 ·
276 2899 368 2936 que,
397 2887 495 2924 sicut
519 2886 663 2934 accepit
693 2885 883 2935 gratiam,
922 2884 960 2921 in
988 2884 1212 2921 alterutrum
1241 2885 1345 2922 illam

275 2940 591 2978 administrantes,
623 2938 701 2975 Sed
729 2938 921 2987 quaedam
951 2937 1128 2974 mulieres
1158 2938 1347 2987 accipiunt

276 2993 436 3043 gratiam
465 2992 673 3042 sapientiae
694 2999 731 3028 et
750 2990 941 3037 scientiae,
973 3003 1090 3039 quam
1107 2996 1123 3012 ‘²
1152 3003 1230 3028 non
1259 3004 1347 3040 pos-

277 3055 364 3084 sunt
392 3047 473 3084 aliis
493 3045 759 3084 administrare
780 3044 851 3082 nisi
875 3056 944 3093 per
968 3044 1127 3092 gratiam
1147 3045 1344 3082 sermonis.
1372 3086 1374 3096 ι

277 3101 380 3148 Ergo
410 3100 528 3148 gratia
556 3099 746 3137 sermonis
776 3097 959 3146 competit
986 3097 1219 3134 mulieribus.

333 3153 410 3190 SED
445 3165 594 3191 CONTRA
622 3164 689 3190 EST
726 3151 833 3201 quod
869 3151 1079 3199 Apostolus
1115 3150 1223 3199 dicit,
1255 3152 1269 3187 I
1298 3151 1350 3188 ad

283 3206 372 3243 Cor.
392 3218 453 3243 xw
470 3206 510 3243 *ε
539 3206 725 3243 Mulieres
753 3206 791 3242 in
820 3205 981 3242 ecclesiis
1009 3210 1156 3240 taceant
1164 3217 1177 3248 ;
1207 3211 1242 3240 et
1263 3205 1276 3240 Ι
1297 3205 1349 3241 ad

283 3259 379 3296 Tim.
400 3271 423 3296 11
441 3258 482 3296 *ι
511 3260 660 3296 Docere
679 3258 831 3296 mulieri
857 3270 931 3295 non
956 3258 1144 3306 permitto,
1175 3258 1261 3293 Hoc
1281 3270 1346 3294 au-

278 3320 357 3349 tem
375 3312 580 3361 praecipue
599 3313 760 3361 pertinet
779 3312 827 3349 ad
847 3312 1006 3360 gratiam
1022 3310 1221 3348 sermonis.
1242 3311 1346 3359 Ergo

279 3365 398 3413 gratia
426 3365 613 3418 sermonis
642 3378 720 3402 non
749 3365 932 3414 competit
958 3364 1189 3401 mulieribus.

333 3419 560 3455 RESPONDEO
581 3430 767 3455 morannum
795 3419 899 3467 quod
929 3430 1109 3455 sermone
1137 3424 1263 3466 potest
1284 3417 1348 3453 ali-

279 3471 365 3520 quis
393 3471 446 3508 uti
475 3472 684 3520 dupliciter.
713 3471 801 3508 Uno
831 3471 964 3519 modo,
989 3471 1135 3520 private
1156 3471 1203 3507 ad
1226 3483 1347 3507 unum

456 1895 461 1905 ι
489 1884 511 1910 n
527 1883 719 1909 SECUNDUM
734 1883 787 1908 stc
803 1882 1045 1908 PROCEDITUR.
1066 1870 1226 1908 Videtur
1241 1870 1346 1918 quod
1371 1914 1373 1919 Ι

415 1926 429 1975 'f'
461 1942 464 1946 ’
489 1925 607 1974 gratia
642 1925 831 1962 sermonis
866 1923 1072 1972 sapientiae
1101 1931 1138 1960 et
1167 1923 1346 1960 scientiae

294 2014 313 2038 ,Α
353 1996 373 2012 x
450 1977 675 2028 pertineat
704 1978 816 2015 etiarn
838 1977 887 2014 ad
907 1977 1097 2014 mulieres.
1129 1977 1189 2014 Ad
1216 1976 1345 2014 huius·
1371 2005 1373 2012 .

1400 1870 1462 1906 vel
1483 1882 1640 1918 paucos,
1662 1870 1894 1907 familiariter
1914 1872 2184 1919 colloquendo.
2214 1874 2264 1910 Et
2283 1882 2468 1923 quantum

1402 1923 1451 1960 ad
1480 1924 1567 1971 hoc,
1597 1924 1714 1971 gratia
1734 1924 1920 1961 sermonis
1949 1933 2074 1973 potest
2097 1934 2316 1975 competere
2337 1928 2469 1964 mulie-

1400 1976 1515 2013 ribus.
1551 1997 1575 2004 -
1609 1977 1693 2013 Alio
1729 1978 1870 2025 modo,
1900 1978 2052 2026 publice
2082 1980 2314 2028 alloquendo
2348 1989 2467 2018 totam

1401 2030 1625 2067 Ecclesiam.
1648 2032 1696 2067 Et
1714 2031 1789 2067 hoc
1809 2031 1955 2068 mulieri
1977 2045 2055 2069 non
2076 2033 2306 2071 conceditur.
2337 2035 2466 2072 Primo

1400 2083 1570 2133 quidem,
1601 2092 1637 2120 et
1665 2084 1930 2133 principaliter,
1960 2094 2116 2134 propter
2136 2087 2396 2125 conditionem
2416 2089 2467 2125 fe-

1401 2137 1517 2174 minei
1551 2149 1683 2183 sexus,
1720 2139 1784 2187 qui
1820 2138 1933 2175 debet
1967 2151 2048 2175 esse
2087 2140 2259 2177 subditus
2286 2141 2389 2189 viro,
2428 2149 2468 2178 ut

1400 2198 1502 2238 patet
1534 2191 1626 2228 Gen.
1649 2203 1684 2228 111
1703 2191 1735 2228 *.
1765 2193 1915 2228 Docere
1936 2200 2063 2229 autem
2086 2201 2121 2229 et
2144 2196 2374 2242 persuadere
2398 2208 2467 2243 pu-

1400 2244 1495 2280 blice
1526 2244 1563 2280 in
1593 2245 1763 2281 Ecclesia
1796 2258 1875 2282 non
1902 2246 2064 2294 pertinet
2092 2247 2140 2283 acl
2170 2247 2361 2295 subditos,
2401 2249 2468 2286 sed

1401 2297 1450 2334 ad
1478 2298 1678 2345 praelatos.
1716 2299 1838 2346 Magis
1866 2306 1995 2336 tamen
2023 2299 2094 2336 viri
2122 2301 2261 2337 subditi
2290 2314 2335 2338 ex
2365 2315 2469 2339 com-

1401 2350 1584 2388 missione
1611 2359 1774 2400 possunt
1802 2352 1958 2400 exequi:
1998 2353 2085 2401 quia
2124 2366 2202 2390 non
2230 2355 2372 2391 habent
2400 2357 2469 2392 hu-

1400 2404 1567 2441 iusmodi
1588 2405 1864 2441 subiectionem
1891 2418 1936 2442 ex
1955 2406 2115 2443 naturali
2136 2419 2239 2454 sexu,
2270 2408 2366 2445 sieut
2385 2421 2468 2446 mu-

1401 2458 1522 2504 lieres,
1539 2458 1607 2495 sed
1627 2471 1671 2495 ex
1687 2459 1815 2506 aliquo
1836 2459 2116 2497 accidentaliter
2135 2462 2427 2509 supervenienti.
2447 2483 2468 2490 —

1403 2512 1596 2558 Secundo,
1625 2524 1674 2549 ne
1703 2512 1821 2549 animi
1849 2512 2052 2550 hominurn
2074 2513 2283 2551 alliciantur
2310 2515 2359 2551 ad
2388 2516 2469 2552 libi-

1403 2565 1543 2602 dinem.
1573 2565 1719 2602 Dicitur
1740 2566 1840 2602 enim
1859 2566 1975 2602 Eccli.
1997 2579 2032 2603 1x
2051 2566 2088 2603 *ε
2116 2567 2351 2616 Colloquium
2372 2569 2470 2606 illius
2497 2576 2506 2584 ¹
2521 2575 2587 2596 Vm·
2602 2580 2627 2596 ¹¹·

1401 2619 1512 2667 quasi
1537 2619 1638 2669 ignis
1665 2620 1885 2656 exardescit.
1918 2641 1939 2647 -
1970 2619 2119 2666 Tertio,
2150 2621 2259 2669 quia,
2289 2629 2330 2658 ut
2363 2634 2468 2658 corn-

1402 2672 1577 2719 muniter,
1604 2672 1782 2709 mulieres
1803 2685 1882 2709 non
1902 2680 1988 2709 sunt
2007 2673 2044 2709 in
2064 2673 2246 2721 sapientia
2264 2675 2466 2722 perfectae,

1400 2733 1442 2762 ut
1471 2726 1524 2762 eis
1553 2726 1673 2775 possit
1698 2726 1972 2763 convenienter
1999 2726 2152 2775 publica
2172 2727 2343 2764 doctrina
2364 2741 2468 2765 com-

1402 2779 1507 2816 mitti.

1454 2834 1513 2869 AD
1542 2843 1680 2869 PRIMUM
1700 2844 1799 2869 ERGO
1827 2844 2012 2869 DICENDUM
2042 2834 2146 2881 quod
2174 2833 2236 2870 illa
2265 2834 2467 2871 auctoritas

1400 2885 1568 2934 loquitur
1605 2887 1652 2922 de
1691 2885 1862 2922 doctrina
1896 2886 2064 2935 privata,
2095 2899 2169 2934 qua
2197 2895 2319 2923 mater
2345 2887 2466 2924 filium

1403 2938 1535 2975 erudit.
1744 2936 1747 2940 ’

1453 2994 1512 3028 AD
1542 3003 1733 3029 SECUNDUM
1757 3004 1941 3029 DICENDUM
1969 2993 2074 3040 quod
2102 2992 2219 3040 gratia
2246 2994 2466 3041 prophetiae

1401 3045 1605 3082 attenditur
1634 3046 1846 3082 secundum
1868 3053 2035 3083 mentem
2055 3046 2305 3082 illuminatam
2325 3059 2348 3083 a
2367 3048 2465 3094 Deo,

1402 3111 1447 3134 ex
1476 3111 1552 3146 qua
1579 3106 1685 3147 parte
1713 3111 1790 3135 non
1822 3106 1877 3135 est
1904 3099 1941 3135 in
1961 3099 2181 3136 hominibus
2210 3112 2370 3136 sexuum
2399 3100 2467 3137 dif-

1401 3151 1576 3188 ferentia:
1607 3152 1820 3189 secundum
1849 3151 1940 3189 illud
1974 3152 2113 3189 Coloss.
2135 3165 2170 3189 111
2190 3152 2229 3189 *t
2266 3153 2466 3190 Induentes

1402 3216 1542 3241 novum
1571 3205 1779 3249 hominem,
1812 3205 1877 3253 qui
1902 3211 2109 3242 renovatur
2139 3206 2343 3243 secundum
2373 3207 2466 3244 ima-

1400 3258 1529 3307 ginem
1558 3258 1636 3294 eius
1664 3258 1730 3306 qui
1756 3258 1898 3295 creavit
1915 3271 2022 3295 eum:
2051 3259 2103 3295 ihi
2119 3256 2134 3287 β
2154 3271 2228 3296 non
2249 3265 2304 3296 est
2319 3272 2466 3297 mascu—

1401 3311 1458 3347 lus
1486 3317 1522 3347 et
1534 3311 1701 3358 femina.
1741 3311 1818 3347 Sed
1846 3312 1964 3359 gratia
2000 3312 2186 3349 sermonis
2223 3312 2383 3361 pertinet
2417 3313 2466 3351 ad

1400 3364 1686 3400 instructionem
1722 3364 1947 3412 hominum,
1985 3365 2081 3402 inter
2118 3377 2216 3413 quos
2255 3365 2467 3404 differentia

1402 3429 1562 3454 sexuum
1592 3417 1794 3454 invenitur.
1823 3418 1935 3455 Unde
1963 3431 2042 3455 non
2062 3426 2117 3455 est
2145 3419 2275 3456 similis
2303 3420 2398 3456 ratio
2420 3420 2467 3458 de

1402 3478 1576 3519 utroque.

333 3603 361 3636 α)
380 3610 470 3636 quam.
481 3616 501 3621 -
514 3609 567 3635 per
586 3609 666 3634 quam
684 3602 821 3628 ABDFsC.

1458 3602 1482 3635 ’,5)
1503 3602 1546 3628 ibi.
1558 3615 1577 3621 -
1596 3602 1640 3627 ubi
1659 3603 1765 3627 PDHsC
1785 3608 1810 3627 et
1826 3610 1860 3632 a‚·
1878 3610 1927 3636 pro
1945 3606 1979 3633 et,
1999 3611 2083 3636 neque
2101 3604 2173 3630 PHa.

2495 2200 2506 2210 '⁹
2521 2199 2586 2221 Vera.
2602 2200 2633 2220 16.

2494 3156 2504 3166 ⁸
2518 3155 2584 3177 Vers.
2600 3161 2633 3177 ιο.
2646 3166 2657 3171 -
2671 3156 2706 3177 Cf.

2494 3182 2528 3203 ad
2547 3182 2635 3208 Galat„
2656 3189 2706 3210 cap.

2493 3215 2526 3236 ιιι,
2543 3215 2603 3231 vers.
2618 3210 2654 3231 28.
