2768 4198
914 307 1182 353 QUAESTIO
1213 311 1458 359 CLXXXVI,
1488 315 1786 353 ARTICULUS
1814 316 1883 353 VII

2409 333 2485 370 497

978 474 1315 510 Commenta-ria
1338 479 1592 514 cardinalis
1614 482 1817 516 Caietam

304 569 351 631 IN
376 557 509 588 articulo
532 562 621 586 sexto
645 554 788 585 eiusdem
811 554 1017 594 quaestionis,
1042 554 1075 584 in
1099 557 1306 596 responsione
1330 559 1370 588 ad
1395 560 1397 595 i
1423 561 1575 600 sequendi
1601 561 1774 599 Christum,
1792 571 1905 594 votum
1925 565 2105 596 institutum
2129 576 2195 597 esse
2219 567 2303 598 elicit
2325 569 2488 610 religiosae

332 602 484 643 primurn,
509 600 634 631 attende
657 599 757 640 quod,
782 598 858 639 quia
881 608 948 628 non
972 599 1116 638 explicite
1134 600 1266 631 habetur
1281 603 1370 642 quod
1395 601 1398 629 l
1426 603 1626 643 perfectionis
1649 613 1766 637 statum
1790 610 2033 641 assumentibus.
2057 611 2141 641 Nam
2163 621 2278 642 vovere
2302 613 2381 643 nihil
2404 614 2489 645 aliud

301 657 319 677 a
341 645 485 678 Domino
509 645 579 675 Iesu
604 643 732 675 Christo
755 642 900 673 instituta
923 642 963 673 sit
984 643 1091 673 votiva
1107 644 1259 684 obligatio
1276 645 1309 675 in
1325 656 1370 676 re-
1397 652 1400 690 J
1427 655 1472 678 est
1495 658 1594 688 quam
1616 650 1840 683 immobilitare
1865 653 2008 685 animum
2033 665 2071 686 ne
2095 656 2196 696 possit
2219 658 2400 697 retrogredi.

300 690 428 732 ligionis
450 698 630 730 progressu,
651 688 724 718 ideo
740 690 863 718 Auctor
879 697 916 718 ex
940 686 1088 718 firmitate
1104 694 1135 718 et
1150 688 1372 721 immobilitate
1398 691 1400 729 ξ

1476 771 1529 778 Μ]

1090 823 1409 866 ARTICULUS
1440 825 1708 870 SEPTIMUS

302 921 459 953 UTRUM
489 918 835 952 CONVENIENTER
863 916 1061 949 DlCATUR
1085 916 1128 946 xN
1153 915 1223 946 His
1246 916 1401 947 Tmssus
1425 917 1554 948 vor1s
1585 919 1851 952 CONSISTERE
1881 923 2123 956 RELIGIONIS
2152 927 2489 960 PERFECTIONEM

516 1000 539 1024 1⁸
558 988 614 1028 11⁸⁶,
633 1006 679 1032 qu.
698 1005 769 1027 cvm.
788 1002 835 1023 art.
854 1004 886 1029 4;
905 995 937 1021 111
958 996 1036 1021 Cont.
1058 974 1146 1024 Genu,
1167 1002 1223 1028 cap.
1243 1002 1323 1025 cxxx;
1345 995 1386 1020 De
1404 996 1476 1030 Pers.
1500 996 1575 1022 Vitae
1595 998 1682 1030 Spin,
1703 1007 1757 1032 cap.
1775 1008 1814 1030 ¹13
1838 1002 1912 1028 Cont.
1933 1003 2051 1036 impugn.
2071 1005 2168 1038 ΙὶεΙίΒνη
2187 1014 2242 1040 cap.
2261 1015 2278 1032 1.

321 1223 366 1233 ,,

324 1217 407 1267 ”42

302 1295 504 1334 maioribus
536 1306 654 1344 quam
687 1294 727 1331 in
755 1292 1005 1331 exterioribus
1034 1291 1199 1330 actibus:
1239 1304 1373 1329 secun-

304 1350 398 1387 dum
426 1348 518 1386 illud
545 1349 660 1386 Rom.
681 1358 743 1384 xiv
759 1346 795 1383 *ε
825 1347 992 1384 Νῶϊ-θεῖ
1012 1357 1176 1396 regnum
1195 1346 1272 1383 Dei
1287 1357 1373 1383 esca

302 1408 340 1441 et
359 1408 492 1452 potus:
521 1402 588 1439 sed
613 1401 751 1438 iustitia
779 1406 816 1438 et
836 1412 921 1449 pax
948 1405 984 1437 et
1008 1399 1196 1450 gaudium
1224 1399 1262 1436 in
1292 1400 1374 1448 Spi-

303 1457 377 1495 ritu
414 1456 565 1494 Sancto.
611 1455 689 1492 Sed
730 1466 800 1503 per
836 1461 974 1491 votum
1013 1453 1202 1502 religionis
1238 1452 1374 1502 aliquis

304 1511 493 1558 obligatur
511 1509 561 1547 ad
575 1521 622 1546 ea
638 1520 737 1558 quae
752 1515 840 1544 sunt
858 1507 1113 1557 perfectionis.
1134 1507 1237 1555 Ergo
1253 1507 1375 1556 magis

305 1563 490 1602 deberent
508 1568 525 1583 ‘²
554 1563 603 1600 ad
631 1561 852 1610 religionem
885 1561 1075 1610 pertinere
1101 1568 1195 1598 vota
1223 1561 1375 1598 interio-

305 1630 391 1656 rum
411 1624 578 1663 actuum,
598 1624 691 1664 puta
711 1614 1055 1664 contemplationis,
1075 1615 1283 1652 dilectionis
1302 1615 1376 1652 Dei

304 1679 342 1709 et
368 1669 545 1720 proximi,
576 1677 613 1706 et
640 1669 804 1706 aliorum
831 1668 1065 1716 huiusmodi,
1090 1681 1209 1718 quam
1236 1676 1375 1706 votum

304 1723 549 1775 paupertatis,
572 1722 826 1760 continentiae
846 1731 883 1760 et
902 1722 1158 1770 obedientiae,
1175 1734 1274 1771 quae
1294 1735 1377 1772 per-

303 1778 424 1816 tinent
451 1777 501 1815 ad
529 1775 735 1814 exteriores
763 1784 882 1813 actus.

359 1843 394 1869 2.
425 1832 661 1878 Pium-mm,
691 1829 884 1879 praedicta
913 1829 983 1866 tria
1012 1829 1153 1866 cadunt
1181 1830 1252 1867 sub
1280 1837 1375 1868 voto

305 1885 496 1934 religionis
519 1884 745 1933 inquantum
775 1883 966 1933 pertinent
984 1883 1033 1921 ad
1052 1884 1252 1932 quoddam
1272 1896 1378 1922 exer-

305 1939 434 1976 citium
463 1938 644 1976 tendendi
674 1937 712 1974 in
739 1937 1028 1986 perfectionem.
1060 1938 1136 1974 Sed
1166 1938 1285 1974 multa
1305 1937 1377 1975 alia

305 1999 393 2030 sunt
420 1992 458 2029 in
486 1992 625 2042 quibus
653 1991 817 2039 religiosi
846 1991 1117 2028 exercitantur:
1147 1990 1244 2028 sicut
1263 1991 1377 2029 absti-

305 2045 445 2094 nentia,
474 2045 624 2095 vigiliae
653 2052 690 2082 et
718 2044 790 2082 alia
817 2044 1049 2082 huiusmodi.
1094 2045 1196 2093 Ergo
1224 2045 1378 2083 videtur

305 2101 410 2150 quod
429 2099 747 2138 inconvenienter
765 2098 835 2136 ista
853 2098 924 2136 tria
942 2105 1035 2136 vota
1055 2097 1229 2136 dicantur
1249 2112 1377 2137 essen·
1403 2109 1405 2135 ε

303 2153 440 2192 tialiter
467 2153 516 2191 ad
543 2160 684 2190 statum
713 2152 958 2202 perfectionis
985 2152 1188 2201 pertinere.

360 2208 395 2245 3.
425 2207 669 2254 PRAETEREA,
703 2219 774 2256 per
800 2213 937 2243 votum
967 2206 1210 2244 obedientiae
1243 2206 1377 2256 aliquis

305 2261 496 2310 obligatur
527 2261 576 2298 ad
605 2260 737 2298 omnia
765 2260 981 2309 implenda,
1018 2260 1232 2298 secundum
1268 2272 1377 2310 prae-

306 2308 461 2364 ceptum
476 2313 693 2364 superioris,
705 2326 804 2363 quae
824 2313 874 2351 ad
893 2313 1115 2351 exercitium
1134 2314 1378 2363 perfectionis

304 2368 506 2418 pertinent.
527 2368 630 2416 Ergo
650 2367 789 2405 sufficit
802 2375 939 2405 votum
960 2367 1215 2415 obedientiae,
1231 2368 1377 2417 absque

306 2422 389 2460 aliis
418 2422 571 2460 duobus
599 2421 711 2458 votis.

357 2488 396 2523 4.
425 2476 661 2523 PRAETEREA,
691 2475 740 2512 ad
761 2474 947 2512 exteriora
967 2475 1070 2512 bona
1089 2475 1280 2524 pertinent
1299 2487 1378 2512 non

306 2531 432 2567 solum
462 2528 626 2576 divitiae,
657 2529 725 2566 sed
754 2528 870 2565 etiam
898 2528 1079 2565 honores.
1121 2529 1161 2566 Si
1190 2541 1280 2577 ergo
1308 2541 1380 2578 per

305 2591 443 2620 votum
479 2582 712 2632 paupertatis
741 2581 905 2630 religiosi
936 2589 1107 2619 terrenas
1135 2581 1284 2620 divitias
1313 2583 1378 2620 ab·

308 2636 447 2683 dicant,
477 2636 593 2673 debet
620 2648 703 2672 esse
733 2635 848 2672 etiam
877 2634 980 2672 aliud
1007 2643 1145 2672 votum
1175 2648 1245 2685 per
1273 2637 1378 2686 quod

306 2690 476 2727 honores
505 2689 725 2727 mundanos
753 2695 1011 2726 contemnant.

362 2744 437 2780 San
466 2751 615 2780 coum
642 2753 710 2779 Es’r
737 2742 845 2791 quod
873 2741 1009 2779 dicitur
1036 2742 1170 2790 Extra,
1200 2743 1247 2779 de
1273 2744 1379 2780 Statu

306 2797 593 2834 Monachorum
612 2795 644 2843 *,
661 2796 768 2844 quod
788 2796 956 2833 custodia
975 2796 1153 2833 castitatis
1173 2802 1209 2833 et
1229 2797 1380 2834 abdica-

307 2851 356 2888 tio
379 2850 623 2900 proprietatis
641 2855 730 2886 sunt
755 2861 910 2886 annexa
930 2847 945 2878 β
972 2849 1132 2900 regulae
1150 2851 1378 2888 monachali.

361 2905 590 2942 Responmzo
611 2915 796 2940 montinum
815 2903 923 2951 quod
951 2902 1141 2951 religionis
1161 2911 1279 2941 status
1297 2912 1381 2954 pot-

309 2965 364 2995 est
399 2957 633 2995 considerari
661 2956 855 3006 tripliciter
881 2961 917 2994 Y:
953 2969 1034 2994 uno
1064 2957 1205 3004 modo,
1245 2970 1381 2995 secun·
1407 2976 1408 2986 π

309 3011 402 3048 dum
429 3011 534 3061 quod
564 3018 620 3048 est
652 3010 852 3060 quoddam
881 3010 1103 3047 exercitium
1131 3011 1314 3049 tendendi
1342 3011 1381 3049 in

308 3065 583 3114 perfectionem
600 3064 782 3110 caritatis3
803 3063 877 3101 alio
893 3064 1027 3111 modo,
1045 3064 1257 3102 secundum
1274 3065 1381 3114 quod

310 3117 453 3167 quietat
479 3119 696 3156 humanum
727 3117 898 3155 animum
929 3118 978 3154 ab
1008 3117 1256 3155 exterioribus
1280 3118 1381 3156 solli-

311 3170 551 3219 citudinibus,
581 3172 794 3209 secundum
818 3171 909 3208 illud
935 3172 948 3207 I
973 3171 1025 3208 ad
1046 3172 1134 3208 Cor.
1153 3183 1203 3208 vu
1220 3170 1252 3218 ²⁸,
1288 3172 1380 3210 Volo

309 3236 377 3261 vos
402 3225 484 3262 sine
509 3225 755 3263 sollicitudine
781 3237 882 3269 esse;
916 3225 1026 3261 tertio
1065 3225 1207 3271 modo,
1246 3238 1382 3263 secun-

312 3279 405 3315 dum
435 3279 541 3327 quod
570 3287 625 3316 est
651 3279 847 3328 quoddam
877 3279 1158 3325 holocaustum,
1188 3290 1258 3327 per
1277 3280 1381 3328 quod

311 3331 446 3380 aliquis
474 3332 639 3369 totaliter
666 3344 706 3369 se
735 3340 773 3370 et
801 3345 870 3369 sua
899 3332 1011 3369 offert
1038 3333 1136 3369 Deo.
1171 3332 1220 3368 Et
1248 3345 1382 3370 secun-

311 3385 406 3423 dum
433 3385 521 3433 hoc,
552 3397 597 3423 ex
625 3385 683 3422 his
709 3384 828 3423 tribus
846 3386 946 3423 votis
967 3387 1173 3434 integratur
1191 3385 1382 3434 religionis

312 3447 442 3476 status.

365 3492 497 3529 Primo
517 3493 634 3539 enim,
664 3500 852 3540 quantum
871 3494 921 3531 ad
940 3493 1162 3531 exercitium
1182 3493 1382 3542 perfectio-

368 3618 394 3649 α)
414 3617 548 3643 deberent.
559 3631 578 3636 -
596 3617 692 3642 debent
709 3617 794 3648 AIKa,
813 3618 942 3644 dicuntur
961 3619 990 3645 P.

367 3652 392 3686 β)
412 3659 532 3679 annexa.
543 3667 563 3672 -
580 3660 707 3678 annexae
726 3653 803 3679 PHL.

455 3706 565 3731 Sumus
584 3705 686 3731 Tutor..
706 3706 738 3730 D.
757 3706 872 3731 ’raons
891 3706 923 3731 T.
942 3707 996 3731 VII.

514 1093 538 1118 n
551 1090 734 1117 szp‘rmun
752 1090 808 1115 stc
826 1089 1071 1115 PROCEDlTUR.
1089 1076 1250 1114 Videtur
1265 1077 1372 1124 quod
1398 1087 1399 1127 j

367 1175 370 1182 s
515 1132 831 1172 inconvenienter
850 1131 996 1169 dicatur
1010 1131 1048 1168 in
1063 1130 1121 1167 his
1137 1130 1257 1167 tribus
1271 1131 1372 1167 votis
1398 1130 1399 1146 *

336 1179 439 1233 ἣν,
451 1172 481 1228 ’ᾗ
501 1230 503 1232 ,
516 1187 722 1224 consistere
745 1185 937 1234 religionis
964 1184 1252 1234 perfectionem.
1282 1185 1371 1221 Per·
1398 1201 1400 1207 ·

409 1237 455 1269 *³¹²
471 1232 628 1279 &sectio
657 1240 760 1277 enim
789 1239 889 1277 vitae
918 1238 1040 1287 magis
1069 1237 1239 1275 consistit
1261 1237 1373 1275 inin·
1399 1242 1400 1256 ³

1427 1078 1506 1125 nis,
1543 1080 1741 1128 requiritur
1777 1083 1882 1130 quod
1915 1083 2050 1131 aliquis
2086 1097 2108 1121 a
2136 1098 2176 1122 se
2205 1097 2402 1125 removeat
2429 1090 2491 1127 illa

1427 1143 1496 1179 per
1524 1144 1622 1181 quae
1651 1142 1780 1181 posset
1806 1134 1982 1184 impediri
2017 1149 2064 1173 ne
2093 1139 2252 1177 totaliter
2286 1141 2366 1178 eius
2399 1142 2491 1179 affe-

1428 1193 1509 1221 ctus
1537 1186 1668 1223 tendat
1695 1187 1733 1224 in
1762 1189 1908 1235 Deum,
1938 1189 1976 1226 in
2005 1202 2082 1238 quo
2112 1193 2279 1230 consistit
2310 1195 2490 1242 perfectio

1428 1238 1602 1276 caritatis.
1633 1240 1866 1278 Huiusmodi
1891 1250 2019 1280 autem
2039 1253 2126 1281 sunt
2149 1246 2230 1283 tria.
2261 1247 2391 1284 Primo
2411 1250 2492 1296 qui-

1429 1292 1531 1339 dem,
1544 1293 1730 1341 cupiditas
1746 1295 1976 1332 exteriorum
1997 1297 2200 1335 bonorum.
2223 1300 2330 1346 Quae
2350 1302 2492 1338 tollitur

1428 1357 1498 1394 per
1524 1354 1660 1383 votum
1698 1349 1941 1396 paupertatis.
1972 1371 1996 1377 —
2026 1351 2247 1389 Secundum
2276 1362 2403 1391 autem
2438 1363 2493 1391 est

1429 1399 1736 1448 concupiscentia
1773 1402 2009 1440 sensibilium
2047 1404 2360 1443 delectationum:
2399 1407 2494 1444 inter

1429 1465 1525 1501 quas
1544 1454 1777 1501 praecellunt
1796 1455 2062 1493 delectationes
2081 1469 2281 1496 venereae.
2303 1460 2413 1506 Quae
2434 1474 2494 1497 ex-

1431 1506 1634 1543 cluduntur
1653 1519 1722 1555 per
1740 1515 1876 1544 votum
1898 1509 2162 1547 continentiae.
2193 1534 2216 1540 -
2238 1513 2410 1550 Tertium
2431 1526 2495 1550 au-

1429 1567 1507 1597 tem
1547 1568 1602 1597 est
1639 1560 1867 1598 inordinatio
1904 1563 2109 1600 voluntatis
2143 1565 2347 1602 humanae.
2387 1567 2496 1613 Quae

1431 1613 1642 1651 excluditur
1670 1627 1738 1663 per
1765 1623 1901 1652 votum
1931 1616 2182 1654 obedientiae.

1485 1667 1667 1705 Similiter
1694 1676 1821 1706 autem
1851 1669 2108 1707 sollicitudinis
2132 1671 2334 1708 saecularis
2354 1673 2497 1720 inquie-

1430 1721 1524 1759 tudo
1549 1722 1755 1771 praecipue
1776 1722 1955 1770 ingeritur
1973 1723 2119 1761 homini
2141 1724 2238 1761 circa
2258 1724 2337 1762 tria.
2367 1726 2496 1763 Primo

1432 1775 1604 1825 quidem,
1635 1775 1734 1812 circa
1764 1776 2086 1825 dispensationem
2112 1778 2336 1815 exteriorum
2357 1791 2495 1816 rerum.

1431 1830 1480 1867 Et
1499 1830 1596 1866 haec
1616 1829 1829 1867 sollicitudo
1850 1843 1918 1879 per
1935 1839 2070 1868 votum
2092 1832 2323 1880 paupertatis
2351 1833 2498 1870 homini

1431 1883 1610 1920 aufertur.
1639 1904 1664 1911 -
1694 1884 1887 1932 Secundo,
1919 1884 2017 1921 circa
2036 1885 2350 1933 gubernationem
2370 1887 2496 1923 uxoris

1433 1945 1469 1974 et
1504 1937 1684 1974 filiorum.
1721 1938 1830 1984 Quae
1866 1946 2084 1987 amputatur
2117 1951 2184 1987 per
2211 1946 2347 1976 votum
2381 1941 2496 1976 conti-

1433 1990 1596 2028 nentiae.
1626 2011 1651 2019 -
1681 1991 1834 2038 Tertio,
1874 1992 1971 2029 circa
2007 1992 2293 2041 dispositionem
2325 1993 2496 2042 proprio-

1432 2057 1518 2082 rum
1549 2052 1716 2082 actuum.
1757 2045 1866 2092 Quae
1895 2053 2112 2095 amputatur
2142 2058 2211 2094 per
2238 2054 2373 2084 votum
2407 2047 2497 2083 obe-

1432 2098 1610 2145 dientiae,
1639 2111 1717 2148 quo
1747 2099 1882 2148 aliquis
1907 2111 1946 2136 se
1968 2099 2118 2136 alterius
2139 2099 2375 2148 dispositioni
2395 2112 2498 2137 com-

1433 2159 1554 2189 mittit.

1488 2205 1669 2242 Similiter
1707 2205 1820 2242 etiarn
1858 2206 2115 2243 holocaustum
2153 2212 2207 2243 est
2242 2218 2327 2243 cum
2364 2207 2499 2255 aliquis

1433 2265 1550 2296 totum
1579 2260 1681 2308 quod
1706 2260 1826 2305 habet,
1857 2260 1970 2310 offert
1995 2261 2089 2306 Deo,
2109 2267 2152 2296 ut
2171 2259 2377 2308 Gregorius
2399 2260 2496 2307 dicit,

1432 2324 1546 2362 super
1563 2313 1698 2362 Ezech.
1714 2313 1734 2335 ’¹‘
1754 2313 1880 2349 Habet
1900 2321 2026 2350 autern
2047 2314 2167 2350 homo
2188 2313 2318 2362 triplex
2337 2314 2496 2360 bonum,

1434 2367 1648 2404 secundum
1676 2366 1968 2416 Philosophum,
1989 2367 2027 2404 in
2048 2368 2060 2403 Ι
2081 2367 2200 2404 Ethic.
2220 2366 2240 2388 '¹‘
2268 2366 2398 2403 Primo
2419 2368 2498 2415 qui-

1434 2422 1538 2467 dem,
1568 2420 1797 2457 exteriorum
1828 2433 1967 2457 rerum.
2013 2421 2120 2467 Quas
2157 2420 2312 2470 quidem
2340 2421 2501 2457 totaliter

1433 2474 1570 2524 aliquis
1604 2475 1690 2511 Deo
1725 2473 1837 2510 offert
1873 2487 1942 2523 per
1969 2481 2104 2511 votum
2139 2473 2375 2510 voluntariae
2407 2486 2499 2522 pau-

1433 2527 1601 2577 pertatis,
1632 2549 1656 2555 -
1686 2527 1866 2564 Secundo
1896 2535 2039 2574 autern,
2072 2528 2219 2564 bonurn
2248 2527 2390 2576 proprii
2419 2539 2500 2563 cor-

1424 2581 1550 2631 poris.
1581 2581 1698 2628 Quod
1723 2581 1856 2630 aliquis
1884 2581 2086 2629 praecipue
2112 2580 2222 2617 offert
2240 2581 2324 2616 Deo
2344 2592 2412 2628 per
2430 2592 2499 2617 vo-

1433 2644 1516 2673 tum
1545 2635 1818 2681 continentiae,
1854 2647 1932 2682 quo
1966 2633 2203 2671 abrenuntiat
2232 2633 2405 2670 maximis
2435 2633 2498 2670 de-

1434 2689 1699 2727 lectationibus
1729 2687 1910 2736 corporis.
1940 2708 1963 2714 —
1993 2687 2166 2724 Tertium
2195 2694 2321 2723 autem
2351 2687 2496 2722 bonum

1435 2751 1491 2780 est
1519 2743 1682 2780 animae.
1714 2741 1830 2789 Quod
1851 2741 1985 2788 aliquis
2009 2741 2168 2778 totaliter
2187 2741 2271 2776 Deo
2293 2739 2404 2775 offert
2430 2751 2499 2788 per

1435 2796 1705 2842 obedientiam,
1731 2807 1807 2844 qua
1828 2794 1961 2842 aliquis
1982 2794 2092 2831 offert
2110 2795 2194 2830 Deo
2215 2792 2407 2842 propriam
2428 2805 2497 2829 vo-

1435 2851 1631 2896 luntatem,
1661 2861 1730 2898 per
1749 2861 1865 2897 quarn
1894 2849 2013 2884 homo
2033 2847 2148 2884 utitur
2167 2846 2345 2883 omnibus
2364 2853 2496 2894 poten·

1434 2905 1494 2942 tiis
1525 2912 1560 2941 et
1589 2903 1780 2940 habitibus
1810 2901 1970 2938 animae.

1490 2959 1539 2995 Et
1567 2957 1655 2994 ideo
1685 2955 1959 2993 convenienter
1987 2966 2030 2990 ex
2050 2953 2168 2990 tribus
2187 2952 2286 2989 votis
2306 2959 2421 2989 status
2441 2964 2497 2988 re-

1434 3011 1584 3060 ligionis
1613 3011 1828 3058 integratur.

1488 3067 1548 3102 An
1577 3076 1715 3101 Palmum
1744 3073 1842 3099 ERGO
1871 3072 2054 3098 DICENDUM
2083 3059 2198 3108 quod,
2228 3058 2323 3094 sicut
2351 3057 2498 3106 supra*
2525 3064 2534 3072 ·
2557 3069 2571 3084 ¹¹

1436 3118 1579 3156 dictum
1610 3125 1680 3164 est,
1711 3123 1827 3153 status
1847 3113 1860 3136 δ
1888 3113 2076 3162 religionis
2105 3113 2300 3149 ordinatur
2327 3111 2422 3148 sicut
2449 3112 2496 3148 ad
2524 3126 2536 3141 a

1435 3173 1555 3210 finem
1584 3172 1633 3208 ad
1661 3169 1935 3220 perfectionem
1965 3166 2136 3212 caritatis,
2165 3165 2214 3202 ad
2242 3177 2357 3213 quam
2385 3163 2497 3212 perti-

1435 3234 1526 3263 nent
1564 3224 1703 3262 omnes'
1733 3222 1928 3259 interiores
1964 3228 2067 3257 actus
2095 3219 2298 3263 virtutum,
2333 3229 2495 3265 quarum

1436 3287 1558 3316 mater
1583 3286 1639 3315 est
1658 3277 1801 3322 caritas,
1823 3274 2033 3312 secundum
2054 3272 2144 3308 illud
2165 3273 2178 3307 I
2198 3272 2250 3307 ad
2271 3271 2357 3307 Cor.
2378 3282 2438 3307 xm
2455 3271 2495 3306 *ε

1441 3333 1589 3370 Caritas
1610 3331 1759 3380 patiens
1786 3334 1848 3373 est,
1878 3327 2041 3376 benigna
2069 3331 2134 3370 est,
2157 3332 2224 3360 etc.
2255 3325 2304 3360 Et
2331 3323 2418 3360 ideo
2444 3324 2496 3360 in-

1435 3386 1592 3424 teriores
1621 3392 1725 3421 actus
1753 3382 1946 3426 virtutum,
1976 3386 2067 3428 puta
2095 3377 2325 3424 humilitatis,
2354 3378 2497 3426 patien-

1435 3440 1509 3477 tiae
1534 3447 1569 3475 et
1588 3434 1818 3480 huiusmodi,
1838 3446 1916 3470 non
1937 3432 2075 3469 cadunt
2094 3432 2164 3468 sub
2183 3437 2275 3467 voto
2296 3430 2496 3479 religionis,

1437 3493 1541 3542 quod
1570 3490 1765 3527 ordinatur
1792 3487 1839 3524 ad
1868 3486 1971 3535 ipsos
1999 3485 2095 3522 sicut
2122 3485 2170 3522 ad
2198 3484 2330 3521 finem.

1491 3617 1518 3650 γ)
1534 3615 1686 3647 tripliciter.
1698 3627 1718 3633 -
1735 3612 1878 3645 dupliciter
1896 3610 2091 3643 ABEFIKLpC.

1492 3651 1517 3684 ὃ)
1537 3654 1632 3676 status.
1647 3665 1663 3669 -
1683 3652 1773 3674 votum
1793 3649 1820 3673 P.

2318 3694 2350 3719 63

2527 2322 2536 2332 ⁸
2546 2321 2632 2345 nomn.
2643 2320 2737 2347 xx321.

2526 2348 2567 2370 nb.
2595 2346 2627 2375 11,
2656 2348 2735 2369 nomn.

2527 2381 2579 2423 luga
2598 2417 2603 2422 .
2611 2407 2662 2427 vm,
2672 2406 2696 2422 n.
2706 2407 2739 2422 2.-

2527 2428 2551 2450 S.
2566 2407 2610 2449 Ίιῖι.
2624 2428 2675 2449 lect.
2696 2433 2737 2448 ιιι.

2526 3275 2535 3282 ·
2549 3272 2616 3294 Vers.
2630 3278 2645 3298 4
2659 3278 2710 3299 sqq.
