2768 4198
59 816 69 825 ⁴
83 814 153 836 Num.
175 819 215 840 vn,
238 812 270 834 Et

59 841 162 862 adverte.

60 1124 69 1133 ³
82 1122 117 1144 Cf.
134 1127 196 1143 num.
211 1127 242 1142 ιι.

58 1702 67 1712 ⁸
83 1700 117 1722 Cf.
138 1707 201 1722 num.
217 1707 268 1723 xm.

59 1791 67 1799 ⁸
85 1789 120 1811 Cf.
138 1795 202 1811 nura.
222 1795 267 1810 xiv.

57 1968 65 1977 ⁸
80 1966 114 1988 Cf.
131 1972 192 1988 nurn.
208 1972 245 1987 xv.

57 2100 65 2109 “
80 2098 115 2120 Cf.
136 2105 199 2120 num.
218 2105 264 2120 xw.

56 2322 65 2331 ⁸
78 2319 148 2342 Num.
164 2326 185 2341 v.

55 2723 64 2732 ⁸
78 2721 146 2744 Num.
162 2729 183 2749 v,
198 2728 248 2744 vin.

61 3654 71 3663 ⁸
85 3653 153 3675 Num.
169 3659 191 3674 x.

299 288 373 323 216

355 365 480 396 Solutio
509 375 583 396 vero
615 365 757 400 alterius,
783 364 913 398 scilicet,
939 361 1061 391 Mulier
1084 359 1190 399 magis
1211 367 1246 388 se
1268 357 1360 406 habet

298 411 329 440 in
362 411 487 441 ratione
514 410 683 450 patientis,
709 409 831 439 nullam
861 405 1075 436 exclusionem
1106 402 1252 443 requirit:
1285 411 1360 451 quia

296 454 384 485 nullu
407 461 462 491 est,
488 461 518 484 et
541 453 608 484 sola
631 454 724 483 verba
748 450 895 492 opposita
918 449 1005 484 dicit,
1030 449 1149 488 absque
1173 447 1360 486 probatione

297 499 413 539 aliqua.
437 501 559 529 Auctor
582 497 666 527 enim
690 497 803 537 probat
818 495 850 524 in
866 494 967 524 littera
991 492 1159 522 mulierem
1182 491 1297 521 habere
1313 500 1361 520 ra-

297 543 418 574 tionem
443 542 588 572 materiae
612 541 686 581 quia
710 551 742 570 se
758 540 851 570 habet
866 538 898 568 in
915 537 1036 568 ratione
1053 535 1210 576 patientis.
1235 535 1276 565 Et
1299 534 1360 564 hoc

297 594 437 618 constat:
462 587 536 627 quia
560 586 718 616 masculus
742 591 788 614 est
811 592 922 622 agens,
947 589 978 612 et
1001 587 1128 621 oportet
1151 579 1284 620 aliquod
1307 588 1360 619 pa-

296 632 375 662 tiens
400 640 483 666 esse;
517 630 641 660 nullum
665 629 751 658 aliud
775 634 881 657 autem
905 632 1036 666 apparet
1059 624 1118 655 nisi
1142 624 1266 654 mulier.
1302 623 1360 654 Iste

296 682 420 711 autem,
446 681 481 705 ut
503 674 622 704 dictum
639 679 702 708 est,
720 672 841 702 nullam
866 670 1021 700 rationem
1045 669 1132 699 affert
1155 675 1265 699 contra
1288 668 1360 703 hoc,

296 720 351 750 sed
374 725 504 750 conatur
527 717 690 748 ostendere
711 716 800 756 quod
823 722 956 755 uterque
979 723 1070 744 sexus
1095 720 1141 743 est
1165 712 1362 743 distinctivus

295 763 470 804 specierum
493 761 651 792 luxuriae:
677 760 766 801 quod
789 760 821 790 in
846 759 935 789 nullo
960 758 1168 789 contrariatur
1192 757 1301 793 dictis,
1326 763 1361 787 ut

295 809 358 839 iam
386 814 550 838 ostensum
574 812 620 835 est
634 805 659 835 *.
684 822 704 827 -
728 804 887 835 Potuisset
915 810 1023 833 autem
1053 802 1175 838 dicere,
1201 808 1231 832 et
1261 802 1360 837 bene,

295 848 383 893 quoii
407 858 538 891 utraque
562 859 696 889 persona
719 855 825 888 potest
848 847 909 878 dici
933 847 1081 886 materia,
1106 856 1172 877 non
1197 853 1285 877 actus
1309 855 1359 876 ve-

294 895 396 932 nerei,
426 895 479 925 sed
502 901 589 924 actus
613 893 759 930 moralis,
784 899 862 934 puta
885 891 1176 933 concupiscentiae:
1209 890 1284 931 quia
1315 896 1362 920 est

293 939 422 970 materia
446 938 624 979 concupita,
649 938 832 974 desiderata,
858 937 966 974 electa,
982 943 1039 968 etc.

349 984 386 1014 X.
412 983 447 1014 In
471 983 585 1013 eodem
608 982 741 1014 articulo
766 983 889 1023 primo,
914 982 946 1012 in
970 980 1180 1022 responsione
1205 980 1244 1010 ad
1268 989 1360 1020 quar·
1387 996 1390 1037 Ι

293 1036 372 1067 tum,
397 1027 532 1059 dubium
556 1027 692 1058 occurrit
716 1027 796 1057 circa
819 1027 989 1067 praedicta,
1011 1036 1047 1057 ex
1064 1036 1102 1056 eo
1119 1025 1209 1066 quod
1233 1030 1362 1065 peccata

293 1073 538 1112 coniugatorum
554 1078 584 1103 et
600 1078 675 1103 sunt
690 1072 886 1113 quandoque
909 1071 1087 1102 secundum
1103 1069 1278 1100 indebitam
1294 1079 1361 1099 ma-

292 1117 403 1149 teriam
412 1117 438 1148 *.
457 1117 500 1148 Ut
515 1123 610 1157 patet,
628 1124 699 1148 tum
708 1118 829 1157 primo,
847 1126 922 1147 cum
938 1123 1023 1147 extra
1039 1126 1093 1146 vas
1110 1115 1252 1146 naturale
1269 1113 1361 1144 serni-

294 1169 396 1193 natur.
412 1180 433 1185 —
450 1162 538 1192 Tum
554 1162 705 1199 secundo,
724 1171 798 1192 cum
814 1171 847 1191 se
863 1161 983 1202 absque
1007 1160 1179 1191 concubitu
1201 1159 1362 1200 polluunt.

292 1224 313 1230 -
326 1207 415 1237 Tum
428 1207 532 1244 tertio,
546 1216 621 1237 cum
634 1206 751 1237 coniux
764 1206 858 1236 habet
873 1212 987 1236 votum
1003 1204 1226 1236 continentiae.
1239 1221 1261 1227 -
1273 1204 1361 1234 Tum

292 1256 428 1292 quarto,
453 1261 528 1281 cum
550 1251 645 1282 habet
667 1250 935 1291 impedimentum
966 1250 1144 1290 impediens
1175 1248 1361 1289 petitionem

293 1295 399 1332 debiti,
416 1302 494 1336 puta
509 1295 693 1327 affinitatem
713 1295 989 1336 supervenientem
1005 1293 1222 1325 matrimonio.
1239 1311 1259 1315 -
1273 1293 1362 1323 Tum

293 1342 422 1381 quinto,
449 1350 523 1371 curn
546 1340 623 1371 alter
646 1340 821 1380 coniugum
845 1346 892 1370 est
914 1339 947 1370 in
970 1339 1101 1380 publico
1125 1337 1282 1369 adulterio
1306 1338 1362 1368 ob-

293 1385 420 1416 stinato.
438 1402 458 1408 —
478 1386 567 1415 Tum
581 1390 684 1422 sexto,
701 1395 775 1415 cum
799 1384 876 1415 alter
899 1391 992 1424 negat
1015 1383 1158 1414 debitum
1183 1382 1285 1413 coitus
1309 1388 1363 1412 aut

294 1430 432 1460 seminis.
447 1447 468 1453 -
485 1430 520 1460 In
536 1429 584 1460 his
600 1429 759 1470 siquidem
783 1429 934 1460 omnibus
954 1435 1121 1469 peccatum
1138 1427 1300 1467 coniugati
1318 1433 1364 1457 est

295 1485 332 1505 ex
354 1481 442 1514 parte
465 1474 623 1505 materiae.
649 1474 689 1505 Et
711 1474 744 1504 in
769 1473 879 1514 primis
903 1473 1034 1514 quidem
1059 1473 1186 1503 duobus
1210 1478 1305 1512 patet.
1328 1471 1361 1501 In

294 1519 386 1550 tertio
410 1525 527 1555 autem,
544 1525 659 1560 quarto
675 1525 705 1549 et
721 1518 846 1559 quinto,
864 1517 1029 1548 manifeste
1047 1524 1093 1548 est
1109 1516 1240 1547 materia
1263 1516 1362 1556 impe-

295 1564 369 1595 dita.
395 1563 430 1594 In
454 1570 558 1599 sexto,
584 1573 649 1593 non
681 1563 821 1594 redditur
851 1562 995 1593 debitum
1019 1562 1070 1593 cui
1095 1562 1244 1592 debetur:
1274 1561 1363 1602 quod

295 1614 426 1639 vocatur
449 1607 500 1639 hic
524 1608 654 1639 materia
678 1613 771 1638 actus
793 1608 937 1638 moralis.

351 1653 392 1683 Et
407 1659 481 1683 sunt
497 1653 691 1694 quandoque
706 1652 883 1682 secundum
904 1650 1153 1682 circumstantias
1170 1649 1362 1681 constituen-

296 1704 341 1728 tes
365 1704 491 1737 peccata
521 1696 667 1727 mortalia
688 1697 714 1727 *.
746 1697 789 1727 Ut
812 1703 898 1736 patet
922 1697 1047 1736 primo,
1073 1695 1111 1725 de
1135 1695 1225 1725 loco:
1256 1694 1281 1724 si
1310 1693 1364 1724 fiat

295 1742 327 1772 in
343 1742 416 1772 loco
441 1752 540 1772 sacro.
557 1759 578 1764 -
594 1741 751 1778 Secundo,
770 1741 809 1771 de
829 1741 943 1771 modo:
970 1746 1046 1780 puta
1070 1739 1095 1769 si
1118 1738 1232 1769 mulier
1255 1748 1363 1778 super-

295 1786 464 1826 grediatur.
487 1804 509 1809 —
538 1786 643 1816 Tertio
657 1785 688 1821 *‚
713 1785 752 1815 de
775 1784 904 1815 effectu:
934 1784 960 1814 si
984 1791 1092 1814 causat
1114 1784 1285 1821 abortum,
1309 1790 1363 1813 aut

294 1831 419 1870 prolem
442 1830 590 1860 infectam
615 1839 670 1859 seu
694 1836 933 1860 monstruosam
955 1835 1099 1868 tempore
1116 1827 1283 1863 menstrui;
1310 1834 1364 1858 aut

293 1875 326 1905 in
350 1875 454 1914 seipso
479 1874 613 1913 coniuge
638 1873 776 1903 notabile
800 1874 971 1909 damnum,
995 1872 1045 1903 vel
1070 1879 1200 1912 propter
1222 1871 1362 1902 debilita-

293 1926 358 1950 tem
382 1919 430 1949 vel
453 1918 617 1959 propriam
640 1917 855 1953 infectionem,
880 1917 969 1958 quod
993 1916 1084 1947 novit
1107 1926 1143 1947 ex
1167 1917 1266 1947 altero
1290 1926 1363 1946 con-

293 1963 384 1995 trahi.
408 1981 429 1986 -
457 1963 582 2000 Quarto
596 1962 623 1998 *‚
649 1962 687 1992 de
709 1961 786 1992 fine:
812 1962 838 1992 si
854 1961 927 2002 quis
943 1968 1008 1992 tam
1024 1961 1169 1992 ardenter
1185 1967 1271 1991 amat
1287 1970 1361 1991 con—

292 2008 400 2048 iugem
431 2015 466 2038 ut
494 2007 544 2037 vel
573 2005 671 2037 finem
702 2013 801 2047 ponat
825 2006 978 2037 ultimum
1001 2006 1034 2036 in
1059 2006 1112 2036 illa
1135 2005 1361 2041 delectatione;

292 2052 342 2083 vel
365 2052 490 2083 omittat
514 2051 686 2082 necessaria
702 2051 742 2081 ad
757 2051 894 2082 salutem
917 2057 1047 2091 propter
1064 2059 1151 2086 eam;
1176 2050 1226 2080 vel
1243 2059 1362 2090 cogno-

292 2103 390 2128 sceret
412 2096 499 2126 illam
519 2095 614 2127 etiam
629 2095 655 2126 si
672 2102 752 2126 esset
767 2095 895 2126 alterius
911 2101 967 2126 aut
981 2105 1047 2125 non
1064 2105 1131 2126 sua.
1155 2111 1176 2118 -
1203 2094 1323 2131 Quinto
1335 2095 1361 2130 *‚

293 2142 331 2172 de
347 2141 481 2172 tactibus
497 2147 527 2171 et
543 2140 661 2171 osculis
677 2140 776 2171 solius
800 2139 1017 2171 delectationis
1038 2150 1142 2170 causa.
1167 2157 1187 2161 -
1207 2139 1241 2169 In
1258 2138 1361 2169 omni—

291 2186 351 2216 bus
375 2185 532 2226 siquidem
556 2185 603 2215 his
627 2184 793 2216 intervenit
817 2191 983 2225 peccatum
1008 2184 1151 2215 luxuriae
1174 2183 1207 2214 in
1224 2183 1360 2224 coniuge

293 2230 470 2261 secundum
503 2229 644 2270 aliquam
674 2230 952 2261 circumstantiam.
985 2229 1025 2260 Et
1048 2228 1215 2270 quodlibet
1244 2228 1361 2259 horum

294 2282 340 2305 est
356 2281 522 2315 peccatum
545 2273 688 2305 mortale.
705 2275 745 2305 Et
770 2281 876 2305 tamen
892 2274 925 2304 in
949 2274 1036 2305 nulla
1059 2274 1192 2304 istarum
1216 2282 1269 2304 sex
1293 2283 1362 2313 spe-

294 2319 414 2349 cierum
437 2326 648 2350 enumeratur.
683 2319 766 2350 Male
791 2329 866 2359 ergo
890 2318 952 2349 dixi
977 2329 1036 2359 ego
1055 2318 1088 2355 *,
1114 2318 1171 2350 etsi
1204 2327 1270 2348 non
1294 2320 1360 2349 Au-

294 2370 378 2400 ctor,
403 2364 492 2404 quod
521 2364 659 2405 reliquae
682 2363 801 2404 species
822 2374 888 2394 non
913 2370 987 2394 sunt
1011 2370 1137 2404 peccata
1160 2362 1307 2393 mortalia
1325 2372 1361 2394 ex

293 2418 353 2439 suo
377 2418 500 2448 genere.

348 2453 401 2483 XI.
426 2453 476 2483 Ad
500 2452 617 2483 horum
641 2453 839 2489 evidentiam,
865 2452 979 2483 dicitur
1000 2452 1089 2493 quod
1109 2462 1175 2482 non
1191 2452 1298 2482 solum
1315 2459 1362 2483 est

293 2507 402 2527 verum
427 2497 515 2538 quod
539 2500 660 2528 Auctor
676 2497 751 2528 dicit
766 2498 798 2528 in
814 2497 925 2533 littera,
943 2497 1061 2529 scilicet
1080 2497 1169 2538 quod
1193 2503 1359 2537 peccatum

293 2541 453 2581 coniugati
473 2552 547 2572 cum
571 2553 627 2573 sua
642 2552 739 2573 uxore
757 2552 822 2572 non
839 2549 885 2572 est
904 2542 1082 2573 secundum
1106 2541 1281 2578 materiam,
1306 2542 1359 2572 sed

293 2586 558 2623 circumstantiaS,
582 2597 679 2628 quae,
705 2594 740 2617 ut
767 2586 826 2623 sic,
852 2597 917 2617 non
942 2587 1017 2618 dant
1048 2586 1203 2627 speciem,
1229 2593 1259 2617 et
1286 2586 1358 2617 ideo

292 2631 468 2661 secundum
492 2631 676 2662 huiusmodi
700 2639 827 2672 peccata
851 2641 917 2662 non
941 2638 1108 2672 ponuntur
1123 2631 1244 2671 species
1267 2631 1359 2662 luxu-

291 2675 353 2706 riae
377 2674 507 2717 (scilicet
530 2677 707 2707 secundum
731 2675 939 2707 differentiam
963 2683 1051 2707 actus
1076 2675 1301 2709 consummati.
1324 2683 1359 2707 ut

292 2720 472 2760 expositum
495 2727 542 2751 est
556 2719 606 2762 *):
631 2721 687 2752 sed
710 2721 806 2752 etiam
829 2731 941 2751 verum
965 2728 1011 2752 est
1034 2722 1124 2762 quod
1148 2727 1208 2761 eg'o
1232 2720 1357 2757 addidi,

291 2764 407 2795 scilicet
430 2765 519 2806 quod
543 2765 681 2806 reliquae
704 2765 847 2796 luxuriae
863 2765 984 2806 species
1007 2776 1073 2796 non
1090 2772 1166 2796 sunt
1181 2775 1218 2796 ex
1234 2775 1294 2796 suo
1310 2775 1359 2805 ge-

292 2819 363 2840 nere
388 2810 520 2840 mortale
543 2817 720 2850 peccatum.
745 2810 807 2841 Sed
831 2817 1005 2851 utrumque
1029 2816 1156 2850 oportet
1178 2819 1252 2840 sane
1269 2810 1358 2840 intel-

290 2854 394 2894 ligere.
420 2854 548 2885 Dictum
564 2854 723 2895 siquidem
738 2855 886 2886 Auctoris
902 2855 1146 2894 intelligendum
1163 2862 1210 2886 est
1229 2854 1267 2884 de
1287 2864 1358 2895 pec-

291 2905 360 2929 cato
386 2909 451 2929 non
475 2909 693 2940 quocumque,
718 2899 773 2930 sed
796 2899 953 2930 luxuriae:
986 2907 1015 2930 et
1039 2899 1200 2939 coniugati
1232 2906 1266 2930 ut
1296 2899 1357 2935 sic,

292 2942 352 2974 hoc
368 2950 414 2974 est
429 2951 535 2975 actum
551 2943 818 2974 matrimonialem
834 2943 1014 2975 exercentis.
1031 2944 1072 2975 Et
1084 2953 1202 2980 rursus,
1216 2943 1359 2984 loquitur

291 2988 329 3018 de
354 2988 540 3028 coniugato:
565 2998 631 3018 non
655 2988 693 3018 de
718 2988 888 3028 coniugato
912 2988 976 3024 tali,
1001 2995 1078 3028 puta
1093 2988 1259 3028 impedito,
1285 2998 1358 3028 pro-

292 3031 408 3068 hibito,
433 3039 463 3063 et
482 3032 678 3064 huiusmodi.
711 3032 761 3063 Sic
792 3043 931 3073 namque
961 3039 1007 3063 est
1030 3043 1135 3063 sermo
1161 3032 1313 3065 formalis
1337 3050 1357 3056 -

293 3076 421 3107 Dictum
445 3083 552 3108 autem
575 3087 684 3121 meum
710 3077 852 3117 intelligo
877 3077 915 3107 de
932 3077 1062 3118 reliquis
1077 3076 1243 3118 speciebus
1266 3077 1357 3108 luxu-

293 3121 354 3151 riae
385 3128 542 3162 quatenus
572 3121 652 3152 infra
683 3121 791 3152 solum
816 3122 958 3152 luxuriae
988 3131 1089 3162 genus
1117 3128 1206 3152 sunt:
1238 3128 1269 3152 et
1292 3132 1358 3152 non

294 3172 448 3206 quatenus
471 3165 594 3196 luxuria
617 3166 656 3196 ad
680 3166 739 3197 alia
762 3166 837 3197 vitia
860 3166 1011 3203 trahitur,
1035 3166 1086 3196 vel
1110 3165 1178 3196 aliis
1200 3165 1283 3197 vitiis
1314 3173 1359 3197 est

295 3219 424 3240 annexa.
452 3208 537 3253 [Non
559 3211 662 3242 solum
687 3209 784 3253 enim]
810 3221 953 3247 venerea,
974 3211 1029 3241 sed
1045 3210 1141 3242 etiam
1158 3211 1243 3241 bona
1262 3221 1359 3251 opera

296 3263 332 3283 ex
355 3255 550 3285 connexione
573 3255 623 3286 vel
646 3255 848 3296 appositione
872 3255 1010 3286 aliorum
1032 3255 1186 3286 vitiorum
1214 3255 1359 3286 mortalia

297 3305 421 3338 peccata
444 3298 539 3330 fiunt:
566 3307 600 3330 ut
623 3306 709 3340 patet
732 3300 758 3330 si
774 3300 906 3341 quidam
930 3301 1017 3331 daret
1040 3300 1278 3341 eleemosynam
1302 3310 1359 3341 po—

297 3342 401 3372 nendo
425 3342 456 3372 in
473 3353 508 3373 ea
532 3344 681 3375 ultimum
697 3343 804 3381 finem,
821 3355 876 3376 seu
892 3345 924 3376 in
940 3352 1162 3386 contemptum
1178 3344 1248 3376 Dei.
1273 3345 1360 3376 Haec

298 3385 382 3415 enim
406 3388 589 3418 communia
613 3396 686 3419 sunt
709 3389 801 3420 bonis
825 3397 856 3420 et
879 3390 982 3428 malis,
1007 3396 1037 3421 et
1060 3389 1092 3420 in
1117 3389 1207 3420 omni
1231 3389 1360 3420 materia

297 3430 582 3470 subintelliguntur.
610 3433 676 3463 Nos
699 3441 806 3464 autem
831 3435 869 3465 de
893 3434 1029 3475 propriis
1053 3433 1264 3466 constitutivis
1288 3443 1360 3474 spe-

299 3473 418 3504 cierum
447 3475 587 3506 luxuriae
613 3483 791 3509 tractamus.
826 3479 867 3509 Et
895 3480 933 3510 de
961 3479 1042 3516 illis,
1067 3478 1148 3509 infra
1175 3479 1238 3510 hoc
1260 3488 1361 3519 genus

299 3516 402 3560 (quod
425 3519 515 3559 quasi
538 3530 596 3559 pro
613 3530 679 3551 uno
695 3531 806 3561 genere
824 3522 1041 3566 computatur)
1057 3523 1208 3560 sistendo,
1226 3523 1360 3554 dicimus

299 3562 387 3603 quod
407 3563 532 3594 nullum
548 3571 676 3604 apparet
691 3567 823 3597 mortale
838 3575 1004 3607 peccatum
1021 3568 1081 3599 nisi
1101 3568 1282 3608 supradicta
1297 3578 1359 3604 sex,

300 3613 330 3637 et
353 3616 435 3647 quae
458 3607 498 3638 ad
523 3617 557 3638 ea
581 3609 783 3641 reducuntur.

356 3651 411 3681 XII
429 3651 490 3681 .Ad
507 3651 628 3692 singula
645 3660 751 3684 autem
764 3654 884 3685 obiecta
896 3656 912 3674 *
932 3656 1113 3696 singillatim
1130 3657 1360 3693 descendendo,

985 280 1252 329 QUAESTIO
1283 278 1422 325 CLIV,
1450 279 1750 316 ARTICULUS
1781 280 1793 315 1

1415 357 1529 388 dicitur
1552 359 1642 398 quod
1664 358 1697 388 in
1715 359 1827 399 primo
1844 368 1928 395 casu,
1950 368 2024 389 cum
2048 359 2165 390 scilicet
2180 359 2227 390 vir
2250 366 2335 390 extra
2357 370 2411 390 vas
2434 370 2489 391 na-

1414 402 1515 432 turale
1539 402 1690 439 seminat,
1716 403 1829 442 procul
1852 403 1952 434 dubio
1984 410 2150 444 peccatum
2181 411 2228 434 est
2251 414 2288 434 ex
2311 411 2398 444 parte
2423 414 2488 435 ma-

1414 446 1509 476 teriae
1533 446 1682 486 partialis.
1708 447 1748 477 Et
1771 447 1845 478 ideo
1869 454 1989 488 spectat
2012 448 2051 478 ad
2076 458 2175 479 unam
2198 448 2330 489 istarum
2351 458 2404 479 sex
2419 459 2489 489 spe-

1415 489 1545 527 cierum,
1571 490 1688 521 scilicet
1711 498 1878 531 peccatum
1901 499 2012 523 contra
2034 499 2192 524 naturam.
2217 493 2258 524 Et
2281 493 2343 524 hoc
2367 493 2433 524 sive
2455 493 2488 524 in

1415 540 1484 564 toto
1509 541 1581 566 actu
1605 541 1713 565 utatur
1736 545 1834 566 uxore
1858 543 1943 567 extra
1958 547 2013 567 vas
2029 537 2189 574 naturale;
2213 537 2277 568 sive
2293 537 2326 568 in
2343 537 2405 568 fine
2422 545 2489 569 tan—

1415 585 1495 614 tum,
1522 585 1557 609 ut
1577 578 1634 609 filii
1656 579 1753 610 Iudae
1769 580 1980 612 abutebantur
1994 582 2137 612 Thamar
2151 583 2182 618 *;
2207 582 2282 618 sive,
2300 582 2488 613 seminando
2518 588 2527 597 ·

1413 623 1495 654 intra
1518 633 1573 653 vas
1598 623 1750 660 naturale,
1775 625 1867 655 detur
1883 634 1980 665 opera
2004 632 2039 659 ut
2059 636 2125 657 non
2141 634 2293 667 sequatur
2308 627 2489 667 conceptio,

1415 675 1470 698 aut
1494 677 1531 698 ex
1554 674 1642 707 parte
1665 667 1723 698 viri
1748 675 1803 699 aut
1825 678 1862 700 ex
1882 676 1970 709 parte
1989 669 2137 707 feminae,
2154 681 2360 712 quacumque
2376 671 2409 702 id
2425 679 2489 703 arte

1414 712 1465 742 vel
1488 711 1643 742 industria
1666 711 1740 748 fiat,
1774 712 1931 753 quoniam
1958 720 2035 745 tunc
2059 724 2096 745 ex
2118 714 2296 746 intentione
2319 716 2488 747 seminatio

1414 755 1588 796 impeditur
1611 766 1628 786 a
1653 756 1788 787 naturali
1813 767 1873 788 suo
1897 756 1971 790 fine.
2003 759 2045 789 Et
2067 769 2182 799 parum
2206 759 2309 791 differt
2331 771 2349 791 a
2373 771 2487 801 procu-

1415 801 1536 831 ratione
1560 801 1650 841 quod
1674 800 1849 832 seminetur
1871 801 2010 833 totaliter
2033 810 2119 834 extra
2133 814 2188 834 vas
2205 805 2363 836 naturale:
2389 805 2490 837 differt

1415 845 1502 876 enim
1525 845 1704 875 secundum
1729 845 1938 876 differentiam
1952 847 2053 887 magis
2069 854 2099 878 et
2113 847 2231 880 minus.
2256 849 2298 880 Et
2320 857 2490 890 propterea

1415 890 1455 920 ad
1479 890 1614 920 eandem
1638 889 1779 930 speciem
1801 897 1931 930 spectat.
1963 891 2005 922 Et
2028 898 2075 922 est
2098 899 2266 932 peccatum
2289 894 2425 925 mortale
2453 904 2490 926 ex

1415 945 1475 965 suo
1499 942 1630 974 genere:
1665 934 1741 975 quia
1772 944 1808 964 ex
1834 934 2012 966 intentione
2043 936 2253 968 contrariatur
2274 936 2331 968 fini
2354 938 2490 970 naturali

1416 979 1616 1010 concubitus.
1640 979 1707 1010 Nec
1730 979 1794 1010 hoc
1817 979 2004 1010 contradicit
2025 979 2162 1012 litterae:
2194 981 2271 1022 quia
2294 982 2355 1014 tale
2378 993 2489 1023 pecca-

1415 1031 1487 1054 tum
1511 1034 1577 1054 non
1602 1030 1649 1054 est
1673 1023 1835 1064 coniugati
1859 1030 1895 1055 ut
1922 1024 1984 1061 sic,
2009 1034 2085 1055 cum
2109 1035 2218 1062 uxore,
2242 1026 2399 1067 quoniam
2423 1037 2489 1058 non

1415 1076 1462 1100 est
1486 1079 1566 1099 uxor
1590 1069 1658 1099 eius
1682 1069 1722 1099 ad
1747 1068 1934 1104 huiusmodi
1957 1078 2069 1106 usum;
2094 1072 2217 1101 Auctor
2233 1077 2339 1102 autem
2361 1071 2400 1102 de
2419 1082 2490 1111 pec-

1416 1121 1487 1144 cato
1511 1113 1684 1154 coniugato
1708 1113 1882 1144 formaliter
1904 1113 2058 1155 loquitur.

1472 1158 1523 1189 Ad
1549 1158 1726 1189 secundum
1759 1158 1874 1190 dicitur
1901 1159 2016 1189 eodem
2043 1159 2160 1195 modo,
2185 1160 2276 1200 quod
2303 1159 2491 1191 huiusmodi

1415 1210 1583 1243 peccatum
1603 1210 1649 1234 est
1673 1210 1840 1244 peccatum
1857 1210 1967 1234 contra
1981 1210 2138 1241 naturam,
2155 1204 2246 1245 quod
2260 1211 2394 1236 vocatur
2409 1205 2490 1236 mol-

1416 1247 1516 1278 lities:
1541 1254 1572 1279 et
1596 1258 1662 1278 non
1687 1255 1734 1278 est
1757 1247 2006 1288 coniugatorum
2030 1255 2066 1279 ut
2090 1248 2145 1279 sic.

1472 1292 1523 1323 Ad
1547 1293 1677 1323 tertium
1702 1299 1733 1323 et
1755 1298 1906 1333 quartum
1931 1292 2027 1323 simul
2051 1293 2167 1324 dicitur
2189 1293 2279 1334 quod
2298 1295 2421 1325 Auctor
2443 1294 2491 1325 lo—

1416 1337 1525 1379 quitur
1549 1337 1588 1368 de
1612 1337 1795 1377 coniugam,
1820 1344 1850 1368 et
1874 1347 1941 1368 non
1960 1337 2227 1378 semi-coniugato
2251 1338 2361 1379 quoad
2384 1346 2487 1370 actus:

1416 1382 1519 1424 qualis
1548 1389 1594 1412 est
1623 1389 1690 1412 tam
1718 1382 1838 1412 habens
1860 1389 1990 1418 votum,
2015 1382 2071 1423 qui
2095 1382 2268 1414 committit
2291 1382 2491 1424 sacrilegium

1416 1427 1555 1468 petendo
1581 1426 1742 1463 debitum;
1767 1437 1865 1467 quam
1889 1426 1992 1457 affinis
2015 1433 2090 1466 post
2103 1427 2131 1464 *,
2155 1427 2211 1468 qui
2236 1427 2380 1459 similiter
2403 1437 2490 1460 com·
2518 1434 2529 1445 ·

1418 1472 1513 1503 mittit
1544 1471 1701 1502 incestum
1729 1471 1868 1512 petendo
1900 1470 2054 1502 debitum.
2087 1472 2128 1502 Et
2156 1471 2259 1503 simile
2289 1479 2337 1503 est
2359 1473 2399 1504 de
2422 1472 2492 1504 aliis

1417 1516 1602 1557 prohibitis:
1627 1522 1701 1546 sunt
1724 1516 1811 1546 enirn
1834 1515 2091 1556 semi-coniugati
2114 1517 2223 1557 quoad
2247 1523 2366 1548 actum.

1473 1562 1513 1591 Et
1535 1561 1608 1592 licet
1632 1559 1734 1601 possit
1762 1570 1818 1601 per
1846 1560 1908 1591 hoc
1931 1560 2115 1601 responderi
2141 1561 2180 1591 ad
2207 1563 2376 1602 quintum,
2401 1561 2491 1603 quod

1416 1606 1534 1637 scilicet
1557 1605 1690 1636 maritus
1715 1605 1822 1636 uxoris
1846 1605 1973 1645 publice
1997 1605 2158 1636 adulterae
2181 1613 2228 1638 est
2251 1606 2490 1643 semi-maritus,

1416 1657 1547 1691 propter
1570 1650 1757 1681 scandalum
1780 1659 1960 1686 annexum,
1985 1650 2142 1690 quoniam
2171 1657 2325 1691 patronus
2353 1651 2491 1692 turpitu—

1417 1695 1499 1725 dinis
1523 1694 1558 1725 fit
1582 1694 1806 1735 cognoscendo
1830 1703 1918 1725 eam:
1944 1694 2033 1726 aliter
2056 1701 2163 1726 tamen
2186 1702 2293 1736 potest
2316 1695 2377 1726 dici
2401 1696 2491 1737 quod

1417 1739 1550 1770 maritus
1582 1749 1646 1769 non
1679 1746 1787 1779 peccat
1818 1739 2043 1779 cognoscendo
2072 1739 2170 1770 talem
2201 1746 2331 1780 peccato
2362 1740 2492 1781 proprie

1415 1783 1575 1819 luxuriae,
1601 1784 1640 1814 de
1671 1793 1737 1824 quo
1767 1793 1873 1813 sermo
1897 1790 1959 1820 est;
1990 1783 2046 1814 sed
2073 1791 2205 1824 peccato
2228 1784 2322 1815 alieni
2346 1785 2491 1816 adulterii

1416 1827 1556 1858 fovendo
1579 1827 1669 1864 illud,
1695 1834 1726 1858 et
1749 1827 1898 1864 scandali,
1923 1835 1954 1858 et
1972 1827 2174 1869 inaequitatis
2192 1828 2226 1860 in
2240 1829 2420 1860 omittendo
2437 1830 2491 1861 de-

1416 1871 1516 1903 bitam
1540 1871 1770 1903 correctionem
1786 1871 1893 1902 uxoris
1910 1881 1966 1911 per
1980 1873 2230 1904 subtractionem
2246 1881 2334 1905 actus
2350 1874 2491 1916 coniugii

1416 1923 1447 1947 et
1470 1916 1530 1947 alia
1554 1916 1703 1952 remedia,
1720 1916 1806 1946 iuxta
1830 1915 1907 1946 iuris
1931 1916 2178 1957 dispositionem
2193 1918 2220 1949 *.
2244 1935 2265 1941 -
2287 1918 2335 1949 De
2364 1919 2423 1950 hac
2445 1926 2490 1950 ta-

1416 1971 1491 1991 men
1515 1961 1656 1997 materia,
1681 1961 1707 1991 si
1731 1970 1812 1991 uxor
1830 1960 1984 1991 innocens
2009 1968 2176 1993 excusatur
2199 1972 2217 1993 a
2240 1969 2371 2003 peccato
2395 1963 2422 1995 si
2443 1962 2492 1995 ‘vir

1415 2012 1461 2036 est
1485 2005 1634 2046 publicus
1657 2004 1913 2041 concubinarius,
1938 2004 2035 2036 habes
2058 2005 2091 2036 in
2116 2005 2292 2044 Quolibeto
2317 2013 2429 2039 nostro
2446 2017 2493 2039 se-

1416 2050 1523 2081 cundo
1538 2050 1556 2069 *
1580 2049 1692 2080 diffuse
1716 2049 1940 2090 quaestionem
1963 2059 2073 2081 unam.

1471 2095 1521 2125 Ad
1544 2095 1629 2126 sexti
1655 2094 1798 2135 primum
1822 2103 1932 2125 casum
1955 2094 2070 2126 dicitur
2094 2095 2183 2136 quod
2206 2105 2322 2136 negare
2345 2095 2492 2128 debitum

1415 2139 1506 2170 uxori
1531 2149 1598 2170 non
1621 2146 1668 2170 est
1692 2146 1860 2180 peccatum
1883 2139 2037 2176 luxuriae,
2062 2139 2118 2170 sed
2137 2139 2320 2178 iniustitiae,
2341 2139 2492 2182 fugientis

1416 2183 1524 2224 potius
1547 2183 1718 2215 luxuriam.
1742 2186 1864 2215 Auctor
1889 2190 2013 2220 autem,
2040 2191 2075 2216 ut
2097 2183 2163 2215 iam
2186 2184 2307 2216 dictum
2332 2193 2378 2217 est
2392 2185 2428 2223 *,
2452 2184 2492 2220 de

1415 2228 1552 2270 peccatis
1567 2228 1709 2260 luxuriae
1725 2228 1880 2270 loquitur.
1897 2246 1917 2252 —
1942 2229 1993 2261 Ad
2008 2229 2188 2261 secundum
2204 2239 2281 2261 vero
2297 2240 2418 2267 casum,
2433 2229 2494 2263 sci—

1414 2273 1487 2305 licet
1514 2273 1539 2304 si
1563 2273 1611 2304 vir
1634 2283 1700 2304 non
1725 2280 1819 2314 negat
1843 2273 1982 2310 coitum,
2007 2273 2062 2305 sed
2090 2273 2352 2312 seminationem,
2377 2275 2493 2309 dicitur

1414 2318 1505 2360 quod
1535 2317 1723 2349 huiusmodi
1754 2325 1922 2358 peccatum
1952 2317 2124 2350 iniustitiae
2153 2329 2287 2360 quoque
2319 2326 2383 2350 est:
2415 2319 2493 2362 quia

1415 2363 1547 2394 maritus
1571 2373 1637 2394 non
1662 2363 1769 2394 solum
1799 2369 1924 2394 tenetur
1946 2363 1986 2394 ad
2009 2363 2147 2400 coitum,
2172 2363 2227 2394 sed
2255 2373 2378 2401 semem
2410 2375 2491 2406 quo-

1414 2408 1502 2439 niam
1516 2414 1641 2439 tenetur
1663 2407 1702 2438 ad
1727 2407 1850 2438 coitum
1873 2417 1910 2438 ex
1933 2417 2000 2449 quo
2017 2407 2196 2439 secundum
2220 2418 2253 2439 se
2276 2408 2379 2449 possit
2401 2409 2492 2451 sequi

1413 2452 1594 2494 generatio;
1627 2458 1751 2483 constat
1773 2459 1882 2483 autem
1901 2453 1991 2493 quod
2014 2462 2051 2484 ex
2075 2452 2162 2484 coitu
2186 2452 2254 2484 sine
2278 2453 2400 2484 semine
2423 2463 2491 2485 non

1414 2504 1520 2538 potest
1542 2497 1634 2538 sequi
1657 2497 1829 2538 generatio.
1860 2497 1901 2528 Et
1924 2496 2006 2528 sicut
2029 2504 2138 2538 peccat
2160 2497 2336 2529 mortaliter
2359 2498 2492 2530 maritus

1413 2542 1559 2583 negando
1584 2541 1728 2573 debitum
1752 2541 1908 2578 totaliter,
1933 2541 1976 2573 ita
1999 2549 2109 2582 peccat
2139 2541 2316 2574 mortaliter
2342 2543 2490 2583 negando

1413 2587 1557 2618 debitum
1581 2587 1690 2628 quoad
1713 2596 1836 2623 semen,
1869 2593 2000 2627 propter
2023 2587 2159 2617 eandem
2181 2586 2348 2618 rationem.

1469 2632 1531 2663 Sed
1560 2631 1638 2672 quid
1668 2631 1694 2662 si
1719 2641 1799 2662 uxor
1828 2641 1895 2662 non
1925 2638 2014 2662 curat
2041 2631 2080 2662 de
2109 2629 2250 2663 semine?
2279 2631 2391 2668 Tunc,
2415 2641 2490 2663 cum

1412 2684 1511 2708 cesset
1535 2676 1614 2708 ratio
1646 2676 1762 2713 debiti,
1786 2675 1894 2707 solum
1919 2683 2086 2716 peccatum
2118 2675 2263 2708 luxuriae
2292 2683 2436 2708 remanet
2457 2676 2490 2708 in

1412 2721 1604 2761 coniugibus
1629 2720 1809 2752 commixtis
1833 2721 1953 2762 absque
1977 2720 2190 2752 seminatione
2212 2721 2281 2752 viri.
2306 2737 2327 2744 -
2350 2720 2403 2752 Ad
2427 2721 2490 2752 hoc

1412 2766 1527 2798 dicitur
1545 2766 1644 2807 quod,
1665 2765 1741 2807 quia
1757 2765 1827 2796 talis
1843 2765 2020 2806 coniugum
2037 2765 2226 2798 commixtio
2241 2765 2403 2797 reductive
2418 2775 2490 2806 spe-

1412 2818 1475 2842 ctat
1498 2811 1537 2842 ad
1562 2818 1729 2852 peccatum
1753 2817 1863 2842 contra
1886 2817 2045 2847 naturam,
2061 2810 2139 2851 quia
2155 2817 2201 2841 est
2217 2809 2260 2841 ibi
2285 2819 2491 2841 consumma-

1411 2863 1463 2887 tus
1487 2855 1591 2887 coitus
1615 2855 1753 2886 feminae
1777 2865 1814 2886 ex
1836 2865 1903 2896 quo
1925 2865 1992 2886 non
2016 2862 2122 2896 potest
2137 2854 2227 2896 sequi
2242 2854 2404 2895 generatio
2429 2852 2489 2898 (di-

1412 2901 1493 2932 citur
1517 2900 1652 2931 enimin
1675 2899 1778 2932 littera
1794 2899 1811 2919 *
1834 2899 1924 2941 quod
1948 2899 2055 2930 omnis
2071 2906 2160 2931 actus
2183 2909 2337 2930 venereus
2361 2909 2398 2930 ex
2421 2908 2489 2940 quo

1412 2955 1478 2976 non
1503 2952 1608 2986 potest
1631 2944 1722 2986 sequi
1748 2943 1928 2984 generatim
1953 2951 2073 2984 spectat
2100 2944 2140 2975 ad
2163 2943 2278 2976 vitium
2301 2950 2412 2975 contra
2435 2953 2489 2975 na-

1412 2988 1547 3032 turam),
1572 2989 1646 3020 ideo
1670 2989 1740 3020 talis
1765 2988 1954 3020 commixtio
1978 2998 2045 3019 non
2075 2988 2224 3020 convenit
2252 2987 2430 3028 coniugatis
2454 2995 2490 3020 ut

1412 3034 1575 3074 coniugati
1601 3040 1688 3065 sunt:
1715 3034 1769 3064 sed
1793 3033 2088 3074 quemadmodum,
2112 3032 2181 3063 viro
2204 3032 2381 3063 seminante
2404 3039 2489 3065 extra

1411 3089 1466 3109 vas
1491 3078 1648 3115 debitum,
1674 3084 1822 3119 peccatur
1852 3084 1962 3109 contra
1988 3084 2135 3109 naturam
2165 3077 2241 3118 quia
2265 3077 2396 3108 materia
2419 3087 2489 3118 par·

1412 3123 1493 3153 tialis
1524 3122 1733 3154 contrariatur
1756 3129 1908 3159 naturae;
1937 3121 1997 3158 ita,
2021 3121 2140 3153 femina
2164 3121 2341 3153 seminante
2369 3122 2489 3164 absque

1413 3167 1641 3199 commixtione
1668 3177 1742 3198 cum
1765 3166 1845 3198 virili
1869 3165 2003 3203 semine,
2028 3173 2176 3207 peccatur
2206 3173 2315 3197 contra
2342 3173 2489 3200 naturam

1413 3211 1487 3252 quia
1511 3212 1640 3252 partiale
1664 3211 1826 3243 obiectum
1858 3211 1999 3242 naturale
2022 3210 2200 3242 voluntarie
2231 3210 2406 3248 omittitur,
2430 3211 2489 3243 sci-

1413 3256 1485 3287 licet
1509 3266 1617 3287 semen
1640 3256 1739 3287 virile.
1764 3273 1785 3279 -
1808 3255 1906 3287 Secus
1929 3262 2038 3286 autem
2062 3262 2143 3286 esset
2158 3255 2183 3286 si
2203 3255 2250 3286 vir
2273 3265 2310 3287 ex
2326 3255 2487 3297 impoten-

1413 3301 1455 3331 tia
1471 3300 1640 3341 temporali
1657 3310 1723 3331 non
1738 3303 1916 3336 seminaret,
1933 3300 2150 3331 concumbens
2164 3310 2239 3331 curn
2252 3310 2307 3341 spe
2324 3308 2355 3332 et
2370 3307 2488 3332 conatu

1414 3345 1454 3375 ad
1477 3345 1716 3376 seminandum:
1742 3345 1824 3376 sicut
1846 3344 1959 3375 accidit
1975 3344 2102 3375 cuidam
2125 3344 2182 3386 qui
2207 3355 2243 3376 ex
2266 3345 2370 3385 prima
2390 3355 2488 3377 uxore

1413 3397 1574 3430 genuerat,
1588 3396 1619 3420 et
1634 3399 1709 3420 cum
1722 3389 1861 3420 secunda
1880 3389 2096 3420 concumbens
2114 3399 2179 3420 non
2193 3396 2317 3430 poterat
2333 3389 2488 3421 seminare

1415 3444 1471 3474 per
1493 3434 1614 3465 multos
1637 3443 1749 3464 annos.
1773 3432 1835 3464 Hic
1859 3433 1954 3470 enirn,
1971 3443 2009 3464 ex
2032 3433 2166 3465 consilio
2190 3435 2364 3471 bonorum,
2385 3433 2486 3466 conti-

1415 3488 1479 3509 nue
1503 3478 1546 3509 sic
1570 3478 1703 3508 reddens
1727 3477 1880 3514 debitum,
1905 3478 2044 3514 tandem,
2066 3485 2140 3519 post
2162 3489 2216 3510 sex
2242 3489 2356 3515 annos,
2379 3478 2489 3520 genuit

1415 3533 1453 3554 ex
1475 3522 1537 3553 illa.
1567 3523 1608 3553 Et
1631 3532 1736 3553 revera
1767 3532 1833 3552 non
1857 3525 2010 3562 peccavit:
2043 3523 2199 3564 quoniam
2231 3533 2358 3564 semper
2380 3530 2487 3554 actum

1416 3567 1592 3598 naturalem
1617 3576 1840 3597 consummare
1864 3566 2055 3598 intendebat.

1470 3611 1554 3642 XIII.
1579 3611 1629 3642 Ad
1647 3612 1791 3651 primum
1816 3619 1923 3642 autem
1943 3611 2142 3643 obiectorum
2162 3611 2242 3643 circa
2261 3619 2388 3652 peccata
2411 3621 2486 3643 con-

1415 3656 1598 3696 iugatorum
1619 3665 1655 3687 ex
1672 3663 1759 3695 parte
1785 3656 2092 3688 circumstantiarum
2108 3656 2135 3693 *,
2161 3656 2275 3688 dicitur
2294 3656 2383 3697 quod
2399 3663 2487 3687 actus

2562 586 2618 609 Gen.
2651 593 2701 614 cap.

2517 619 2616 640 xxxvm,
2643 619 2702 636 vera.

2517 640 2531 661 6
2544 646 2596 668 sqq.

2518 1921 2731 1972 aeterra

2515 1981 2571 2003 pro.

2519 2050 2530 2092 ἶ
2551 2048 2731 2104 *affini-¹2:

2518 2101 2592 2178 {ff
2601 2101 2732 2157 ‘X‘¹¹†¹?.'²02':

2520 2184 2530 2195 ⁸
2543 2182 2615 2206 Nun.
2627 2182 2732 2212 praeced.

2516 2903 2566 2926 ’ln
2581 2908 2679 2932 corpore

2515 3638 2525 3646 ·
2548 3635 2617 3658 Num.
2644 3641 2674 3662 x,
2696 3633 2727 3656 Β

2514 3664 2573 3684 sunt.
