<?xml version="1.0" encoding="UTF-8"?>
<!DOCTYPE html PUBLIC "-//W3C//DTD XHTML 1.0 Transitional//EN"
    "http://www.w3.org/TR/xhtml1/DTD/xhtml1-transitional.dtd">
<html xmlns="http://www.w3.org/1999/xhtml" xml:lang="en" lang="en">
 <head>
  <title>
</title>
<meta http-equiv="Content-Type" content="text/html;charset=utf-8" />
  <meta name='ocr-system' content='tesseract 3.04.00' />
  <meta name='ocr-capabilities' content='ocr_page ocr_carea ocr_par ocr_line ocrx_word'/>
</head>
<body>
  <div class='ocr_page' id='page_1' title='image "./operaomniaiussui10thom/operaomniaiussui10thom_0052.png"; bbox 0 0 2768 4198; ppageno 0'>
   <div class='ocr_carea' id='block_1_1' title="bbox 16 2465 154 2493">
    <p class='ocr_par' dir='ltr' id='par_1_1' title="bbox 16 2465 154 2493">
     <span class='ocr_line' id='line_1_1' title="bbox 16 2465 154 2493; baseline 0.014 -7"><span class='ocrx_word' id='word_1_1' title='bbox 16 2466 27 2476; x_wconf 72' lang='lat'>⁸</span> <span class='ocrx_word' id='word_1_2' title='bbox 42 2465 99 2493; x_wconf 83' lang='lat' dir='ltr'>Cap.</span> <span class='ocrx_word' id='word_1_3' title='bbox 116 2472 154 2488; x_wconf 81' lang='lat' dir='ltr'>xv.</span> 
     </span>
    </p>
   </div>
   <div class='ocr_carea' id='block_1_2' title="bbox 19 2606 153 2633">
    <p class='ocr_par' dir='ltr' id='par_1_2' title="bbox 19 2606 153 2633">
     <span class='ocr_line' id='line_1_2' title="bbox 19 2606 153 2633; baseline 0 -6"><span class='ocrx_word' id='word_1_4' title='bbox 19 2607 28 2616; x_wconf 78' lang='lat'>⁸</span> <span class='ocrx_word' id='word_1_5' title='bbox 43 2606 101 2633; x_wconf 83' lang='lat' dir='ltr'>Cap.</span> <span class='ocrx_word' id='word_1_6' title='bbox 116 2612 153 2627; x_wconf 84' lang='lat' dir='ltr'>xv.</span> 
     </span>
    </p>
   </div>
   <div class='ocr_carea' id='block_1_3' title="bbox 118 3156 133 3189">
    <p class='ocr_par' dir='ltr' id='par_1_3' title="bbox 118 3156 133 3189">
     <span class='ocr_line' id='line_1_3' title="bbox 118 3156 133 3189; baseline 0 0"><span class='ocrx_word' id='word_1_7' title='bbox 118 3156 133 3189; x_wconf 81' lang='grc' dir='ltr'><strong>β</strong></span> 
     </span>
    </p>
   </div>
   <div class='ocr_carea' id='block_1_4' title="bbox 24 3212 234 3261">
    <p class='ocr_par' dir='ltr' id='par_1_4' title="bbox 24 3212 234 3261">
     <span class='ocr_line' id='line_1_4' title="bbox 24 3212 234 3261; baseline 0.005 -1"><span class='ocrx_word' id='word_1_8' title='bbox 24 3212 103 3261; x_wconf 53' lang='grc' dir='ltr'>εἯζ</span> <span class='ocrx_word' id='word_1_9' title='bbox 113 3213 234 3261; x_wconf 54' lang='lat' dir='ltr'>3:233}ss</span> 
     </span>
    </p>
   </div>
   <div class='ocr_carea' id='block_1_5' title="bbox 23 3318 177 3347">
    <p class='ocr_par' dir='ltr' id='par_1_5' title="bbox 23 3318 177 3347">
     <span class='ocr_line' id='line_1_5' title="bbox 23 3318 177 3347; baseline 0.013 -8"><span class='ocrx_word' id='word_1_10' title='bbox 23 3319 33 3331; x_wconf 80' lang='lat'>⁸</span> <span class='ocrx_word' id='word_1_11' title='bbox 48 3318 82 3340; x_wconf 88' lang='lat' dir='ltr'>De</span> <span class='ocrx_word' id='word_1_12' title='bbox 95 3319 177 3347; x_wconf 80' lang='lat' dir='ltr'>Affect.</span> 
     </span>
    </p>
   </div>
   <div class='ocr_carea' id='block_1_6' title="bbox 276 296 319 320">
    <p class='ocr_par' dir='ltr' id='par_1_6' title="bbox 276 296 319 320">
     <span class='ocr_line' id='line_1_6' title="bbox 276 296 319 320; baseline 0 0"><span class='ocrx_word' id='word_1_13' title='bbox 276 296 319 320; x_wconf 91' lang='lat'>10</span> 
     </span>
    </p>
   </div>
   <div class='ocr_carea' id='block_1_7' title="bbox 257 356 1338 1870">
    <p class='ocr_par' dir='ltr' id='par_1_7' title="bbox 266 356 1338 581">
     <span class='ocr_line' id='line_1_7' title="bbox 266 356 1338 401; baseline -0.008 -7"><span class='ocrx_word' id='word_1_14' title='bbox 266 365 363 399; x_wconf 86' lang='lat' dir='ltr'>niam,</span> <span class='ocrx_word' id='word_1_15' title='bbox 389 373 539 393; x_wconf 88' lang='lat' dir='ltr'>concesso</span> <span class='ocrx_word' id='word_1_16' title='bbox 564 368 740 401; x_wconf 89' lang='lat' dir='ltr'>assumpto,</span> <span class='ocrx_word' id='word_1_17' title='bbox 759 360 883 395; x_wconf 88' lang='lat' dir='ltr'>scilicet,</span> <span class='ocrx_word' id='word_1_18' title='bbox 909 358 1087 394; x_wconf 86' lang='lat' dir='ltr'><em>Fortitudo,</em></span> <span class='ocrx_word' id='word_1_19' title='bbox 1109 362 1265 398; x_wconf 83' lang='lat' dir='ltr'>quantum</span> <span class='ocrx_word' id='word_1_20' title='bbox 1291 356 1338 385; x_wconf 88' lang='lat' dir='ltr'>in-</span> 
     </span>
     <span class='ocr_line' id='line_1_8' title="bbox 267 401 1338 448; baseline -0.009 -9"><span class='ocrx_word' id='word_1_21' title='bbox 267 410 408 440; x_wconf 88' lang='lat' dir='ltr'>clinatur</span> <span class='ocrx_word' id='word_1_22' title='bbox 431 409 462 438; x_wconf 89' lang='lat' dir='ltr'>in</span> <span class='ocrx_word' id='word_1_23' title='bbox 482 407 653 448; x_wconf 80' lang='lat' dir='ltr'>proprium</span> <span class='ocrx_word' id='word_1_24' title='bbox 678 410 798 442; x_wconf 86' lang='lat' dir='ltr'>actum,</span> <span class='ocrx_word' id='word_1_25' title='bbox 828 409 950 434; x_wconf 86' lang='lat' dir='ltr'>tantum</span> <span class='ocrx_word' id='word_1_26' title='bbox 975 402 1018 432; x_wconf 87' lang='lat' dir='ltr'>ad</span> <span class='ocrx_word' id='word_1_27' title='bbox 1041 402 1216 432; x_wconf 88' lang='lat' dir='ltr'>tollendum</span> <span class='ocrx_word' id='word_1_28' title='bbox 1242 401 1338 439; x_wconf 86' lang='lat' dir='ltr'>impe-</span> 
     </span>
     <span class='ocr_line' id='line_1_9' title="bbox 266 444 1338 489; baseline -0.01 -5"><span class='ocrx_word' id='word_1_29' title='bbox 266 454 439 484; x_wconf 86' lang='lat' dir='ltr'>dimentum</span> <span class='ocrx_word' id='word_1_30' title='bbox 457 453 642 487; x_wconf 86' lang='lat' dir='ltr'>inclinatur,</span> <span class='ocrx_word' id='word_1_31' title='bbox 657 460 722 479; x_wconf 90' lang='lat' dir='ltr'>non</span> <span class='ocrx_word' id='word_1_32' title='bbox 740 449 882 489; x_wconf 90' lang='lat' dir='ltr'>sequitur</span> <span class='ocrx_word' id='word_1_33' title='bbox 898 447 986 487; x_wconf 88' lang='lat' dir='ltr'>quod</span> <span class='ocrx_word' id='word_1_34' title='bbox 1003 446 1093 476; x_wconf 87' lang='lat' dir='ltr'>tollat</span> <span class='ocrx_word' id='word_1_35' title='bbox 1109 444 1338 485; x_wconf 87' lang='lat' dir='ltr'>impedimenta</span> 
     </span>
     <span class='ocr_line' id='line_1_10' title="bbox 266 489 1337 532; baseline -0.009 -4"><span class='ocrx_word' id='word_1_36' title='bbox 266 498 320 528; x_wconf 87' lang='lat' dir='ltr'>tali</span> <span class='ocrx_word' id='word_1_37' title='bbox 345 497 455 532; x_wconf 85' lang='lat' dir='ltr'>modo,</span> <span class='ocrx_word' id='word_1_38' title='bbox 481 495 597 526; x_wconf 89' lang='lat' dir='ltr'>scilicet</span> <span class='ocrx_word' id='word_1_39' title='bbox 614 501 649 525; x_wconf 90' lang='lat' dir='ltr'>ut</span> <span class='ocrx_word' id='word_1_40' title='bbox 665 494 787 524; x_wconf 90' lang='lat' dir='ltr'>obiecta</span> <span class='ocrx_word' id='word_1_41' title='bbox 812 491 970 532; x_wconf 85' lang='lat' dir='ltr'>partialia:</span> <span class='ocrx_word' id='word_1_42' title='bbox 996 490 1151 530; x_wconf 89' lang='lat' dir='ltr'>quoniam</span> <span class='ocrx_word' id='word_1_43' title='bbox 1173 496 1232 519; x_wconf 86' lang='lat' dir='ltr'>stat</span> <span class='ocrx_word' id='word_1_44' title='bbox 1248 489 1337 529; x_wconf 90' lang='lat' dir='ltr'>quod</span> 
     </span>
     <span class='ocr_line' id='line_1_11' title="bbox 267 533 1292 581; baseline -0.011 -8"><span class='ocrx_word' id='word_1_45' title='bbox 267 543 397 573; x_wconf 86' lang='lat' dir='ltr'>tollatur</span> <span class='ocrx_word' id='word_1_46' title='bbox 421 551 476 581; x_wconf 92' lang='lat' dir='ltr'>per</span> <span class='ocrx_word' id='word_1_47' title='bbox 499 550 594 570; x_wconf 89' lang='lat' dir='ltr'>suum</span> <span class='ocrx_word' id='word_1_48' title='bbox 611 546 718 569; x_wconf 85' lang='lat' dir='ltr'>actum</span> <span class='ocrx_word' id='word_1_49' title='bbox 743 537 805 567; x_wconf 89' lang='lat' dir='ltr'>alio</span> <span class='ocrx_word' id='word_1_50' title='bbox 830 536 939 570; x_wconf 88' lang='lat' dir='ltr'>modo,</span> <span class='ocrx_word' id='word_1_51' title='bbox 965 534 1083 565; x_wconf 92' lang='lat' dir='ltr'>scilicet</span> <span class='ocrx_word' id='word_1_52' title='bbox 1107 533 1292 564; x_wconf 83' lang='lat' dir='ltr'>formaliter.</span> 
     </span>
    </p>

    <p class='ocr_par' dir='ltr' id='par_1_8' title="bbox 259 578 1338 1347">
     <span class='ocr_line' id='line_1_12' title="bbox 319 578 1338 624; baseline -0.01 -8"><span class='ocrx_word' id='word_1_53' title='bbox 319 586 369 616; x_wconf 84' lang='lat' dir='ltr'>Ad</span> <span class='ocrx_word' id='word_1_54' title='bbox 394 585 566 615; x_wconf 90' lang='lat' dir='ltr'>secundam</span> <span class='ocrx_word' id='word_1_55' title='bbox 590 593 721 624; x_wconf 88' lang='lat' dir='ltr'>quoque</span> <span class='ocrx_word' id='word_1_56' title='bbox 746 581 859 611; x_wconf 88' lang='lat' dir='ltr'>dicitur</span> <span class='ocrx_word' id='word_1_57' title='bbox 882 579 971 620; x_wconf 90' lang='lat' dir='ltr'>quod</span> <span class='ocrx_word' id='word_1_58' title='bbox 989 579 1091 609; x_wconf 88' lang='lat' dir='ltr'>maior</span> <span class='ocrx_word' id='word_1_59' title='bbox 1115 585 1160 608; x_wconf 91' lang='lat' dir='ltr'>est</span> <span class='ocrx_word' id='word_1_60' title='bbox 1185 578 1276 608; x_wconf 83' lang='lat' dir='ltr'>falsa:</span> <span class='ocrx_word' id='word_1_61' title='bbox 1302 583 1338 606; x_wconf 92' lang='lat' dir='ltr'>ut</span> 
     </span>
     <span class='ocr_line' id='line_1_13' title="bbox 266 623 1337 669; baseline -0.01 -8"><span class='ocrx_word' id='word_1_62' title='bbox 266 630 429 661; x_wconf 85' lang='lat' dir='ltr'>manifeste</span> <span class='ocrx_word' id='word_1_63' title='bbox 454 635 539 669; x_wconf 89' lang='lat' dir='ltr'>patet</span> <span class='ocrx_word' id='word_1_64' title='bbox 563 629 601 658; x_wconf 87' lang='lat' dir='ltr'>de</span> <span class='ocrx_word' id='word_1_65' title='bbox 625 628 695 667; x_wconf 90' lang='lat' dir='ltr'>ipso</span> <span class='ocrx_word' id='word_1_66' title='bbox 720 633 790 656; x_wconf 86' lang='lat' dir='ltr'>actu</span> <span class='ocrx_word' id='word_1_67' title='bbox 816 624 1018 655; x_wconf 87' lang='lat' dir='ltr'>fortitudinis.</span> <span class='ocrx_word' id='word_1_68' title='bbox 1045 623 1181 653; x_wconf 79' lang='lat' dir='ltr'>Constat</span> <span class='ocrx_word' id='word_1_69' title='bbox 1198 630 1337 661; x_wconf 85' lang='lat' dir='ltr'>namque</span> 
     </span>
     <span class='ocr_line' id='line_1_14' title="bbox 265 666 1337 716; baseline -0.009 -11"><span class='ocrx_word' id='word_1_70' title='bbox 265 675 354 716; x_wconf 90' lang='lat' dir='ltr'>quod</span> <span class='ocrx_word' id='word_1_71' title='bbox 378 674 430 704; x_wconf 89' lang='lat' dir='ltr'>ille</span> <span class='ocrx_word' id='word_1_72' title='bbox 455 672 601 713; x_wconf 88' lang='lat' dir='ltr'>cognitus</span> <span class='ocrx_word' id='word_1_73' title='bbox 626 679 672 701; x_wconf 88' lang='lat' dir='ltr'>est</span> <span class='ocrx_word' id='word_1_74' title='bbox 695 681 751 710; x_wconf 90' lang='lat' dir='ltr'>per</span> <span class='ocrx_word' id='word_1_75' title='bbox 774 668 992 709; x_wconf 86' lang='lat' dir='ltr'>prudentiam,</span> <span class='ocrx_word' id='word_1_76' title='bbox 1018 677 1053 697; x_wconf 92' lang='lat' dir='ltr'>ac</span> <span class='ocrx_word' id='word_1_77' title='bbox 1078 677 1133 706; x_wconf 86' lang='lat' dir='ltr'>per</span> <span class='ocrx_word' id='word_1_78' title='bbox 1162 667 1233 701; x_wconf 90' lang='lat' dir='ltr'>hoc,</span> <span class='ocrx_word' id='word_1_79' title='bbox 1252 666 1337 695; x_wconf 91' lang='lat' dir='ltr'>illius</span> 
     </span>
     <span class='ocr_line' id='line_1_15' title="bbox 266 710 1338 750; baseline -0.01 0"><span class='ocrx_word' id='word_1_80' title='bbox 266 719 442 750; x_wconf 88' lang='lat' dir='ltr'>obiectum:</span> <span class='ocrx_word' id='word_1_81' title='bbox 469 725 499 748; x_wconf 93' lang='lat' dir='ltr'>et</span> <span class='ocrx_word' id='word_1_82' title='bbox 523 725 627 747; x_wconf 86' lang='lat' dir='ltr'>tamen</span> <span class='ocrx_word' id='word_1_83' title='bbox 653 725 718 744; x_wconf 91' lang='lat' dir='ltr'>non</span> <span class='ocrx_word' id='word_1_84' title='bbox 743 721 789 744; x_wconf 89' lang='lat' dir='ltr'>est</span> <span class='ocrx_word' id='word_1_85' title='bbox 813 713 989 748; x_wconf 91' lang='lat' dir='ltr'>obiectum,</span> <span class='ocrx_word' id='word_1_86' title='bbox 1016 712 1070 742; x_wconf 88' lang='lat' dir='ltr'>sed</span> <span class='ocrx_word' id='word_1_87' title='bbox 1099 718 1188 741; x_wconf 89' lang='lat' dir='ltr'>aetus</span> <span class='ocrx_word' id='word_1_88' title='bbox 1213 710 1338 740; x_wconf 91' lang='lat' dir='ltr'>fortitu-</span> 
     </span>
     <span class='ocr_line' id='line_1_16' title="bbox 265 756 1336 801; baseline -0.009 -7"><span class='ocrx_word' id='word_1_89' title='bbox 265 764 357 793; x_wconf 88' lang='lat' dir='ltr'>dinis.</span> <span class='ocrx_word' id='word_1_90' title='bbox 390 763 464 792; x_wconf 90' lang='lat' dir='ltr'>Non</span> <span class='ocrx_word' id='word_1_91' title='bbox 488 771 562 801; x_wconf 89' lang='lat' dir='ltr'>ergo</span> <span class='ocrx_word' id='word_1_92' title='bbox 593 759 747 800; x_wconf 85' lang='lat' dir='ltr'>quidquid</span> <span class='ocrx_word' id='word_1_93' title='bbox 771 763 817 788; x_wconf 86' lang='lat' dir='ltr'>est</span> <span class='ocrx_word' id='word_1_94' title='bbox 840 758 993 788; x_wconf 86' lang='lat' dir='ltr'>obiectum</span> <span class='ocrx_word' id='word_1_95' title='bbox 1018 756 1213 796; x_wconf 83' lang='lat' dir='ltr'><em>prudentiae</em></span> <span class='ocrx_word' id='word_1_96' title='bbox 1237 764 1336 795; x_wconf 80' lang='lat' dir='ltr'>regu-</span> 
     </span>
     <span class='ocr_line' id='line_1_17' title="bbox 264 799 1336 847; baseline -0.009 -9"><span class='ocrx_word' id='word_1_97' title='bbox 264 809 361 838; x_wconf 85' lang='lat' dir='ltr'>lantis</span> <span class='ocrx_word' id='word_1_98' title='bbox 367 806 609 847; x_wconf 68' lang='lat' dir='ltr'>fortitudinem,</span> <span class='ocrx_word' id='word_1_99' title='bbox 628 809 674 834; x_wconf 87' lang='lat' dir='ltr'>est</span> <span class='ocrx_word' id='word_1_100' title='bbox 690 803 844 833; x_wconf 87' lang='lat' dir='ltr'>obiectum</span> <span class='ocrx_word' id='word_1_101' title='bbox 852 801 1082 842; x_wconf 87' lang='lat' dir='ltr'>fortitudinis:</span> <span class='ocrx_word' id='word_1_102' title='bbox 1097 801 1150 830; x_wconf 89' lang='lat' dir='ltr'>sed</span> <span class='ocrx_word' id='word_1_103' title='bbox 1169 806 1230 829; x_wconf 88' lang='lat' dir='ltr'>stat</span> <span class='ocrx_word' id='word_1_104' title='bbox 1246 799 1336 839; x_wconf 91' lang='lat' dir='ltr'>quod</span> 
     </span>
     <span class='ocr_line' id='line_1_18' title="bbox 264 844 1335 884; baseline -0.008 -2"><span class='ocrx_word' id='word_1_105' title='bbox 264 853 302 883; x_wconf 91' lang='lat' dir='ltr'>sit</span> <span class='ocrx_word' id='word_1_106' title='bbox 325 852 375 881; x_wconf 89' lang='lat' dir='ltr'>vel</span> <span class='ocrx_word' id='word_1_107' title='bbox 399 850 570 884; x_wconf 86' lang='lat' dir='ltr'>obiectum,</span> <span class='ocrx_word' id='word_1_108' title='bbox 595 849 643 878; x_wconf 91' lang='lat' dir='ltr'>vel</span> <span class='ocrx_word' id='word_1_109' title='bbox 669 855 755 877; x_wconf 87' lang='lat' dir='ltr'>actus</span> <span class='ocrx_word' id='word_1_110' title='bbox 773 846 978 882; x_wconf 84' lang='lat' dir='ltr'>fortitudinis,</span> <span class='ocrx_word' id='word_1_111' title='bbox 995 845 1045 875; x_wconf 90' lang='lat' dir='ltr'>vel</span> <span class='ocrx_word' id='word_1_112' title='bbox 1070 844 1212 875; x_wconf 91' lang='lat' dir='ltr'>conditio</span> <span class='ocrx_word' id='word_1_113' title='bbox 1237 851 1335 879; x_wconf 81' lang='lat' dir='ltr'>actuS,</span> 
     </span>
     <span class='ocr_line' id='line_1_19' title="bbox 263 888 1335 936; baseline -0.007 -10"><span class='ocrx_word' id='word_1_114' title='bbox 263 904 293 927; x_wconf 91' lang='lat' dir='ltr'>et</span> <span class='ocrx_word' id='word_1_115' title='bbox 316 896 341 926; x_wconf 86' lang='lat' dir='ltr'>si</span> <span class='ocrx_word' id='word_1_116' title='bbox 365 895 441 936; x_wconf 90' lang='lat' dir='ltr'>quid</span> <span class='ocrx_word' id='word_1_117' title='bbox 467 902 513 924; x_wconf 89' lang='lat' dir='ltr'>est</span> <span class='ocrx_word' id='word_1_118' title='bbox 537 892 734 925; x_wconf 86' lang='lat' dir='ltr'>huiusmodi.</span> <span class='ocrx_word' id='word_1_119' title='bbox 759 909 780 914; x_wconf 94' lang='lat'><em>-</em></span> <span class='ocrx_word' id='word_1_120' title='bbox 806 891 955 921; x_wconf 86' lang='lat' dir='ltr'>Probatio</span> <span class='ocrx_word' id='word_1_121' title='bbox 980 898 1087 920; x_wconf 85' lang='lat' dir='ltr'>autem</span> <span class='ocrx_word' id='word_1_122' title='bbox 1112 888 1252 924; x_wconf 84' lang='lat' dir='ltr'>maioris,</span> <span class='ocrx_word' id='word_1_123' title='bbox 1277 888 1335 918; x_wconf 92' lang='lat' dir='ltr'>sci-</span> 
     </span>
     <span class='ocr_line' id='line_1_20' title="bbox 262 933 1337 976; baseline -0.007 -6"><span class='ocrx_word' id='word_1_124' title='bbox 262 941 351 975; x_wconf 87' lang='lat' dir='ltr'>licet,</span> <span class='ocrx_word' id='word_1_125' title='bbox 387 939 471 976; x_wconf 88' lang='lat' dir='ltr'><strong><em>Quia</em></strong></span> <span class='ocrx_word' id='word_1_126' title='bbox 502 939 586 968; x_wconf 87' lang='lat' dir='ltr'>alias</span> <span class='ocrx_word' id='word_1_127' title='bbox 618 947 680 967; x_wconf 86' lang='lat' dir='ltr'>non</span> <span class='ocrx_word' id='word_1_128' title='bbox 711 942 793 967; x_wconf 87' lang='lat' dir='ltr'>esset</span> <span class='ocrx_word' id='word_1_129' title='bbox 823 941 916 967; x_wconf 87' lang='lat' dir='ltr'>actus</span> <span class='ocrx_word' id='word_1_130' title='bbox 939 936 1113 966; x_wconf 84' lang='lat' dir='ltr'>voluntatis</span> <span class='ocrx_word' id='word_1_131' title='bbox 1136 933 1337 975; x_wconf 86' lang='lat' dir='ltr'>sufficienter</span> 
     </span>
     <span class='ocr_line' id='line_1_21' title="bbox 262 977 1335 1024; baseline -0.007 -9"><span class='ocrx_word' id='word_1_132' title='bbox 262 984 437 1024; x_wconf 86' lang='lat' dir='ltr'>conformis</span> <span class='ocrx_word' id='word_1_133' title='bbox 460 984 548 1014; x_wconf 84' lang='lat' dir='ltr'>actui</span> <span class='ocrx_word' id='word_1_134' title='bbox 566 983 714 1019; x_wconf 87' lang='lat' dir='ltr'>rationis,</span> <span class='ocrx_word' id='word_1_135' title='bbox 741 981 820 1011; x_wconf 88' lang='lat' dir='ltr'>nihil</span> <span class='ocrx_word' id='word_1_136' title='bbox 844 981 936 1016; x_wconf 88' lang='lat' dir='ltr'>valet,</span> <span class='ocrx_word' id='word_1_137' title='bbox 961 980 1126 1021; x_wconf 88' lang='lat' dir='ltr'>loquendo</span> <span class='ocrx_word' id='word_1_138' title='bbox 1151 979 1190 1008; x_wconf 92' lang='lat' dir='ltr'>de</span> <span class='ocrx_word' id='word_1_139' title='bbox 1207 977 1335 1008; x_wconf 89' lang='lat' dir='ltr'>confor-</span> 
     </span>
     <span class='ocr_line' id='line_1_22' title="bbox 261 1022 1335 1068; baseline -0.007 -9"><span class='ocrx_word' id='word_1_140' title='bbox 261 1029 369 1059; x_wconf 83' lang='lat' dir='ltr'>mitate</span> <span class='ocrx_word' id='word_1_141' title='bbox 385 1038 449 1068; x_wconf 89' lang='lat' dir='ltr'>qua</span> <span class='ocrx_word' id='word_1_142' title='bbox 466 1035 559 1058; x_wconf 89' lang='lat' dir='ltr'>natus</span> <span class='ocrx_word' id='word_1_143' title='bbox 576 1034 622 1057; x_wconf 89' lang='lat' dir='ltr'>est</span> <span class='ocrx_word' id='word_1_144' title='bbox 638 1034 726 1057; x_wconf 85' lang='lat' dir='ltr'>actus</span> <span class='ocrx_word' id='word_1_145' title='bbox 742 1026 917 1056; x_wconf 83' lang='lat' dir='ltr'>voluntatis</span> <span class='ocrx_word' id='word_1_146' title='bbox 934 1035 1000 1055; x_wconf 88' lang='lat' dir='ltr'>esse</span> <span class='ocrx_word' id='word_1_147' title='bbox 1018 1023 1193 1055; x_wconf 87' lang='lat' dir='ltr'>conformis</span> <span class='ocrx_word' id='word_1_148' title='bbox 1210 1022 1335 1058; x_wconf 88' lang='lat' dir='ltr'>rationi,</span> 
     </span>
     <span class='ocr_line' id='line_1_23' title="bbox 260 1068 1336 1114; baseline -0.007 -10"><span class='ocrx_word' id='word_1_149' title='bbox 260 1083 341 1114; x_wconf 85' lang='lat' dir='ltr'>quae</span> <span class='ocrx_word' id='word_1_150' title='bbox 366 1080 413 1103; x_wconf 92' lang='lat' dir='ltr'>est</span> <span class='ocrx_word' id='word_1_151' title='bbox 436 1072 644 1103; x_wconf 82' lang='lat' dir='ltr'>conformitas</span> <span class='ocrx_word' id='word_1_152' title='bbox 667 1070 881 1102; x_wconf 79' lang='lat' dir='ltr'>rectitudinis:</span> <span class='ocrx_word' id='word_1_153' title='bbox 913 1070 1096 1110; x_wconf 87' lang='lat' dir='ltr'>quinimmo</span> <span class='ocrx_word' id='word_1_154' title='bbox 1124 1078 1180 1109; x_wconf 87' lang='lat' dir='ltr'>per</span> <span class='ocrx_word' id='word_1_155' title='bbox 1204 1068 1266 1098; x_wconf 88' lang='lat' dir='ltr'>hoc</span> <span class='ocrx_word' id='word_1_156' title='bbox 1290 1074 1336 1098; x_wconf 92' lang='lat' dir='ltr'>est</span> 
     </span>
     <span class='ocr_line' id='line_1_24' title="bbox 261 1113 1336 1157; baseline -0.006 -9"><span class='ocrx_word' id='word_1_157' title='bbox 261 1117 374 1148; x_wconf 88' lang='lat' dir='ltr'>rationi</span> <span class='ocrx_word' id='word_1_158' title='bbox 399 1117 574 1148; x_wconf 89' lang='lat' dir='ltr'>conformis</span> <span class='ocrx_word' id='word_1_159' title='bbox 598 1117 687 1157; x_wconf 91' lang='lat' dir='ltr'>quod</span> <span class='ocrx_word' id='word_1_160' title='bbox 712 1123 833 1146; x_wconf 88' lang='lat' dir='ltr'>exercet</span> <span class='ocrx_word' id='word_1_161' title='bbox 857 1122 891 1145; x_wconf 94' lang='lat' dir='ltr'>ut</span> <span class='ocrx_word' id='word_1_162' title='bbox 916 1122 1023 1145; x_wconf 88' lang='lat' dir='ltr'>actum</span> <span class='ocrx_word' id='word_1_163' title='bbox 1047 1114 1079 1144; x_wconf 90' lang='lat' dir='ltr'>id</span> <span class='ocrx_word' id='word_1_164' title='bbox 1103 1113 1192 1154; x_wconf 92' lang='lat' dir='ltr'>quod</span> <span class='ocrx_word' id='word_1_165' title='bbox 1217 1120 1264 1143; x_wconf 90' lang='lat' dir='ltr'>est</span> <span class='ocrx_word' id='word_1_166' title='bbox 1284 1122 1336 1143; x_wconf 91' lang='lat' dir='ltr'>co-</span> 
     </span>
     <span class='ocr_line' id='line_1_25' title="bbox 259 1157 1336 1202; baseline -0.006 -9"><span class='ocrx_word' id='word_1_167' title='bbox 259 1163 385 1202; x_wconf 91' lang='lat' dir='ltr'>gnitum</span> <span class='ocrx_word' id='word_1_168' title='bbox 410 1172 445 1192; x_wconf 91' lang='lat' dir='ltr'>ac</span> <span class='ocrx_word' id='word_1_169' title='bbox 469 1168 675 1202; x_wconf 86' lang='lat' dir='ltr'>praeceptum</span> <span class='ocrx_word' id='word_1_170' title='bbox 700 1171 716 1190; x_wconf 90' lang='lat' dir='ltr'>a</span> <span class='ocrx_word' id='word_1_171' title='bbox 741 1160 919 1201; x_wconf 89' lang='lat' dir='ltr'>prudentia.</span> <span class='ocrx_word' id='word_1_172' title='bbox 952 1159 1133 1200; x_wconf 89' lang='lat' dir='ltr'>Loquendo</span> <span class='ocrx_word' id='word_1_173' title='bbox 1164 1164 1272 1188; x_wconf 90' lang='lat' dir='ltr'>autem</span> <span class='ocrx_word' id='word_1_174' title='bbox 1297 1157 1336 1187; x_wconf 90' lang='lat' dir='ltr'>de</span> 
     </span>
     <span class='ocr_line' id='line_1_26' title="bbox 259 1202 1337 1244; baseline -0.006 -7"><span class='ocrx_word' id='word_1_175' title='bbox 259 1207 485 1238; x_wconf 80' lang='lat' dir='ltr'>conformitate</span> <span class='ocrx_word' id='word_1_176' title='bbox 509 1213 649 1242; x_wconf 88' lang='lat' dir='ltr'>naturae,</span> <span class='ocrx_word' id='word_1_177' title='bbox 675 1206 867 1236; x_wconf 88' lang='lat' dir='ltr'>concedatur</span> <span class='ocrx_word' id='word_1_178' title='bbox 891 1204 1070 1234; x_wconf 86' lang='lat' dir='ltr'>obiectum:</span> <span class='ocrx_word' id='word_1_179' title='bbox 1096 1203 1172 1244; x_wconf 86' lang='lat' dir='ltr'>quia</span> <span class='ocrx_word' id='word_1_180' title='bbox 1188 1202 1337 1232; x_wconf 88' lang='lat' dir='ltr'>voluntas</span> 
     </span>
     <span class='ocr_line' id='line_1_27' title="bbox 259 1249 1335 1287; baseline -0.005 -5"><span class='ocrx_word' id='word_1_181' title='bbox 259 1259 306 1282; x_wconf 92' lang='lat' dir='ltr'>est</span> <span class='ocrx_word' id='word_1_182' title='bbox 329 1252 420 1282; x_wconf 90' lang='lat' dir='ltr'>valde</span> <span class='ocrx_word' id='word_1_183' title='bbox 444 1251 599 1281; x_wconf 87' lang='lat' dir='ltr'>difformis</span> <span class='ocrx_word' id='word_1_184' title='bbox 624 1258 755 1281; x_wconf 87' lang='lat' dir='ltr'>naturae</span> <span class='ocrx_word' id='word_1_185' title='bbox 779 1260 795 1280; x_wconf 86' lang='lat' dir='ltr'>a</span> <span class='ocrx_word' id='word_1_186' title='bbox 821 1256 931 1280; x_wconf 88' lang='lat' dir='ltr'>natura</span> <span class='ocrx_word' id='word_1_187' title='bbox 956 1249 1151 1284; x_wconf 87' lang='lat' dir='ltr'>intellectus,</span> <span class='ocrx_word' id='word_1_188' title='bbox 1182 1254 1216 1278; x_wconf 89' lang='lat' dir='ltr'>ut</span> <span class='ocrx_word' id='word_1_189' title='bbox 1239 1254 1335 1287; x_wconf 85' lang='lat' dir='ltr'>patet.</span> 
     </span>
     <span class='ocr_line' id='line_1_28' title="bbox 259 1294 915 1347; baseline -0.005 -20"><span class='ocrx_word' id='word_1_190' title='bbox 259 1297 320 1327; x_wconf 89' lang='lat' dir='ltr'>Sed</span> <span class='ocrx_word' id='word_1_191' title='bbox 346 1297 407 1327; x_wconf 85' lang='lat' dir='ltr'>hoc</span> <span class='ocrx_word' id='word_1_192' title='bbox 431 1304 478 1327; x_wconf 92' lang='lat' dir='ltr'>est</span> <span class='ocrx_word' id='word_1_193' title='bbox 501 1295 710 1347; x_wconf 75' lang='lat' dir='ltr'>impertinens</span> <span class='ocrx_word' id='word_1_194' title='bbox 735 1294 915 1335; x_wconf 89' lang='lat' dir='ltr'>proposito.</span> 
     </span>
    </p>

    <p class='ocr_par' dir='ltr' id='par_1_9' title="bbox 257 1335 1338 1870">
     <span class='ocr_line' id='line_1_29' title="bbox 315 1335 1337 1378; baseline -0.007 -6"><span class='ocrx_word' id='word_1_195' title='bbox 315 1342 363 1371; x_wconf 89' lang='lat' dir='ltr'>Ad</span> <span class='ocrx_word' id='word_1_196' title='bbox 388 1341 512 1371; x_wconf 89' lang='lat' dir='ltr'>tertiam</span> <span class='ocrx_word' id='word_1_197' title='bbox 537 1347 644 1371; x_wconf 87' lang='lat' dir='ltr'>autem</span> <span class='ocrx_word' id='word_1_198' title='bbox 669 1340 894 1374; x_wconf 72' lang='lat' dir='ltr'>obiecfionem,</span> <span class='ocrx_word' id='word_1_199' title='bbox 919 1345 1053 1378; x_wconf 88' lang='lat' dir='ltr'>negatur</span> <span class='ocrx_word' id='word_1_200' title='bbox 1077 1336 1216 1378; x_wconf 81' lang='lat' dir='ltr'>sequela.</span> <span class='ocrx_word' id='word_1_201' title='bbox 1252 1335 1337 1373; x_wconf 86' lang='lat' dir='ltr'>Quia</span> 
     </span>
     <span class='ocr_line' id='line_1_30' title="bbox 259 1380 1337 1423; baseline -0.006 -7"><span class='ocrx_word' id='word_1_202' title='bbox 259 1396 327 1416; x_wconf 88' lang='lat' dir='ltr'>esse</span> <span class='ocrx_word' id='word_1_203' title='bbox 351 1386 489 1416; x_wconf 86' lang='lat' dir='ltr'>volitum</span> <span class='ocrx_word' id='word_1_204' title='bbox 518 1386 569 1416; x_wconf 89' lang='lat' dir='ltr'>vel</span> <span class='ocrx_word' id='word_1_205' title='bbox 593 1384 732 1415; x_wconf 90' lang='lat' dir='ltr'>nolitum</span> <span class='ocrx_word' id='word_1_206' title='bbox 757 1383 913 1423; x_wconf 86' lang='lat' dir='ltr'>contingit</span> <span class='ocrx_word' id='word_1_207' title='bbox 937 1382 1119 1423; x_wconf 84' lang='lat' dir='ltr'>dupliciter:</span> <span class='ocrx_word' id='word_1_208' title='bbox 1151 1380 1270 1412; x_wconf 90' lang='lat' dir='ltr'>scilicet</span> <span class='ocrx_word' id='word_1_209' title='bbox 1302 1387 1337 1410; x_wconf 90' lang='lat' dir='ltr'>ut</span> 
     </span>
     <span class='ocr_line' id='line_1_31' title="bbox 260 1425 1336 1468; baseline -0.007 -7"><span class='ocrx_word' id='word_1_210' title='bbox 260 1430 433 1467; x_wconf 88' lang='lat' dir='ltr'>obiectum,</span> <span class='ocrx_word' id='word_1_211' title='bbox 459 1437 489 1460; x_wconf 94' lang='lat' dir='ltr'>et</span> <span class='ocrx_word' id='word_1_212' title='bbox 512 1437 549 1460; x_wconf 92' lang='lat' dir='ltr'>ut</span> <span class='ocrx_word' id='word_1_213' title='bbox 571 1437 671 1460; x_wconf 86' lang='lat' dir='ltr'>actus.</span> <span class='ocrx_word' id='word_1_214' title='bbox 697 1429 783 1460; x_wconf 92' lang='lat' dir='ltr'>Cum</span> <span class='ocrx_word' id='word_1_215' title='bbox 808 1428 894 1459; x_wconf 89' lang='lat' dir='ltr'>enim</span> <span class='ocrx_word' id='word_1_216' title='bbox 918 1428 990 1468; x_wconf 92' lang='lat' dir='ltr'>quis</span> <span class='ocrx_word' id='word_1_217' title='bbox 1014 1427 1083 1458; x_wconf 92' lang='lat' dir='ltr'>vult</span> <span class='ocrx_word' id='word_1_218' title='bbox 1106 1427 1156 1457; x_wconf 92' lang='lat' dir='ltr'>vel</span> <span class='ocrx_word' id='word_1_219' title='bbox 1176 1436 1242 1456; x_wconf 91' lang='lat' dir='ltr'>non</span> <span class='ocrx_word' id='word_1_220' title='bbox 1266 1425 1336 1455; x_wconf 93' lang='lat' dir='ltr'>vult</span> 
     </span>
     <span class='ocr_line' id='line_1_32' title="bbox 260 1470 1335 1516; baseline -0.005 -11"><span class='ocrx_word' id='word_1_221' title='bbox 260 1475 405 1511; x_wconf 89' lang='lat' dir='ltr'>scribere,</span> <span class='ocrx_word' id='word_1_222' title='bbox 430 1475 462 1516; x_wconf 93' lang='lat' dir='ltr'>ly</span> <span class='ocrx_word' id='word_1_223' title='bbox 486 1475 626 1505; x_wconf 87' lang='lat' dir='ltr'>scribere</span> <span class='ocrx_word' id='word_1_224' title='bbox 650 1481 696 1504; x_wconf 90' lang='lat' dir='ltr'>est</span> <span class='ocrx_word' id='word_1_225' title='bbox 718 1473 855 1504; x_wconf 91' lang='lat' dir='ltr'>volitum</span> <span class='ocrx_word' id='word_1_226' title='bbox 873 1483 928 1503; x_wconf 91' lang='lat' dir='ltr'>seu</span> <span class='ocrx_word' id='word_1_227' title='bbox 947 1472 1085 1503; x_wconf 90' lang='lat' dir='ltr'>nolitum</span> <span class='ocrx_word' id='word_1_228' title='bbox 1103 1478 1138 1502; x_wconf 91' lang='lat' dir='ltr'>ut</span> <span class='ocrx_word' id='word_1_229' title='bbox 1162 1470 1335 1506; x_wconf 84' lang='lat' dir='ltr'>obiectum,</span> 
     </span>
     <span class='ocr_line' id='line_1_33' title="bbox 260 1517 1336 1561; baseline -0.005 -11"><span class='ocrx_word' id='word_1_230' title='bbox 260 1520 315 1550; x_wconf 90' lang='lat' dir='ltr'>sed</span> <span class='ocrx_word' id='word_1_231' title='bbox 339 1520 371 1561; x_wconf 93' lang='lat' dir='ltr'>ly</span> <span class='ocrx_word' id='word_1_232' title='bbox 395 1520 463 1551; x_wconf 83' lang='lat' dir='ltr'>vult</span> <span class='ocrx_word' id='word_1_233' title='bbox 487 1526 542 1550; x_wconf 89' lang='lat' dir='ltr'>aut</span> <span class='ocrx_word' id='word_1_234' title='bbox 558 1529 620 1549; x_wconf 84' lang='lat' dir='ltr'>non</span> <span class='ocrx_word' id='word_1_235' title='bbox 646 1519 714 1550; x_wconf 83' lang='lat' dir='ltr'>vult</span> <span class='ocrx_word' id='word_1_236' title='bbox 734 1526 780 1549; x_wconf 88' lang='lat' dir='ltr'>est</span> <span class='ocrx_word' id='word_1_237' title='bbox 802 1517 939 1548; x_wconf 91' lang='lat' dir='ltr'>volitum</span> <span class='ocrx_word' id='word_1_238' title='bbox 966 1525 1000 1547; x_wconf 90' lang='lat' dir='ltr'>ut</span> <span class='ocrx_word' id='word_1_239' title='bbox 1024 1524 1132 1548; x_wconf 87' lang='lat' dir='ltr'>actus:</span> <span class='ocrx_word' id='word_1_240' title='bbox 1162 1522 1336 1555; x_wconf 90' lang='lat' dir='ltr'>utrumque</span> 
     </span>
     <span class='ocr_line' id='line_1_34' title="bbox 260 1561 1337 1595; baseline -0.006 0"><span class='ocrx_word' id='word_1_241' title='bbox 260 1564 345 1595; x_wconf 88' lang='lat' dir='ltr'>enim</span> <span class='ocrx_word' id='word_1_242' title='bbox 363 1572 410 1595; x_wconf 90' lang='lat' dir='ltr'>est</span> <span class='ocrx_word' id='word_1_243' title='bbox 425 1563 655 1594; x_wconf 87' lang='lat' dir='ltr'>voluntarium.</span> <span class='ocrx_word' id='word_1_244' title='bbox 681 1563 721 1594; x_wconf 89' lang='lat' dir='ltr'>Et</span> <span class='ocrx_word' id='word_1_245' title='bbox 737 1562 912 1593; x_wconf 83' lang='lat' dir='ltr'>differentia</span> <span class='ocrx_word' id='word_1_246' title='bbox 929 1569 976 1592; x_wconf 89' lang='lat' dir='ltr'>est</span> <span class='ocrx_word' id='word_1_247' title='bbox 992 1561 1073 1592; x_wconf 90' lang='lat' dir='ltr'>inter</span> <span class='ocrx_word' id='word_1_248' title='bbox 1089 1561 1149 1591; x_wconf 86' lang='lat' dir='ltr'>hos</span> <span class='ocrx_word' id='word_1_249' title='bbox 1165 1562 1248 1591; x_wconf 91' lang='lat' dir='ltr'>duos</span> <span class='ocrx_word' id='word_1_250' title='bbox 1265 1569 1337 1589; x_wconf 90' lang='lat' dir='ltr'>rno—</span> 
     </span>
     <span class='ocr_line' id='line_1_35' title="bbox 260 1604 1336 1648; baseline -0.005 -9"><span class='ocrx_word' id='word_1_251' title='bbox 260 1609 319 1639; x_wconf 94' lang='lat' dir='ltr'>dos</span> <span class='ocrx_word' id='word_1_252' title='bbox 342 1609 433 1639; x_wconf 87' lang='lat' dir='ltr'>voliti</span> <span class='ocrx_word' id='word_1_253' title='bbox 457 1619 512 1639; x_wconf 87' lang='lat' dir='ltr'>seu</span> <span class='ocrx_word' id='word_1_254' title='bbox 538 1608 647 1643; x_wconf 87' lang='lat' dir='ltr'>noliti,</span> <span class='ocrx_word' id='word_1_255' title='bbox 678 1608 753 1648; x_wconf 89' lang='lat' dir='ltr'>quia</span> <span class='ocrx_word' id='word_1_256' title='bbox 777 1607 914 1638; x_wconf 91' lang='lat' dir='ltr'>volitum</span> <span class='ocrx_word' id='word_1_257' title='bbox 938 1617 994 1637; x_wconf 89' lang='lat' dir='ltr'>seu</span> <span class='ocrx_word' id='word_1_258' title='bbox 1020 1606 1158 1637; x_wconf 88' lang='lat' dir='ltr'>nolitum</span> <span class='ocrx_word' id='word_1_259' title='bbox 1190 1612 1225 1635; x_wconf 91' lang='lat' dir='ltr'>ut</span> <span class='ocrx_word' id='word_1_260' title='bbox 1248 1604 1336 1635; x_wconf 91' lang='lat' dir='ltr'>obie-</span> 
     </span>
     <span class='ocr_line' id='line_1_36' title="bbox 260 1649 1336 1691; baseline -0.006 -7"><span class='ocrx_word' id='word_1_261' title='bbox 260 1661 348 1684; x_wconf 90' lang='lat' dir='ltr'>ctum</span> <span class='ocrx_word' id='word_1_262' title='bbox 372 1661 419 1684; x_wconf 91' lang='lat' dir='ltr'>est</span> <span class='ocrx_word' id='word_1_263' title='bbox 441 1653 577 1684; x_wconf 92' lang='lat' dir='ltr'>volitum</span> <span class='ocrx_word' id='word_1_264' title='bbox 602 1652 657 1683; x_wconf 90' lang='lat' dir='ltr'>illo</span> <span class='ocrx_word' id='word_1_265' title='bbox 682 1659 753 1683; x_wconf 87' lang='lat' dir='ltr'>actu</span> <span class='ocrx_word' id='word_1_266' title='bbox 778 1651 952 1682; x_wconf 89' lang='lat' dir='ltr'>voluntatis</span> <span class='ocrx_word' id='word_1_267' title='bbox 977 1661 1043 1691; x_wconf 93' lang='lat' dir='ltr'>quo</span> <span class='ocrx_word' id='word_1_268' title='bbox 1061 1650 1176 1681; x_wconf 88' lang='lat' dir='ltr'>dicitur</span> <span class='ocrx_word' id='word_1_269' title='bbox 1198 1649 1336 1679; x_wconf 91' lang='lat' dir='ltr'>volitum</span> 
     </span>
     <span class='ocr_line' id='line_1_37' title="bbox 259 1693 1336 1738; baseline -0.006 -10"><span class='ocrx_word' id='word_1_270' title='bbox 259 1705 315 1728; x_wconf 87' lang='lat' dir='ltr'>aut</span> <span class='ocrx_word' id='word_1_271' title='bbox 339 1698 487 1734; x_wconf 86' lang='lat' dir='ltr'>nolitum,</span> <span class='ocrx_word' id='word_1_272' title='bbox 511 1698 554 1728; x_wconf 88' lang='lat' dir='ltr'>ita</span> <span class='ocrx_word' id='word_1_273' title='bbox 577 1698 667 1738; x_wconf 91' lang='lat' dir='ltr'>quod</span> <span class='ocrx_word' id='word_1_274' title='bbox 691 1705 738 1728; x_wconf 89' lang='lat' dir='ltr'>est</span> <span class='ocrx_word' id='word_1_275' title='bbox 761 1696 846 1727; x_wconf 91' lang='lat' dir='ltr'>illius</span> <span class='ocrx_word' id='word_1_276' title='bbox 869 1696 1043 1732; x_wconf 85' lang='lat' dir='ltr'>obiectum,</span> <span class='ocrx_word' id='word_1_277' title='bbox 1069 1702 1104 1726; x_wconf 87' lang='lat' dir='ltr'>ut</span> <span class='ocrx_word' id='word_1_278' title='bbox 1130 1695 1162 1725; x_wconf 90' lang='lat' dir='ltr'>in</span> <span class='ocrx_word' id='word_1_279' title='bbox 1188 1693 1336 1733; x_wconf 87' lang='lat' dir='ltr'>exemplo</span> 
     </span>
     <span class='ocr_line' id='line_1_38' title="bbox 260 1738 1338 1780; baseline -0.004 -8"><span class='ocrx_word' id='word_1_280' title='bbox 260 1743 334 1773; x_wconf 90' lang='lat' dir='ltr'>dato</span> <span class='ocrx_word' id='word_1_281' title='bbox 365 1743 499 1774; x_wconf 90' lang='lat' dir='ltr'>scribere</span> <span class='ocrx_word' id='word_1_282' title='bbox 523 1749 570 1773; x_wconf 90' lang='lat' dir='ltr'>est</span> <span class='ocrx_word' id='word_1_283' title='bbox 594 1742 756 1773; x_wconf 89' lang='lat' dir='ltr'>obiectum</span> <span class='ocrx_word' id='word_1_284' title='bbox 785 1748 873 1772; x_wconf 89' lang='lat' dir='ltr'>actus</span> <span class='ocrx_word' id='word_1_285' title='bbox 896 1740 1071 1771; x_wconf 90' lang='lat' dir='ltr'>voluntatis</span> <span class='ocrx_word' id='word_1_286' title='bbox 1099 1749 1165 1780; x_wconf 93' lang='lat' dir='ltr'>quo</span> <span class='ocrx_word' id='word_1_287' title='bbox 1190 1738 1259 1769; x_wconf 91' lang='lat' dir='ltr'>vult</span> <span class='ocrx_word' id='word_1_288' title='bbox 1283 1745 1338 1768; x_wconf 86' lang='lat' dir='ltr'>aut</span> 
     </span>
     <span class='ocr_line' id='line_1_39' title="bbox 259 1785 1337 1818; baseline -0.006 0"><span class='ocrx_word' id='word_1_289' title='bbox 259 1797 325 1818; x_wconf 91' lang='lat' dir='ltr'>non</span> <span class='ocrx_word' id='word_1_290' title='bbox 349 1787 418 1818; x_wconf 91' lang='lat' dir='ltr'>vult</span> <span class='ocrx_word' id='word_1_291' title='bbox 442 1787 590 1818; x_wconf 88' lang='lat' dir='ltr'>scribere:</span> <span class='ocrx_word' id='word_1_292' title='bbox 616 1786 752 1817; x_wconf 89' lang='lat' dir='ltr'>volitum</span> <span class='ocrx_word' id='word_1_293' title='bbox 769 1792 878 1816; x_wconf 87' lang='lat' dir='ltr'>autem</span> <span class='ocrx_word' id='word_1_294' title='bbox 895 1795 950 1816; x_wconf 90' lang='lat' dir='ltr'>seu</span> <span class='ocrx_word' id='word_1_295' title='bbox 969 1785 1108 1816; x_wconf 90' lang='lat' dir='ltr'>nolitum</span> <span class='ocrx_word' id='word_1_296' title='bbox 1125 1791 1161 1814; x_wconf 92' lang='lat' dir='ltr'>ut</span> <span class='ocrx_word' id='word_1_297' title='bbox 1176 1790 1265 1814; x_wconf 89' lang='lat' dir='ltr'>actus</span> <span class='ocrx_word' id='word_1_298' title='bbox 1280 1792 1337 1812; x_wconf 94' lang='lat' dir='ltr'>vo-</span> 
     </span>
     <span class='ocr_line' id='line_1_40' title="bbox 257 1828 1338 1870; baseline -0.005 -8"><span class='ocrx_word' id='word_1_299' title='bbox 257 1832 341 1862; x_wconf 92' lang='lat' dir='ltr'>lendi</span> <span class='ocrx_word' id='word_1_300' title='bbox 365 1832 416 1862; x_wconf 88' lang='lat' dir='ltr'>vel</span> <span class='ocrx_word' id='word_1_301' title='bbox 440 1831 586 1867; x_wconf 89' lang='lat' dir='ltr'>nolendi,</span> <span class='ocrx_word' id='word_1_302' title='bbox 616 1841 681 1862; x_wconf 88' lang='lat' dir='ltr'>non</span> <span class='ocrx_word' id='word_1_303' title='bbox 706 1830 770 1861; x_wconf 87' lang='lat' dir='ltr'>alio</span> <span class='ocrx_word' id='word_1_304' title='bbox 794 1840 894 1870; x_wconf 90' lang='lat' dir='ltr'>quam</span> <span class='ocrx_word' id='word_1_305' title='bbox 919 1829 1024 1869; x_wconf 90' lang='lat' dir='ltr'>seipso</span> <span class='ocrx_word' id='word_1_306' title='bbox 1049 1836 1096 1860; x_wconf 92' lang='lat' dir='ltr'>est</span> <span class='ocrx_word' id='word_1_307' title='bbox 1118 1828 1257 1859; x_wconf 88' lang='lat' dir='ltr'>volitum</span> <span class='ocrx_word' id='word_1_308' title='bbox 1282 1834 1338 1857; x_wconf 88' lang='lat' dir='ltr'>aut</span> 
     </span>
    </p>
   </div>
   <div class='ocr_carea' id='block_1_8' title="bbox 923 277 1814 325">
    <p class='ocr_par' dir='ltr' id='par_1_10' title="bbox 923 277 1814 325">
     <span class='ocr_line' id='line_1_41' title="bbox 923 277 1814 325; baseline -0.003 -9"><span class='ocrx_word' id='word_1_309' title='bbox 923 279 1191 325; x_wconf 86' lang='lat' dir='ltr'>QUAESTIO</span> <span class='ocrx_word' id='word_1_310' title='bbox 1224 277 1402 323; x_wconf 88' lang='lat' dir='ltr'>CXXIII,</span> <span class='ocrx_word' id='word_1_311' title='bbox 1433 277 1732 315; x_wconf 88' lang='lat' dir='ltr'>ARTICULUS</span> <span class='ocrx_word' id='word_1_312' title='bbox 1764 277 1814 313; x_wconf 89' lang='lat' dir='ltr'>IV</span> 
     </span>
    </p>
   </div>
   <div class='ocr_carea' id='block_1_9' title="bbox 1365 354 2469 397">
    <p class='ocr_par' dir='ltr' id='par_1_11' title="bbox 1365 354 2469 397">
     <span class='ocr_line' id='line_1_42' title="bbox 1365 354 2469 397; baseline -0.002 -11"><span class='ocrx_word' id='word_1_313' title='bbox 1365 358 1367 368; x_wconf 73' lang='lat'><strong><em>¹</em></strong></span> <span class='ocrx_word' id='word_1_314' title='bbox 1394 356 1550 393; x_wconf 90' lang='lat' dir='ltr'>nolitum,</span> <span class='ocrx_word' id='word_1_315' title='bbox 1579 357 1734 397; x_wconf 89' lang='lat' dir='ltr'>quoniam</span> <span class='ocrx_word' id='word_1_316' title='bbox 1759 355 1863 396; x_wconf 90' lang='lat' dir='ltr'>seipso</span> <span class='ocrx_word' id='word_1_317' title='bbox 1888 355 2062 386; x_wconf 84' lang='lat' dir='ltr'>formaliter</span> <span class='ocrx_word' id='word_1_318' title='bbox 2086 363 2132 386; x_wconf 89' lang='lat' dir='ltr'>est</span> <span class='ocrx_word' id='word_1_319' title='bbox 2155 354 2356 385; x_wconf 85' lang='lat' dir='ltr'>voluntarius</span> <span class='ocrx_word' id='word_1_320' title='bbox 2381 362 2469 384; x_wconf 88' lang='lat' dir='ltr'>actus</span> 
     </span>
    </p>
   </div>
   <div class='ocr_carea' id='block_1_10' title="bbox 1393 399 2470 441">
    <p class='ocr_par' dir='ltr' id='par_1_12' title="bbox 1393 399 2470 441">
     <span class='ocr_line' id='line_1_43' title="bbox 1393 399 2470 441; baseline -0.001 -11"><span class='ocrx_word' id='word_1_321' title='bbox 1393 400 1426 430; x_wconf 92' lang='lat' dir='ltr'>in</span> <span class='ocrx_word' id='word_1_322' title='bbox 1451 408 1522 431; x_wconf 88' lang='lat' dir='ltr'>actu</span> <span class='ocrx_word' id='word_1_323' title='bbox 1547 401 1692 432; x_wconf 88' lang='lat' dir='ltr'>exercito.</span> <span class='ocrx_word' id='word_1_324' title='bbox 1718 400 1803 437; x_wconf 83' lang='lat' dir='ltr'>Quia</span> <span class='ocrx_word' id='word_1_325' title='bbox 1826 400 1923 440; x_wconf 88' lang='lat' dir='ltr'>igitur</span> <span class='ocrx_word' id='word_1_326' title='bbox 1942 400 2076 441; x_wconf 89' lang='lat' dir='ltr'>quilibet</span> <span class='ocrx_word' id='word_1_327' title='bbox 2093 407 2181 431; x_wconf 88' lang='lat' dir='ltr'>actus</span> <span class='ocrx_word' id='word_1_328' title='bbox 2197 399 2397 430; x_wconf 78' lang='lat' dir='ltr'>voluntarius</span> <span class='ocrx_word' id='word_1_329' title='bbox 2415 409 2470 429; x_wconf 81' lang='lat' dir='ltr'>vo—</span> 
     </span>
    </p>
   </div>
   <div class='ocr_carea' id='block_1_11' title="bbox 1365 444 2471 487">
    <p class='ocr_par' dir='ltr' id='par_1_13' title="bbox 1365 444 2471 487">
     <span class='ocr_line' id='line_1_44' title="bbox 1365 444 2471 487; baseline -0.001 -13"><span class='ocrx_word' id='word_1_330' title='bbox 1365 464 1366 467; x_wconf 58' lang='lat'><em>=</em></span> <span class='ocrx_word' id='word_1_331' title='bbox 1392 444 1467 474; x_wconf 92' lang='lat' dir='ltr'>litus</span> <span class='ocrx_word' id='word_1_332' title='bbox 1493 455 1558 474; x_wconf 89' lang='lat' dir='ltr'>non</span> <span class='ocrx_word' id='word_1_333' title='bbox 1583 453 1618 476; x_wconf 93' lang='lat' dir='ltr'>ut</span> <span class='ocrx_word' id='word_1_334' title='bbox 1642 445 1814 487; x_wconf 80' lang='lat' dir='ltr'>obiectum,</span> <span class='ocrx_word' id='word_1_335' title='bbox 1833 445 1887 475; x_wconf 89' lang='lat' dir='ltr'>sed</span> <span class='ocrx_word' id='word_1_336' title='bbox 1912 451 1947 475; x_wconf 93' lang='lat' dir='ltr'>ut</span> <span class='ocrx_word' id='word_1_337' title='bbox 1963 451 2061 481; x_wconf 87' lang='lat' dir='ltr'>actus,</span> <span class='ocrx_word' id='word_1_338' title='bbox 2085 452 2131 475; x_wconf 92' lang='lat' dir='ltr'>est</span> <span class='ocrx_word' id='word_1_339' title='bbox 2151 444 2270 475; x_wconf 89' lang='lat' dir='ltr'>volitus</span> <span class='ocrx_word' id='word_1_340' title='bbox 2295 444 2471 474; x_wconf 84' lang='lat' dir='ltr'>formaliter</span> 
     </span>
    </p>
   </div>
   <div class='ocr_carea' id='block_1_12' title="bbox 1389 488 2472 1871">
    <p class='ocr_par' dir='ltr' id='par_1_14' title="bbox 1389 488 2470 1145">
     <span class='ocr_line' id='line_1_45' title="bbox 1392 488 2468 529; baseline 0 -11"><span class='ocrx_word' id='word_1_341' title='bbox 1392 489 1442 518; x_wconf 89' lang='lat' dir='ltr'>vel</span> <span class='ocrx_word' id='word_1_342' title='bbox 1467 489 1718 529; x_wconf 86' lang='lat' dir='ltr'>aequivalenter,</span> <span class='ocrx_word' id='word_1_343' title='bbox 1745 497 1775 520; x_wconf 93' lang='lat' dir='ltr'>et</span> <span class='ocrx_word' id='word_1_344' title='bbox 1799 500 1865 520; x_wconf 91' lang='lat' dir='ltr'>non</span> <span class='ocrx_word' id='word_1_345' title='bbox 1890 496 1937 519; x_wconf 90' lang='lat' dir='ltr'>est</span> <span class='ocrx_word' id='word_1_346' title='bbox 1960 489 2123 520; x_wconf 90' lang='lat' dir='ltr'>obiectum</span> <span class='ocrx_word' id='word_1_347' title='bbox 2140 496 2228 520; x_wconf 90' lang='lat' dir='ltr'>actus</span> <span class='ocrx_word' id='word_1_348' title='bbox 2244 488 2378 519; x_wconf 88' lang='lat' dir='ltr'>alicuius</span> <span class='ocrx_word' id='word_1_349' title='bbox 2402 498 2468 529; x_wconf 91' lang='lat' dir='ltr'>quo</span> 
     </span>
     <span class='ocr_line' id='line_1_46' title="bbox 1393 532 2469 574; baseline 0 -12"><span class='ocrx_word' id='word_1_350' title='bbox 1393 532 1432 563; x_wconf 90' lang='lat' dir='ltr'>sit</span> <span class='ocrx_word' id='word_1_351' title='bbox 1455 533 1591 570; x_wconf 89' lang='lat' dir='ltr'>volitus;</span> <span class='ocrx_word' id='word_1_352' title='bbox 1616 534 1689 564; x_wconf 92' lang='lat' dir='ltr'>ideo</span> <span class='ocrx_word' id='word_1_353' title='bbox 1708 544 1773 564; x_wconf 92' lang='lat' dir='ltr'>non</span> <span class='ocrx_word' id='word_1_354' title='bbox 1789 534 1872 564; x_wconf 87' lang='lat' dir='ltr'>valet</span> <span class='ocrx_word' id='word_1_355' title='bbox 1895 534 2033 574; x_wconf 84' lang='lat' dir='ltr'>sequela,</span> <span class='ocrx_word' id='word_1_356' title='bbox 2058 534 2291 574; x_wconf 88' lang='lat' dir='ltr'>Impedimenta</span> <span class='ocrx_word' id='word_1_357' title='bbox 2314 538 2391 563; x_wconf 89' lang='lat' dir='ltr'>sunt</span> <span class='ocrx_word' id='word_1_358' title='bbox 2414 543 2469 563; x_wconf 89' lang='grc' dir='ltr'>ηο-</span> 
     </span>
     <span class='ocr_line' id='line_1_47' title="bbox 1392 577 2468 619; baseline 0 -13"><span class='ocrx_word' id='word_1_359' title='bbox 1392 577 1450 607; x_wconf 85' lang='lat' dir='ltr'>lita</span> <span class='ocrx_word' id='word_1_360' title='bbox 1468 587 1533 617; x_wconf 83' lang='lat' dir='ltr'>per</span> <span class='ocrx_word' id='word_1_361' title='bbox 1555 583 1662 608; x_wconf 82' lang='lat' dir='ltr'>actum</span> <span class='ocrx_word' id='word_1_362' title='bbox 1678 578 1888 619; x_wconf 82' lang='lat' dir='ltr'>fortitudinis</span> <span class='ocrx_word' id='word_1_363' title='bbox 1910 578 2104 619; x_wconf 85' lang='lat' dir='ltr'>formaliter</span> <span class='ocrx_word' id='word_1_364' title='bbox 2135 579 2185 609; x_wconf 80' lang='lat' dir='ltr'>vel</span> <span class='ocrx_word' id='word_1_365' title='bbox 2207 577 2468 618; x_wconf 83' lang='lat' dir='ltr'>aequivalenter,</span> 
     </span>
     <span class='ocr_line' id='line_1_48' title="bbox 1391 622 2470 663; baseline 0 -12"><span class='ocrx_word' id='word_1_366' title='bbox 1391 622 1484 662; x_wconf 80' lang='lat' dir='ltr'>Ergo</span> <span class='ocrx_word' id='word_1_367' title='bbox 1507 628 1584 652; x_wconf 81' lang='lat' dir='ltr'>sunt</span> <span class='ocrx_word' id='word_1_368' title='bbox 1606 623 1728 653; x_wconf 86' lang='lat' dir='ltr'>obiecta</span> <span class='ocrx_word' id='word_1_369' title='bbox 1743 629 1835 654; x_wconf 85' lang='lat' dir='ltr'>actus</span> <span class='ocrx_word' id='word_1_370' title='bbox 1849 632 1912 663; x_wconf 84' lang='lat' dir='ltr'>quo</span> <span class='ocrx_word' id='word_1_371' title='bbox 1928 623 2082 653; x_wconf 86' lang='lat' dir='ltr'>dicuntur</span> <span class='ocrx_word' id='word_1_372' title='bbox 2097 624 2218 653; x_wconf 87' lang='lat' dir='ltr'>nolita:</span> <span class='ocrx_word' id='word_1_373' title='bbox 2233 622 2389 663; x_wconf 85' lang='lat' dir='ltr'>quoniam</span> <span class='ocrx_word' id='word_1_374' title='bbox 2410 629 2470 652; x_wconf 85' lang='lat' dir='ltr'>stat</span> 
     </span>
     <span class='ocr_line' id='line_1_49' title="bbox 1391 666 2468 707; baseline 0 -11"><span class='ocrx_word' id='word_1_375' title='bbox 1391 667 1480 706; x_wconf 93' lang='lat' dir='ltr'>quod</span> <span class='ocrx_word' id='word_1_376' title='bbox 1505 666 1567 696; x_wconf 90' lang='lat' dir='ltr'>sint</span> <span class='ocrx_word' id='word_1_377' title='bbox 1591 667 1692 697; x_wconf 88' lang='lat' dir='ltr'>nolita</span> <span class='ocrx_word' id='word_1_378' title='bbox 1715 674 1751 697; x_wconf 90' lang='lat' dir='ltr'>ut</span> <span class='ocrx_word' id='word_1_379' title='bbox 1774 675 1873 698; x_wconf 87' lang='lat' dir='ltr'>actus.</span> <span class='ocrx_word' id='word_1_380' title='bbox 1899 667 1939 697; x_wconf 90' lang='lat' dir='ltr'>Et</span> <span class='ocrx_word' id='word_1_381' title='bbox 1963 677 2034 697; x_wconf 93' lang='lat' dir='ltr'>vere</span> <span class='ocrx_word' id='word_1_382' title='bbox 2059 669 2102 697; x_wconf 93' lang='lat' dir='ltr'>sic</span> <span class='ocrx_word' id='word_1_383' title='bbox 2126 674 2182 703; x_wconf 88' lang='lat' dir='ltr'>est,</span> <span class='ocrx_word' id='word_1_384' title='bbox 2207 667 2296 707; x_wconf 92' lang='lat' dir='ltr'>quod</span> <span class='ocrx_word' id='word_1_385' title='bbox 2321 673 2395 696; x_wconf 91' lang='lat' dir='ltr'>sunt</span> <span class='ocrx_word' id='word_1_386' title='bbox 2419 676 2468 696; x_wconf 89' lang='lat' dir='ltr'>ae-</span> 
     </span>
     <span class='ocr_line' id='line_1_50' title="bbox 1391 710 2468 752; baseline 0.001 -12"><span class='ocrx_word' id='word_1_387' title='bbox 1391 710 1589 751; x_wconf 89' lang='lat' dir='ltr'>quivalenter</span> <span class='ocrx_word' id='word_1_388' title='bbox 1613 711 1713 741; x_wconf 87' lang='lat' dir='ltr'>nolita</span> <span class='ocrx_word' id='word_1_389' title='bbox 1737 721 1793 751; x_wconf 90' lang='lat' dir='ltr'>per</span> <span class='ocrx_word' id='word_1_390' title='bbox 1809 718 1915 742; x_wconf 89' lang='lat' dir='ltr'>actum</span> <span class='ocrx_word' id='word_1_391' title='bbox 1933 710 2128 742; x_wconf 89' lang='lat' dir='ltr'>fortitudinis</span> <span class='ocrx_word' id='word_1_392' title='bbox 2146 718 2181 742; x_wconf 85' lang='lat' dir='ltr'>ut</span> <span class='ocrx_word' id='word_1_393' title='bbox 2197 711 2391 752; x_wconf 82' lang='lat' dir='ltr'>privationes</span> <span class='ocrx_word' id='word_1_394' title='bbox 2413 721 2468 741; x_wconf 89' lang='lat' dir='ltr'>seu</span> 
     </span>
     <span class='ocr_line' id='line_1_51' title="bbox 1391 755 2468 796; baseline 0.002 -12"><span class='ocrx_word' id='word_1_395' title='bbox 1391 755 1546 785; x_wconf 82' lang='lat' dir='ltr'>contraria</span> <span class='ocrx_word' id='word_1_396' title='bbox 1570 755 1670 796; x_wconf 89' lang='lat' dir='ltr'>ipsius</span> <span class='ocrx_word' id='word_1_397' title='bbox 1694 763 1793 786; x_wconf 88' lang='lat' dir='ltr'>actus.</span> <span class='ocrx_word' id='word_1_398' title='bbox 1826 756 1952 786; x_wconf 86' lang='lat' dir='ltr'>Eodem</span> <span class='ocrx_word' id='word_1_399' title='bbox 1976 756 2133 796; x_wconf 90' lang='lat' dir='ltr'>siquidem</span> <span class='ocrx_word' id='word_1_400' title='bbox 2158 757 2259 786; x_wconf 93' lang='lat' dir='ltr'>modo</span> <span class='ocrx_word' id='word_1_401' title='bbox 2289 765 2355 796; x_wconf 90' lang='lat' dir='ltr'>quo</span> <span class='ocrx_word' id='word_1_402' title='bbox 2380 763 2468 786; x_wconf 86' lang='lat' dir='ltr'>actus</span> 
     </span>
     <span class='ocr_line' id='line_1_52' title="bbox 1389 799 2467 835; baseline 0.001 -6"><span class='ocrx_word' id='word_1_403' title='bbox 1389 799 1585 830; x_wconf 91' lang='lat' dir='ltr'>fortitudinis</span> <span class='ocrx_word' id='word_1_404' title='bbox 1610 808 1657 830; x_wconf 92' lang='lat' dir='ltr'>est</span> <span class='ocrx_word' id='word_1_405' title='bbox 1679 800 1797 831; x_wconf 88' lang='lat' dir='ltr'>volitus</span> <span class='ocrx_word' id='word_1_406' title='bbox 1814 807 1850 830; x_wconf 91' lang='lat' dir='ltr'>ut</span> <span class='ocrx_word' id='word_1_407' title='bbox 1866 806 1965 835; x_wconf 82' lang='lat' dir='ltr'>actus,</span> <span class='ocrx_word' id='word_1_408' title='bbox 1990 801 2105 830; x_wconf 90' lang='lat' dir='ltr'>eodem</span> <span class='ocrx_word' id='word_1_409' title='bbox 2121 801 2221 831; x_wconf 92' lang='lat' dir='ltr'>modo</span> <span class='ocrx_word' id='word_1_410' title='bbox 2239 799 2396 831; x_wconf 85' lang='lat' dir='ltr'>contraria</span> <span class='ocrx_word' id='word_1_411' title='bbox 2412 810 2467 830; x_wconf 91' lang='lat' dir='ltr'>seu</span> 
     </span>
     <span class='ocr_line' id='line_1_53' title="bbox 1390 844 2468 885; baseline 0.001 -11"><span class='ocrx_word' id='word_1_412' title='bbox 1390 844 1583 884; x_wconf 83' lang='lat' dir='ltr'>privationes</span> <span class='ocrx_word' id='word_1_413' title='bbox 1606 845 1692 875; x_wconf 91' lang='lat' dir='ltr'>illius</span> <span class='ocrx_word' id='word_1_414' title='bbox 1716 851 1791 875; x_wconf 89' lang='lat' dir='ltr'>sunt</span> <span class='ocrx_word' id='word_1_415' title='bbox 1814 844 1915 875; x_wconf 88' lang='lat' dir='ltr'>nolita</span> <span class='ocrx_word' id='word_1_416' title='bbox 1940 851 1976 874; x_wconf 90' lang='lat' dir='ltr'>ut</span> <span class='ocrx_word' id='word_1_417' title='bbox 1999 852 2103 875; x_wconf 90' lang='lat' dir='ltr'>actus:</span> <span class='ocrx_word' id='word_1_418' title='bbox 2136 855 2173 875; x_wconf 86' lang='lat' dir='ltr'>ex</span> <span class='ocrx_word' id='word_1_419' title='bbox 2196 845 2258 875; x_wconf 89' lang='lat' dir='ltr'>hoc</span> <span class='ocrx_word' id='word_1_420' title='bbox 2286 845 2373 875; x_wconf 84' lang='lat' dir='ltr'>enirn</span> <span class='ocrx_word' id='word_1_421' title='bbox 2397 845 2468 885; x_wconf 90' lang='lat' dir='ltr'>ipso</span> 
     </span>
     <span class='ocr_line' id='line_1_54' title="bbox 1390 889 2468 930; baseline 0 -11"><span class='ocrx_word' id='word_1_422' title='bbox 1390 890 1480 930; x_wconf 93' lang='lat' dir='ltr'>quod</span> <span class='ocrx_word' id='word_1_423' title='bbox 1505 889 1595 920; x_wconf 86' lang='lat' dir='ltr'>fortis</span> <span class='ocrx_word' id='word_1_424' title='bbox 1619 889 1710 920; x_wconf 90' lang='lat' dir='ltr'>timet</span> <span class='ocrx_word' id='word_1_425' title='bbox 1727 897 1757 920; x_wconf 88' lang='lat' dir='ltr'>et</span> <span class='ocrx_word' id='word_1_426' title='bbox 1778 889 1875 919; x_wconf 88' lang='lat' dir='ltr'>audet</span> <span class='ocrx_word' id='word_1_427' title='bbox 1897 889 2040 929; x_wconf 87' lang='lat' dir='ltr'>quand0‚</span> <span class='ocrx_word' id='word_1_428' title='bbox 2065 899 2147 929; x_wconf 88' lang='lat' dir='ltr'>quae</span> <span class='ocrx_word' id='word_1_429' title='bbox 2178 897 2208 920; x_wconf 91' lang='lat' dir='ltr'>et</span> <span class='ocrx_word' id='word_1_430' title='bbox 2224 889 2306 921; x_wconf 87' lang='lat' dir='ltr'>sicut</span> <span class='ocrx_word' id='word_1_431' title='bbox 2329 897 2468 930; x_wconf 82' lang='lat' dir='ltr'>oportet,</span> 
     </span>
     <span class='ocr_line' id='line_1_55' title="bbox 1390 933 2470 975; baseline 0.001 -12"><span class='ocrx_word' id='word_1_432' title='bbox 1390 934 1474 964; x_wconf 92' lang='lat' dir='ltr'>eiicit</span> <span class='ocrx_word' id='word_1_433' title='bbox 1504 934 1680 965; x_wconf 81' lang='lat' dir='ltr'>formaliter</span> <span class='ocrx_word' id='word_1_434' title='bbox 1702 934 1740 964; x_wconf 91' lang='lat' dir='ltr'>ab</span> <span class='ocrx_word' id='word_1_435' title='bbox 1765 933 1909 974; x_wconf 85' lang='lat' dir='ltr'>appetitu</span> <span class='ocrx_word' id='word_1_436' title='bbox 1934 942 2012 969; x_wconf 87' lang='lat' dir='ltr'>suo,</span> <span class='ocrx_word' id='word_1_437' title='bbox 2043 934 2133 974; x_wconf 89' lang='lat' dir='ltr'>quod</span> <span class='ocrx_word' id='word_1_438' title='bbox 2163 940 2211 964; x_wconf 87' lang='lat' dir='ltr'>est</span> <span class='ocrx_word' id='word_1_439' title='bbox 2233 934 2470 975; x_wconf 82' lang='lat' dir='ltr'>aequivalenter</span> 
     </span>
     <span class='ocr_line' id='line_1_56' title="bbox 1391 978 2467 1020; baseline -0.001 -11"><span class='ocrx_word' id='word_1_440' title='bbox 1391 979 1487 1015; x_wconf 90' lang='lat' dir='ltr'>nolle,</span> <span class='ocrx_word' id='word_1_441' title='bbox 1512 989 1575 1010; x_wconf 88' lang='lat' dir='ltr'>non</span> <span class='ocrx_word' id='word_1_442' title='bbox 1595 979 1735 1020; x_wconf 84' lang='lat' dir='ltr'>quando,</span> <span class='ocrx_word' id='word_1_443' title='bbox 1753 984 1816 1008; x_wconf 89' lang='lat' dir='ltr'>non</span> <span class='ocrx_word' id='word_1_444' title='bbox 1840 987 1935 1019; x_wconf 83' lang='lat' dir='ltr'>quae,</span> <span class='ocrx_word' id='word_1_445' title='bbox 1954 987 2017 1007; x_wconf 86' lang='lat' dir='ltr'>non</span> <span class='ocrx_word' id='word_1_446' title='bbox 2033 978 2127 1015; x_wconf 84' lang='lat' dir='ltr'>sicut,</span> <span class='ocrx_word' id='word_1_447' title='bbox 2146 983 2218 1015; x_wconf 73' lang='lat' dir='ltr'>etc„</span> <span class='ocrx_word' id='word_1_448' title='bbox 2235 984 2368 1019; x_wconf 82' lang='lat' dir='ltr'>oportet.</span> <span class='ocrx_word' id='word_1_449' title='bbox 2392 979 2467 1009; x_wconf 90' lang='lat' dir='ltr'>Non</span> 
     </span>
     <span class='ocr_line' id='line_1_57' title="bbox 1390 1022 2470 1064; baseline -0.001 -10"><span class='ocrx_word' id='word_1_450' title='bbox 1390 1031 1464 1054; x_wconf 90' lang='lat' dir='ltr'>sunt</span> <span class='ocrx_word' id='word_1_451' title='bbox 1488 1034 1562 1064; x_wconf 90' lang='lat' dir='ltr'>ergo</span> <span class='ocrx_word' id='word_1_452' title='bbox 1587 1034 1605 1054; x_wconf 88' lang='lat' dir='ltr'>a</span> <span class='ocrx_word' id='word_1_453' title='bbox 1630 1023 1815 1054; x_wconf 90' lang='lat' dir='ltr'>fortitudine</span> <span class='ocrx_word' id='word_1_454' title='bbox 1840 1023 1899 1053; x_wconf 90' lang='lat' dir='ltr'>ista</span> <span class='ocrx_word' id='word_1_455' title='bbox 1914 1022 2146 1062; x_wconf 79' lang='lat' dir='ltr'>Impedimenta</span> <span class='ocrx_word' id='word_1_456' title='bbox 2167 1023 2267 1053; x_wconf 89' lang='lat' dir='ltr'>nolita</span> <span class='ocrx_word' id='word_1_457' title='bbox 2291 1030 2327 1054; x_wconf 94' lang='lat' dir='ltr'>ut</span> <span class='ocrx_word' id='word_1_458' title='bbox 2345 1023 2470 1054; x_wconf 88' lang='lat' dir='ltr'>obiecta</span> 
     </span>
     <span class='ocr_line' id='line_1_58' title="bbox 1389 1066 2470 1108; baseline -0.001 -10"><span class='ocrx_word' id='word_1_459' title='bbox 1389 1076 1477 1099; x_wconf 89' lang='lat' dir='ltr'>actus</span> <span class='ocrx_word' id='word_1_460' title='bbox 1494 1068 1700 1105; x_wconf 87' lang='lat' dir='ltr'>fortitudinis,</span> <span class='ocrx_word' id='word_1_461' title='bbox 1726 1068 1780 1099; x_wconf 91' lang='lat' dir='ltr'>sed</span> <span class='ocrx_word' id='word_1_462' title='bbox 1805 1075 1840 1099; x_wconf 92' lang='lat' dir='ltr'>ut</span> <span class='ocrx_word' id='word_1_463' title='bbox 1863 1067 2039 1098; x_wconf 86' lang='lat' dir='ltr'>formaliter</span> <span class='ocrx_word' id='word_1_464' title='bbox 2062 1066 2218 1098; x_wconf 84' lang='lat' dir='ltr'>contraria</span> <span class='ocrx_word' id='word_1_465' title='bbox 2233 1077 2289 1098; x_wconf 88' lang='lat' dir='ltr'>seu</span> <span class='ocrx_word' id='word_1_466' title='bbox 2316 1067 2470 1108; x_wconf 79' lang='lat' dir='ltr'>privativa</span> 
     </span>
     <span class='ocr_line' id='line_1_59' title="bbox 1389 1113 1699 1145; baseline -0.003 -1"><span class='ocrx_word' id='word_1_467' title='bbox 1389 1121 1477 1144; x_wconf 84' lang='lat' dir='ltr'>actus</span> <span class='ocrx_word' id='word_1_468' title='bbox 1494 1113 1699 1145; x_wconf 89' lang='lat' dir='ltr'>fortitudinis.</span> 
     </span>
    </p>

    <p class='ocr_par' dir='ltr' id='par_1_15' title="bbox 1389 1155 2472 1871">
     <span class='ocr_line' id='line_1_60' title="bbox 1445 1155 2469 1199; baseline -0.003 -10"><span class='ocrx_word' id='word_1_469' title='bbox 1445 1159 1484 1189; x_wconf 90' lang='lat' dir='ltr'>X.</span> <span class='ocrx_word' id='word_1_470' title='bbox 1509 1159 1551 1189; x_wconf 86' lang='lat' dir='ltr'>Et</span> <span class='ocrx_word' id='word_1_471' title='bbox 1574 1158 1654 1189; x_wconf 87' lang='lat' dir='ltr'>scito</span> <span class='ocrx_word' id='word_1_472' title='bbox 1679 1158 1768 1199; x_wconf 92' lang='lat' dir='ltr'>quod</span> <span class='ocrx_word' id='word_1_473' title='bbox 1792 1156 1987 1198; x_wconf 92' lang='lat' dir='ltr'>principium</span> <span class='ocrx_word' id='word_1_474' title='bbox 2011 1155 2135 1186; x_wconf 88' lang='lat' dir='ltr'>errandi</span> <span class='ocrx_word' id='word_1_475' title='bbox 2166 1156 2199 1186; x_wconf 92' lang='lat' dir='ltr'>in</span> <span class='ocrx_word' id='word_1_476' title='bbox 2224 1156 2286 1187; x_wconf 90' lang='lat' dir='ltr'>hoc</span> <span class='ocrx_word' id='word_1_477' title='bbox 2316 1163 2364 1186; x_wconf 89' lang='lat' dir='ltr'>est</span> <span class='ocrx_word' id='word_1_478' title='bbox 2393 1156 2469 1197; x_wconf 88' lang='lat' dir='ltr'>quia</span> 
     </span>
     <span class='ocr_line' id='line_1_61' title="bbox 1389 1201 2467 1244; baseline -0.002 -11"><span class='ocrx_word' id='word_1_479' title='bbox 1389 1203 1526 1234; x_wconf 91' lang='lat' dir='ltr'>creditur</span> <span class='ocrx_word' id='word_1_480' title='bbox 1549 1204 1639 1244; x_wconf 91' lang='lat' dir='ltr'>quod</span> <span class='ocrx_word' id='word_1_481' title='bbox 1663 1203 1752 1233; x_wconf 92' lang='lat' dir='ltr'>solus</span> <span class='ocrx_word' id='word_1_482' title='bbox 1775 1209 1863 1232; x_wconf 82' lang='lat' dir='ltr'>actus</span> <span class='ocrx_word' id='word_1_483' title='bbox 1882 1201 2066 1237; x_wconf 89' lang='lat' dir='ltr'>voluntatis,</span> <span class='ocrx_word' id='word_1_484' title='bbox 2087 1207 2165 1241; x_wconf 92' lang='lat' dir='ltr'>puta</span> <span class='ocrx_word' id='word_1_485' title='bbox 2182 1201 2308 1239; x_wconf 86' lang='lat' dir='ltr'>electio,</span> <span class='ocrx_word' id='word_1_486' title='bbox 2324 1207 2356 1231; x_wconf 88' lang='lat' dir='ltr'>et</span> <span class='ocrx_word' id='word_1_487' title='bbox 2378 1207 2467 1231; x_wconf 84' lang='lat' dir='ltr'>actus</span> 
     </span>
     <span class='ocr_line' id='line_1_62' title="bbox 1390 1245 2470 1289; baseline -0.002 -11"><span class='ocrx_word' id='word_1_488' title='bbox 1390 1248 1541 1285; x_wconf 88' lang='lat' dir='ltr'>exterior,</span> <span class='ocrx_word' id='word_1_489' title='bbox 1568 1255 1602 1279; x_wconf 93' lang='lat' dir='ltr'>ut</span> <span class='ocrx_word' id='word_1_490' title='bbox 1626 1257 1784 1289; x_wconf 84' lang='lat' dir='ltr'>exponere</span> <span class='ocrx_word' id='word_1_491' title='bbox 1808 1257 1841 1277; x_wconf 90' lang='lat' dir='ltr'>se</span> <span class='ocrx_word' id='word_1_492' title='bbox 1865 1246 2008 1287; x_wconf 86' lang='lat' dir='ltr'>periculo</span> <span class='ocrx_word' id='word_1_493' title='bbox 2033 1245 2146 1276; x_wconf 86' lang='lat' dir='ltr'>mortis</span> <span class='ocrx_word' id='word_1_494' title='bbox 2169 1245 2299 1276; x_wconf 84' lang='lat' dir='ltr'>bellicae</span> <span class='ocrx_word' id='word_1_495' title='bbox 2327 1246 2470 1286; x_wconf 82' lang='lat' dir='ltr'>quando,</span> 
     </span>
     <span class='ocr_line' id='line_1_63' title="bbox 1390 1290 2470 1329; baseline -0.003 -5"><span class='ocrx_word' id='word_1_496' title='bbox 1390 1292 1455 1329; x_wconf 85' lang='lat' dir='ltr'>ubi,</span> <span class='ocrx_word' id='word_1_497' title='bbox 1473 1300 1543 1329; x_wconf 65' lang='lat' dir='ltr'>etc„</span> <span class='ocrx_word' id='word_1_498' title='bbox 1561 1294 1624 1323; x_wconf 91' lang='lat' dir='ltr'>sint</span> <span class='ocrx_word' id='word_1_499' title='bbox 1648 1299 1736 1324; x_wconf 87' lang='lat' dir='ltr'>actus</span> <span class='ocrx_word' id='word_1_500' title='bbox 1759 1291 1972 1322; x_wconf 87' lang='lat' dir='ltr'>fortitudinis:</span> <span class='ocrx_word' id='word_1_501' title='bbox 1998 1301 2084 1327; x_wconf 87' lang='lat' dir='ltr'>cum,</span> <span class='ocrx_word' id='word_1_502' title='bbox 2102 1290 2280 1321; x_wconf 89' lang='lat' dir='ltr'>secundum</span> <span class='ocrx_word' id='word_1_503' title='bbox 2305 1290 2470 1321; x_wconf 87' lang='lat' dir='ltr'>veritatem</span> 
     </span>
     <span class='ocr_line' id='line_1_64' title="bbox 1391 1334 2469 1379; baseline -0.003 -11"><span class='ocrx_word' id='word_1_504' title='bbox 1391 1337 1639 1379; x_wconf 85' lang='lat' dir='ltr'>peripateticam,</span> <span class='ocrx_word' id='word_1_505' title='bbox 1657 1337 1812 1368; x_wconf 90' lang='lat' dir='ltr'>fortitudo</span> <span class='ocrx_word' id='word_1_506' title='bbox 1836 1335 1876 1366; x_wconf 89' lang='lat' dir='ltr'>sit</span> <span class='ocrx_word' id='word_1_507' title='bbox 1891 1335 2064 1366; x_wconf 89' lang='lat' dir='ltr'>subiective</span> <span class='ocrx_word' id='word_1_508' title='bbox 2080 1335 2114 1366; x_wconf 91' lang='lat' dir='ltr'>in</span> <span class='ocrx_word' id='word_1_509' title='bbox 2138 1335 2281 1376; x_wconf 86' lang='lat' dir='ltr'>appetitu</span> <span class='ocrx_word' id='word_1_510' title='bbox 2306 1334 2469 1371; x_wconf 86' lang='lat' dir='ltr'>sensitivo,</span> 
     </span>
     <span class='ocr_line' id='line_1_65' title="bbox 1390 1379 2470 1422; baseline -0.004 -8"><span class='ocrx_word' id='word_1_511' title='bbox 1390 1389 1420 1413; x_wconf 89' lang='lat' dir='ltr'>et</span> <span class='ocrx_word' id='word_1_512' title='bbox 1444 1390 1532 1414; x_wconf 87' lang='lat' dir='ltr'>actus</span> <span class='ocrx_word' id='word_1_513' title='bbox 1557 1383 1625 1414; x_wconf 87' lang='lat' dir='ltr'>eius</span> <span class='ocrx_word' id='word_1_514' title='bbox 1649 1382 1689 1413; x_wconf 92' lang='lat' dir='ltr'>sit</span> <span class='ocrx_word' id='word_1_515' title='bbox 1712 1381 1897 1422; x_wconf 84' lang='lat' dir='ltr'>participata</span> <span class='ocrx_word' id='word_1_516' title='bbox 1922 1380 2077 1411; x_wconf 91' lang='lat' dir='ltr'>electione</span> <span class='ocrx_word' id='word_1_517' title='bbox 2105 1380 2216 1411; x_wconf 87' lang='lat' dir='ltr'>timere</span> <span class='ocrx_word' id='word_1_518' title='bbox 2241 1387 2271 1411; x_wconf 93' lang='lat' dir='ltr'>et</span> <span class='ocrx_word' id='word_1_519' title='bbox 2295 1380 2413 1410; x_wconf 89' lang='lat' dir='ltr'>audere</span> <span class='ocrx_word' id='word_1_520' title='bbox 2435 1379 2470 1410; x_wconf 91' lang='lat' dir='ltr'>in</span> 
     </span>
     <span class='ocr_line' id='line_1_66' title="bbox 1390 1424 2470 1468; baseline -0.002 -11"><span class='ocrx_word' id='word_1_521' title='bbox 1390 1427 1538 1468; x_wconf 89' lang='lat' dir='ltr'>periculis</span> <span class='ocrx_word' id='word_1_522' title='bbox 1562 1427 1674 1458; x_wconf 88' lang='lat' dir='ltr'>mortis</span> <span class='ocrx_word' id='word_1_523' title='bbox 1709 1426 1859 1462; x_wconf 85' lang='lat' dir='ltr'>bellicae,</span> <span class='ocrx_word' id='word_1_524' title='bbox 1883 1425 2035 1467; x_wconf 79' lang='lat' dir='ltr'>quande,</span> <span class='ocrx_word' id='word_1_525' title='bbox 2061 1425 2132 1461; x_wconf 89' lang='lat' dir='ltr'>ubi,</span> <span class='ocrx_word' id='word_1_526' title='bbox 2158 1435 2255 1466; x_wconf 90' lang='lat' dir='ltr'>quae,</span> <span class='ocrx_word' id='word_1_527' title='bbox 2277 1424 2375 1461; x_wconf 90' lang='lat' dir='ltr'>sicut,</span> <span class='ocrx_word' id='word_1_528' title='bbox 2398 1431 2470 1461; x_wconf 72' lang='lat' dir='ltr'>etc„</span> 
     </span>
     <span class='ocr_line' id='line_1_67' title="bbox 1390 1469 2471 1512; baseline -0.003 -9"><span class='ocrx_word' id='word_1_529' title='bbox 1390 1479 1528 1512; x_wconf 88' lang='lat' dir='ltr'>oportet.</span> <span class='ocrx_word' id='word_1_530' title='bbox 1553 1473 1597 1503; x_wconf 92' lang='lat' dir='ltr'>Ut</span> <span class='ocrx_word' id='word_1_531' title='bbox 1620 1472 1706 1503; x_wconf 89' lang='lat' dir='ltr'>enim</span> <span class='ocrx_word' id='word_1_532' title='bbox 1730 1471 1853 1502; x_wconf 90' lang='lat' dir='ltr'>dictum</span> <span class='ocrx_word' id='word_1_533' title='bbox 1877 1477 1924 1501; x_wconf 89' lang='lat' dir='ltr'>est</span> <span class='ocrx_word' id='word_1_534' title='bbox 1935 1470 1961 1507; x_wconf 88' lang='lat'>*‚</span> <span class='ocrx_word' id='word_1_535' title='bbox 1987 1470 2012 1500; x_wconf 88' lang='lat' dir='ltr'>si</span> <span class='ocrx_word' id='word_1_536' title='bbox 2038 1470 2198 1510; x_wconf 86' lang='lat' dir='ltr'>appetitus</span> <span class='ocrx_word' id='word_1_537' title='bbox 2218 1469 2387 1500; x_wconf 88' lang='lat' dir='ltr'>sensitivus</span> <span class='ocrx_word' id='word_1_538' title='bbox 2403 1478 2471 1500; x_wconf 86' lang='lat' dir='ltr'>uon</span> 
     </span>
     <span class='ocr_line' id='line_1_68' title="bbox 1390 1514 2472 1557; baseline -0.004 -9"><span class='ocrx_word' id='word_1_539' title='bbox 1390 1524 1472 1548; x_wconf 87' lang='lat' dir='ltr'>esset</span> <span class='ocrx_word' id='word_1_540' title='bbox 1495 1524 1589 1548; x_wconf 89' lang='lat' dir='ltr'>natus</span> <span class='ocrx_word' id='word_1_541' title='bbox 1613 1516 1747 1557; x_wconf 89' lang='lat' dir='ltr'>proprio</span> <span class='ocrx_word' id='word_1_542' title='bbox 1778 1522 1870 1546; x_wconf 89' lang='lat' dir='ltr'>motu</span> <span class='ocrx_word' id='word_1_543' title='bbox 1903 1522 2053 1556; x_wconf 89' lang='lat' dir='ltr'>appetere</span> <span class='ocrx_word' id='word_1_544' title='bbox 2077 1522 2200 1555; x_wconf 86' lang='lat' dir='ltr'>praeter</span> <span class='ocrx_word' id='word_1_545' title='bbox 2224 1522 2255 1545; x_wconf 92' lang='lat' dir='ltr'>et</span> <span class='ocrx_word' id='word_1_546' title='bbox 2278 1521 2388 1545; x_wconf 85' lang='lat' dir='ltr'>contra</span> <span class='ocrx_word' id='word_1_547' title='bbox 2412 1514 2472 1545; x_wconf 90' lang='lat' dir='ltr'>bo-</span> 
     </span>
     <span class='ocr_line' id='line_1_69' title="bbox 1390 1559 2471 1598; baseline -0.003 -6"><span class='ocrx_word' id='word_1_548' title='bbox 1390 1572 1470 1592; x_wconf 90' lang='lat' dir='ltr'>num</span> <span class='ocrx_word' id='word_1_549' title='bbox 1494 1562 1636 1598; x_wconf 85' lang='lat' dir='ltr'>rationis,</span> <span class='ocrx_word' id='word_1_550' title='bbox 1660 1571 1726 1592; x_wconf 91' lang='lat' dir='ltr'>non</span> <span class='ocrx_word' id='word_1_551' title='bbox 1751 1567 1832 1592; x_wconf 90' lang='lat' dir='ltr'>esset</span> <span class='ocrx_word' id='word_1_552' title='bbox 1855 1560 2030 1591; x_wconf 86' lang='lat' dir='ltr'>necessaria</span> <span class='ocrx_word' id='word_1_553' title='bbox 2052 1560 2152 1591; x_wconf 90' lang='lat' dir='ltr'>virtus</span> <span class='ocrx_word' id='word_1_554' title='bbox 2177 1559 2389 1595; x_wconf 86' lang='lat' dir='ltr'>fortitudinis,</span> <span class='ocrx_word' id='word_1_555' title='bbox 2414 1559 2471 1590; x_wconf 85' lang='lat' dir='ltr'>sed</span> 
     </span>
     <span class='ocr_line' id='line_1_70' title="bbox 1390 1603 2471 1646; baseline -0.003 -9"><span class='ocrx_word' id='word_1_556' title='bbox 1390 1607 1459 1638; x_wconf 83' lang='lat' dir='ltr'>sola</span> <span class='ocrx_word' id='word_1_557' title='bbox 1481 1607 1647 1642; x_wconf 83' lang='lat' dir='ltr'>voluntas,</span> <span class='ocrx_word' id='word_1_558' title='bbox 1680 1605 1864 1637; x_wconf 87' lang='lat' dir='ltr'>naturaliter</span> <span class='ocrx_word' id='word_1_559' title='bbox 1887 1605 2038 1636; x_wconf 85' lang='lat' dir='ltr'>inclinata</span> <span class='ocrx_word' id='word_1_560' title='bbox 2061 1605 2093 1635; x_wconf 90' lang='lat' dir='ltr'>in</span> <span class='ocrx_word' id='word_1_561' title='bbox 2119 1604 2286 1646; x_wconf 88' lang='lat' dir='ltr'>proprium</span> <span class='ocrx_word' id='word_1_562' title='bbox 2311 1603 2471 1644; x_wconf 79' lang='lat' dir='ltr'>suppositi</span> 
     </span>
     <span class='ocr_line' id='line_1_71' title="bbox 1389 1648 2471 1690; baseline -0.003 -8"><span class='ocrx_word' id='word_1_563' title='bbox 1389 1653 1514 1682; x_wconf 91' lang='lat' dir='ltr'>bonum</span> <span class='ocrx_word' id='word_1_564' title='bbox 1539 1651 1681 1687; x_wconf 85' lang='lat' dir='ltr'>rationis,</span> <span class='ocrx_word' id='word_1_565' title='bbox 1706 1650 1814 1681; x_wconf 86' lang='lat' dir='ltr'>innixa</span> <span class='ocrx_word' id='word_1_566' title='bbox 1838 1650 2035 1690; x_wconf 86' lang='lat' dir='ltr'>prudentiae,</span> <span class='ocrx_word' id='word_1_567' title='bbox 2060 1649 2217 1680; x_wconf 88' lang='lat' dir='ltr'>sufficeret</span> <span class='ocrx_word' id='word_1_568' title='bbox 2235 1649 2275 1680; x_wconf 85' lang='lat' dir='ltr'>ad</span> <span class='ocrx_word' id='word_1_569' title='bbox 2291 1658 2390 1690; x_wconf 85' lang='lat' dir='ltr'>opera</span> <span class='ocrx_word' id='word_1_570' title='bbox 2406 1648 2471 1679; x_wconf 86' lang='lat' dir='ltr'>for-</span> 
     </span>
     <span class='ocr_line' id='line_1_72' title="bbox 1389 1693 2471 1736; baseline -0.003 -9"><span class='ocrx_word' id='word_1_571' title='bbox 1389 1696 1543 1727; x_wconf 85' lang='lat' dir='ltr'>titudinis.</span> <span class='ocrx_word' id='word_1_572' title='bbox 1568 1697 1610 1727; x_wconf 89' lang='lat' dir='ltr'>Et</span> <span class='ocrx_word' id='word_1_573' title='bbox 1633 1703 1802 1736; x_wconf 88' lang='lat' dir='ltr'>propterea</span> <span class='ocrx_word' id='word_1_574' title='bbox 1825 1705 1911 1726; x_wconf 90' lang='lat' dir='ltr'>nunc</span> <span class='ocrx_word' id='word_1_575' title='bbox 1928 1695 2063 1735; x_wconf 89' lang='lat' dir='ltr'>exigitur</span> <span class='ocrx_word' id='word_1_576' title='bbox 2087 1694 2244 1726; x_wconf 90' lang='lat' dir='ltr'>fortitudo</span> <span class='ocrx_word' id='word_1_577' title='bbox 2268 1701 2303 1725; x_wconf 93' lang='lat' dir='ltr'>ut</span> <span class='ocrx_word' id='word_1_578' title='bbox 2326 1693 2471 1725; x_wconf 86' lang='lat' dir='ltr'>habilitet</span> 
     </span>
     <span class='ocr_line' id='line_1_73' title="bbox 1389 1738 2469 1782; baseline -0.003 -10"><span class='ocrx_word' id='word_1_579' title='bbox 1389 1741 1579 1782; x_wconf 83' lang='lat' dir='ltr'>appetitum,</span> <span class='ocrx_word' id='word_1_580' title='bbox 1605 1748 1641 1771; x_wconf 93' lang='lat' dir='ltr'>ut</span> <span class='ocrx_word' id='word_1_581' title='bbox 1664 1740 1822 1781; x_wconf 85' lang='lat' dir='ltr'>particeps</span> <span class='ocrx_word' id='word_1_582' title='bbox 1845 1748 1893 1771; x_wconf 89' lang='lat' dir='ltr'>est</span> <span class='ocrx_word' id='word_1_583' title='bbox 1915 1739 2077 1776; x_wconf 87' lang='lat' dir='ltr'>libertatis,</span> <span class='ocrx_word' id='word_1_584' title='bbox 2102 1740 2142 1770; x_wconf 88' lang='lat' dir='ltr'>ad</span> <span class='ocrx_word' id='word_1_585' title='bbox 2158 1738 2290 1770; x_wconf 86' lang='lat' dir='ltr'>firmiter</span> <span class='ocrx_word' id='word_1_586' title='bbox 2305 1745 2469 1780; x_wconf 86' lang='lat' dir='ltr'>prompte-</span> 
     </span>
     <span class='ocr_line' id='line_1_74' title="bbox 1389 1782 2470 1827; baseline -0.003 -10"><span class='ocrx_word' id='word_1_587' title='bbox 1389 1796 1452 1827; x_wconf 90' lang='lat' dir='ltr'>que</span> <span class='ocrx_word' id='word_1_588' title='bbox 1469 1792 1558 1817; x_wconf 86' lang='lat' dir='ltr'>actus</span> <span class='ocrx_word' id='word_1_589' title='bbox 1573 1785 1707 1818; x_wconf 89' lang='lat' dir='ltr'>timendi</span> <span class='ocrx_word' id='word_1_590' title='bbox 1730 1792 1827 1826; x_wconf 87' lang='lat' dir='ltr'>atque</span> <span class='ocrx_word' id='word_1_591' title='bbox 1844 1784 1982 1816; x_wconf 88' lang='lat' dir='ltr'>audendi</span> <span class='ocrx_word' id='word_1_592' title='bbox 1999 1784 2202 1821; x_wconf 89' lang='lat' dir='ltr'>exercendos,</span> <span class='ocrx_word' id='word_1_593' title='bbox 2219 1784 2362 1825; x_wconf 90' lang='lat' dir='ltr'>quando,</span> <span class='ocrx_word' id='word_1_594' title='bbox 2377 1782 2470 1818; x_wconf 85' lang='lat' dir='ltr'>sicut.</span> 
     </span>
     <span class='ocr_line' id='line_1_75' title="bbox 1389 1830 2063 1871; baseline -0.001 -10"><span class='ocrx_word' id='word_1_595' title='bbox 1389 1830 1422 1861; x_wconf 86' lang='lat' dir='ltr'>in</span> <span class='ocrx_word' id='word_1_596' title='bbox 1446 1830 1575 1871; x_wconf 88' lang='lat' dir='ltr'>quibus,</span> <span class='ocrx_word' id='word_1_597' title='bbox 1601 1838 1632 1861; x_wconf 89' lang='lat' dir='ltr'>et</span> <span class='ocrx_word' id='word_1_598' title='bbox 1656 1837 1787 1870; x_wconf 90' lang='lat' dir='ltr'>propter</span> <span class='ocrx_word' id='word_1_599' title='bbox 1810 1830 1900 1871; x_wconf 89' lang='lat' dir='ltr'>quod</span> <span class='ocrx_word' id='word_1_600' title='bbox 1925 1836 2063 1870; x_wconf 88' lang='lat' dir='ltr'>oportet.</span> 
     </span>
    </p>
   </div>
   <div class='ocr_carea' id='block_1_13' title="bbox 711 1993 2007 2124">
    <p class='ocr_par' dir='ltr' id='par_1_16' title="bbox 711 1993 2007 2124">
     <span class='ocr_line' id='line_1_76' title="bbox 1048 1993 1679 2048; baseline -0.008 -8"><span class='ocrx_word' id='word_1_601' title='bbox 1048 1996 1372 2040; x_wconf 88' lang='lat' dir='ltr'>ARTICULUS</span> <span class='ocrx_word' id='word_1_602' title='bbox 1402 1993 1679 2048; x_wconf 83' lang='lat' dir='ltr'><strong>QUARTUS</strong></span> 
     </span>
     <span class='ocr_line' id='line_1_77' title="bbox 711 2086 2007 2124; baseline -0.006 1"><span class='ocrx_word' id='word_1_603' title='bbox 711 2093 867 2124; x_wconf 83' lang='lat' dir='ltr'>UTRUM</span> <span class='ocrx_word' id='word_1_604' title='bbox 893 2091 1151 2124; x_wconf 83' lang='lat' dir='ltr'>FORTlTUDO</span> <span class='ocrx_word' id='word_1_605' title='bbox 1176 2091 1325 2122; x_wconf 83' lang='lat' dir='ltr'>SOLUM</span> <span class='ocrx_word' id='word_1_606' title='bbox 1349 2090 1415 2121; x_wconf 63' lang='lat' dir='ltr'>sn*</span> <span class='ocrx_word' id='word_1_607' title='bbox 1441 2087 1573 2120; x_wconf 63' lang='grc' dir='ltr'>(ΗΒΕΑ</span> <span class='ocrx_word' id='word_1_608' title='bbox 1600 2086 1816 2118; x_wconf 63' lang='lat' dir='ltr'>eumcum</span> <span class='ocrx_word' id='word_1_609' title='bbox 1842 2086 2007 2118; x_wconf 78' lang='lat' dir='ltr'>MORTls</span> 
     </span>
    </p>
   </div>
   <div class='ocr_carea' id='block_1_14' title="bbox 477 2166 2247 2235">
    <p class='ocr_par' dir='ltr' id='par_1_17' title="bbox 477 2166 2247 2235">
     <span class='ocr_line' id='line_1_78' title="bbox 477 2166 2247 2204; baseline -0.005 -4"><span class='ocrx_word' id='word_1_610' title='bbox 477 2175 550 2204; x_wconf 83' lang='lat' dir='ltr'>lnfra‚</span> <span class='ocrx_word' id='word_1_611' title='bbox 571 2181 617 2199; x_wconf 79' lang='lat' dir='ltr'>art.</span> <span class='ocrx_word' id='word_1_612' title='bbox 642 2181 685 2204; x_wconf 84' lang='lat'>11;</span> <span class='ocrx_word' id='word_1_613' title='bbox 707 2173 735 2197; x_wconf 90' lang='lat' dir='ltr'>lll</span> <span class='ocrx_word' id='word_1_614' title='bbox 757 2173 842 2202; x_wconf 69' lang='lat' dir='ltr'>Sent„</span> <span class='ocrx_word' id='word_1_615' title='bbox 860 2172 921 2197; x_wconf 85' lang='lat' dir='ltr'>dist.</span> <span class='ocrx_word' id='word_1_616' title='bbox 940 2179 1026 2201; x_wconf 79' lang='lat' dir='ltr'>xxxin,</span> <span class='ocrx_word' id='word_1_617' title='bbox 1047 2179 1092 2204; x_wconf 87' lang='lat' dir='ltr'>qu.</span> <span class='ocrx_word' id='word_1_618' title='bbox 1112 2179 1139 2202; x_wconf 90' lang='lat'>11,</span> <span class='ocrx_word' id='word_1_619' title='bbox 1159 2177 1206 2195; x_wconf 83' lang='lat' dir='ltr'>art.</span> <span class='ocrx_word' id='word_1_620' title='bbox 1227 2170 1250 2199; x_wconf 86' lang='lat'>3.</span> <span class='ocrx_word' id='word_1_621' title='bbox 1270 2170 1302 2195; x_wconf 87' lang='lat' dir='ltr'>ad</span> <span class='ocrx_word' id='word_1_622' title='bbox 1321 2168 1353 2199; x_wconf 87' lang='lat'>6;</span> <span class='ocrx_word' id='word_1_623' title='bbox 1374 2177 1420 2202; x_wconf 86' lang='lat' dir='ltr'>qu.</span> <span class='ocrx_word' id='word_1_624' title='bbox 1439 2177 1476 2198; x_wconf 79' lang='grc' dir='ltr'>ιιι,</span> <span class='ocrx_word' id='word_1_625' title='bbox 1497 2174 1544 2193; x_wconf 80' lang='lat' dir='ltr'>art.</span> <span class='ocrx_word' id='word_1_626' title='bbox 1566 2168 1589 2196; x_wconf 72' lang='grc'>3,</span> <span class='ocrx_word' id='word_1_627' title='bbox 1610 2166 1659 2200; x_wconf 69' lang='lat' dir='ltr'>qu·</span> <span class='ocrx_word' id='word_1_628' title='bbox 1685 2175 1710 2194; x_wconf 84' lang='lat'>1:</span> <span class='ocrx_word' id='word_1_629' title='bbox 1730 2167 1764 2192; x_wconf 85' lang='lat' dir='ltr'>de</span> <span class='ocrx_word' id='word_1_630' title='bbox 1780 2166 1894 2195; x_wconf 64' lang='lat' dir='ltr'>virtut„</span> <span class='ocrx_word' id='word_1_631' title='bbox 1915 2175 1960 2199; x_wconf 87' lang='lat' dir='ltr'>qu.</span> <span class='ocrx_word' id='word_1_632' title='bbox 1980 2174 1996 2195; x_wconf 82' lang='grc' dir='ltr'>ι,</span> <span class='ocrx_word' id='word_1_633' title='bbox 2017 2172 2066 2191; x_wconf 85' lang='lat' dir='ltr'>art.</span> <span class='ocrx_word' id='word_1_634' title='bbox 2088 2174 2127 2198; x_wconf 84' lang='lat'>12,</span> <span class='ocrx_word' id='word_1_635' title='bbox 2147 2167 2177 2191; x_wconf 86' lang='lat' dir='ltr'>ad</span> <span class='ocrx_word' id='word_1_636' title='bbox 2200 2166 2247 2196; x_wconf 74' lang='lat'>=3;</span> 
     </span>
     <span class='ocr_line' id='line_1_79' title="bbox 1114 2204 1606 2235; baseline -0.01 -3"><span class='ocrx_word' id='word_1_637' title='bbox 1114 2207 1133 2232; x_wconf 89' lang='lat' dir='ltr'>ll</span> <span class='ocrx_word' id='word_1_638' title='bbox 1157 2206 1251 2233; x_wconf 84' lang='lat' dir='ltr'>Ethic..</span> <span class='ocrx_word' id='word_1_639' title='bbox 1272 2207 1329 2231; x_wconf 83' lang='lat' dir='ltr'>lect.</span> <span class='ocrx_word' id='word_1_640' title='bbox 1343 2212 1404 2235; x_wconf 85' lang='lat' dir='ltr'>vm;</span> <span class='ocrx_word' id='word_1_641' title='bbox 1424 2204 1463 2234; x_wconf 81' lang='lat'>111.</span> <span class='ocrx_word' id='word_1_642' title='bbox 1478 2205 1536 2229; x_wconf 79' lang='lat' dir='ltr'>lect.</span> <span class='ocrx_word' id='word_1_643' title='bbox 1555 2211 1606 2228; x_wconf 74' lang='lat' dir='ltr'>xiv.</span> 
     </span>
    </p>
   </div>
   <div class='ocr_carea' id='block_1_15' title="bbox 469 2293 1360 2342">
    <p class='ocr_par' dir='ltr' id='par_1_18' title="bbox 469 2293 1360 2342">
     <span class='ocr_line' id='line_1_80' title="bbox 469 2293 1360 2342; baseline -0.007 -7"><span class='ocrx_word' id='word_1_644' title='bbox 469 2311 491 2335; x_wconf 89' lang='lat' dir='ltr'>D</span> <span class='ocrx_word' id='word_1_645' title='bbox 513 2308 687 2340; x_wconf 74' lang='lat' dir='ltr'><strong>QUARTUM</strong></span> <span class='ocrx_word' id='word_1_646' title='bbox 707 2308 762 2333; x_wconf 76' lang='lat' dir='ltr'>sm</span> <span class='ocrx_word' id='word_1_647' title='bbox 784 2307 1027 2333; x_wconf 82' lang='lat' dir='ltr'>PROCEDlTUR.</span> <span class='ocrx_word' id='word_1_648' title='bbox 1045 2294 1207 2332; x_wconf 90' lang='lat' dir='ltr'>Videtur</span> <span class='ocrx_word' id='word_1_649' title='bbox 1227 2293 1335 2342; x_wconf 92' lang='lat' dir='ltr'>quod</span> <span class='ocrx_word' id='word_1_650' title='bbox 1359 2312 1360 2320; x_wconf 32' lang='grc' dir='ltr'><strong>κ</strong></span> 
     </span>
    </p>
   </div>
   <div class='ocr_carea' id='block_1_16' title="bbox 270 2313 458 2469">
    <p class='ocr_par' dir='ltr' id='par_1_19' title="bbox 270 2313 458 2469">
     <span class='ocr_line' id='line_1_81' title="bbox 270 2313 458 2469; baseline 0 0"><span class='ocrx_word' id='word_1_651' title='bbox 270 2313 458 2469; x_wconf 95' lang='lat' dir='ltr'>    </span> 
     </span>
    </p>
   </div>
   <div class='ocr_carea' id='block_1_17' title="bbox 250 2348 1334 3470">
    <p class='ocr_par' dir='ltr' id='par_1_20' title="bbox 256 2348 1334 2773">
     <span class='ocr_line' id='line_1_82' title="bbox 397 2348 1334 2414; baseline -0.005 -25"><span class='ocrx_word' id='word_1_652' title='bbox 397 2360 442 2414; x_wconf 32' lang='grc' dir='ltr'>χέῃ</span> <span class='ocrx_word' id='word_1_653' title='bbox 470 2351 650 2389; x_wconf 85' lang='lat' dir='ltr'>fortitudo</span> <span class='ocrx_word' id='word_1_654' title='bbox 690 2362 768 2387; x_wconf 88' lang='lat' dir='ltr'>non</span> <span class='ocrx_word' id='word_1_655' title='bbox 805 2350 928 2387; x_wconf 90' lang='lat' dir='ltr'>solum</span> <span class='ocrx_word' id='word_1_656' title='bbox 959 2349 1005 2385; x_wconf 90' lang='lat' dir='ltr'>sit</span> <span class='ocrx_word' id='word_1_657' title='bbox 1034 2348 1132 2385; x_wconf 85' lang='lat' dir='ltr'>circa</span> <span class='ocrx_word' id='word_1_658' title='bbox 1165 2348 1334 2396; x_wconf 88' lang='lat' dir='ltr'>pericula</span> 
     </span>
     <span class='ocr_line' id='line_1_83' title="bbox 412 2397 1334 2450; baseline -0.005 -7"><span class='ocrx_word' id='word_1_659' title='bbox 412 2397 616 2442; x_wconf 87' lang='lat' dir='ltr'>mortis.</span> <span class='ocrx_word' id='word_1_660' title='bbox 647 2404 748 2441; x_wconf 88' lang='lat' dir='ltr'>Dicit</span> <span class='ocrx_word' id='word_1_661' title='bbox 777 2404 878 2440; x_wconf 88' lang='lat' dir='ltr'>enim</span> <span class='ocrx_word' id='word_1_662' title='bbox 901 2402 1147 2450; x_wconf 86' lang='lat' dir='ltr'>Augustinus,</span> <span class='ocrx_word' id='word_1_663' title='bbox 1170 2401 1206 2438; x_wconf 92' lang='lat' dir='ltr'>in</span> <span class='ocrx_word' id='word_1_664' title='bbox 1237 2402 1334 2438; x_wconf 90' lang='lat' dir='ltr'>libro</span> 
     </span>
     <span class='ocr_line' id='line_1_84' title="bbox 315 2452 1334 2505; baseline -0.006 -8"><span class='ocrx_word' id='word_1_665' title='bbox 315 2488 318 2492; x_wconf 67' lang='lat'>,</span> <span class='ocrx_word' id='word_1_666' title='bbox 365 2499 376 2502; x_wconf 67' lang='grc'><em>,</em></span> <span class='ocrx_word' id='word_1_667' title='bbox 429 2452 516 2497; x_wconf 87' lang='lat' dir='ltr'>de</span> <span class='ocrx_word' id='word_1_668' title='bbox 542 2458 720 2495; x_wconf 84' lang='lat' dir='ltr'>Moribus</span> <span class='ocrx_word' id='word_1_669' title='bbox 739 2457 864 2494; x_wconf 89' lang='lat' dir='ltr'>Eccle.</span> <span class='ocrx_word' id='word_1_670' title='bbox 885 2456 917 2503; x_wconf 77' lang='lat'>²¹²,</span> <span class='ocrx_word' id='word_1_671' title='bbox 948 2456 1053 2505; x_wconf 89' lang='lat' dir='ltr'>quod</span> <span class='ocrx_word' id='word_1_672' title='bbox 1075 2455 1256 2492; x_wconf 81' lang='lat' dir='ltr'>fortitudo</span> <span class='ocrx_word' id='word_1_673' title='bbox 1277 2462 1334 2492; x_wconf 88' lang='lat' dir='ltr'>est</span> 
     </span>
     <span class='ocr_line' id='line_1_85' title="bbox 257 2510 1334 2560; baseline -0.004 -10"><span class='ocrx_word' id='word_1_674' title='bbox 257 2524 369 2550; x_wconf 91' lang='lat' dir='ltr'>amor</span> <span class='ocrx_word' id='word_1_675' title='bbox 380 2512 500 2560; x_wconf 86' lang='lat' dir='ltr'>facile</span> <span class='ocrx_word' id='word_1_676' title='bbox 529 2512 694 2549; x_wconf 85' lang='lat' dir='ltr'>tolerans</span> <span class='ocrx_word' id='word_1_677' title='bbox 722 2511 851 2548; x_wconf 87' lang='lat' dir='ltr'>omnia</span> <span class='ocrx_word' id='word_1_678' title='bbox 864 2516 1024 2559; x_wconf 83' lang='lat' dir='ltr'>propter</span> <span class='ocrx_word' id='word_1_679' title='bbox 1043 2510 1082 2546; x_wconf 86' lang='lat' dir='ltr'>id</span> <span class='ocrx_word' id='word_1_680' title='bbox 1099 2510 1201 2558; x_wconf 85' lang='lat' dir='ltr'>quod</span> <span class='ocrx_word' id='word_1_681' title='bbox 1227 2521 1334 2546; x_wconf 91' lang='lat' dir='ltr'>ama-</span> 
     </span>
     <span class='ocr_line' id='line_1_86' title="bbox 257 2562 1333 2613; baseline -0.004 -10"><span class='ocrx_word' id='word_1_682' title='bbox 257 2572 330 2603; x_wconf 87' lang='lat' dir='ltr'>tur.</span> <span class='ocrx_word' id='word_1_683' title='bbox 369 2566 417 2602; x_wconf 92' lang='lat' dir='ltr'>Et</span> <span class='ocrx_word' id='word_1_684' title='bbox 452 2566 488 2603; x_wconf 88' lang='lat' dir='ltr'>in</span> <span class='ocrx_word' id='word_1_685' title='bbox 518 2566 568 2603; x_wconf 93' lang='lat' dir='ltr'>VI</span> <span class='ocrx_word' id='word_1_686' title='bbox 598 2565 775 2602; x_wconf 80' lang='lat' dir='ltr'>Musicae</span> <span class='ocrx_word' id='word_1_687' title='bbox 796 2570 812 2586; x_wconf 62' lang='grc' dir='ltr'><strong>α</strong></span> <span class='ocrx_word' id='word_1_688' title='bbox 831 2564 851 2585; x_wconf 82' lang='grc'><em>*</em></span> <span class='ocrx_word' id='word_1_689' title='bbox 881 2562 969 2601; x_wconf 89' lang='lat' dir='ltr'>dicit</span> <span class='ocrx_word' id='word_1_690' title='bbox 1005 2563 1112 2613; x_wconf 91' lang='lat' dir='ltr'>quod</span> <span class='ocrx_word' id='word_1_691' title='bbox 1152 2562 1333 2600; x_wconf 89' lang='lat' dir='ltr'>fortitudo</span> 
     </span>
     <span class='ocr_line' id='line_1_87' title="bbox 258 2617 1334 2669; baseline -0.004 -12"><span class='ocrx_word' id='word_1_692' title='bbox 258 2627 314 2657; x_wconf 90' lang='lat' dir='ltr'>est</span> <span class='ocrx_word' id='word_1_693' title='bbox 337 2619 487 2669; x_wconf 87' lang='lat' dir='ltr'>affectio</span> <span class='ocrx_word' id='word_1_694' title='bbox 507 2631 605 2668; x_wconf 86' lang='lat' dir='ltr'>quae</span> <span class='ocrx_word' id='word_1_695' title='bbox 624 2618 747 2656; x_wconf 88' lang='lat' dir='ltr'>nullas</span> <span class='ocrx_word' id='word_1_696' title='bbox 766 2618 1010 2655; x_wconf 78' lang='lat' dir='ltr'>adversitates</span> <span class='ocrx_word' id='word_1_697' title='bbox 1029 2622 1238 2654; x_wconf 77' lang='lat' dir='ltr'>mortemve</span> <span class='ocrx_word' id='word_1_698' title='bbox 1244 2617 1334 2665; x_wconf 88' lang='lat' dir='ltr'>for-</span> 
     </span>
     <span class='ocr_line' id='line_1_88' title="bbox 256 2670 1334 2721; baseline -0.004 -11"><span class='ocrx_word' id='word_1_699' title='bbox 256 2673 385 2710; x_wconf 86' lang='lat' dir='ltr'>midat.</span> <span class='ocrx_word' id='word_1_700' title='bbox 424 2674 525 2721; x_wconf 89' lang='lat' dir='ltr'>Ergo</span> <span class='ocrx_word' id='word_1_701' title='bbox 555 2673 736 2710; x_wconf 84' lang='lat' dir='ltr'>fortitudo</span> <span class='ocrx_word' id='word_1_702' title='bbox 772 2684 851 2709; x_wconf 91' lang='lat' dir='ltr'>non</span> <span class='ocrx_word' id='word_1_703' title='bbox 880 2679 936 2708; x_wconf 89' lang='lat' dir='ltr'>est</span> <span class='ocrx_word' id='word_1_704' title='bbox 973 2671 1098 2708; x_wconf 89' lang='lat' dir='ltr'>solum</span> <span class='ocrx_word' id='word_1_705' title='bbox 1134 2670 1234 2707; x_wconf 88' lang='lat' dir='ltr'>circa</span> <span class='ocrx_word' id='word_1_706' title='bbox 1269 2682 1334 2719; x_wconf 90' lang='lat' dir='ltr'>pe-</span> 
     </span>
     <span class='ocr_line' id='line_1_89' title="bbox 257 2724 1243 2773; baseline -0.003 -10"><span class='ocrx_word' id='word_1_707' title='bbox 257 2727 375 2764; x_wconf 90' lang='lat' dir='ltr'>ricula</span> <span class='ocrx_word' id='word_1_708' title='bbox 405 2727 549 2773; x_wconf 78' lang='lat' dir='ltr'>mortis,</span> <span class='ocrx_word' id='word_1_709' title='bbox 580 2727 647 2763; x_wconf 92' lang='lat' dir='ltr'>sed</span> <span class='ocrx_word' id='word_1_710' title='bbox 678 2726 776 2763; x_wconf 85' lang='lat' dir='ltr'>circa</span> <span class='ocrx_word' id='word_1_711' title='bbox 806 2725 938 2762; x_wconf 85' lang='lat' dir='ltr'>omnia</span> <span class='ocrx_word' id='word_1_712' title='bbox 966 2724 1039 2762; x_wconf 88' lang='lat' dir='ltr'>alia</span> <span class='ocrx_word' id='word_1_713' title='bbox 1068 2724 1243 2761; x_wconf 87' lang='lat' dir='ltr'>adversa.</span> 
     </span>
    </p>

    <p class='ocr_par' dir='ltr' id='par_1_21' title="bbox 257 2777 1334 3085">
     <span class='ocr_line' id='line_1_90' title="bbox 312 2777 1334 2828; baseline -0.004 -11"><span class='ocrx_word' id='word_1_714' title='bbox 312 2793 347 2817; x_wconf 89' lang='lat'>2.</span> <span class='ocrx_word' id='word_1_715' title='bbox 370 2781 604 2825; x_wconf 59' lang='lat' dir='ltr'>plumeam,</span> <span class='ocrx_word' id='word_1_716' title='bbox 626 2787 778 2828; x_wconf 89' lang='lat' dir='ltr'>oportet</span> <span class='ocrx_word' id='word_1_717' title='bbox 798 2791 934 2815; x_wconf 91' lang='lat' dir='ltr'>omnes</span> <span class='ocrx_word' id='word_1_718' title='bbox 963 2778 1161 2828; x_wconf 87' lang='lat' dir='ltr'>passiones</span> <span class='ocrx_word' id='word_1_719' title='bbox 1182 2777 1334 2814; x_wconf 85' lang='lat' dir='ltr'>animae</span> 
     </span>
     <span class='ocr_line' id='line_1_91' title="bbox 258 2831 1334 2884; baseline -0.003 -13"><span class='ocrx_word' id='word_1_720' title='bbox 258 2846 326 2884; x_wconf 90' lang='lat' dir='ltr'>per</span> <span class='ocrx_word' id='word_1_721' title='bbox 345 2834 511 2882; x_wconf 86' lang='lat' dir='ltr'>aliquam</span> <span class='ocrx_word' id='word_1_722' title='bbox 532 2834 714 2871; x_wconf 88' lang='lat' dir='ltr'>virtutem</span> <span class='ocrx_word' id='word_1_723' title='bbox 735 2833 784 2870; x_wconf 90' lang='lat' dir='ltr'>ad</span> <span class='ocrx_word' id='word_1_724' title='bbox 800 2832 974 2869; x_wconf 89' lang='lat' dir='ltr'>medium</span> <span class='ocrx_word' id='word_1_725' title='bbox 991 2831 1134 2869; x_wconf 89' lang='lat' dir='ltr'>reduci.</span> <span class='ocrx_word' id='word_1_726' title='bbox 1158 2831 1234 2869; x_wconf 91' lang='lat' dir='ltr'>Sed</span> <span class='ocrx_word' id='word_1_727' title='bbox 1256 2843 1334 2868; x_wconf 91' lang='lat' dir='ltr'>non</span> 
     </span>
     <span class='ocr_line' id='line_1_92' title="bbox 259 2884 1333 2936; baseline -0.004 -11"><span class='ocrx_word' id='word_1_728' title='bbox 259 2895 315 2925; x_wconf 91' lang='lat' dir='ltr'>est</span> <span class='ocrx_word' id='word_1_729' title='bbox 343 2887 434 2925; x_wconf 88' lang='lat' dir='ltr'>dare</span> <span class='ocrx_word' id='word_1_730' title='bbox 464 2887 631 2936; x_wconf 84' lang='lat' dir='ltr'>aliquam</span> <span class='ocrx_word' id='word_1_731' title='bbox 661 2887 775 2924; x_wconf 87' lang='lat' dir='ltr'>aliam</span> <span class='ocrx_word' id='word_1_732' title='bbox 796 2886 976 2923; x_wconf 89' lang='lat' dir='ltr'>virtutem</span> <span class='ocrx_word' id='word_1_733' title='bbox 1008 2885 1256 2923; x_wconf 90' lang='lat' dir='ltr'>reducentem</span> <span class='ocrx_word' id='word_1_734' title='bbox 1285 2884 1333 2922; x_wconf 89' lang='lat' dir='ltr'>ad</span> 
     </span>
     <span class='ocr_line' id='line_1_93' title="bbox 257 2939 1332 2988; baseline -0.003 -10"><span class='ocrx_word' id='word_1_735' title='bbox 257 2941 429 2978; x_wconf 89' lang='lat' dir='ltr'>medium</span> <span class='ocrx_word' id='word_1_736' title='bbox 458 2942 552 2978; x_wconf 86' lang='lat' dir='ltr'>alios</span> <span class='ocrx_word' id='word_1_737' title='bbox 572 2941 742 2978; x_wconf 89' lang='lat' dir='ltr'>timores.</span> <span class='ocrx_word' id='word_1_738' title='bbox 774 2941 876 2988; x_wconf 88' lang='lat' dir='ltr'>Ergo</span> <span class='ocrx_word' id='word_1_739' title='bbox 898 2939 1078 2977; x_wconf 90' lang='lat' dir='ltr'>fortitudo</span> <span class='ocrx_word' id='word_1_740' title='bbox 1100 2951 1178 2976; x_wconf 93' lang='lat' dir='ltr'>non</span> <span class='ocrx_word' id='word_1_741' title='bbox 1207 2939 1332 2976; x_wconf 88' lang='lat' dir='ltr'>solum</span> 
     </span>
     <span class='ocr_line' id='line_1_94' title="bbox 259 2992 1334 3041; baseline -0.002 -10"><span class='ocrx_word' id='word_1_742' title='bbox 259 3003 314 3032; x_wconf 90' lang='lat' dir='ltr'>est</span> <span class='ocrx_word' id='word_1_743' title='bbox 343 2995 442 3031; x_wconf 89' lang='lat' dir='ltr'>circa</span> <span class='ocrx_word' id='word_1_744' title='bbox 479 2995 637 3031; x_wconf 91' lang='lat' dir='ltr'>timores</span> <span class='ocrx_word' id='word_1_745' title='bbox 666 2994 820 3041; x_wconf 86' lang='lat' dir='ltr'>mortis,</span> <span class='ocrx_word' id='word_1_746' title='bbox 851 2995 918 3031; x_wconf 92' lang='lat' dir='ltr'>sed</span> <span class='ocrx_word' id='word_1_747' title='bbox 949 2993 1063 3030; x_wconf 85' lang='lat' dir='ltr'>etiam</span> <span class='ocrx_word' id='word_1_748' title='bbox 1102 2992 1201 3029; x_wconf 91' lang='lat' dir='ltr'>circa</span> <span class='ocrx_word' id='word_1_749' title='bbox 1239 2992 1334 3029; x_wconf 90' lang='lat' dir='ltr'>alios</span> 
     </span>
     <span class='ocr_line' id='line_1_95' title="bbox 257 3047 427 3085; baseline -0.006 0"><span class='ocrx_word' id='word_1_750' title='bbox 257 3047 427 3085; x_wconf 90' lang='lat' dir='ltr'>timores.</span> 
     </span>
    </p>

    <p class='ocr_par' dir='ltr' id='par_1_22' title="bbox 259 3099 1333 3314">
     <span class='ocr_line' id='line_1_96' title="bbox 314 3099 1333 3148; baseline -0.002 -10"><span class='ocrx_word' id='word_1_751' title='bbox 314 3103 348 3139; x_wconf 87' lang='lat'>3.</span> <span class='ocrx_word' id='word_1_752' title='bbox 373 3102 609 3148; x_wconf 56' lang='lat' dir='ltr'>Palmam,</span> <span class='ocrx_word' id='word_1_753' title='bbox 631 3101 733 3139; x_wconf 87' lang='lat' dir='ltr'>nulla</span> <span class='ocrx_word' id='word_1_754' title='bbox 751 3100 871 3138; x_wconf 89' lang='lat' dir='ltr'>virtus</span> <span class='ocrx_word' id='word_1_755' title='bbox 902 3107 957 3138; x_wconf 90' lang='lat' dir='ltr'>est</span> <span class='ocrx_word' id='word_1_756' title='bbox 976 3099 1014 3137; x_wconf 93' lang='lat' dir='ltr'>in</span> <span class='ocrx_word' id='word_1_757' title='bbox 1035 3099 1223 3137; x_wconf 89' lang='lat' dir='ltr'>extremis.</span> <span class='ocrx_word' id='word_1_758' title='bbox 1255 3099 1333 3136; x_wconf 89' lang='lat' dir='ltr'>Sed</span> 
     </span>
     <span class='ocr_line' id='line_1_97' title="bbox 259 3151 1333 3202; baseline -0.002 -11"><span class='ocrx_word' id='word_1_759' title='bbox 259 3155 373 3192; x_wconf 90' lang='lat' dir='ltr'>timor</span> <span class='ocrx_word' id='word_1_760' title='bbox 401 3154 535 3192; x_wconf 90' lang='lat' dir='ltr'>mortis</span> <span class='ocrx_word' id='word_1_761' title='bbox 556 3163 612 3192; x_wconf 91' lang='lat' dir='ltr'>est</span> <span class='ocrx_word' id='word_1_762' title='bbox 630 3155 670 3193; x_wconf 89' lang='lat' dir='ltr'>in</span> <span class='ocrx_word' id='word_1_763' title='bbox 690 3162 861 3192; x_wconf 89' lang='lat' dir='ltr'>extremo</span> <span class='ocrx_word' id='word_1_764' title='bbox 882 3153 917 3191; x_wconf 71' lang='grc' dir='ltr'>βε</span> <span class='ocrx_word' id='word_1_765' title='bbox 948 3153 1038 3202; x_wconf 86' lang='lat' dir='ltr'>quia</span> <span class='ocrx_word' id='word_1_766' title='bbox 1067 3161 1124 3190; x_wconf 89' lang='lat' dir='ltr'>est</span> <span class='ocrx_word' id='word_1_767' title='bbox 1143 3151 1333 3190; x_wconf 83' lang='lat' dir='ltr'>maximus</span> 
     </span>
     <span class='ocr_line' id='line_1_98' title="bbox 259 3206 1333 3255; baseline -0.001 -10"><span class='ocrx_word' id='word_1_768' title='bbox 259 3208 459 3254; x_wconf 88' lang='lat' dir='ltr'>timorum,</span> <span class='ocrx_word' id='word_1_769' title='bbox 490 3217 531 3246; x_wconf 89' lang='lat' dir='ltr'>ut</span> <span class='ocrx_word' id='word_1_770' title='bbox 560 3208 697 3246; x_wconf 89' lang='lat' dir='ltr'>dicitur</span> <span class='ocrx_word' id='word_1_771' title='bbox 734 3207 773 3245; x_wconf 89' lang='lat' dir='ltr'>in</span> <span class='ocrx_word' id='word_1_772' title='bbox 803 3209 852 3245; x_wconf 93' lang='lat'>111</span> <span class='ocrx_word' id='word_1_773' title='bbox 882 3208 1003 3245; x_wconf 82' lang='lat' dir='ltr'>Ethic.</span> <span class='ocrx_word' id='word_1_774' title='bbox 1024 3206 1044 3229; x_wconf 82' lang='grc'>*</span> <span class='ocrx_word' id='word_1_775' title='bbox 1082 3207 1184 3255; x_wconf 82' lang='lat' dir='ltr'>Ergo</span> <span class='ocrx_word' id='word_1_776' title='bbox 1213 3206 1333 3244; x_wconf 88' lang='lat' dir='ltr'>virtus</span> 
     </span>
     <span class='ocr_line' id='line_1_99' title="bbox 260 3260 1165 3314; baseline 0 -16"><span class='ocrx_word' id='word_1_777' title='bbox 260 3261 486 3298; x_wconf 86' lang='lat' dir='ltr'>fortitudinis</span> <span class='ocrx_word' id='word_1_778' title='bbox 515 3275 592 3299; x_wconf 93' lang='lat' dir='ltr'>non</span> <span class='ocrx_word' id='word_1_779' title='bbox 623 3271 678 3314; x_wconf 71' lang='lat' dir='ltr'>est</span> <span class='ocrx_word' id='word_1_780' title='bbox 707 3261 806 3298; x_wconf 86' lang='lat' dir='ltr'>circa</span> <span class='ocrx_word' id='word_1_781' title='bbox 834 3261 991 3298; x_wconf 88' lang='lat' dir='ltr'>timores</span> <span class='ocrx_word' id='word_1_782' title='bbox 1021 3260 1165 3298; x_wconf 86' lang='lat' dir='ltr'>mortis.</span> 
     </span>
    </p>

    <p class='ocr_par' dir='ltr' id='par_1_23' title="bbox 250 3314 1330 3470">
     <span class='ocr_line' id='line_1_100' title="bbox 316 3314 1330 3365; baseline 0 -14"><span class='ocrx_word' id='word_1_783' title='bbox 316 3315 390 3351; x_wconf 78' lang='lat' dir='ltr'>SED</span> <span class='ocrx_word' id='word_1_784' title='bbox 411 3327 556 3352; x_wconf 78' lang='lat' dir='ltr'>CONTRA</span> <span class='ocrx_word' id='word_1_785' title='bbox 576 3327 642 3352; x_wconf 71' lang='lat' dir='ltr'>as‘r</span> <span class='ocrx_word' id='word_1_786' title='bbox 670 3316 773 3365; x_wconf 88' lang='lat' dir='ltr'>quod</span> <span class='ocrx_word' id='word_1_787' title='bbox 795 3315 1038 3353; x_wconf 89' lang='lat' dir='ltr'>Andronicus</span> <span class='ocrx_word' id='word_1_788' title='bbox 1058 3314 1147 3352; x_wconf 84' lang='lat' dir='ltr'>dicit</span> <span class='ocrx_word' id='word_1_789' title='bbox 1164 3314 1195 3358; x_wconf 74' lang='lat'>*‚</span> <span class='ocrx_word' id='word_1_790' title='bbox 1226 3314 1330 3363; x_wconf 92' lang='lat' dir='ltr'>quod</span> 
     </span>
     <span class='ocr_line' id='line_1_101' title="bbox 250 3368 1329 3418; baseline 0.002 -15"><span class='ocrx_word' id='word_1_791' title='bbox 250 3368 439 3416; x_wconf 83' lang='lat' dir='ltr'>fortitudo</span> <span class='ocrx_word' id='word_1_792' title='bbox 469 3375 521 3405; x_wconf 86' lang='lat' dir='ltr'>est</span> <span class='ocrx_word' id='word_1_793' title='bbox 548 3370 665 3406; x_wconf 77' lang='lat' dir='ltr'>virtus</span> <span class='ocrx_word' id='word_1_794' title='bbox 695 3369 890 3406; x_wconf 85' lang='lat' dir='ltr'>irascibilis</span> <span class='ocrx_word' id='word_1_795' title='bbox 920 3381 994 3406; x_wconf 87' lang='lat' dir='ltr'>non</span> <span class='ocrx_word' id='word_1_796' title='bbox 1012 3368 1136 3418; x_wconf 88' lang='lat' dir='ltr'>facile</span> <span class='ocrx_word' id='word_1_797' title='bbox 1163 3368 1329 3417; x_wconf 84' lang='lat' dir='ltr'>obstupe-</span> 
     </span>
     <span class='ocr_line' id='line_1_102' title="bbox 261 3420 1196 3470; baseline 0.002 -13"><span class='ocrx_word' id='word_1_798' title='bbox 261 3420 397 3458; x_wconf 83' lang='lat' dir='ltr'>scibilis</span> <span class='ocrx_word' id='word_1_799' title='bbox 425 3433 448 3457; x_wconf 91' lang='lat' dir='ltr'>a</span> <span class='ocrx_word' id='word_1_800' title='bbox 477 3422 671 3459; x_wconf 85' lang='lat' dir='ltr'>timoribus</span> <span class='ocrx_word' id='word_1_801' title='bbox 699 3423 764 3470; x_wconf 88' lang='lat' dir='ltr'>qui</span> <span class='ocrx_word' id='word_1_802' title='bbox 780 3428 865 3459; x_wconf 89' lang='lat' dir='ltr'>sunt</span> <span class='ocrx_word' id='word_1_803' title='bbox 892 3422 994 3459; x_wconf 84' lang='lat' dir='ltr'>circa</span> <span class='ocrx_word' id='word_1_804' title='bbox 1024 3428 1196 3460; x_wconf 86' lang='lat' dir='ltr'>mortem.</span> 
     </span>
    </p>
   </div>
   <div class='ocr_carea' id='block_1_18' title="bbox 264 3547 1362 3648">
    <p class='ocr_par' dir='ltr' id='par_1_24' title="bbox 264 3547 1362 3648">
     <span class='ocr_line' id='line_1_103' title="bbox 300 3547 1362 3585; baseline 0.002 -14"><span class='ocrx_word' id='word_1_805' title='bbox 300 3555 317 3572; x_wconf 82' lang='grc' dir='ltr'>α</span> <span class='ocrx_word' id='word_1_806' title='bbox 336 3549 345 3580; x_wconf 98' lang='grc'>)</span> <span class='ocrx_word' id='word_1_807' title='bbox 370 3547 405 3572; x_wconf 77' lang='lat' dir='ltr'>Et</span> <span class='ocrx_word' id='word_1_808' title='bbox 431 3548 456 3572; x_wconf 82' lang='grc' dir='ltr'>ίη</span> <span class='ocrx_word' id='word_1_809' title='bbox 489 3547 526 3572; x_wconf 90' lang='lat' dir='ltr'>VI</span> <span class='ocrx_word' id='word_1_810' title='bbox 547 3548 706 3574; x_wconf 76' lang='lat' dir='ltr'>Musicae.-</span> <span class='ocrx_word' id='word_1_811' title='bbox 725 3553 796 3573; x_wconf 69' lang='lat' dir='ltr'>mace</span> <span class='ocrx_word' id='word_1_812' title='bbox 817 3550 963 3580; x_wconf 76' lang='lat' dir='ltr'>ABDEFK,</span> <span class='ocrx_word' id='word_1_813' title='bbox 989 3550 1129 3585; x_wconf 63' lang='lat' dir='ltr'>manifeste</span> <span class='ocrx_word' id='word_1_814' title='bbox 1152 3549 1170 3579; x_wconf 87' lang='grc'>1,</span> <span class='ocrx_word' id='word_1_815' title='bbox 1194 3549 1335 3582; x_wconf 65' lang='lat' dir='ltr'>manifeste</span> <span class='ocrx_word' id='word_1_816' title='bbox 1360 3550 1362 3573; x_wconf 95' lang='grc' dir='ltr'>Ι</span> 
     </span>
     <span class='ocr_line' id='line_1_104' title="bbox 264 3574 1362 3617; baseline 0.001 -9"><span class='ocrx_word' id='word_1_817' title='bbox 264 3583 333 3608; x_wconf 82' lang='lat' dir='ltr'>enim</span> <span class='ocrx_word' id='word_1_818' title='bbox 353 3583 382 3614; x_wconf 86' lang='lat' dir='ltr'>L,</span> <span class='ocrx_word' id='word_1_819' title='bbox 403 3583 439 3608; x_wconf 76' lang='lat' dir='ltr'>Er</span> <span class='ocrx_word' id='word_1_820' title='bbox 458 3583 484 3608; x_wconf 83' lang='lat' dir='ltr'>in</span> <span class='ocrx_word' id='word_1_821' title='bbox 506 3583 551 3608; x_wconf 89' lang='lat'>111</span> <span class='ocrx_word' id='word_1_822' title='bbox 570 3584 656 3609; x_wconf 79' lang='lat' dir='ltr'>Ethic.</span> <span class='ocrx_word' id='word_1_823' title='bbox 677 3584 851 3616; x_wconf 78' lang='lat' dir='ltr'>Philosophus</span> <span class='ocrx_word' id='word_1_824' title='bbox 871 3593 929 3617; x_wconf 85' lang='lat' dir='ltr'>sup.</span> <span class='ocrx_word' id='word_1_825' title='bbox 948 3593 999 3610; x_wconf 81' lang='lat' dir='ltr'>ras.</span> <span class='ocrx_word' id='word_1_826' title='bbox 1019 3586 1048 3615; x_wconf 91' lang='lat' dir='ltr'>C,</span> <span class='ocrx_word' id='word_1_827' title='bbox 1069 3586 1105 3610; x_wconf 75' lang='lat' dir='ltr'>Er</span> <span class='ocrx_word' id='word_1_828' title='bbox 1127 3585 1282 3610; x_wconf 74' lang='lat' dir='ltr'>Macrobius</span> <span class='ocrx_word' id='word_1_829' title='bbox 1301 3584 1333 3614; x_wconf 88' lang='lat' dir='ltr'>G.</span> <span class='ocrx_word' id='word_1_830' title='bbox 1360 3574 1362 3615; x_wconf 63' lang='lat' dir='ltr'>l</span> 
     </span>
     <span class='ocr_line' id='line_1_105' title="bbox 265 3618 1361 3648; baseline 0.001 -4"><span class='ocrx_word' id='word_1_831' title='bbox 265 3618 419 3644; x_wconf 79' lang='lat' dir='ltr'>Macrobius</span> <span class='ocrx_word' id='word_1_832' title='bbox 437 3619 506 3643; x_wconf 82' lang='lat' dir='ltr'>enim</span> <span class='ocrx_word' id='word_1_833' title='bbox 526 3619 559 3648; x_wconf 81' lang='grc' dir='ltr'>Η,</span> <span class='ocrx_word' id='word_1_834' title='bbox 580 3619 734 3644; x_wconf 80' lang='lat' dir='ltr'>Macrobius</span> <span class='ocrx_word' id='word_1_835' title='bbox 753 3620 795 3645; x_wconf 90' lang='lat' dir='ltr'>ed.</span> <span class='ocrx_word' id='word_1_836' title='bbox 813 3628 840 3645; x_wconf 85' lang='lat' dir='ltr'>a.</span> <span class='ocrx_word' id='word_1_837' title='bbox 1360 3630 1361 3637; x_wconf 57' lang='lat'>¹</span> 
     </span>
    </p>
   </div>
   <div class='ocr_carea' id='block_1_19' title="bbox 1442 2289 2468 2339">
    <p class='ocr_par' dir='ltr' id='par_1_25' title="bbox 1442 2289 2468 2339">
     <span class='ocr_line' id='line_1_106' title="bbox 1442 2289 2468 2339; baseline -0.001 -10"><span class='ocrx_word' id='word_1_838' title='bbox 1442 2293 1671 2329; x_wconf 78' lang='lat' dir='ltr'>RESPONDEO</span> <span class='ocrx_word' id='word_1_839' title='bbox 1691 2302 1878 2328; x_wconf 67' lang='lat' dir='ltr'>mceunum</span> <span class='ocrx_word' id='word_1_840' title='bbox 1898 2290 2017 2339; x_wconf 76' lang='lat' dir='ltr'>quod,</span> <span class='ocrx_word' id='word_1_841' title='bbox 2035 2289 2132 2326; x_wconf 90' lang='lat' dir='ltr'>sicut</span> <span class='ocrx_word' id='word_1_842' title='bbox 2151 2302 2268 2339; x_wconf 90' lang='lat' dir='ltr'>supra</span> <span class='ocrx_word' id='word_1_843' title='bbox 2282 2289 2303 2311; x_wconf 84' lang='lat'><strong>*</strong></span> <span class='ocrx_word' id='word_1_844' title='bbox 2323 2290 2468 2328; x_wconf 87' lang='lat' dir='ltr'>dictum</span> 
     </span>
    </p>
   </div>
   <div class='ocr_carea' id='block_1_20' title="bbox 1359 2343 2470 2393">
    <p class='ocr_par' dir='ltr' id='par_1_26' title="bbox 1359 2343 2470 2393">
     <span class='ocr_line' id='line_1_107' title="bbox 1359 2343 2470 2393; baseline -0.002 -10"><span class='ocrx_word' id='word_1_845' title='bbox 1359 2344 1360 2347; x_wconf 67' lang='grc'>’</span> <span class='ocrx_word' id='word_1_846' title='bbox 1388 2354 1455 2393; x_wconf 90' lang='lat' dir='ltr'>est,</span> <span class='ocrx_word' id='word_1_847' title='bbox 1485 2346 1535 2382; x_wconf 91' lang='lat' dir='ltr'>ad</span> <span class='ocrx_word' id='word_1_848' title='bbox 1565 2345 1744 2382; x_wconf 88' lang='lat' dir='ltr'>virtutem</span> <span class='ocrx_word' id='word_1_849' title='bbox 1775 2343 2004 2381; x_wconf 87' lang='lat' dir='ltr'>fortitudinis</span> <span class='ocrx_word' id='word_1_850' title='bbox 2033 2343 2196 2392; x_wconf 89' lang='lat' dir='ltr'>pertinet</span> <span class='ocrx_word' id='word_1_851' title='bbox 2225 2352 2264 2380; x_wconf 92' lang='lat' dir='ltr'>ut</span> <span class='ocrx_word' id='word_1_852' title='bbox 2291 2345 2470 2382; x_wconf 85' lang='lat' dir='ltr'>volunta-</span> 
     </span>
    </p>
   </div>
   <div class='ocr_carea' id='block_1_21' title="bbox 1387 2397 2470 3094">
    <p class='ocr_par' dir='ltr' id='par_1_27' title="bbox 1387 2397 2470 3094">
     <span class='ocr_line' id='line_1_108' title="bbox 1387 2397 2470 2437; baseline -0.002 0"><span class='ocrx_word' id='word_1_853' title='bbox 1387 2409 1464 2437; x_wconf 89' lang='lat' dir='ltr'>tem</span> <span class='ocrx_word' id='word_1_854' title='bbox 1494 2398 1662 2436; x_wconf 88' lang='lat' dir='ltr'>hominis</span> <span class='ocrx_word' id='word_1_855' title='bbox 1691 2406 1841 2435; x_wconf 87' lang='lat' dir='ltr'>tueatur</span> <span class='ocrx_word' id='word_1_856' title='bbox 1870 2410 1918 2435; x_wconf 91' lang='lat' dir='ltr'>ne</span> <span class='ocrx_word' id='word_1_857' title='bbox 1948 2397 2160 2434; x_wconf 88' lang='lat' dir='ltr'>retrahatur</span> <span class='ocrx_word' id='word_1_858' title='bbox 2179 2409 2201 2434; x_wconf 87' lang='lat' dir='ltr'>a</span> <span class='ocrx_word' id='word_1_859' title='bbox 2221 2397 2326 2434; x_wconf 93' lang='lat' dir='ltr'>bono</span> <span class='ocrx_word' id='word_1_860' title='bbox 2356 2397 2470 2435; x_wconf 87' lang='lat' dir='ltr'>ratio-</span> 
     </span>
     <span class='ocr_line' id='line_1_109' title="bbox 1388 2450 2469 2502; baseline -0.001 -12"><span class='ocrx_word' id='word_1_861' title='bbox 1388 2453 1445 2490; x_wconf 91' lang='lat' dir='ltr'>nis</span> <span class='ocrx_word' id='word_1_862' title='bbox 1474 2461 1631 2502; x_wconf 92' lang='lat' dir='ltr'>propter</span> <span class='ocrx_word' id='word_1_863' title='bbox 1649 2452 1829 2489; x_wconf 89' lang='lat' dir='ltr'>timorem</span> <span class='ocrx_word' id='word_1_864' title='bbox 1851 2451 1942 2488; x_wconf 87' lang='lat' dir='ltr'>mali</span> <span class='ocrx_word' id='word_1_865' title='bbox 1963 2450 2182 2500; x_wconf 86' lang='lat' dir='ltr'>corporalis.</span> <span class='ocrx_word' id='word_1_866' title='bbox 2214 2451 2379 2500; x_wconf 88' lang='lat' dir='ltr'>Oportet</span> <span class='ocrx_word' id='word_1_867' title='bbox 2402 2463 2469 2489; x_wconf 88' lang='lat' dir='ltr'>au-</span> 
     </span>
     <span class='ocr_line' id='line_1_110' title="bbox 1387 2504 2468 2554; baseline -0.003 -10"><span class='ocrx_word' id='word_1_868' title='bbox 1387 2515 1465 2544; x_wconf 90' lang='lat' dir='ltr'>tem</span> <span class='ocrx_word' id='word_1_869' title='bbox 1487 2507 1637 2544; x_wconf 90' lang='lat' dir='ltr'>bonum</span> <span class='ocrx_word' id='word_1_870' title='bbox 1669 2505 1825 2543; x_wconf 87' lang='lat' dir='ltr'>rationis</span> <span class='ocrx_word' id='word_1_871' title='bbox 1851 2504 2013 2543; x_wconf 90' lang='lat' dir='ltr'>firmiter</span> <span class='ocrx_word' id='word_1_872' title='bbox 2031 2513 2162 2542; x_wconf 88' lang='lat' dir='ltr'>tenere</span> <span class='ocrx_word' id='word_1_873' title='bbox 2191 2511 2324 2541; x_wconf 88' lang='lat' dir='ltr'>contra</span> <span class='ocrx_word' id='word_1_874' title='bbox 2345 2504 2468 2554; x_wconf 92' lang='lat' dir='ltr'>quod-</span> 
     </span>
     <span class='ocr_line' id='line_1_111' title="bbox 1389 2558 2467 2610; baseline -0.003 -12"><span class='ocrx_word' id='word_1_875' title='bbox 1389 2573 1557 2610; x_wconf 88' lang='lat' dir='ltr'>cumque</span> <span class='ocrx_word' id='word_1_876' title='bbox 1587 2560 1751 2597; x_wconf 88' lang='lat' dir='ltr'>malum:</span> <span class='ocrx_word' id='word_1_877' title='bbox 1788 2558 1875 2608; x_wconf 90' lang='lat' dir='ltr'>quia</span> <span class='ocrx_word' id='word_1_878' title='bbox 1905 2559 2050 2596; x_wconf 88' lang='lat' dir='ltr'>nullum</span> <span class='ocrx_word' id='word_1_879' title='bbox 2080 2558 2229 2596; x_wconf 90' lang='lat' dir='ltr'>bonum</span> <span class='ocrx_word' id='word_1_880' title='bbox 2268 2558 2467 2608; x_wconf 86' lang='lat' dir='ltr'>corporale</span> 
     </span>
     <span class='ocr_line' id='line_1_112' title="bbox 1388 2611 2467 2664; baseline -0.001 -12"><span class='ocrx_word' id='word_1_881' title='bbox 1388 2614 1603 2664; x_wconf 88' lang='lat' dir='ltr'>aequivalet</span> <span class='ocrx_word' id='word_1_882' title='bbox 1632 2614 1737 2651; x_wconf 91' lang='lat' dir='ltr'>bono</span> <span class='ocrx_word' id='word_1_883' title='bbox 1766 2612 1933 2650; x_wconf 87' lang='lat' dir='ltr'>rationis.</span> <span class='ocrx_word' id='word_1_884' title='bbox 1971 2612 2021 2650; x_wconf 88' lang='lat' dir='ltr'>Et</span> <span class='ocrx_word' id='word_1_885' title='bbox 2055 2611 2145 2650; x_wconf 89' lang='lat' dir='ltr'>ideo</span> <span class='ocrx_word' id='word_1_886' title='bbox 2184 2618 2335 2661; x_wconf 87' lang='lat' dir='ltr'>oportet</span> <span class='ocrx_word' id='word_1_887' title='bbox 2363 2612 2467 2661; x_wconf 89' lang='lat' dir='ltr'>quod</span> 
     </span>
     <span class='ocr_line' id='line_1_113' title="bbox 1389 2665 2468 2716; baseline -0.004 -10"><span class='ocrx_word' id='word_1_888' title='bbox 1389 2668 1569 2706; x_wconf 88' lang='lat' dir='ltr'>fortitudo</span> <span class='ocrx_word' id='word_1_889' title='bbox 1599 2667 1717 2704; x_wconf 87' lang='lat' dir='ltr'>animi</span> <span class='ocrx_word' id='word_1_890' title='bbox 1747 2666 1894 2704; x_wconf 88' lang='lat' dir='ltr'>dicatur</span> <span class='ocrx_word' id='word_1_891' title='bbox 1921 2678 2019 2716; x_wconf 88' lang='lat' dir='ltr'>quae</span> <span class='ocrx_word' id='word_1_892' title='bbox 2049 2665 2209 2703; x_wconf 86' lang='lat' dir='ltr'>firmiter</span> <span class='ocrx_word' id='word_1_893' title='bbox 2237 2665 2372 2702; x_wconf 90' lang='lat' dir='ltr'>retinet</span> <span class='ocrx_word' id='word_1_894' title='bbox 2397 2677 2468 2703; x_wconf 86' lang='lat' dir='ltr'>vo·</span> 
     </span>
     <span class='ocr_line' id='line_1_114' title="bbox 1389 2718 2468 2759; baseline -0.003 0"><span class='ocrx_word' id='word_1_895' title='bbox 1389 2723 1573 2759; x_wconf 90' lang='lat' dir='ltr'>luntatem</span> <span class='ocrx_word' id='word_1_896' title='bbox 1594 2720 1762 2758; x_wconf 89' lang='lat' dir='ltr'>hominis</span> <span class='ocrx_word' id='word_1_897' title='bbox 1781 2720 1818 2757; x_wconf 92' lang='lat' dir='ltr'>in</span> <span class='ocrx_word' id='word_1_898' title='bbox 1840 2721 1946 2757; x_wconf 93' lang='lat' dir='ltr'>bono</span> <span class='ocrx_word' id='word_1_899' title='bbox 1967 2719 2123 2757; x_wconf 83' lang='lat' dir='ltr'>rationis</span> <span class='ocrx_word' id='word_1_900' title='bbox 2143 2726 2276 2757; x_wconf 88' lang='lat' dir='ltr'>contra</span> <span class='ocrx_word' id='word_1_901' title='bbox 2299 2718 2468 2757; x_wconf 82' lang='lat' dir='ltr'>maxima</span> 
     </span>
     <span class='ocr_line' id='line_1_115' title="bbox 1389 2772 2468 2824; baseline -0.002 -12"><span class='ocrx_word' id='word_1_902' title='bbox 1389 2776 1512 2813; x_wconf 88' lang='lat' dir='ltr'>mala:</span> <span class='ocrx_word' id='word_1_903' title='bbox 1541 2775 1630 2824; x_wconf 88' lang='lat' dir='ltr'>quia</span> <span class='ocrx_word' id='word_1_904' title='bbox 1659 2774 1723 2824; x_wconf 93' lang='lat' dir='ltr'>qui</span> <span class='ocrx_word' id='word_1_905' title='bbox 1753 2781 1824 2811; x_wconf 89' lang='lat' dir='ltr'>stat</span> <span class='ocrx_word' id='word_1_906' title='bbox 1852 2774 1988 2812; x_wconf 91' lang='lat' dir='ltr'>firmus</span> <span class='ocrx_word' id='word_1_907' title='bbox 2017 2780 2149 2811; x_wconf 87' lang='lat' dir='ltr'>contra</span> <span class='ocrx_word' id='word_1_908' title='bbox 2178 2772 2346 2818; x_wconf 86' lang='lat' dir='ltr'>maiora,</span> <span class='ocrx_word' id='word_1_909' title='bbox 2377 2784 2468 2810; x_wconf 89' lang='lat' dir='ltr'>con-</span> 
     </span>
     <span class='ocr_line' id='line_1_116' title="bbox 1389 2826 2466 2879; baseline -0.002 -13"><span class='ocrx_word' id='word_1_910' title='bbox 1389 2841 1554 2879; x_wconf 90' lang='lat' dir='ltr'>sequens</span> <span class='ocrx_word' id='word_1_911' title='bbox 1584 2836 1639 2866; x_wconf 92' lang='lat' dir='ltr'>est</span> <span class='ocrx_word' id='word_1_912' title='bbox 1668 2829 1773 2878; x_wconf 88' lang='lat' dir='ltr'>quod</span> <span class='ocrx_word' id='word_1_913' title='bbox 1794 2835 1866 2865; x_wconf 89' lang='lat' dir='ltr'>stet</span> <span class='ocrx_word' id='word_1_914' title='bbox 1884 2828 2021 2866; x_wconf 90' lang='lat' dir='ltr'>firmus</span> <span class='ocrx_word' id='word_1_915' title='bbox 2043 2834 2175 2864; x_wconf 88' lang='lat' dir='ltr'>contra</span> <span class='ocrx_word' id='word_1_916' title='bbox 2205 2826 2368 2872; x_wconf 89' lang='lat' dir='ltr'>minora,</span> <span class='ocrx_word' id='word_1_917' title='bbox 2398 2826 2466 2864; x_wconf 87' lang='lat' dir='ltr'>sed</span> 
     </span>
     <span class='ocr_line' id='line_1_117' title="bbox 1389 2879 2467 2927; baseline -0.002 -7"><span class='ocrx_word' id='word_1_918' title='bbox 1389 2896 1466 2921; x_wconf 92' lang='lat' dir='ltr'>non</span> <span class='ocrx_word' id='word_1_919' title='bbox 1497 2882 1751 2927; x_wconf 82' lang='lat' dir='ltr'>convertitur;</span> <span class='ocrx_word' id='word_1_920' title='bbox 1782 2889 1819 2919; x_wconf 90' lang='lat' dir='ltr'>et</span> <span class='ocrx_word' id='word_1_921' title='bbox 1847 2882 1923 2919; x_wconf 87' lang='lat' dir='ltr'>hoc</span> <span class='ocrx_word' id='word_1_922' title='bbox 1951 2881 2065 2919; x_wconf 88' lang='lat' dir='ltr'>etiam</span> <span class='ocrx_word' id='word_1_923' title='bbox 2096 2880 2144 2919; x_wconf 93' lang='lat' dir='ltr'>ad</span> <span class='ocrx_word' id='word_1_924' title='bbox 2174 2879 2362 2918; x_wconf 88' lang='lat' dir='ltr'>rationem</span> <span class='ocrx_word' id='word_1_925' title='bbox 2393 2879 2467 2918; x_wconf 88' lang='lat' dir='ltr'>vir-</span> 
     </span>
     <span class='ocr_line' id='line_1_118' title="bbox 1388 2934 2466 2986; baseline -0.004 -11"><span class='ocrx_word' id='word_1_926' title='bbox 1388 2937 1476 2975; x_wconf 90' lang='lat' dir='ltr'>tutis</span> <span class='ocrx_word' id='word_1_927' title='bbox 1495 2937 1667 2986; x_wconf 87' lang='lat' dir='ltr'>pertinet,</span> <span class='ocrx_word' id='word_1_928' title='bbox 1683 2943 1725 2973; x_wconf 92' lang='lat' dir='ltr'>ut</span> <span class='ocrx_word' id='word_1_929' title='bbox 1742 2935 1916 2985; x_wconf 89' lang='lat' dir='ltr'>respiciat</span> <span class='ocrx_word' id='word_1_930' title='bbox 1934 2935 2123 2972; x_wconf 89' lang='lat' dir='ltr'>ultimum.</span> <span class='ocrx_word' id='word_1_931' title='bbox 2145 2934 2315 2972; x_wconf 87' lang='lat' dir='ltr'>Maxime</span> <span class='ocrx_word' id='word_1_932' title='bbox 2335 2941 2466 2971; x_wconf 89' lang='lat' dir='ltr'>autem</span> 
     </span>
     <span class='ocr_line' id='line_1_119' title="bbox 1388 2988 2465 3039; baseline -0.004 -11"><span class='ocrx_word' id='word_1_933' title='bbox 1388 2990 1552 3028; x_wconf 88' lang='lat' dir='ltr'>terribile</span> <span class='ocrx_word' id='word_1_934' title='bbox 1582 2990 1678 3027; x_wconf 88' lang='lat' dir='ltr'>inter</span> <span class='ocrx_word' id='word_1_935' title='bbox 1706 2989 1838 3027; x_wconf 90' lang='lat' dir='ltr'>omnia</span> <span class='ocrx_word' id='word_1_936' title='bbox 1875 2988 2090 3039; x_wconf 84' lang='lat' dir='ltr'>corporalia</span> <span class='ocrx_word' id='word_1_937' title='bbox 2127 2988 2230 3025; x_wconf 87' lang='lat' dir='ltr'>mala</span> <span class='ocrx_word' id='word_1_938' title='bbox 2259 2995 2315 3025; x_wconf 87' lang='lat' dir='ltr'>est</span> <span class='ocrx_word' id='word_1_939' title='bbox 2346 2999 2465 3034; x_wconf 90' lang='lat' dir='ltr'>mors,</span> 
     </span>
     <span class='ocr_line' id='line_1_120' title="bbox 1389 3041 2467 3094; baseline -0.005 -12"><span class='ocrx_word' id='word_1_940' title='bbox 1389 3057 1486 3094; x_wconf 90' lang='lat' dir='ltr'>quae</span> <span class='ocrx_word' id='word_1_941' title='bbox 1516 3044 1611 3081; x_wconf 89' lang='lat' dir='ltr'>tollit</span> <span class='ocrx_word' id='word_1_942' title='bbox 1639 3043 1771 3081; x_wconf 89' lang='lat' dir='ltr'>omnia</span> <span class='ocrx_word' id='word_1_943' title='bbox 1801 3042 2014 3093; x_wconf 88' lang='lat' dir='ltr'>corporalia</span> <span class='ocrx_word' id='word_1_944' title='bbox 2042 3042 2166 3079; x_wconf 86' lang='lat' dir='ltr'>bona:</span> <span class='ocrx_word' id='word_1_945' title='bbox 2199 3041 2303 3079; x_wconf 88' lang='lat' dir='ltr'>unde</span> <span class='ocrx_word' id='word_1_946' title='bbox 2336 3042 2467 3089; x_wconf 84' lang='lat' dir='ltr'>Augu-</span> 
     </span>
    </p>
   </div>
   <div class='ocr_carea' id='block_1_22' title="bbox 1389 3093 2503 3145">
    <p class='ocr_par' dir='ltr' id='par_1_28' title="bbox 1389 3093 2503 3145">
     <span class='ocr_line' id='line_1_121' title="bbox 1389 3093 2503 3145; baseline -0.004 -10"><span class='ocrx_word' id='word_1_947' title='bbox 1389 3098 1508 3136; x_wconf 90' lang='lat' dir='ltr'>stinus</span> <span class='ocrx_word' id='word_1_948' title='bbox 1547 3097 1654 3145; x_wconf 89' lang='lat' dir='ltr'>dicit,</span> <span class='ocrx_word' id='word_1_949' title='bbox 1684 3097 1722 3134; x_wconf 89' lang='lat' dir='ltr'>in</span> <span class='ocrx_word' id='word_1_950' title='bbox 1751 3096 1848 3135; x_wconf 92' lang='lat' dir='ltr'>libro</span> <span class='ocrx_word' id='word_1_951' title='bbox 1876 3096 1923 3134; x_wconf 87' lang='lat' dir='ltr'>de</span> <span class='ocrx_word' id='word_1_952' title='bbox 1949 3095 2129 3134; x_wconf 76' lang='lat' dir='ltr'>Moribus</span> <span class='ocrx_word' id='word_1_953' title='bbox 2154 3094 2279 3133; x_wconf 88' lang='lat' dir='ltr'>Eccle.</span> <span class='ocrx_word' id='word_1_954' title='bbox 2305 3093 2337 3141; x_wconf 74' lang='lat'>⁸⁵,</span> <span class='ocrx_word' id='word_1_955' title='bbox 2358 3094 2465 3144; x_wconf 85' lang='lat' dir='ltr'>quod</span> <span class='ocrx_word' id='word_1_956' title='bbox 2493 3104 2503 3114; x_wconf 91' lang='lat'><strong>·</strong></span> 
     </span>
    </p>
   </div>
   <div class='ocr_carea' id='block_1_23' title="bbox 1387 3149 2464 3358">
    <p class='ocr_par' dir='ltr' id='par_1_29' title="bbox 1387 3149 2464 3358">
     <span class='ocr_line' id='line_1_122' title="bbox 1387 3149 2464 3200; baseline -0.005 -10"><span class='ocrx_word' id='word_1_957' title='bbox 1387 3152 1581 3190; x_wconf 80' lang='lat' dir='ltr'>vinculum</span> <span class='ocrx_word' id='word_1_958' title='bbox 1610 3151 1794 3200; x_wconf 79' lang='lat' dir='ltr'>corporis,</span> <span class='ocrx_word' id='word_1_959' title='bbox 1823 3162 1870 3188; x_wconf 87' lang='lat' dir='ltr'>ne</span> <span class='ocrx_word' id='word_1_960' title='bbox 1898 3149 2136 3187; x_wconf 85' lang='lat' dir='ltr'>concutiatur</span> <span class='ocrx_word' id='word_1_961' title='bbox 2154 3154 2267 3198; x_wconf 82' lang='lat' dir='ltr'>atque</span> <span class='ocrx_word' id='word_1_962' title='bbox 2292 3153 2464 3195; x_wconf 81' lang='lat' dir='ltr'>vexetur,</span> 
     </span>
     <span class='ocr_line' id='line_1_123' title="bbox 1389 3204 2464 3253; baseline -0.006 -9"><span class='ocrx_word' id='word_1_963' title='bbox 1389 3205 1530 3244; x_wconf 85' lang='lat' dir='ltr'>laboris</span> <span class='ocrx_word' id='word_1_964' title='bbox 1548 3210 1585 3242; x_wconf 86' lang='lat' dir='ltr'>et</span> <span class='ocrx_word' id='word_1_965' title='bbox 1601 3205 1743 3243; x_wconf 86' lang='lat' dir='ltr'>doloris</span> <span class='ocrx_word' id='word_1_966' title='bbox 1761 3209 1798 3249; x_wconf 76' lang='grc' dir='ltr'>γ;</span> <span class='ocrx_word' id='word_1_967' title='bbox 1828 3215 1876 3242; x_wconf 87' lang='lat' dir='ltr'>ne</span> <span class='ocrx_word' id='word_1_968' title='bbox 1893 3204 2095 3253; x_wconf 85' lang='lat' dir='ltr'>auferatur</span> <span class='ocrx_word' id='word_1_969' title='bbox 2117 3207 2244 3240; x_wconf 84' lang='lat' dir='ltr'>autem</span> <span class='ocrx_word' id='word_1_970' title='bbox 2263 3207 2376 3251; x_wconf 82' lang='lat' dir='ltr'>atque</span> <span class='ocrx_word' id='word_1_971' title='bbox 2397 3213 2464 3251; x_wconf 79' lang='lat' dir='ltr'>pe-</span> 
     </span>
     <span class='ocr_line' id='line_1_124' title="bbox 1389 3255 2464 3305; baseline -0.004 -8"><span class='ocrx_word' id='word_1_972' title='bbox 1389 3260 1572 3305; x_wconf 84' lang='lat' dir='ltr'>rimatur,</span> <span class='ocrx_word' id='word_1_973' title='bbox 1602 3259 1735 3295; x_wconf 83' lang='lat' dir='ltr'>mortis</span> <span class='ocrx_word' id='word_1_974' title='bbox 1767 3263 1914 3295; x_wconf 86' lang='lat' dir='ltr'>terrore</span> <span class='ocrx_word' id='word_1_975' title='bbox 1939 3257 2110 3294; x_wconf 86' lang='lat' dir='ltr'>animam</span> <span class='ocrx_word' id='word_1_976' title='bbox 2139 3256 2268 3305; x_wconf 82' lang='lat' dir='ltr'>quatit.</span> <span class='ocrx_word' id='word_1_977' title='bbox 2299 3256 2348 3293; x_wconf 90' lang='lat' dir='ltr'>Et</span> <span class='ocrx_word' id='word_1_978' title='bbox 2377 3255 2464 3294; x_wconf 90' lang='lat' dir='ltr'>ideo</span> 
     </span>
     <span class='ocr_line' id='line_1_125' title="bbox 1387 3309 2463 3358; baseline -0.006 -7"><span class='ocrx_word' id='word_1_979' title='bbox 1387 3314 1507 3351; x_wconf 87' lang='lat' dir='ltr'>virtus</span> <span class='ocrx_word' id='word_1_980' title='bbox 1545 3310 1773 3349; x_wconf 89' lang='lat' dir='ltr'>fortitudinis</span> <span class='ocrx_word' id='word_1_981' title='bbox 1801 3319 1859 3348; x_wconf 90' lang='lat' dir='ltr'>est</span> <span class='ocrx_word' id='word_1_982' title='bbox 1887 3310 1985 3348; x_wconf 89' lang='lat' dir='ltr'>circa</span> <span class='ocrx_word' id='word_1_983' title='bbox 2013 3309 2170 3347; x_wconf 84' lang='lat' dir='ltr'>timores</span> <span class='ocrx_word' id='word_1_984' title='bbox 2207 3309 2463 3358; x_wconf 89' lang='lat' dir='ltr'>periculorum</span> 
     </span>
    </p>
   </div>
   <div class='ocr_carea' id='block_1_24' title="bbox 1388 3375 2463 3465">
    <p class='ocr_par' dir='ltr' id='par_1_30' title="bbox 1388 3375 2463 3465">
     <span class='ocr_line' id='line_1_126' title="bbox 1388 3375 1533 3405; baseline -0.014 0"><span class='ocrx_word' id='word_1_985' title='bbox 1388 3375 1533 3405; x_wconf 78' lang='lat' dir='ltr'>mortis.</span> 
     </span>
     <span class='ocr_line' id='line_1_127' title="bbox 1442 3415 2463 3465; baseline -0.004 -8"><span class='ocrx_word' id='word_1_986' title='bbox 1442 3422 1501 3457; x_wconf 84' lang='lat' dir='ltr'>An</span> <span class='ocrx_word' id='word_1_987' title='bbox 1531 3430 1668 3456; x_wconf 74' lang='lat' dir='ltr'>PRIMUM</span> <span class='ocrx_word' id='word_1_988' title='bbox 1698 3429 1800 3455; x_wconf 72' lang='lat' dir='ltr'>saco</span> <span class='ocrx_word' id='word_1_989' title='bbox 1821 3428 2006 3455; x_wconf 68' lang='lat' dir='ltr'>mci-:unum</span> <span class='ocrx_word' id='word_1_990' title='bbox 2027 3416 2133 3465; x_wconf 91' lang='lat' dir='ltr'>quod</span> <span class='ocrx_word' id='word_1_991' title='bbox 2162 3415 2343 3454; x_wconf 87' lang='lat' dir='ltr'>fortitudo</span> <span class='ocrx_word' id='word_1_992' title='bbox 2365 3416 2463 3454; x_wconf 86' lang='lat' dir='ltr'>bene</span> 
     </span>
    </p>
   </div>
   <div class='ocr_carea' id='block_1_25' title="bbox 1600 3503 1744 3507">
    <p class='ocr_par' dir='ltr' id='par_1_31' title="bbox 1600 3503 1744 3507">
     <span class='ocr_line' id='line_1_128' title="bbox 1600 3503 1744 3507; baseline 0 0"><span class='ocrx_word' id='word_1_993' title='bbox 1600 3503 1744 3507; x_wconf 95' lang='lat' dir='ltr'> </span> 
     </span>
    </p>
   </div>
   <div class='ocr_carea' id='block_1_26' title="bbox 1442 3545 2257 3616">
    <p class='ocr_par' dir='ltr' id='par_1_32' title="bbox 1442 3545 2257 3616">
     <span class='ocr_line' id='line_1_129' title="bbox 1444 3545 1872 3580; baseline -0.005 -8"><span class='ocrx_word' id='word_1_994' title='bbox 1444 3547 1470 3580; x_wconf 76' lang='grc' dir='ltr'>β)</span> <span class='ocrx_word' id='word_1_995' title='bbox 1490 3550 1623 3572; x_wconf 78' lang='lat' dir='ltr'>extremo.</span> <span class='ocrx_word' id='word_1_996' title='bbox 1635 3560 1654 3566; x_wconf 91' lang='lat'>-</span> <span class='ocrx_word' id='word_1_997' title='bbox 1673 3545 1806 3571; x_wconf 77' lang='lat' dir='ltr'>extremis</span> <span class='ocrx_word' id='word_1_998' title='bbox 1826 3545 1872 3570; x_wconf 80' lang='grc' dir='ltr'>Ρα.</span> 
     </span>
     <span class='ocr_line' id='line_1_130' title="bbox 1442 3579 2257 3616; baseline -0.002 -9"><span class='ocrx_word' id='word_1_999' title='bbox 1442 3583 1469 3616; x_wconf 88' lang='grc' dir='ltr'>γ)</span> <span class='ocrx_word' id='word_1_1000' title='bbox 1489 3582 1590 3607; x_wconf 73' lang='lat' dir='ltr'>laboris</span> <span class='ocrx_word' id='word_1_1001' title='bbox 1607 3585 1633 3607; x_wconf 87' lang='lat' dir='ltr'>et</span> <span class='ocrx_word' id='word_1_1002' title='bbox 1652 3582 1763 3608; x_wconf 76' lang='lat' dir='ltr'>doloris.</span> <span class='ocrx_word' id='word_1_1003' title='bbox 1775 3595 1795 3601; x_wconf 94' lang='lat'>-</span> <span class='ocrx_word' id='word_1_1004' title='bbox 1812 3581 1904 3606; x_wconf 78' lang='lat' dir='ltr'>labore</span> <span class='ocrx_word' id='word_1_1005' title='bbox 1922 3584 1948 3606; x_wconf 79' lang='lat' dir='ltr'>et</span> <span class='ocrx_word' id='word_1_1006' title='bbox 1967 3581 2020 3612; x_wconf 79' lang='lat' dir='ltr'>(vel</span> <span class='ocrx_word' id='word_1_1007' title='bbox 2040 3580 2071 3612; x_wconf 84' lang='grc' dir='ltr'>Ρ)</span> <span class='ocrx_word' id='word_1_1008' title='bbox 2091 3580 2183 3606; x_wconf 80' lang='lat' dir='ltr'>dolore</span> <span class='ocrx_word' id='word_1_1009' title='bbox 2203 3579 2257 3606; x_wconf 88' lang='grc' dir='ltr'>ΡΗ.</span> 
     </span>
    </p>
   </div>
   <div class='ocr_carea' id='block_1_27' title="bbox 2496 1475 2712 1526">
    <p class='ocr_par' dir='ltr' id='par_1_33' title="bbox 2496 1475 2712 1526">
     <span class='ocr_line' id='line_1_131' title="bbox 2497 1475 2712 1503; baseline 0 -4"><span class='ocrx_word' id='word_1_1010' title='bbox 2497 1475 2712 1503; x_wconf 59' lang='lat' dir='ltr'>‘An-monnau</span> 
     </span>
     <span class='ocr_line' id='line_1_132' title="bbox 2496 1508 2604 1526; baseline 0 -1"><span class='ocrx_word' id='word_1_1011' title='bbox 2496 1508 2562 1526; x_wconf 77' lang='lat' dir='ltr'>num.</span> <span class='ocrx_word' id='word_1_1012' title='bbox 2576 1508 2604 1525; x_wconf 80' lang='lat' dir='ltr'>u.</span> 
     </span>
    </p>
   </div>
   <div class='ocr_carea' id='block_1_28' title="bbox 2498 2300 2695 2330">
    <p class='ocr_par' dir='ltr' id='par_1_34' title="bbox 2498 2300 2695 2330">
     <span class='ocr_line' id='line_1_133' title="bbox 2498 2300 2695 2330; baseline -0.01 -6"><span class='ocrx_word' id='word_1_1013' title='bbox 2498 2300 2695 2330; x_wconf 55' lang='lat' dir='ltr'>mmmm.</span> 
     </span>
    </p>
   </div>
  </div>
 </body>
</html>
