2612 4178
160 1340 225 1349 ιη’(
243 1336 249 1339 s

183 359 298 382 munes
326 348 484 379 librorum
515 345 681 377 Secundae
711 344 878 376 Secundae
901 342 1111 383 superstitum
1136 352 1173 372 ex
1198 351 1265 372 uno
1293 339 1296 416 4

181 393 370 436 apographo
387 392 565 428 fluxerunt;
584 389 738 427 secundo,
756 390 861 420 bonae
877 388 1031 419 lectiones
1048 387 1170 428 primae
1187 386 1266 417 clas-

182 440 240 477 sis,
265 437 434 480 oppositae
465 435 625 468 erroribus
652 434 779 470 tertiae,
807 433 1008 465 authenticae
1038 439 1126 468 sunt;
1152 432 1265 469 tertio,

182 484 335 516 omnibus
359 481 577 518 consideratis,
606 480 711 522 prima
734 479 853 516 classis,
878 489 944 510 non
969 478 1071 514 tertia,
1097 476 1195 508 textui
1220 486 1266 507 re·
1294 469 1296 516 ξ

182 529 343 561 censendo
368 528 580 559 fundamento
604 535 672 556 esse
693 525 796 556 debet.
1294 517 1297 558 l

239 575 283 606 Ut
306 572 523 614 cognationis,
547 572 586 602 de
615 581 680 612 qua
703 569 954 611 disputavimus,
977 569 1048 600 idea
1073 567 1187 598 clarior
1210 567 1267 603 sit,
1294 562 1297 606 l

182 627 245 650 tres
272 619 472 650 delineamus
495 616 651 657 imagines
677 615 863 658 stemmatis.
900 614 1007 645 Prima
1034 614 1142 653 imago
1166 611 1267 653 expri-
1295 618 1297 635 ³

182 673 258 701 met,
275 673 344 706 quo
367 669 538 694 stemmate
561 661 689 693 codices
714 660 814 691 nostri
840 670 904 691 non
930 659 1185 700 coniungantur:

2344 266 2405 291 Xlll

1322 346 1402 375 tate,
1427 339 1482 369 sed
1513 339 1551 369 ab
1583 337 1757 369 observatis
1785 336 1859 367 artis
1890 336 2067 377 praeceptis
2100 336 2200 372 valet,
2227 343 2256 366 et
2280 335 2311 366 in
2337 343 2406 367 toto

1321 383 1500 415 traditionis
1525 392 1670 424 tempore
1694 382 1840 418 exerceri,
1866 381 1991 422 aliaque
2016 381 2086 412 loca
2107 388 2226 412 tentare
2255 381 2316 411 alia
2340 391 2407 411 non

1322 435 1442 460 tentare
1465 428 1582 469 potuit.
1608 428 1671 459 Ubi
1695 437 1772 468 ergo
1797 427 1835 458 de
1860 427 1945 457 hisce
1970 425 2094 457 mendis
2118 426 2240 468 primae
2264 426 2407 456 transcri-

1322 474 1443 515 ptionis
1467 473 1580 514 agitur,
1602 472 1682 503 nihil
1704 473 1794 504 iubet
1817 471 2007 513 autographi
2024 471 2178 502 lectiones
2202 471 2235 502 in
2260 471 2336 502 solis
2354 482 2407 501 an-

1323 518 1421 560 tiquis
1445 518 1554 550 adesse
1579 519 1709 555 debere;
1735 517 1815 548 nihil
1839 517 1987 559 prohibet
2010 517 2188 558 quominus
2211 517 2245 547 in
2270 516 2407 558 proleta-

1324 564 1377 594 riis
1401 563 1544 605 primum
1568 570 1758 604 appareant;
1782 562 1967 604 quinimmo
2000 562 2078 593 nihil
2107 562 2256 603 prohibet
2281 561 2408 604 quomi-

1325 619 1386 640 nus
1410 619 1428 640 a
1452 615 1520 640 tota
1543 608 1714 640 traditione
1739 609 1894 639 exsulent.

1382 653 1490 685 Liceat
1513 664 1581 685 rem
1605 661 1671 685 tam
1687 653 1805 684 claram
1829 653 1930 684 tribus
1955 651 2109 694 exemplis
2128 652 2295 683 illustrare.
2321 650 2410 688 Quid

1296 704 1297 711 ¹
1325 699 1418 736 valet,
1443 698 1565 740 origine
1589 698 1739 730 codicum
1763 698 1936 739 incognita,
1970 698 2065 729 lectio
2087 695 2118 740 (ἕ
2148 695 2211 740 16.)
2235 706 2346 728 omnes
2369 696 2410 727 ab

599 742 851 783 Autographum

399 805 1055 826 μ--κ--Ᾱ

307 833 545 875 Apogmphum
848 831 936 862 aliud
964 829 1201 871 Apographum

229 916 356 948 codices
383 914 494 948 tertiae
519 914 627 946 classis
828 913 955 944 codices
976 911 1098 953 primae
1117 910 1227 942 classis

183 1007 291 1039 Huius
303 1006 438 1048 inquam
454 1005 595 1046 imagine
612 1003 791 1036 stemmatis
806 1002 957 1044 cognatio
973 1001 1122 1032 codicum
1137 999 1271 1041 exprimi

183 1062 247 1084 non
267 1058 383 1093 potest,
401 1051 477 1093 quia
494 1051 562 1082 duo
586 1051 777 1081 haberemus
793 1059 830 1080 ex
845 1046 1050 1088 autographo
1074 1045 1270 1087 apographa,

184 1099 264 1137 dum
279 1107 402 1129 errores
418 1096 573 1128 classibus
592 1096 750 1127 ambabus
770 1102 964 1126 communes
982 1091 1142 1132 originem
1158 1100 1270 1121 earum

184 1154 223 1176 ex
234 1153 303 1175 uno
315 1143 387 1174 solo
400 1141 590 1183 apographo
603 1141 839 1176 demonstrant;
857 1137 1036 1169 necessario
1050 1136 1146 1176 igitur
1157 1136 1271 1167 imme-
1298 1150 1300 1164 ι

184 1189 268 1221 diate
285 1187 365 1220 infra
381 1187 622 1229 autographum
645 1186 701 1217 uni
723 1185 784 1216 soli
804 1182 1005 1225 apograpb0‚
1022 1182 1102 1213 fonti
1123 1191 1272 1212 commu—

185 1234 277 1266 nium
301 1243 459 1270 errorum,
484 1233 577 1264 locus
599 1238 663 1263 est:

602 1311 854 1352 Autographum

341 1395 588 1438 Apographum,
613 1393 688 1425 fons
712 1391 942 1424 communium
966 1400 1113 1422 errorum
1299 1398 1301 1416 ι

185 1486 373 1533 Apographi
397 1484 609 1527 negligentior
863 1481 1054 1534 Apographi
1073 1480 1200 1533 fidelior
1218 1482 1272 1512 de·
1300 1469 1301 1483 ¹

185 1532 368 1575 descriptio.
385 1538 482 1572 caput
501 1530 611 1562 tertiae
865 1534 1007 1569 scnptlo‚
1028 1534 1126 1568 caput
1149 1537 1273 1568 primae

186 1622 260 1655 Hoc
283 1627 452 1654 stemmate
467 1629 541 1651 vera
557 1619 709 1651 codicum
734 1618 827 1659 origo
851 1617 1007 1650 contineri
1025 1617 1120 1648 nobis
1135 1617 1271 1649 videtur.
1299 1576 1302 1619 l

185 1666 336 1710 Attamen
362 1665 613 1698 fundamentum
637 1663 833 1696 recensionis
857 1670 985 1695 nostrae
1008 1662 1106 1694 etiam
1129 1662 1272 1694 solidum
1300 1672 1301 1705 ᾗ

185 1717 244 1750 est,
267 1712 294 1744 si
318 1711 408 1744 tertia
433 1710 611 1743 stemmatis
634 1710 744 1751 imago
760 1709 800 1741 ad
817 1709 983 1741 veritatem
1008 1708 1110 1750 magis
1133 1708 1273 1741 accedit:

602 1798 856 1840 Autographum

338 1882 586 1925 Apograpfflm,
613 1881 687 1912 fons
711 1880 940 1912 communium
966 1889 1114 1911 errorum

327 1934 983 2143 s&

189 2158 316 2190 codices
339 2157 450 2189 tertiae
1302 2137 1304 2157 ¹

647 2157 747 2188 codex
771 2156 882 2188 tertiae
906 2156 1089 2189 authentice
1114 2163 1277 2188 correctus

817 2237 944 2270 codices
965 2238 1088 2279 primae
1108 2237 1218 2269 classis

245 2337 286 2358 οι
309 2336 451 2359 contenit
474 2337 698 2359 var-remorum
721 2337 898 2358 vaatanra
918 2337 950 2357 m
974 2336 1065 2358 xorts
1090 2337 1214 2357 nem.

244 2415 408 2449 Codicum
431 2423 600 2448 stemmate
623 2416 800 2458 incognito,
818 2416 857 2448 de
881 2416 989 2448 valore
1013 2416 1205 2448 variantium
1223 2415 1277 2447 ali·
1303 2401 1306 2456 l

189 2468 236 2493 ter
257 2461 468 2494 iudicandum
492 2469 539 2494 est
562 2472 663 2504 quam
678 2469 848 2494 stemmate
864 2461 1040 2503 explorato.
1058 2461 1118 2493 Per
1132 2472 1165 2493 se
1190 2461 1277 2493 enim
1304 2459 1305 2464 ’

188 2507 294 2539 bonae
317 2507 471 2540 lectiones
494 2507 706 2550 antiquorum
729 2507 888 2539 librorum
919 2517 1035 2539 omnes
1058 2515 1192 2549 propter
1215 2507 1276 2538 ori-
1303 2517 1306 2565 Ι

188 2552 298 2594 ginem
317 2552 533 2584 indistinctam
549 2553 660 2585 eadem
677 2552 926 2584 authenticitatis
946 2553 1102 2595 opinione
1118 2553 1276 2594 gaudent;
1304 2568 1306 2587 ι

189 2598 294 2630 bonae
311 2598 461 2640 antiquae
478 2599 521 2630 ob
538 2598 694 2630 maiorem
709 2597 850 2630 veritatis
871 2598 1171 2640 praesumptionem
1188 2608 1278 2640 prae·
1304 2602 1306 2622 1

190 2642 338 2675 ferendae
354 2651 431 2675 aunt
453 2643 516 2674 illis
530 2653 614 2685 quae
634 2643 667 2674 in
682 2643 855 2675 traditione
879 2644 1000 2675 tardius
1017 2650 1190 2686 apparent;
1208 2654 1277 2674 ma·
1304 2638 1305 2650 ¹

189 2688 236 2720 las
258 2698 346 2726 vero,
371 2699 446 2721 cum
471 2699 569 2721 usum
593 2699 660 2720 non
686 2689 833 2726 habeant,
857 2689 945 2720 illico
962 2689 1132 2731 praeterire
1149 2689 1195 2720 fas
1220 2696 1277 2721 est.
1304 2687 1306 2709 Ι

190 2733 254 2766 Sed
269 2733 360 2766 aliter
382 2744 432 2766 res
456 2745 489 2765 se
513 2734 608 2765 habet
624 2734 757 2776 quando
774 2734 957 2776 primorum
981 2734 1213 2776 exemplarium
1230 2735 1277 2766 le-

191 2778 315 2811 ctiones
330 2779 462 2821 originis
478 2779 603 2811 criterio
625 2779 847 2811 innotuerunt.
869 2779 1034 2811 Generalis
1058 2780 1144 2811 enim
1169 2780 1278 2821 regula

189 2824 271 2862 vult,
295 2825 375 2866 quid
397 2825 536 2867 quisque
561 2824 662 2856 codex
684 2825 798 2862 valeat,
816 2834 852 2856 ex
873 2825 1056 2866 exemplari,
1082 2826 1121 2857 de
1138 2836 1206 2868 quo
1223 2826 1277 2856 de-

191 2869 328 2912 scriptus
353 2876 410 2908 est,
435 2870 679 2902 diiudicandum
703 2880 783 2901 esse.
807 2870 932 2911 Regula
955 2870 1015 2902 Ista
1039 2881 1105 2902 non
1130 2878 1177 2902 est
1201 2881 1278 2902 con-

192 2915 394 2952 ventionalia,
417 2925 502 2958 quae
525 2925 563 2946 ex
587 2915 706 2956 placito
731 2915 905 2946 hominum
934 2915 1110 2957 obligaret;
1143 2926 1180 2947 ex
1211 2917 1279 2957 ipsa
1306 2913 1308 2935 ²

192 2961 279 2992 enim
304 2961 348 2992 rei
366 2968 479 2992 natura
499 2960 656 3002 sequitur,
674 2968 711 2992 ut
726 2961 945 3002 exemplatum
969 2972 986 2991 a
1010 2961 1082 2992 solo
1107 2960 1278 3003 exemplari

193 3061 261 3082 non
284 3052 324 3083 ab
348 3058 450 3083 aetate
473 3051 642 3088 librorum,
665 3051 699 3082 in
723 3051 842 3093 quibus
873 3051 1096 3087 inveniuntur,
1122 3051 1279 3083 maiorem

192 3097 244 3128 vel
267 3097 428 3128 minorem
452 3097 676 3128 auctoritatem
700 3096 904 3133 contrahunt,
927 3097 981 3127 sed
1006 3095 1131 3138 antiqui
1153 3096 1225 3128 libri
1250 3105 1280 3128 et

193 3141 337 3173 iuniores
368 3142 485 3184 pariter
507 3153 524 3173 a
550 3142 656 3183 primo
682 3141 781 3173 totius
805 3141 1059 3183 transcriptionis
1089 3142 1280 3183 exemplari,

194 3187 283 3228 quod
308 3187 443 3229 singulis
458 3187 600 3229 antiquis
624 3187 788 3229 antiquius
808 3195 864 3224 est,
889 3194 944 3218 aut
969 3187 1038 3217 eius
1057 3187 1280 3218 auctoritatem

195 3241 306 3263 secum
327 3231 445 3270 ferunt,
470 3232 523 3264 ubi
549 3233 668 3264 scilicet
691 3243 766 3264 curn
791 3242 831 3263 eo
855 3232 1049 3268 concinunt;
1075 3239 1141 3269 aut,
1163 3232 1217 3263 ubi
1242 3233 1282 3263 ab

196 3286 236 3307 eo
259 3276 436 3315 dissonant,
461 3278 583 3319 antiqui
610 3288 677 3309 non
702 3278 809 3308 minus
833 3288 933 3320 quarn
957 3277 1099 3308 iuniores
1123 3277 1162 3307 ab
1188 3277 1281 3308 unica

195 3321 312 3352 valoris
336 3323 385 3355 sui
403 3323 511 3364 regula
527 3323 716 3355 exorbitant.
733 3322 822 3354 Sicut
845 3333 921 3364 ergo
944 3322 1112 3354 unanimes
1127 3322 1281 3353 lectiones

197 3375 254 3406 per
283 3365 427 3407 primum
457 3369 620 3410 exemplar
650 3368 875 3409 apographum
905 3368 1002 3408 longe
1030 3368 1112 3398 ultra
1137 3367 1282 3408 singulos

197 3411 350 3452 antiquos
364 3412 464 3444 libros
479 3424 590 3445 versus
605 3413 845 3454 autographum
862 3413 1109 3454 protenduntur,
1126 3413 1168 3444 ita
1185 3417 1289 3444 econ·‘

197 3466 290 3487 verso
314 3456 409 3489 lectio
433 3467 452 3488 a
474 3459 570 3499 primi
600 3458 790 3499 exemplaris
818 3459 955 3490 lectione
978 3458 1112 3494 varians,
1138 3459 1177 3488 ab
1202 3458 1282 3489 anti-

198 3501 319 3543 quitate
343 3501 461 3534 codicis
484 3503 518 3534 in
541 3513 608 3545 quo
633 3504 771 3534 occurrit
795 3514 860 3534 non
885 3504 994 3534 solum
1014 3514 1080 3534 non
1112 3503 1282 3543 praevalet,

198 3547 254 3578 sed
278 3547 375 3578 etiam
399 3546 432 3577 in
457 3557 490 3578 se
513 3548 604 3578 ornni
627 3549 735 3579 valore
760 3549 953 3580 destituitur.
983 3549 1069 3587 Quia
1091 3558 1168 3579 vero
1193 3549 1226 3579 in
1251 3558 1282 3579 re

197 3592 323 3624 libraria
346 3602 521 3629 versamur,
545 3603 645 3634 quam
667 3593 871 3625 librariorum
896 3594 1030 3625 mendae
1061 3593 1284 3625 inevitabiliter

199 3645 388 3679 sequuntur,
414 3647 431 3668 a
448 3637 567 3678 'primis
590 3638 825 3678 exemplaribus
846 3639 986 3680 gratuito
1003 3639 1076 3680 quis
1104 3638 1284 3669 excluderet

199 3693 331 3714 errores.
356 3683 487 3713 Errores
511 3689 618 3714 autem
644 3682 737 3713 crisin
759 3691 947 3724 provocant,
972 3694 1055 3725 quae
1080 3694 1146 3714 non
1170 3684 1209 3714 ab
1234 3693 1283 3714 ae-

344 3746 456 3771 Sumua
475 3745 578 3770 Τηιῑοι.
598 3745 630 3770 D.
649 3745 766 3769 Tnonn
780 3745 813 3770 T.
827 3745 881 3771 Vn.

1325 746 1394 785 ipso
1412 745 1521 785 punit,
1539 754 1633 786 quae,
1651 754 1726 775 cum
1744 754 1876 775 erronea
1901 743 1950 780 sit,
1969 754 2035 774 non
2053 750 2119 774 erat
2135 742 2167 773 in
2185 738 2411 783 autographo?

1296 794 1297 798 ’
1325 789 1413 827 Quid
1437 789 1521 820 valet
1544 790 1661 820 timens
1683 790 1724 820 ab
1747 791 1815 830 ipso
1834 789 1960 830 puniri,
1979 788 2030 819 cui
2051 787 2144 830 pauci
2171 788 2298 818 codices
2322 787 2409 828 iique

1325 834 1486 875 proletarii
1510 833 1607 865 fidem
1624 833 1767 865 faciunt?
1789 835 1908 865 Nonne
1928 833 2101 875 legendum
2127 832 2220 864 nobis
2244 832 2355 863 fuisset
2370 831 2411 862 ab

1297 891 1298 897 ¹
1326 880 1394 920 ipso
1413 880 1528 910 timens
1546 880 1674 920 puniri,
1699 889 1782 921 quae
1805 879 1900 911 lectio
1924 879 2006 910 inter
2033 879 2181 920 antiquas
2207 878 2302 921 unica
2325 878 2411 908 bona

1326 921 1392 954 est?
1423 923 1456 954 Si
1485 934 1562 954 vero
1591 923 1764 955 lectionem
1788 924 1876 955 illam
1908 934 2075 955 erroneam
2099 923 2187 954 vides
2218 930 2315 964 caput
2343 932 2411 952 esse

1324 968 1444 1008 vigenti
1460 969 1638 999 lectionum
1659 969 1892 1000 correctionem
1917 969 2010 1000 variis
2027 969 2132 1000 modis
2150 968 2353 1006 tentantium,
2371 978 2411 998 an

1326 1022 1403 1044 tunc
1426 1012 1531 1044 adhuc
1556 1013 1692 1044 haesitas
1715 1013 1799 1044 inter
1821 1014 1989 1055 antiquam
2020 1014 2138 1045 bonam
2165 1013 2222 1044 sed
2246 1014 2285 1044 ab
2306 1023 2411 1044 errore

1327 1058 1502 1095 dissonam,
1528 1066 1558 1088 et
1582 1058 1678 1089 aliam
1702 1058 1952 1090 recentissimam
1977 1058 2119 1100 quidem,
2145 1069 2210 1100 qua
2234 1065 2341 1089 tamen
2366 1069 2411 1088 er-

1298 1127 1299 1131 ,
1327 1112 1380 1134 ror
1403 1102 1600 1134 adamussim
1618 1101 1787 1144 tegitur?-
1809 1104 1994 1135 Lectionem
2021 1102 2052 1146 (ξ
2078 1103 2129 1147 ιο)
2155 1109 2237 1134 esset
2258 1103 2413 1144 possibile

1298 1165 1300 1182 :
1328 1147 1436 1179 nescio
1461 1158 1500 1178 an
1525 1148 1557 1179 in
1577 1155 1645 1180 tota
1670 1148 1841 1179 traditione
1857 1148 2045 1179 inventurus
2070 1149 2122 1179 sis.
2141 1148 2352 1186 Inveniuntur
2368 1157 2412 1179 ta-

1328 1203 1403 1224 men
1426 1192 1468 1223 ibi
1494 1201 1556 1224 tres
1579 1194 1733 1224 lectiones
1758 1194 1920 1225 contextui
1946 1194 2006 1225 loci
2037 1201 2268 1234 congruenteS.
2294 1201 2324 1224 et
2350 1204 2413 1224 una

1328 1238 1443 1269 harum
1472 1238 1566 1270 nobis
1597 1238 1742 1279 eligenda
1774 1238 1896 1276 fuisset,
1922 1239 1980 1270 nisi
2011 1249 2126 1270 omnes
2150 1239 2246 1270 huius
2271 1239 2334 1270 loci
2358 1249 2412 1269 va-

1299 1307 1301 1311 ,
1328 1283 1444 1315 n'antes
1474 1293 1492 1314 a
1520 1283 1718 1324 primordiali
1750 1294 1855 1315 errore
1880 1293 1948 1316 esse
1973 1285 2167 1325 impossibile
2194 1283 2333 1325 incipere
2358 1295 2412 1324 pa-

1299 1334 1301 1338 ‘
1327 1328 1455 1360 tuisset:
1480 1329 1571 1370 quod
1595 1339 1670 1360 cum
1695 1329 1738 1360 ita
1763 1329 1812 1366 sit,
1838 1339 1905 1371 quo
1929 1329 1998 1360 iure
2023 1338 2217 1360 correctores
2241 1337 2313 1360 ante
2337 1329 2414 1360 haec

1299 1390 1301 1395 ν
1327 1373 1472 1415 quinque
1497 1374 1623 1405 saecula
1648 1375 1829 1411 utebantur,
1847 1375 1963 1406 eodem
1981 1375 2151 1407 utebamur
2176 1384 2280 1405 nos.—
2297 1374 2414 1405 Nescio

1327 1429 1395 1461 quo
1427 1419 1495 1450 iure
1519 1419 1583 1458 Qu.
1609 1430 1683 1450 cvm
1714 1427 1770 1451 art.
1792 1431 1800 1450 1
1826 1421 1866 1450 ad
1891 1430 1912 1460 4
1930 1419 2132 1460 legissemus:
2162 1434 2175 1447 ι
2193 1420 2232 1451 Et
2257 1419 2416 1451 Silverius

1299 1485 1301 1493 .
1329 1474 1412 1506 papa
1442 1464 1735 1496 excommunicavit
1762 1475 1818 1496 eos
1847 1465 1901 1506 qui
1927 1475 2003 1496 eum
2028 1465 2059 1496 in
2085 1464 2217 1496 exilium
2241 1464 2414 1500 miserunt,

1299 1524 1301 1545 ῃ
1329 1516 1365 1541 ut
1392 1509 1527 1541 habetur
1550 1508 1687 1554 (Causa)
1711 1520 1797 1542 xxm.
1822 1519 1877 1552 qu.
1898 1521 1938 1542 ιν.
1960 1508 2046 1553 (can.
2067 1510 2281 1553 Guilisarius)
2301 1523 2330 1547 ι,
2356 1521 2414 1551 pro

1328 1555 1508 1596 Sylvester,
1525 1555 1615 1597 quod
1640 1555 1817 1586 stemmatis
1834 1554 1895 1586 fide
1915 1555 1980 1586 iam
1997 1555 2029 1586 in
2047 1556 2149 1597 prima
2172 1555 2416 1596 transcriptione

1327 1598 1453 1632 aderat?
1477 1601 1573 1632 Zelus
1597 1600 1692 1632 credo
1718 1600 1872 1632 eximium
1905 1601 2049 1632 criticum
2071 1602 2118 1632 De
2142 1601 2263 1632 Rubeis
2287 1601 2416 1642 agitavit

1328 1646 1460 1687 quando
1484 1645 1516 1677 in
1541 1645 1683 1677 editione
1707 1657 1764 1677 sua
1789 1647 1936 1677 notabat:
1962 1648 2139 1687 Pet-peram
2165 1647 2209 1677 al.
2235 1646 2414 1688 Sylvester.

1329 1691 1429 1729 Quod
1454 1690 1584 1723 Dissert.
1617 1701 1699 1722 xxxix
1723 1702 1792 1732 cap.
1818 1702 1848 1722 vr
1873 1691 1958 1722 idem
1984 1692 2075 1723 dicit:
2110 1707 2121 1718 a
2144 1691 2280 1723 Constat
2305 1691 2416 1733 utique

1300 1760 1301 1767 ,
1328 1736 1470 1768 Gratiani
1483 1736 1643 1768 Decreti...
1657 1736 1753 1767 etiam
1766 1736 1893 1768 codices
1911 1747 1985 1768 mss.
2004 1737 2153 1768 habuisse
2166 1737 2372 1779 Sylvestrum
2388 1750 2416 1773 »,

1299 1781 1301 1789 ‘
1329 1781 1391 1813 hoc
1419 1781 1556 1813 omnino
1585 1780 1725 1813 infirmat
1755 1792 1837 1823 quae
1868 1781 1987 1813 ibidem
2021 1789 2219 1824 sequuntur:
2260 1796 2273 1810 «
2294 1781 2415 1821 Quidni

1300 1826 1301 1861 ]
1327 1837 1404 1867 ergo
1428 1827 1594 1868 potuerint
1610 1834 1737 1868 praesto
1758 1837 1826 1858 esse
1851 1827 2006 1869 Aquinati
2030 1828 2156 1859 codices
2180 1829 2285 1859 bonae
2310 1834 2415 1863 notae,

1300 1871 1301 1879 ¹
1328 1871 1359 1902 in
1385 1871 1504 1914 quibus
1528 1872 1646 1912 legeret
1670 1872 1857 1910 Silverium,
1884 1882 1949 1903 non
1967 1872 2159 1904 Silvestrum
2181 1882 2213 1903 »ε
2239 1880 2417 1914 potuerunt

1329 1915 1474 1958 profecto
1498 1924 1626 1958 praesto
1651 1927 1729 1953 esse,
1747 1917 1802 1948 sed
1817 1916 1895 1959 quid
1918 1917 1942 1948 si
1960 1918 2087 1949 traditio
2105 1918 2271 1949 Secundae
2296 1918 2415 1949 Secun-

1328 1962 1387 1993 dae
1411 1961 1603 1994 Silvestrum
1634 1961 1754 1994 indicat
1777 1969 1904 2004 praesto
1935 1961 2053 1994 fuisse?
2077 1963 2176 2002 Quod
2201 1963 2286 1994 idem
2312 1963 2414 1994 addit:

1301 2029 1302 2032 ,
1332 2020 1347 2035 ι
1366 2007 1570 2039 Facillimum
1588 2017 1721 2050 quoque
1739 2007 1800 2039 fuit
1816 2015 1852 2039 ut
1867 2007 2000 2039 Silverii
2015 2019 2146 2045 nomen,
2161 2008 2244 2040 notis
2262 2019 2414 2049 compen-

1329 2052 1436 2083 diariis
1467 2060 1649 2089 exaratum,
1675 2053 1946 2084 commutaverint
1972 2053 2004 2084 in
2029 2053 2220 2085 silvestrum
2246 2054 2417 2085 oscitantes

1302 2104 1303 2130 1
1330 2105 1386 2128 aut
1398 2097 1538 2138 imperiti
1553 2097 1683 2134 librarii,
1697 2097 1791 2129 sicuti
1803 2098 1836 2129 in
1850 2098 1998 2137 Decreto,
2012 2098 2054 2130 ita
2066 2099 2099 2130 in
2116 2105 2226 2130 sancto
2239 2099 2368 2130 Thoma
2390 2115 2416 2136 ψ»,

1330 2142 1415 2174 istud
1431 2142 1594 2174 verissime
1611 2142 1733 2174 dictum
1750 2150 1807 2174 est.
1825 2143 1887 2174 Pro
1904 2143 2074 2175 traditione
2091 2144 2198 2185 operis
2214 2144 2246 2175 S.
2268 2144 2417 2176 Thomae

1330 2187 1462 2224 accedit,
1487 2188 1577 2230 quod
1602 2198 1660 2219 nec
1685 2187 1852 2219 oscitantia
1877 2198 1934 2219 nec
1959 2188 2118 2230 imperitia
2143 2188 2345 2221 librariorum
2371 2200 2417 2220 re-

1332 2233 1479 2275 quiratur
1509 2241 1546 2264 ut
1581 2243 1685 2265 unum
1722 2243 1843 2264 nomen
1877 2243 1935 2274 pro
1969 2233 2032 2264 alio
2064 2234 2268 2271 scriberetur;
2302 2234 2419 2266 sufficit

1331 2278 1419 2309 enim
1443 2279 1483 2310 ad
1507 2286 1610 2310 totam
1635 2278 1841 2310 traditionem
1858 2288 1962 2310 errore
1982 2279 2196 2310 infestandam
2218 2286 2253 2311 ut
2278 2290 2362 2311 unus
2382 2280 2418 2310 li—

1331 2324 1464 2361 brarius,
1481 2324 1574 2367 isque
1597 2324 1697 2358 solers
1717 2331 1748 2355 et
1764 2323 1895 2365 peritus,
1914 2323 1994 2355 falso
2021 2325 2140 2365 legerit.
2166 2325 2228 2356 Sed
2253 2324 2417 2356 librarium

1332 2379 1439 2400 revera
1452 2379 1582 2406 errasse,
1600 2370 1686 2400 unde
1700 2370 1763 2400 hoc
1776 2369 1848 2411 quis
1862 2367 1973 2400 novit?
1994 2369 2106 2401 Codex
2117 2369 2288 2401 Brixiensis
2301 2371 2418 2413 (cuius,

1332 2414 1460 2451 scilicet,
1490 2430 1503 2443 ι
1520 2423 1660 2447 vetustas
1678 2414 1838 2456 colligitur
1857 2425 1893 2445 ex
1911 2415 2005 2446 titulo
2013 2415 2140 2457 fratris
2161 2416 2312 2454 Thomae,
2339 2427 2418 2447 non-

1332 2460 1412 2491 dum
1432 2460 1551 2492 scilicet
1575 2471 1662 2492 sacra
1687 2460 1797 2492 donati
1821 2459 2038 2503 apotheosi»)
2064 2461 2139 2501 legit
2162 2460 2272 2499 Silur;
2303 2476 2316 2490 ι
2337 2472 2419 2503 quae

1333 2513 1410 2537 nota
1434 2505 1674 2548 compendiaria
1699 2515 1755 2536 cur
1771 2516 1838 2537 non
1856 2505 1965 2547 potius
1989 2505 2164 2537 Silvert‘um
2186 2506 2304 2537 indicat
2320 2517 2418 2548 quam

1332 2551 1555 2583 Silvestrum?
1574 2565 1588 2579 ι
1616 2551 1701 2582 Huic
1725 2550 1906 2592 quaestioni
1924 2559 2059 2582 stemma
2077 2551 2227 2582 codicum
2252 2551 2347 2592 plane
2371 2563 2419 2582 sa-

1333 2596 1463 2628 tisfacit:
1489 2597 1563 2628 ideo
1595 2596 1688 2628 Silur
1710 2604 1757 2628 est
1781 2596 1947 2635 Silvester‚
1973 2596 2048 2638 quia
2073 2597 2112 2627 ab
2142 2596 2234 2627 initio
2260 2597 2321 2627 hoc
2346 2597 2417 2627 scri—

1304 2654 1306 2685 ς
1333 2649 1426 2683 ptum
1451 2650 1507 2679 est,
1532 2652 1598 2674 non
1623 2642 1792 2673 silverius.
1816 2641 1902 2673 Cum
1928 2651 2004 2683 ergo
2022 2642 2112 2672 nullo
2130 2649 2320 2682 argumento
2346 2653 2418 2682 pro-

1333 2688 1426 2719 batur
1445 2688 1535 2730 quod
1559 2687 1591 2719 S.
1608 2687 1757 2718 Thomas
1773 2686 2118 2719 excommunicationis
2139 2686 2281 2718 fabulam
2307 2687 2345 2718 ad
2363 2687 2420 2718 Sil-

1332 2732 1457 2764 verium
1482 2732 1639 2774 pertinere
1664 2731 1804 2769 sciverit,
1829 2732 1902 2764 ideo
1927 2742 2068 2763 errorem
2092 2742 2129 2763 ex
2153 2732 2278 2763 Decreti
2310 2733 2418 2763 codice

1334 2778 1442 2820 potius
1454 2788 1553 2820 quam
1570 2788 1606 2809 ex
1623 2778 1726 2819 prima
1746 2777 1911 2809 Secundae
1929 2778 2094 2809 Secundae
2111 2777 2324 2819 descriptione
2345 2788 2419 2818 sup-

1334 2823 1488 2865 ponimus
1503 2823 1588 2859 oriri,
1613 2830 1653 2859 et,
1678 2823 1768 2854 salvo
1793 2833 1869 2854 sane
1894 2823 2008 2854 erroris
2034 2822 2144 2859 dubio,
2162 2822 2318 2854 Silvester
2341 2823 2418 2853 ado—

1334 2876 1474 2910 ptamus.
1492 2887 1513 2892 -
1538 2869 1660 2899 Eadem
1681 2868 1814 2904 ratione,
1839 2869 1915 2910 quia
1940 2868 2058 2899 scilicet
2083 2867 2208 2899 codices
2234 2868 2272 2899 ab
2297 2868 2419 2908 origine

1335 2915 1512 2956 ponderare
1537 2924 1730 2955 possumus,
1757 2913 1821 2951 Qu.
1847 2924 1868 2944 ιι
1892 2921 1948 2945 art.
1975 2924 2016 2943 vn
2040 2913 2079 2944 ad
2108 2914 2136 2944 3.
2163 2924 2229 2944 non
2254 2913 2419 2944 haesitavi-

1305 2852 1307 2905 l

1306 2940 1309 2999 l
1335 2970 1409 2991 mus
1440 2959 1544 3000 legere
1572 2959 1691 2997 Irene;
1719 2958 1868 3000 quamvis
1897 2959 1984 2989 enim
2012 2958 2142 2989 Helena
2172 2958 2281 2989 tertiae
2313 2959 2420 2990 classis

191 3006 337 3037 valorem
359 3007 476 3038 habere
500 3006 612 3047 possit.
636 3004 807 3038 Lectiones
824 3015 900 3047 ergo
916 3013 1103 3037 nostrorum
1128 3006 1279 3038 codicum

1335 3005 1523 3037 auctoritate
1554 3004 1734 3045 insignitur,
1760 3003 1945 3044 praevalens
1969 3011 2075 3035 tamen
2101 3003 2222 3044 primae
2250 3004 2420 3034 auctoritas

1336 3051 1443 3082 Irenae
1467 3049 1624 3081 maiorem
1644 3047 1742 3080 fidem
1759 3048 1843 3080 facit.
1870 3049 1901 3080 Si
1927 3059 2002 3080 vero
2027 3056 2057 3080 et
2082 3048 2184 3089 prima
2212 3062 2226 3076 ι
2247 3057 2356 3080 contra
2374 3048 2419 3079 hi-

1336 3095 1451 3127 storiae
1475 3095 1573 3126 fidem
1593 3108 1606 3122 ιι
1635 3093 1698 3138 (De
1718 3094 1838 3125 Rubeis
1863 3094 1895 3125 in
1920 3093 1994 3125 edit.
2012 3094 2181 3136 Summae)
2206 3094 2332 3135 legisset
2356 3094 2419 3124 He-

1334 3142 1454 3180 lenam,
1468 3151 1535 3183 quo
1552 3140 1620 3171 iure
1637 3139 1875 3180 scripsissemus
1892 3137 2044 3171 alteram?
2064 3141 2116 3170 An
2136 3139 2212 3180 quia
2239 3152 2253 3166 <1
2269 3139 2420 3170 Enormis

1337 3187 1433 3218 cubat
1449 3196 1536 3218 error
1555 3185 1587 3216 in
1605 3185 1737 3216 nomine
1755 3184 1896 3215 Helenae
1917 3198 1929 3211 »
1958 3182 2057 3227 (idem
2083 3184 2114 3214 in
2140 3181 2306 3227 Dissert.)?
2336 3184 2421 3215 Tam

1337 3232 1419 3263 duro
1444 3231 1616 3263 criticismo
1641 3230 1779 3261 tenuitas
1803 3229 1972 3271 apologiae
1990 3240 2046 3269 par
2070 3239 2136 3259 esse
2162 3229 2255 3260 nobis
2280 3229 2420 3260 videtur:

1340 3291 1354 3305 ε
1375 3277 1498 3308 Irenem
1523 3275 1683 3316 scripsisse
1708 3275 1874 3306 Thomam
1898 3275 2023 3305 codices
2054 3284 2130 3304 mss.
2156 3274 2316 3306 evincunt.
2343 3274 2421 3305 Mihi

1336 3322 1401 3353 duo
1432 3328 1558 3362 praesto
1584 3320 1745 3351 fuerunt...
1776 3320 1902 3350 Similes
1926 3319 2006 3350 alios
2031 3325 2135 3349 extare
2159 3319 2191 3349 in
2215 3319 2422 3351 Bibliothecis

1338 3367 1446 3398 nullus
1465 3366 1588 3397 dubito.
1605 3378 1619 3391 ι
1635 3366 1704 3396 Nos
1720 3374 1787 3395 non
1801 3364 1972 3401 credimus,
1985 3371 2171 3395 veneratum
2190 3372 2336 3396 nostrum
2355 3365 2422 3396 Do-

1338 3420 1459 3443 ctorem
1484 3411 1660 3446 Thomam,
1678 3410 1729 3441 cui
1755 3416 1824 3440 toto
1842 3409 1952 3440 animo
1968 3409 2188 3446 adhaeremus,
2207 3411 2246 3440 ab
2263 3410 2324 3440 alia
2344 3420 2421 3450 qua<

1338 3467 1402 3499 qua
1426 3467 1458 3488 re
1483 3455 1576 3487 nobis
1601 3455 1841 3486 defendendum
1858 3465 1926 3486 esse
1943 3454 2003 3485 nisi
2020 3465 2037 3485 a
2053 3454 2186 3485 librariis
2211 3463 2242 3486 et
2266 3462 2421 3486 correcto-

1338 3503 1435 3534 ribus.
1451 3502 1557 3532 Textu
1574 3507 1749 3532 restaurato
1767 3499 1880 3541 qualis,
1898 3499 2067 3532 traditione
2083 3511 2250 3541 sponsore,
2268 3501 2307 3531 ab
2331 3500 2422 3530 initio

1338 3547 1408 3583 fuit,
1434 3557 1568 3578 munere
1592 3545 1693 3577 functi
1710 3545 1839 3582 erimus,
1865 3545 1943 3587 quin
1969 3545 2000 3575 in
2027 3545 2120 3575 rebus
2138 3545 2296 3576 historicis
2321 3545 2423 3586 philo-

1337 3592 1450 3634 logieis
1475 3598 1506 3623 et
1529 3602 1626 3622 omne
1646 3590 1678 3621 id
1701 3600 1804 3632 genus
1828 3590 1948 3621 auxilio
1966 3600 2121 3621 vocamus
2145 3590 2340 3631 apologiam,
2358 3600 2422 3631 qua

1338 3648 1397 3669 nec
1420 3637 1451 3669 S.
1469 3637 1615 3668 Thomas
1635 3642 1715 3677 eget,
1733 3645 1791 3667 nec
1815 3643 1923 3666 nostra
1943 3642 2042 3667 aetate
2062 3636 2196 3677 aequior
2215 3635 2421 3666 cordatorum

1339 3683 1483 3714 virorum
1514 3681 1704 3712 aestimatio.
1737 3679 1820 3718 Quis
1850 3680 1935 3711 enim
1969 3680 2117 3711 cordatus
2149 3691 2235 3711 nunc
2263 3680 2421 3710 Helenam

2264 3743 2278 3766 b
