2768 4198
38 909 166 933 'Nun-1.

38 2326 51 2338 ⁸
67 2324 139 2348 Num.
154 2331 181 2349 n.

953 249 1222 295 QUAEST1O
1252 249 1408 295 CLXII,
1437 249 1735 286 ARTICULUS
1766 249 1816 286 ιν

281 338 361 359 num
391 339 458 370 quo
489 336 581 360 caret.
607 329 746 360 Contra:
775 327 800 358 si
825 327 911 357 dives
935 327 1063 367 aliquis,
1088 337 1161 358 vera
1185 327 1223 357 de
1248 337 1279 357 se
1304 337 1354 357 ae-

281 373 413 403 stimans
437 380 595 414 quantum
619 373 659 403 ad
682 372 891 413 quantitatem
916 371 1114 407 divitiarum,
1139 371 1292 411 praeferat
1320 382 1352 402 se

281 424 411 458 propter
435 418 558 448 divitias
581 417 654 447 viris
678 416 796 452 doctis,
821 422 867 446 est
894 416 1059 455 superbus.
1093 416 1133 446 Et
1156 423 1261 446 tamen
1286 426 1351 446 non

281 469 405 502 arrogat
428 462 486 492 sibi
510 462 634 492 bonum
658 471 695 491 ex
718 470 785 501 quo
809 459 953 500 sequitur
977 460 1178 496 excellentia,
1203 461 1257 490 sed
1285 467 1352 490 tan-

281 513 351 537 tum
368 506 584 536 excellentiam
600 505 713 546 ipsam.
738 505 824 544 Ergo
841 506 929 534 tertia
946 504 1064 545 species
1081 515 1147 535 non
1163 504 1353 535 sufficienter

280 550 456 590 assignatur
489 560 585 590 penes
615 548 826 588 arrogantiam
855 548 930 578 boni
961 550 1001 579 ad
1028 549 1118 590 quod
1146 549 1353 589 consequitur
1377 579 1379 593 ἶ

281 594 471 625 excellentia.

335 639 377 669 Et
399 637 614 669 confirmatur.
640 637 724 674 Quia
747 636 890 677 defensio
908 643 1130 678 peccatorum,
1154 637 1293 672 rebellio,
1315 637 1350 667 li-
1377 666 1379 674 ι

280 683 397 720 bertas,
422 682 617 713 consuetudo
630 681 799 722 peccandi,
821 688 895 712 sunt
917 683 1033 722 gradus
1048 681 1223 721 superbiae,
1240 691 1352 711 secun·
1377 697 1378 708 η

280 727 359 758 dum
381 726 579 757 Bernardum
594 726 621 757 *.
655 726 696 756 Et
722 732 828 756 tamen
855 737 921 757 non
945 726 1051 756 omnis
1082 726 1254 756 defendens
1279 735 1351 766 pec·
1377 731 1378 744 *

280 777 362 807 cata,
379 777 448 806 etc„
473 777 598 811 arrogat
621 770 679 800 sibi
703 770 827 800 bonum
851 781 918 812 quo
943 777 1040 801 caret:
1071 771 1127 801 sed
1150 770 1227 800 haec
1251 780 1350 811 quan·
1376 777 1378 789 ¹

279 816 388 856 doque
411 814 603 854 contingunt
626 825 662 845 ex
686 821 830 854 arrogata
854 815 1046 846 excellentia.

336 859 389 890 111.
414 859 465 890 Ad
493 859 570 890 haec
602 859 715 890 dicitur
744 859 833 900 quod
862 859 1039 900 arrogantia
1070 858 1236 899 dupliciter
1266 858 1350 888 sumi

278 909 385 944 potest
394 903 422 934 *.
442 903 560 940 Primo,
574 913 633 944 pro
649 911 721 934 actu
741 904 920 943 superbiae:
941 904 1074 945 quilibet
1093 903 1179 934 enim
1195 903 1350 943 superbus

279 947 388 989 aliquo
413 948 512 979 modo
536 948 594 979 sibi
618 948 728 979 tribuit
742 958 809 988 quo
826 955 918 979 caret.
943 949 985 979 Et
1007 948 1082 989 quia
1099 954 1351 978 consentaneum

1377 994 1379 1000 ’
1405 992 1468 1022 riae
1493 992 1613 1023 dictum
1637 999 1684 1023 est
1701 993 1719 1012 *
1742 1002 1779 1023 ex
1793 995 1933 1024 Auctore
1956 993 1989 1023 in
2012 1003 2052 1023 xv
2075 1004 2129 1034 qu.
2146 994 2180 1013 **
2195 994 2236 1024 de
2251 995 2363 1024 Malo:
2377 1011 2397 1016 —
2414 993 2474 1024 sci-

279 999 326 1023 est
349 999 385 1023 ut
408 999 497 1023 actus
520 999 660 1033 ponatur
682 993 878 1034 quandoque
903 1003 961 1033 pro
976 993 1054 1022 vitio
1079 992 1169 1023 cuius
1186 999 1232 1022 est
1251 999 1349 1027 actus,

278 1037 352 1068 inde
377 1043 424 1067 est
446 1038 536 1078 quod
560 1036 733 1077 Gregorius
752 1037 907 1077 superbos
923 1043 1104 1076 arrogantes
1120 1037 1255 1067 vocavit.
1280 1035 1350 1066 Fal·
1376 1063 1378 1075 ,

1376 1084 1378 1092 '
1405 1081 1496 1111 citer:
1521 1081 1638 1111 scilicet
1661 1091 1698 1111 ex
1721 1087 1808 1121 parte
1825 1088 1913 1112 actus
1937 1082 2114 1112 secundum
2133 1091 2182 1118 se;
2207 1089 2238 1112 et
2253 1092 2290 1112 ex
2313 1089 2402 1122 parte
2417 1092 2474 1122 ap-

279 1091 352 1112 sum
380 1088 427 1112 est
454 1091 529 1121 ergo
562 1081 652 1122 quod
675 1091 742 1112 non
766 1081 932 1120 superbiae
955 1081 1074 1120 species
1106 1087 1214 1120 ponat.
1239 1097 1260 1103 —
1284 1080 1350 1110 Nec

279 1125 419 1156 Isidorus
449 1125 590 1156 distinxit
616 1132 653 1156 ut
682 1125 821 1166 speciem
851 1135 869 1155 a
897 1125 1016 1165 specie:
1052 1124 1106 1154 sed
1137 1130 1172 1154 ut
1202 1130 1309 1154 actum
1333 1133 1351 1153 a

277 1169 375 1205 vitio;
406 1169 456 1199 vel
487 1176 523 1200 ut
545 1176 650 1200 actum
676 1169 899 1200 secundarium
930 1179 947 1198 a
971 1168 1138 1208 primario,
1164 1174 1241 1207 puta
1275 1167 1350 1208 quia

277 1213 401 1253 primus
429 1213 594 1254 superbiae
623 1219 726 1249 actus,
751 1223 818 1254 quo
846 1213 994 1253 superbia
1017 1212 1146 1248 dicitur,
1172 1219 1218 1242 est
1241 1221 1350 1251 super·
1376 1226 1377 1238 ι

1376 1281 1378 1289 ,
1405 1257 1559 1297 petentis,
1584 1267 1621 1287 ex
1647 1258 1746 1288 modo
1778 1258 1947 1298 appetendi
1977 1259 2203 1289 consideratur.
2236 1259 2277 1289 Et
2307 1266 2474 1299 propterea

240 1339 243 1340 ⁷
272 1300 685 1340 saeAd-eonfirmationem
709 1301 823 1332 dicitur
846 1301 935 1342 quod
959 1311 1026 1331 non
1041 1307 1102 1331 stat
1123 1300 1264 1341 aliquem
1284 1309 1351 1330 esse
1376 1330 1378 1335 ,

277 1345 464 1387 superbum,
488 1352 519 1376 et
542 1345 621 1376 nihil
644 1345 703 1375 sibi
726 1355 882 1385 arrogare.
912 1345 954 1375 Et
975 1345 1016 1375 ad
1039 1344 1264 1385 probationem
1289 1343 1350 1384 pri—
1376 1340 1378 1361 ἶ

277 1257 332 1294 ire,
357 1263 388 1288 et
410 1266 448 1288 ex
469 1257 532 1287 hoc
556 1257 695 1287 nascitur
718 1266 864 1297 arrogare
888 1256 947 1287 sibi
970 1266 1036 1297 quo
1057 1262 1148 1287 caret.

277 1400 376 1427 mam,
401 1389 440 1420 de
463 1389 611 1430 superbia
634 1389 787 1429 theologi,
811 1389 1023 1430 respondetur
1038 1389 1128 1429 quod
1147 1395 1272 1428 arrogat
1291 1387 1350 1418 sibi

277 1434 434 1466 maiorem
456 1433 673 1465 excellentiam
692 1444 791 1475 quam
807 1434 936 1465 habeat:
961 1433 1116 1474 quoniam
1134 1432 1276 1463 attribuit
1292 1432 1350 1462 sibi

277 1478 494 1511 excellentiam
515 1485 551 1509 ut
572 1478 730 1509 rationem
750 1478 1006 1518 despicabilitatis
1025 1477 1173 1514 aliorum,
1198 1485 1349 1518 tanquam

277 1523 330 1555 alii
357 1523 437 1554 nihil
461 1523 523 1554 sint
545 1522 579 1553 in
602 1523 841 1563 comparatione
864 1523 904 1553 ad
927 1522 1046 1562 ipsum.
1077 1521 1212 1553 Constat
1243 1528 1351 1552 autem

278 1568 369 1610 quod
399 1568 495 1608 longe
518 1567 622 1598 maior
644 1567 828 1598 aestimatur
852 1566 1035 1598 excellentia
1061 1576 1143 1607 quae
1168 1566 1352 1597 aestimatur
1377 1591 1378 1595 ,

277 1619 366 1644 tanta
389 1619 425 1644 ut
447 1612 480 1643 in
504 1612 743 1652 comparatione
767 1612 835 1643 eius
859 1611 911 1642 alii
942 1611 1032 1652 quasi
1057 1611 1137 1641 nihil
1160 1610 1231 1642 sint.
1263 1611 1351 1642 Sicut
1377 1630 1379 1634 .

277 1657 310 1688 in
334 1656 463 1688 veritate
487 1656 670 1688 excellentia
693 1656 747 1687 illa
770 1656 861 1687 cuius
881 1655 1120 1696 comparatione
1144 1662 1246 1686 cetera
1270 1655 1350 1686 offu-

277 1707 405 1733 scantur
429 1708 459 1732 et
482 1701 574 1742 quasi
597 1701 676 1732 nihil
695 1708 779 1738 sunt,
802 1701 899 1740 longe
915 1700 1018 1731 maior
1037 1707 1084 1731 est
1106 1700 1284 1731 secundum
1300 1710 1351 1730 ve-

277 1745 402 1777 ritatem
432 1755 531 1787 quam
555 1745 634 1776 alia:
659 1746 745 1776 unde
769 1752 813 1782 et,
838 1745 980 1775 divinam
1003 1744 1157 1776 iustitiam
1186 1754 1351 1775 commen-

278 1790 398 1827 dantes,
419 1790 568 1821 dicimus:
598 1790 776 1821 Universae
799 1790 941 1821 iustitiae
954 1794 1085 1820 nostrae
1106 1790 1201 1830 quasi
1217 1798 1352 1829 pannus

218 1857 225 1863 .
278 1840 500 1866 menstruatae
513 1834 541 1866 *.
557 1852 579 1858 -
603 1835 643 1865 Et
658 1844 714 1875 per
729 1834 792 1865 hoc
807 1841 893 1874 patet
912 1834 1032 1864 solutio
1048 1833 1178 1864 secundi
1194 1843 1296 1871 casus,
1313 1833 1352 1864 de

278 1879 426 1920 superbia
449 1879 618 1910 iactatoris.
650 1879 772 1909 Eadem
797 1878 955 1919 siquidem
979 1878 1118 1914 ratione,
1143 1877 1352 1918 apprehendit

278 1923 496 1956 excellentiam
512 1933 604 1954 suam
624 1923 789 1959 maiorem,
813 1929 844 1953 et
858 1922 958 1954 utitur
972 1923 1026 1953 illa
1050 1930 1086 1953 ut
1108 1922 1230 1953 maiore
1253 1932 1352 1963 quam

277 1968 334 2000 sit:
354 1968 429 2009 quia
442 1975 477 1999 ut
491 1967 613 1998 ratione
625 1967 880 2008 despicabilitatis
893 1967 1040 1998 aliorum.
1054 1985 1074 1990 -
1088 1967 1230 2008 Uterque
1244 1974 1352 1998 tamen

278 2012 397 2043 horum
421 2018 531 2053 peccat
553 2012 731 2042 secundum
755 2018 901 2053 quartam
923 2012 1088 2052 superbiae
1105 2011 1253 2053 speciem,
1277 2021 1351 2053 pro-

278 2057 347 2098 prie
361 2056 542 2097 loquendo:
567 2056 643 2097 quia
658 2066 725 2087 non
741 2066 838 2096 penes
854 2057 978 2087 bonum
994 2056 1151 2092 habitum,
1176 2056 1230 2086 sed
1255 2066 1351 2096 penes

278 2101 416 2132 modum
439 2101 576 2132 habendi
591 2100 673 2131 illud
692 2101 826 2137 bonum,
847 2101 1024 2132 aestimatio
1039 2100 1255 2132 excellentiam
1280 2100 1351 2131 fun-

279 2146 342 2177 dat.
365 2146 522 2176 Aestimat
538 2145 696 2186 siquidem
720 2153 854 2186 uterque
870 2146 994 2176 bonum
1018 2145 1109 2186 quod
1132 2144 1226 2175 habet
1248 2144 1291 2175 ita
1314 2144 1351 2175 il-

278 2190 410 2221 lustrius
439 2190 554 2220 habere
582 2196 618 2221 ut
647 2189 740 2220 ceteri
769 2190 979 2220 obscurentur
1010 2199 1118 2220 coram
1149 2199 1198 2220 eo.
1230 2189 1351 2226 Quarta

278 2241 387 2266 autem
410 2234 530 2275 species
553 2244 650 2275 penes
674 2234 810 2265 modum
825 2234 962 2265 habendi
978 2233 1125 2270 sumitur,
1150 2240 1186 2264 ut
1209 2239 1296 2273 patet
1317 2233 1351 2263 in

278 2278 392 2310 littera.

334 2323 389 2355 lv.
413 2323 465 2354 Ad
487 2323 667 2354 secundum
681 2322 698 2341 *
721 2322 837 2354 dicitur
859 2323 949 2363 quod
965 2325 1087 2353 Auctor
1105 2322 1186 2352 bene
1205 2321 1352 2353 fundavit

278 2367 398 2408 species
420 2367 505 2403 istas,
530 2366 689 2407 explicans
713 2374 744 2398 et
758 2366 919 2398 obiectum
938 2366 1114 2407 superbiae,
1138 2366 1227 2407 quod
1252 2367 1351 2397 excel-

277 2411 375 2443 lentia
397 2418 459 2448 est;
484 2418 515 2442 et
538 2421 666 2442 causam
690 2411 786 2448 illius,
811 2421 894 2452 quae
917 2418 964 2442 est
985 2412 1110 2442 bonum
1134 2410 1295 2448 habitum;
1321 2418 1352 2442 et

276 2455 318 2487 ad
340 2455 460 2487 radices
483 2456 654 2496 attingens,
679 2465 716 2486 ex
739 2456 827 2486 bono
851 2456 940 2497 quod
965 2463 1012 2487 est
1035 2466 1129 2486 causa
1153 2455 1350 2486 diversarum

277 2500 466 2541 specierum,
487 2500 666 2540 appetitum
685 2500 886 2532 excellentiae
901 2500 1099 2531 monstravit.
1124 2500 1174 2530 Ad
1193 2500 1226 2530 id
1241 2507 1350 2531 autem

277 2545 367 2586 quod
390 2544 539 2575 obiicitur
562 2551 672 2575 contra
698 2544 822 2575 tertiam
847 2545 1003 2585 speciem,
1027 2545 1103 2585 quia
1128 2544 1288 2575 invenitur
1306 2544 1350 2576 ibi

277 2599 422 2629 arrogare
435 2589 652 2619 excellentiam
669 2595 700 2619 et
715 2598 781 2619 non
798 2589 932 2626 bonum,
946 2589 1156 2629 respondetur
1171 2589 1349 2629 dupliciter.

277 2634 404 2670 Primo,
428 2643 485 2674 per
506 2633 798 2673 interemptionem.
830 2633 871 2664 Et
899 2634 938 2664 ad
969 2643 1079 2664 casum
1109 2633 1148 2663 de
1171 2634 1350 2673 arrogantia

277 2677 399 2714 divitis,
424 2677 538 2708 dicitur
560 2677 650 2718 quod
673 2677 759 2713 talis,
782 2677 855 2708 licet
879 2688 945 2708 non
969 2684 1093 2718 arroget
1116 2677 1175 2708 sibi
1204 2678 1277 2718 plus
1301 2678 1349 2708 di-

276 2722 426 2754 vitiarum
450 2731 548 2763 quam
572 2722 702 2758 habeat,
727 2728 853 2762 arrogat
883 2729 989 2753 tamen
1014 2722 1072 2752 sibi
1103 2722 1175 2762 plus
1199 2722 1276 2752 boni
1300 2732 1348 2753 se-

278 2767 421 2798 cundum
445 2766 568 2797 divitias
592 2776 690 2807 quam
714 2766 837 2797 habeat.
861 2767 1018 2798 Aestimat
1033 2766 1119 2797 enim
1144 2776 1176 2796 se
1193 2767 1348 2798 maiorem

277 2821 345 2843 esse
368 2821 406 2842 ex
429 2810 545 2841 divitiis
568 2820 667 2852 quarn
691 2810 731 2841 sit
754 2821 791 2841 ex
806 2810 883 2841 illis:
909 2811 1064 2852 quoniam
1087 2810 1232 2842 aestimat
1255 2821 1288 2842 se
1311 2821 1349 2842 ex

277 2855 393 2887 divitiis
416 2855 494 2886 tanti
525 2862 561 2886 ut
584 2855 636 2885 alii
661 2855 870 2885 obscurentur
896 2855 929 2885 in
955 2855 1193 2896 comparatione
1217 2855 1277 2887 sui.
1308 2856 1349 2887 Et

276 2910 372 2941 super
395 2900 449 2931 tali
472 2900 692 2931 aestimatione
716 2899 867 2930 fundatur
890 2900 1050 2940 appetitus
1074 2899 1293 2936 excellentiae,
1318 2907 1349 2931 et

276 2951 480 2985 contemptus
503 2944 651 2975 aliorum.
676 2944 717 2974 Et
740 2944 765 2974 si
790 2944 1000 2984 perspicacius
1023 2944 1177 2981 videatur,
1202 2944 1348 2975 aestimat

276 2999 309 3020 se
325 2989 439 3020 habere
456 2999 493 3019 ex
508 2989 623 3019 divitiis
645 2989 771 3019 bonum
786 2989 874 3029 quod
899 2999 965 3019 non
990 2989 1100 3020 habet:
1121 2988 1276 3030 quoniam
1296 2999 1348 3019 ae-

276 3034 383 3064 stimat
404 3043 437 3064 se
456 3033 571 3064 habere
589 3034 714 3063 bonum
733 3033 765 3063 in
781 3033 872 3064 cuius
888 3033 1126 3073 comparatione
1143 3033 1268 3063 obscuri
1285 3033 1348 3064 sint

276 3078 380 3109 ceteri.
404 3078 446 3109 Et
468 3085 635 3118 propterea
658 3077 774 3108 directe
797 3084 906 3118 peccat
929 3078 1107 3108 secundum
1130 3077 1255 3108 tertiam
1278 3087 1348 3117 spe-

277 3122 375 3152 ciem:
399 3122 554 3163 quoniam
578 3132 673 3162 super
693 3121 911 3153 aestimatione
936 3122 1012 3152 boni
1032 3132 1098 3152 non
1125 3121 1223 3152 habiti
1247 3122 1348 3152 excel-

276 3165 391 3196 lentiae
413 3166 572 3207 appetitus
596 3166 757 3197 fundatur.

332 3209 480 3240 Secundo
496 3210 610 3242 dicitur
631 3211 729 3252 quod,
748 3211 823 3252 quia
839 3210 983 3241 eiusdem
1000 3210 1098 3240 moris
1115 3217 1161 3240 est
1178 3209 1347 3241 attribuere

278 3253 336 3283 sibi
359 3253 410 3284 vel
432 3254 556 3285 bonum
579 3265 645 3295 quo
670 3262 766 3292 caret,
791 3255 841 3286 vel
865 3255 1081 3286 excellentiam
1105 3265 1168 3295 qua
1193 3261 1292 3290 caret,
1317 3260 1348 3284 et

277 3297 354 3328 haec
378 3298 560 3329 naturaliter
582 3309 616 3330 se
639 3299 756 3331 habent
779 3307 814 3330 ut
838 3299 966 3330 effectus
990 3306 1021 3330 et
1045 3307 1156 3329 causa:
1182 3298 1254 3329 ideo
1278 3300 1347 3328 Au·
1388 3306 1390 3309 ’

278 3348 355 3378 ctor,
381 3342 566 3382 explicando
590 3344 714 3374 tertiam
737 3344 876 3384 speciem
900 3354 957 3385 per
971 3344 1096 3374 bonum
1120 3343 1201 3373 falso
1217 3342 1348 3373 attribu-

277 3392 365 3421 tum,
389 3386 516 3427 reliquit
545 3397 604 3427 pro
629 3387 799 3419 manifesto
821 3389 861 3419 ad
885 3388 1020 3419 eandem
1043 3387 1182 3428 speciem
1207 3393 1347 3427 spectare

278 3429 495 3461 excellentiam
519 3430 600 3461 falso
624 3432 807 3463 attributam
835 3433 954 3473 absque
978 3432 1189 3463 fundamento
1213 3431 1347 3461 alicuius

278 3474 355 3505 boni
379 3474 467 3505 aliter
490 3475 655 3506 aestimati.
684 3476 725 3506 Et
754 3476 832 3507 haec
861 3477 992 3517 quidem
1015 3477 1183 3517 responsio
1207 3475 1346 3506 facilior:

278 3519 381 3560 prima
405 3525 513 3549 autem
536 3519 692 3556 subtilior,
717 3527 748 3550 et
770 3520 892 3551 veritati
914 3521 1069 3552 innititur.

333 3563 384 3594 Ad
408 3562 695 3600 confirmationem,
712 3564 750 3594 de
765 3563 951 3604 defensione
967 3570 1188 3605 peccatorum,
1207 3571 1276 3600 etc„
1300 3563 1347 3594 di-

40 3603 50 3614 *
63 3603 89 3625 ¹¹¹
102 3610 164 3633 ΜΡ·
184 3605 214 3628 ⁸⁶¹
227 3612 251 3633 4·
278 3606 359 3638 citur
391 3608 498 3649 quod,
522 3614 559 3639 ut
589 3610 711 3638 Auctor
740 3607 814 3638 dicit
831 3607 864 3644 *,
889 3616 1056 3648 ponuntur
1078 3609 1160 3640 inter
1182 3608 1348 3649 superbiae

2399 250 2473 297 319

1409 328 1523 367 gradus
1547 335 1578 359 et
1601 328 1816 359 antecedentia
1832 336 1862 359 et
1879 328 2105 369 consequentia
2122 329 2313 369 superbiam.
2339 329 2379 359 Et
2403 340 2475 369 pro-

1408 380 1514 412 pterea
1544 383 1610 403 non
1634 380 1761 413 oportet
1790 373 1822 403 in
1847 373 1896 403 his
1920 373 2092 403 sollicitum
2123 373 2309 414 quempiam
2334 383 2410 403 esse.
2442 374 2475 404 Si

1409 417 1479 457 quis
1510 424 1616 447 tamen
1650 418 1799 447 reducere
1829 418 1923 448 vellet
1952 417 2170 458 defensionem
2195 422 2404 458 peccatorum
2436 418 2476 448 ad

1408 462 1532 491 bonum
1562 461 1780 497 innocentiae,
1810 461 2013 492 rebellionem
2039 462 2077 492 ad
2108 462 2232 492 bonum
2256 461 2416 498 libertatis,
2446 468 2476 492 et

1407 505 1607 535 huiusmodi:
1633 505 1723 536 facile
1748 513 1865 546 posset.

1465 550 1502 580 V.
1529 550 1562 580 In
1592 550 1707 580 eodem
1735 550 1868 581 articulo
1897 557 2026 591 quarto,
2057 550 2138 581 circa
2161 550 2281 590 species
2310 550 2475 590 superbiae

1408 594 1541 624 dubium
1566 594 1712 630 occurrit,
1736 595 1812 635 quia
1835 605 1901 625 non
1918 594 2042 625 videtur
2064 595 2152 635 quod
2172 594 2291 635 speeies
2311 594 2476 634 superbiae

1406 637 1468 668 sint
1491 637 1681 669 sufficienter
1704 646 1916 669 enumeratae.
1940 639 2023 669 Nam
2043 639 2204 670 ardentior
2219 639 2378 679 appetitus
2402 648 2475 679 pro-

1406 682 1491 722 priae
1515 683 1714 713 excellentiae
1737 693 1828 713 verae
1852 690 1883 714 et
1906 683 2084 723 recognitae
2103 694 2121 714 a
2140 684 2210 714 Deo
2227 693 2264 714 ex
2279 683 2387 724 gratia,
2409 683 2476 713 sine

1406 737 1614 767 quocumque
1638 728 1724 757 malo
1749 728 1848 758 modo
1873 727 2019 764 habendi,
2042 734 2088 758 est
2111 735 2279 768 peccatum
2299 727 2475 768 superbiae.

1406 771 1447 801 Et
1469 778 1574 802 tamen
1598 771 1631 801 in
1655 771 1742 802 nulla
1766 772 1879 802 harum
1903 772 2090 812 specierum.
2122 773 2195 803 Hoc
2219 772 2305 802 enim
2329 778 2415 812 patet
2439 781 2476 802 ex

1406 815 1641 846 conditionibus
1660 823 1799 856 quatuor
1814 816 1978 856 appositis,
1996 816 2234 847 excludentibus
2249 822 2388 857 quatuor
2405 826 2475 856 spe-

1406 860 1477 890 cies.
1503 860 1585 890 Illud
1599 870 1686 896 vero,
1708 860 1825 891 scilicet
1848 861 1938 901 quod
1961 861 2001 891 sit
2024 867 2190 901 peccatum
2206 860 2381 901 superbiae,
2398 870 2474 891 con-

1405 910 1475 940 stat,
1500 904 1575 945 quia
1589 911 1636 935 est
1659 905 1863 935 inordinatus
1876 906 2037 945 appetitus
2053 906 2211 945 propriae
2226 905 2436 936 excellentiae
2445 904 2473 936 *.

1462 949 1511 978 Ad
1534 949 1597 979 hoc
1620 949 1754 979 breviter
1777 949 1891 979 dicitur
1914 950 2013 989 quod,
2039 949 2119 980 sicut
2138 950 2176 980 de
2193 949 2357 989 speciebus
2381 949 2475 980 luxu-

1404 1037 1477 1067 licet
1505 1037 1593 1077 quod
1622 1037 1815 1067 inordinatio
1839 1037 2005 1077 superbiae
2036 1044 2141 1077 potest
2164 1037 2346 1078 contingere
2370 1037 2473 1078 dupli-

1405 1125 1550 1164 petentis.
1572 1125 1766 1155 lnordinatio
1783 1125 1941 1166 siquidem
1958 1132 2046 1156 actus
2062 1127 2239 1156 secundum
2256 1136 2289 1156 se
2303 1126 2475 1157 attenditur

1405 1179 1502 1209 penes
1525 1169 1706 1205 obiectum,
1731 1170 1910 1199 secundum
1938 1170 2028 1200 cuius
2059 1170 2271 1200 diversitatem
2300 1170 2474 1210 assignatae

1405 1220 1480 1243 sunt
1501 1213 1579 1243 istae
1602 1219 1741 1254 quatuor
1764 1213 1897 1253 species:
1922 1214 2114 1245 inordinatio
2131 1222 2238 1245 autem
2263 1224 2300 1245 ex
2316 1221 2403 1254 parte
2420 1225 2474 1255 ap-

1405 1311 1471 1331 non
1499 1308 1546 1331 est
1576 1301 1692 1332 mirum
1725 1301 1750 1332 si
1778 1302 1964 1332 huiusmodi
1995 1303 2114 1342 species
2145 1303 2309 1343 superbiae
2337 1310 2474 1343 praeter-

1405 1345 1500 1375 missa
1524 1352 1571 1375 est
1594 1346 1632 1375 ab
1656 1345 1704 1375 his
1728 1345 1783 1386 qui
1804 1346 1843 1376 de
1857 1346 2004 1386 superbia
2028 1356 2065 1377 ex
2081 1354 2168 1387 parte
2185 1354 2273 1378 actus
2297 1347 2474 1377 secundum

1405 1399 1438 1419 se
1461 1396 1682 1420 tractaverunt.

1462 1433 1515 1464 vl.
1541 1434 1576 1463 In
1600 1434 1715 1464 eodem
1739 1441 1864 1474 quarto,
1889 1434 1921 1464 in
1945 1434 2152 1474 responsione
2175 1435 2215 1465 ad
2239 1442 2398 1476 quartum,
2416 1435 2474 1465 du-

1405 1478 1495 1508 bium
1511 1487 1548 1508 ex
1565 1478 1713 1514 Martino,
1730 1478 1785 1508 ubi
1801 1488 1896 1519 supra
1911 1478 1938 1515 *,
1959 1478 2104 1514 occurrit,
2125 1486 2274 1519 arguente
2298 1480 2388 1519 quod
2412 1479 2474 1510 hoc

1406 1522 1554 1553 Auctoris
1586 1522 1707 1553 dictum
1737 1522 1770 1552 in
1797 1522 1969 1562 glossando
1998 1523 2206 1560 Anselmum,
2239 1523 2356 1554 scilicet
2386 1523 2475 1564 quod

1407 1567 1463 1597 illa
1487 1568 1551 1597 tria
1575 1577 1659 1608 quae
1676 1568 1771 1607 ponit
1791 1568 1975 1605 Anselmus,
1992 1568 2197 1607 accipiuntur
2211 1568 2385 1598 secundum
2397 1577 2474 1608 pro-

1405 1621 1554 1652 gressum
1572 1613 1701 1651 peccati
1722 1611 1907 1648 cuiuslibet,
1931 1611 2016 1652 quod
2033 1612 2154 1652 primo,
2180 1612 2275 1642 corde
2298 1613 2472 1652 accipitur,

1405 1655 1561 1693 secundo,
1586 1666 1643 1686 ore
1660 1656 1852 1697 profertur,
1878 1657 1988 1694 tertio,
2014 1666 2110 1696 opere
2127 1657 2313 1697 perficitur,
2339 1666 2405 1686 non
2429 1663 2476 1687 est

1407 1700 1632 1732 convenienter
1661 1700 1792 1732 dictum.
1820 1701 1931 1731 Primo
1953 1700 1980 1731 *.
2012 1700 2147 1731 Nullum
2178 1711 2261 1741 opus
2291 1700 2474 1731 immediate

1406 1744 1651 1775 subordinatum
1666 1744 1813 1775 volitioni
1837 1754 1919 1785 quae
1935 1752 1982 1776 est
2001 1745 2207 1776 subordinata
2221 1745 2369 1776 volitioni
2392 1755 2475 1786 quae

1407 1789 1511 1829 primo
1535 1796 1566 1819 et
1588 1799 1645 1829 per
1668 1799 1701 1819 se
1724 1795 1771 1820 est
1793 1789 1905 1819 volitio
1929 1789 2105 1829 superbiae,
2131 1796 2177 1820 est
2201 1799 2283 1829 opus
2307 1799 2364 1830 per
2385 1790 2474 1830 quod

1407 1832 1566 1873 perficitur
1597 1843 1707 1864 cursus
1730 1833 1906 1873 superbiae.
1940 1833 2002 1864 Sed
2030 1833 2177 1873 superbia
2201 1834 2307 1874 operis
2331 1834 2476 1864 consistit

1406 1878 1438 1908 in
1463 1877 1655 1908 exhibitIOne
1679 1877 1836 1909 factorum
1867 1887 1949 1918 quae
1973 1885 2047 1909 sunt
2071 1877 2276 1908 subordinata
2300 1878 2394 1909 alicui
2417 1888 2474 1908 vo-

1405 1922 1509 1953 litioni
1533 1922 1758 1952 subordinatae
1774 1922 1920 1953 volitioni
1943 1932 2025 1962 quae
2041 1922 2146 1962 primo
2170 1929 2202 1952 et
2224 1932 2280 1962 per
2295 1932 2327 1952 se
2349 1929 2396 1953 est
2417 1932 2474 1952 vo-

1406 1966 1474 1997 litio
1499 1966 1674 2007 superbiae.
1699 1967 1795 2006 Ergo.
1819 1984 1840 1989 —
1864 1966 1971 1997 Minor
1987 1967 2149 2007 probatur.
2175 1966 2259 2003 Quia
2274 1976 2372 2007 opera
2390 1977 2473 2007 quae

1406 2017 1481 2042 sunt
1508 2011 1597 2052 signa
1625 2011 1807 2051 superbiae,
1832 2010 2082 2041 subordinantur
2110 2011 2294 2041 immediate
2323 2011 2472 2042 volitioni

1405 2055 1537 2086 illorum
1567 2055 1744 2092 factorum,
1774 2062 1804 2086 et
1831 2055 1962 2086 illorum
1992 2055 2104 2086 volitio
2136 2055 2362 2086 subordinatur
2392 2055 2472 2086 voli-

1405 2099 1486 2130 tioni
1516 2100 1733 2136 excellentiae,
1761 2110 1843 2141 quae
1872 2106 1919 2130 est
1948 2099 2052 2140 primo
2085 2106 2115 2130 et
2142 2110 2198 2140 per
2225 2110 2258 2130 se
2281 2099 2392 2130 volitio
2420 2109 2472 2130 su-

1405 2144 1541 2185 perbiae.

1460 2188 1618 2219 Secundo.
1642 2188 1778 2218 Nullum
1795 2198 1878 2228 opus
1895 2188 1934 2218 ad
1950 2188 2038 2229 quod
2055 2188 2109 2218 illa
2124 2187 2237 2218 volitio
2261 2197 2343 2228 quae
2366 2187 2472 2227 primo

1405 2239 1436 2263 et
1459 2243 1515 2273 per
1538 2243 1571 2263 se
1595 2239 1642 2263 est
1664 2232 1776 2263 volitio
1801 2232 1978 2272 superbiae,
1999 2242 2065 2262 non
2085 2232 2215 2263 inclinat
2238 2232 2297 2262 nisi
2314 2232 2472 2263 mediante

1404 2277 1513 2318 aliquo
1536 2277 1666 2313 iudicio,
1690 2287 1766 2307 vero
1790 2277 1840 2307 vel
1863 2286 2007 2312 erroneo,
2032 2283 2063 2307 et
2086 2276 2146 2307 alia
2166 2276 2321 2306 volitione
2336 2276 2381 2306 illi
2397 2286 2472 2307 con-

1405 2321 1516 2358 formi,
1542 2328 1589 2352 est
1612 2331 1695 2361 opus
1726 2331 1782 2361 per
1805 2321 1894 2362 quod
1919 2320 2078 2361 perficitur
2101 2327 2131 2351 et
2155 2328 2398 2351 consummatur
2420 2321 2474 2351 illa

1404 2366 1507 2406 prima
1530 2365 1652 2396 volitio.
1684 2365 1746 2396 Sed
1775 2366 1815 2395 ad
1845 2375 1929 2405 opus
1957 2365 2092 2396 exterius
2119 2375 2186 2395 non
2208 2365 2337 2396 inclinat
2359 2365 2472 2395 volitio

1405 2410 1571 2450 superbiae
1594 2410 1791 2441 immediate:
1825 2410 1879 2440 sed
1907 2416 2032 2440 tantum
2056 2409 2215 2440 mediante
2239 2409 2372 2446 iudicio,
2396 2419 2472 2440 vero

1403 2455 1454 2485 vel
1478 2464 1626 2491 erroneo,
1651 2464 1718 2495 quo
1742 2454 1901 2485 iudicatur
1931 2454 2019 2495 quod
2043 2464 2099 2494 per
2122 2453 2196 2485 talia
2219 2453 2300 2484 facta
2323 2463 2472 2494 procura-

1404 2499 1489 2530 bitur
1517 2499 1716 2535 excellentia,
1742 2506 1772 2530 et
1800 2499 1959 2530 mediante
1982 2498 2137 2529 volitione
2164 2498 2350 2528 huiusmodi
2374 2498 2472 2529 facto-

1403 2554 1486 2575 rum.
1510 2544 1606 2584 Ergo.

1464 2589 1581 2620 Tertio.
1605 2588 1636 2619 Si
1661 2588 1734 2628 quis
1757 2587 1909 2618 divideret
1931 2587 2089 2617 luxuriam
2112 2586 2145 2616 in
2169 2586 2326 2616 luxuriam
2358 2586 2471 2622 cordis,

1403 2633 1467 2663 oris
1482 2639 1514 2663 et
1529 2633 1644 2673 operis,
1661 2632 1867 2672 intelligendo
1883 2641 1939 2672 per
1954 2632 2120 2662 luxuriam
2138 2631 2244 2661 cordis
2267 2639 2470 2666 consensum,

1403 2684 1434 2708 et
1452 2687 1509 2717 per
1524 2678 1691 2708 luxuriam
1715 2678 1783 2707 oris
1799 2675 1901 2716 turpia
1924 2676 2028 2712 verba,
2045 2682 2076 2705 et
2098 2685 2154 2715 per
2178 2675 2345 2704 luxuriam
2365 2675 2472 2714 operis

1403 2722 1678 2752 conversationem
1702 2731 1776 2752 curn
1800 2720 1954 2760 personis,
1979 2727 2034 2750 aut
2048 2719 2127 2749 locis
2143 2719 2323 2755 luxuriosis,
2349 2725 2471 2749 constat

1402 2766 1492 2807 quod
1521 2765 1574 2796 illa
1605 2765 1718 2796 divisio
1750 2775 1815 2795 non
1839 2764 2033 2804 acciperetur
2064 2764 2240 2794 secundum
2265 2773 2469 2803 progressum

1402 2810 1522 2850 peccati
1545 2810 1704 2841 luxuriae:
1730 2809 1804 2850 quia
1828 2819 1911 2849 opus
1928 2808 2012 2839 istud
2037 2818 2103 2838 non
2119 2814 2165 2838 est
2183 2807 2262 2837 illud
2279 2817 2362 2847 opus
2381 2807 2470 2847 quod

1402 2854 1531 2895 proprie
1553 2854 1779 2894 correspondet
1803 2853 1972 2884 consensui
2002 2852 2034 2882 in
2064 2852 2232 2882 luxuriam.
2267 2851 2328 2882 Sed
2356 2851 2469 2881 divisio

1402 2899 1567 2939 superbiae
1584 2898 1687 2939 posita
1703 2898 1741 2928 ab
1757 2898 1913 2928 Anselmo
1930 2904 1977 2928 est
1992 2896 2126 2927 omnino
2146 2896 2221 2926 huic
2238 2895 2357 2926 similis.
2384 2896 2469 2935 Ergo

1402 2954 1468 2974 non
1492 2950 1539 2973 est
1563 2943 1740 2974 secundum
1764 2951 1968 2982 progressum
1993 2941 2111 2981 peccati
2137 2940 2312 2980 superbiae.

1461 2987 1597 3025 Quarto.
1622 2987 1762 3025 Quando
1785 2986 1899 3016 divisio
1915 2986 2047 3016 alicuius
2064 2985 2183 3025 peccati
2199 2984 2336 3015 sumitur
2358 2993 2469 3014 secun-

1401 3032 1480 3062 dum
1504 3041 1708 3071 progressum
1732 3030 1861 3071 peccati,
1886 3038 1962 3061 tunc
1985 3040 2034 3060 res
2056 3028 2245 3070 significatae
2269 3038 2325 3068 per
2341 3028 2469 3058 divisio-

1401 3086 1475 3106 nem
1499 3082 1574 3106 sunt
1597 3075 1655 3106 sibi
1678 3075 1815 3106 invicem
1839 3074 2062 3105 subordinatae
2085 3074 2147 3104 hoc
2163 3074 2272 3108 modo,
2297 3072 2386 3113 quod
2410 3079 2469 3103 ter-

1400 3120 1482 3151 tium
1505 3120 1657 3156 secundo,
1683 3127 1713 3150 et
1736 3120 1912 3150 secundum
1936 3119 2041 3159 primo
2065 3117 2298 3148 subordinatur.
2331 3117 2392 3147 Sed
2416 3126 2469 3147 su-

1401 3165 1510 3204 perbia
1526 3164 1632 3204 operis
1649 3164 1739 3195 nullo
1755 3165 1856 3194 modo
1873 3163 2097 3194 subordinatur
2113 3161 2277 3202 superbiae
2292 3161 2372 3191 oris:
2393 3171 2468 3191 cum

1401 3209 1492 3239 nullo
1523 3209 1622 3238 modo
1654 3214 1800 3248 oporteat
1832 3208 1922 3248 quod
1950 3207 2060 3237 volens
2092 3205 2273 3246 superbiam
2303 3205 2469 3236 ostendere

1401 3253 1500 3289 factis,
1525 3252 1630 3293 primo
1655 3253 1801 3283 ostendat
1824 3262 1894 3282 eam
1918 3251 2030 3282 verbis.
2055 3251 2151 3290 Ergo.

1460 3297 1590 3333 Quinto.
1616 3296 1722 3327 Omne
1746 3296 1824 3327 illud
1849 3306 1932 3335 opus
1955 3305 2011 3336 per
2033 3295 2122 3335 quod
2146 3293 2306 3334 perficitur
2337 3293 2469 3334 aliquod

1401 3349 1577 3381 peccatum,
1595 3347 1641 3371 est
1657 3340 1728 3371 finis
1750 3340 1912 3371 volitionis
1936 3350 2018 3380 quae
2042 3338 2147 3379 primo
2164 3345 2194 3369 et
2210 3348 2266 3378 per
2281 3347 2314 3368 se
2331 3344 2377 3368 est
2396 3347 2468 3377 pec-

1401 3392 1518 3416 catum.
1543 3385 1604 3416 Sed
1629 3395 1712 3425 opus
1736 3385 1911 3425 superbum
1934 3394 1999 3414 non
2025 3390 2071 3414 est
2094 3382 2165 3413 finis
2181 3382 2344 3413 volitionis
2368 3382 2468 3412 excel-

1401 3429 1534 3460 lentiae:
1559 3429 1635 3470 quia
1666 3439 1731 3460 non
1759 3429 1832 3459 ideo
1864 3438 1937 3459 amo
1967 3427 2184 3459 excellentiam
2208 3434 2244 3457 ut
2266 3427 2401 3467 superbe
2425 3425 2469 3456 fa-

1403 3474 1485 3504 ciam
1509 3480 1539 3504 et
1562 3482 1691 3514 operer;
1723 3473 1778 3504 sed
1802 3483 1819 3504 e
1843 3480 1951 3503 contra
1975 3472 2110 3512 superbe
2134 3471 2215 3502 facio
2240 3479 2270 3502 et
2294 3480 2410 3511 operor
2434 3477 2469 3501 ut

1402 3518 1656 3559 superemineam
1689 3524 1720 3548 et
1750 3517 1903 3548 excellens
1933 3516 2048 3547 videar.
2079 3533 2101 3539 -
2128 3515 2232 3546 Maior
2258 3522 2353 3555 patet.
2385 3514 2468 3551 Quia

1401 3563 1474 3593 ideo
1497 3562 1544 3592 vis
1567 3562 1718 3593 luxuriari
1742 3569 1778 3593 ut
1800 3561 1981 3592 luxurieris:
2007 3568 2037 3591 et
2061 3571 2126 3591 non
2146 3560 2219 3590 ideo
2243 3559 2408 3590 luxuriaris
2433 3564 2468 3588 ut

1402 3607 1480 3638 velis
1503 3607 1664 3638 luxuriari.

2502 904 2513 914 ⁸
2527 903 2716 932 Cf.art.¹,ad2:

2501 934 2543 952 art.
2560 936 2581 952 2.

2502 995 2512 1005 ⁸
2552 1001 2575 1016 ιι.
2595 999 2656 1021 ων,
2673 998 2715 1016 art.

2502 1027 2519 1047 ι,
2574 1024 2672 1043 minent.
2692 1027 2715 1043 n.

2501 1075 2623 1103 '‘Art3.

2502 1488 2512 1498 ⁸
2525 1487 2626 1509 Notand.
2640 1493 2661 1509 2.

2502 1706 2512 1716 ⁸
2526 1704 2562 1726 Cf.
2577 1710 2642 1727 num.
2657 1711 2679 1726 x.
