2768 4198
22 2543 30 2550 ·
45 2539 94 2568 Cap
108 2545 161 2562 vni.

26 3134 34 3140 ⁶
49 3131 106 3159 esp.
120 3138 159 3154 xv.

282 271 325 306 16
922 265 1190 312 QUAESTIO
1221 264 1398 311 CXXIII⁷
1428 266 1727 303 ARTlCULUS
1756 266 1825 302 Vll

273 355 360 386 ante
391 348 587 397 pericula,
618 348 654 384 in
689 348 775 395 ipsis
812 352 937 383 autem
975 345 1187 380 discedunt.-
1211 345 1339 392 fortes

272 408 398 438 autem
427 414 447 438 e
474 401 664 438 contrario
692 412 732 436 se
759 401 905 436 liabent.

325 457 384 491 An
413 466 603 491 SECUNDUM
637 464 820 490 DiCENDUM
850 451 955 499 quod
985 449 1170 486 sustinere
1199 449 1341 498 impor-

272 516 323 544 tat
352 508 508 555 quidem
538 506 757 555 passionem
788 504 978 553 corporis,
1009 503 1076 539 sed
1106 512 1233 539 actum
1264 503 1342 540 ani-

272 573 358 598 mae
387 559 587 597 fortissime
608 558 836 595 inhaerentis
866 558 981 602 bono,
1005 568 1050 592 ex
1075 568 1152 604 quo
1175 556 1344 604 sequitur

271 614 375 663 quod
397 626 473 650 non
495 613 604 649 cedat
623 611 789 660 passioni
811 609 999 658 corporali
1020 609 1095 646 iam
1118 609 1342 646 imminenti.
1371 653 1373 659 .

1396 344 1525 382 Virtus
1540 354 1670 382 autem
1687 346 1808 394 magis
1829 346 2034 383 attenditur
2051 347 2150 384 eirca
2166 346 2335 384 animam
2358 360 2474 396 quam

1399 398 1497 434 circa
1527 411 1678 447 corpus.

1452 453 1510 487 An
1530 463 1691 490 TERTIUM
1712 463 1897 490 DlCENDuM
1918 454 2024 501 quod
2045 454 2103 490 ille
2124 454 2189 502 qui
2210 454 2368 491 sustinet
2397 467 2475 491 non

1398 503 1517 550 timet,
1548 513 1748 553 praesente
1779 505 1854 542 iam
1885 518 2000 543 causa
2034 507 2201 543 timoris:
2240 520 2357 557 quam
2397 520 2477 545 non

1398 558 1513 594 habet
1541 566 1783 606 praesentem
1813 559 1873 595 ille
1894 560 1959 607 qui
1989 560 2214 608 aggreditur.

950 706 1288 738 Commentario.
1311 705 1566 739 Cardinalis
1590 706 1794 740 Caietani

298 799 317 818 N
341 789 474 819 articulo
499 795 586 818 sexto
611 787 754 817 eiusdem
777 785 988 826 quaestionis,
1014 786 1140 816 adverte
1165 786 1254 826 quod
1279 793 1341 816 tres
1367 788 1369 790 ’

272 801 368 863 lillae
388 832 526 863 rationes
546 831 721 871 assignatae
737 831 770 860 in
786 830 996 871 responsione
1015 830 1055 860 ad
1074 830 1216 870 primum
1241 840 1340 871 quare
1367 867 1368 870 Ἰ

266 877 419 907 sustinere
450 883 497 906 est
527 875 686 906 difficilius
716 885 815 916 quam
845 874 989 915 aggredi,
1014 874 1236 916 intelligendae
1268 882 1343 905 sunt
1367 872 1368 877 ¹

266 921 448 951 formaliter.
480 921 638 960 Respectu
663 920 824 961 siquidem
849 919 981 960 periculi
1006 920 1101 950 unius
1126 928 1156 951 et
1180 919 1341 955 eiusdem,

264 965 353 995 aliter
376 976 408 995 se
432 965 526 996 habet
549 965 725 1002 sustinens,
750 973 781 996 et
805 965 895 995 aliter
918 964 1113 1005 aggrediens.
1140 965 1225 1002 Quia
1249 964 1342 995 susti-

265 1019 342 1039 nens
366 1020 399 1040 se
415 1010 510 1040 habet
534 1017 569 1040 ut
592 1010 732 1050 patiens;
762 1020 798 1040 ac
814 1019 870 1050 per
885 1009 958 1046 hoc,
980 1019 1012 1040 se
1036 1009 1131 1040 habet
1155 1010 1195 1040 ad
1219 1009 1342 1049 pericu-

262 1054 331 1084 lum
356 1063 391 1085 ut
415 1064 511 1095 agens
527 1055 561 1084 in
577 1064 628 1091 se;
653 1055 744 1096 quod
768 1062 815 1085 est
838 1065 871 1085 se
896 1055 1010 1085 habere
1028 1055 1067 1084 ad
1086 1054 1195 1095 ipsum
1220 1054 1343 1095 pericu-

262 1098 331 1128 lum
355 1107 390 1130 ut
414 1100 454 1130 ad
477 1099 609 1136 fortius,
635 1099 711 1140 quia
728 1106 852 1131 constat
875 1109 982 1139 agens,
1009 1106 1043 1130 ut
1065 1099 1119 1136 sic,
1144 1098 1258 1130 fortius
1275 1109 1343 1129 esse
1367 1097 1368 1111 ³

263 1143 411 1183 patiente,
433 1144 522 1175 aliter
538 1154 604 1174 non
622 1152 727 1185 ageret
742 1145 774 1175 in
792 1144 882 1175 illud.
900 1144 1097 1184 Aggrediens
1109 1154 1186 1175 vero
1203 1154 1220 1174 e
1233 1151 1344 1175 contra

263 1198 295 1218 se
320 1188 415 1219 habet
445 1196 480 1220 ut
507 1199 603 1229 agens
627 1197 850 1230 superaturus:
883 1199 918 1220 ac
942 1199 999 1229 per
1022 1189 1100 1226 hoc,
1126 1199 1181 1229 per
1205 1189 1343 1220 modum
1367 1220 1368 1223 ,

263 1231 416 1264 fortioris.

316 1278 467 1309 Similiter
483 1288 616 1319 quoque
631 1286 717 1319 patet
741 1278 830 1319 quod
847 1277 1002 1310 sustinere
1019 1288 1055 1309 ex
1075 1278 1204 1319 propria
1220 1278 1343 1309 ratione

227 1358 230 1362 Ι
262 1333 389 1353 moram
413 1324 577 1364 quandam
593 1323 760 1364 importat:
786 1323 941 1364 quoniam
961 1324 1114 1363 importat
1135 1323 1344 1354 immobiliter
1367 1347 1368 1350 ,

263 1368 445 1408 persistere,
470 1368 559 1409 quod
589 1368 655 1399 sine
687 1379 778 1398 mora
808 1368 947 1408 quadam
972 1378 1037 1398 non
1062 1375 1110 1398 est
1132 1367 1342 1408 intelligibile.

262 1413 460 1443 Huiusmodi
484 1420 591 1444 autem
609 1423 699 1444 mora
715 1413 747 1443 in
773 1413 948 1443 moralibus
969 1413 1159 1444 diuturnitas
1183 1413 1342 1454 quaedam
1363 1427 1368 1432 ·

262 1467 330 1487 esse
353 1458 493 1488 videtur:
518 1458 595 1499 quia
618 1458 688 1489 talis
712 1458 837 1488 videtur
861 1467 927 1488 esse
954 1457 1128 1488 moralium
1152 1467 1254 1488 mora.
1279 1460 1342 1498 Ag-

261 1502 349 1542 gredi
372 1510 480 1533 autem
500 1513 557 1534 nec
582 1503 744 1534 moraliter
760 1513 818 1533 nec
842 1503 1026 1533 naturaliter
1042 1512 1168 1533 moram
1193 1509 1248 1533 aut
1272 1502 1342 1533 diu-

262 1547 447 1578 turnitatem
479 1548 654 1588 importat:
680 1547 828 1588 quamvis
866 1554 994 1588 tempus
1026 1546 1244 1587 consignificet
1275 1555 1367 1589 quo*

262 1592 420 1632 aggressio
445 1591 490 1629 fit,
515 1593 596 1623 sicut
620 1599 722 1623 cetera
748 1593 842 1622 verba
874 1591 950 1634 (hoc
974 1592 1060 1622 enirn
1092 1602 1266 1623 commune
1295 1600 1343 1623 est

263 1635 442 1679 omnibus).

320 1682 356 1712 ll.
383 1682 415 1712 ln
440 1681 650 1722 responsione
675 1682 713 1712 ad
739 1682 917 1712 secundum
942 1681 1087 1712 eiusdem
1111 1681 1245 1717 articuli,
1271 1691 1314 1711 no
1329 1688 1356 1712 ta

1232 1777 1337 1784 Χκνκκκκ-κκ

1395 786 1485 826 quod
1509 786 1674 823 sustinere,
1690 786 1764 817 licet
1783 797 1821 818 ex
1840 794 1928 838 parte
1943 789 2088 829 corporis
2107 789 2261 831 importet
2283 791 2478 832 passionem,

1395 840 1432 861 ex
1457 839 1546 870 parte
1563 837 1672 861 tamen
1691 831 1817 862 animae
1842 832 1999 872 importat
2014 833 2188 874 actionem,
2205 842 2241 866 ut
2256 835 2290 866 in
2305 835 2408 867 littera
2431 836 2478 866 di-

1396 875 1486 911 citur,
1504 875 1727 916 multiplicem.
1751 875 1859 906 Prima
1882 883 1929 907 est
1952 876 2085 908 firmiter
2102 879 2184 910 velle
2207 880 2333 911 bonum
2357 881 2395 911 de
2412 890 2478 921 quo

1396 928 1443 951 est
1467 929 1585 960 pugna,
1610 927 1688 960 puta
1708 919 1816 957 fidem,
1833 930 1957 961 pacem,
1971 928 2042 958 etc„
2066 923 2158 974 quod
2176 931 2224 955 est
2246 923 2318 955 finis
2334 933 2479 956 remotus

1367 999 1369 1009 ἶ
1395 964 1603 1000 fortitudinis,
1628 971 1659 995 et
1682 972 1730 996 est
1751 964 1824 995 finis
1853 975 1890 996 ex
1913 972 2002 1006 parte
2026 967 2177 998 materiae
2205 968 2287 999 circa
2309 979 2409 1010 quam
2433 977 2480 1001 est

1367 1014 1369 1025 ³
1396 1009 1564 1046 fortitudo,
1582 1016 1618 1040 ut
1633 1009 1744 1040 infra*
1763 1009 1893 1050 patebit.
1915 1010 1956 1041 Et
1970 1010 2049 1042 haec
2062 1011 2145 1042 actio
2158 1019 2206 1043 est
2221 1022 2316 1044 causa
2328 1014 2479 1046 omnium

1395 1054 1610 1095 sequentium,
1635 1055 1767 1095 quando
1790 1054 1951 1086 invenitur
1975 1055 2036 1086 tale
2057 1056 2139 1086 velle
2162 1056 2348 1088 distinctum
2364 1069 2383 1089 a
2398 1059 2480 1090 velle

1395 1099 1565 1140 proprium
1582 1099 1779 1130 fortitudinis
1799 1100 1934 1130 bonum.
1960 1100 2060 1138 Quod
2075 1100 2150 1131 ideo
2167 1101 2250 1138 dico,
2275 1102 2351 1143 quia
2374 1110 2482 1143 potest

1396 1153 1464 1174 esse
1488 1154 1596 1184 pugna
1621 1144 1660 1175 de
1683 1143 1755 1184 ipso
1779 1144 1976 1175 fortitudinis
1999 1145 2099 1176 bono.
2124 1163 2144 1168 —
2167 1145 2315 1178 secunda
2329 1153 2377 1178 est
2398 1148 2481 1179 velle

1396 1190 1521 1219 bonum
1553 1188 1686 1220 rationis
1717 1189 1807 1230 quod
1837 1196 1884 1220 est
1915 1190 2082 1230 proximus
2110 1189 2182 1221 finis
2207 1190 2424 1228 fortitudinis,
2449 1199 2481 1223 et

1396 1233 1581 1274 proximum
1605 1235 1730 1264 bonum
1751 1233 1957 1266 fortitudinis.
1982 1234 2023 1265 Et
2042 1234 2119 1266 haec
2143 1242 2190 1266 est
2216 1236 2309 1267 cuius
2332 1236 2482 1268 meminit

1394 1278 1506 1310 littera.
1531 1297 1550 1301 —
1575 1278 1693 1315 Tertia,
1719 1289 1801 1320 quae
1825 1289 1862 1309 ex
1878 1279 1937 1310 ista
1957 1279 2068 1316 oritur,
2086 1287 2134 1311 est
2152 1280 2265 1312 electio
2282 1281 2481 1313 moderativa

1395 1323 1519 1354 timoris
1543 1330 1574 1354 et
1597 1323 1789 1354 audaciae.-
1806 1324 1948 1362 Quarta,
1973 1334 2055 1365 quae
2079 1334 2117 1355 ex
2141 1324 2294 1357 omnibus
2313 1326 2480 1357 antedictis

1395 1368 1507 1404 oritur,
1525 1375 1572 1399 est
1587 1368 1724 1408 imperii,
1740 1368 1905 1400 electionis
1922 1376 1953 1399 et
1969 1369 2015 1400 uti
2033 1376 2178 1410 respectu
2191 1370 2293 1410 ipsius
2305 1371 2479 1403 sustinere:

1395 1413 1475 1444 dum
1499 1419 1530 1443 et
1553 1413 1633 1444 ratio
1658 1413 1812 1454 praecipit
1841 1413 2015 1450 sustinere,
2041 1422 2071 1445 et
2094 1415 2245 1446 voluntas
2268 1415 2356 1456 eligit
2386 1416 2480 1447 susti-

1395 1467 1479 1494 nere,
1500 1465 1530 1488 et
1546 1457 1615 1498 ipsa
1631 1458 1744 1488 eadem
1760 1458 1860 1489 utitur
1876 1468 2011 1499 corpore
2031 1460 2070 1490 ad
2095 1459 2331 1497 sustinendum,
2349 1459 2481 1492 firmiter

1394 1503 1533 1533 tenendo
1551 1503 1630 1533 illud
1646 1503 1705 1533 sub
1723 1503 1883 1543 periculis,
1900 1503 2025 1540 ictibus,
2042 1505 2239 1541 vulneribus,
2249 1511 2309 1538 etc.
2327 1505 2373 1536 Ita
2389 1506 2479 1546 quod

1394 1546 1526 1578 firmiter
1556 1554 1587 1578 et
1609 1547 1818 1578 immobiliter
1849 1548 1915 1589 pati
1939 1548 1972 1579 in
1997 1559 2132 1590 corpore
2155 1549 2258 1580 oritur
2285 1560 2322 1580 ex
2345 1549 2481 1582 firmiter

1394 1598 1425 1622 et
1447 1592 1657 1623 immobiliter
1681 1602 1772 1632 agere
1793 1592 1895 1633 ipsius
1911 1593 2046 1624 animae.
2072 1594 2114 1625 Et
2138 1601 2307 1635 propterea
2323 1595 2480 1626 sustinere

1395 1646 1432 1667 ex
1456 1644 1544 1676 parte
1568 1637 1694 1667 animae
1719 1637 1864 1668 consistit
1887 1637 1919 1668 in
1944 1648 2047 1678 agere,
2073 1639 2145 1670 licet
2169 1649 2206 1670 ex
2230 1647 2319 1680 parte
2336 1639 2479 1680 corporsi

1394 1680 1479 1712 dicat
1503 1681 1579 1721 pati.

1061 1853 1381 1896 ARTICULUS
1413 1853 1685 1896 SEPTIMUS

658 1947 814 1978 UTRUM
839 1946 996 1978 FORTIS
1021 1946 1259 1978 OPERETUR
1283 1946 1486 1978 PROPTER
1511 1946 1667 1978 BONUM
1692 1947 1863 1979 paopnn
1888 1948 2081 1979 HAmTus

1223 2026 1253 2051 lll
1275 2026 1372 2055 Eehic„

302 2142 322 2159 s,
382 2137 422 2156 1
459 2123 496 2147 r>
517 2121 697 2146 SEPT1MUM
717 2121 771 2146 su:
792 2120 1035 2145 PROCEDlTUR.
1052 2108 1214 2144 Videtur
1234 2107 1341 2157 quod

294 2154 305 2199 .’
324 2159 338 2181 ·“
399 2153 449 2230 {t}
475 2163 580 2200 fortis
600 2174 677 2199 non
699 2170 880 2211 operetur
900 2170 1057 2221 propter
1082 2162 1230 2198 bonum
1252 2173 1341 2210 pro-

365 2232 400 2259 r
422 2214 544 2266 (prii
561 2216 724 2253 habitus.
747 2215 850 2252 Finis
866 2215 1020 2252 enimin
1040 2215 1155 2252 rebus
1171 2214 1342 2263 agendis,
1368 2259 1369 2264 ¹

319 2284 328 2294 ⁸
352 2263 415 2302 Ὧδ’)
431 2262 463 2305 Χ
476 2270 544 2308 etsi
563 2270 610 2307 sit
624 2269 728 2318 prior
747 2269 782 2306 in
806 2269 1029 2315 intentione,
1047 2276 1103 2305 est
1121 2276 1251 2306 tamen
1271 2280 1341 2328 po·
1368 2266 1369 2277 ¹

259 2324 395 2362 sterior
428 2324 466 2361 in
501 2324 739 2361 executione.
778 2323 855 2360 Sed
889 2331 996 2360 actus
1034 2321 1266 2360 fortitudinis
1303 2310 1369 2369 inl

261 2378 486 2415 executione
523 2385 579 2415 est
610 2376 801 2426 posterior
835 2388 954 2425 quam
989 2376 1072 2425 ipse
1109 2375 1369 2413 Ϊοτῐίωάἰηίει

260 2432 423 2470 habitus.
463 2432 556 2469 Non
585 2443 676 2479 ergo
705 2437 831 2490 potest
867 2442 951 2467 esse
980 2429 1087 2479 quod
1115 2429 1221 2467 fortis
1256 2437 1369 2478 agat

261 2494 418 2535 propter
446 2486 596 2522 bonum
625 2483 769 2534 proprii
797 2483 961 2521 habitus.

317 2551 351 2576 2.
374 2540 610 2586 PRAETEREA,
626 2537 863 2586 Augustinus
883 2537 983 2584 dicit,
1004 2537 1092 2574 XIII
1113 2537 1159 2574 de
1177 2538 1214 2574 T
1209 2549 1282 2574 rm
1299 2537 1369 2574 *z

1393 2027 1452 2052 lect.
1472 2034 1513 2051 xv.

1451 2109 1525 2145 seo
1547 2119 1694 2145 CONTRA
1716 2121 1782 2146 1-:sT
1802 2111 1908 2158 quod
1930 2110 2194 2159 Philosophus
2223 2110 2330 2158 dicit,
2359 2111 2399 2150 in
2428 2113 2479 2151 111

1394 2161 1516 2198 Ethic.
1539 2161 1578 2207 ²⁸,
1615 2163 1722 2210 quod
1747 2163 1852 2211 forti
1872 2164 2065 2212 fortitudo
2101 2170 2158 2201 est
2192 2165 2360 2202 bonum:
2395 2165 2520 2205 εαίὲς

1395 2220 1523 2251 autem
1552 2220 1587 2251 et
1603 2216 1712 2263 fimsss

2507 1021 2577 1043 ’Am
2584 1026 2644 1049 neq..
2652 1020 2722 1042 Con·

2507 1051 2580 1070 ment.
2594 1053 2651 1069 num
2665 1053 2687 1068 v.

2509 2168 2674 2219 s‘ssit'ffl'.
2683 2168 2724 2218 Ξῖ

1450 2269 1680 2306 RESPONDEO
1701 2280 1887 2307 chENDUM
1907 2270 2016 2319 quod
2037 2271 2178 2320 duplex
2198 2279 2255 2309 est
2273 2271 2380 2310 finis:
2410 2271 2481 2312 sci-
2512 2307 2518 2310 .

1393 2321 1481 2359 licet
1508 2322 1721 2371 proximus,
1745 2330 1781 2360 et
1800 2322 1969 2362 ultimus.
2001 2323 2104 2362 Finis
2127 2332 2258 2363 autem
2279 2325 2482 2374 proximus

1394 2375 1700 2425 uniuscuiusque
1729 2377 1876 2425 agentis
1905 2386 1962 2415 est
1989 2385 2032 2414 ut
2059 2377 2350 2416 similitudinem
2386 2391 2480 2418 suae

1368 2429 1544 2467 formae
1574 2429 1612 2467 in
1642 2431 1805 2468 alterum
1834 2430 2008 2469 inducat:
2045 2431 2143 2469 sicut
2170 2431 2259 2470 finis
2291 2431 2390 2481 ignis
2419 2445 2479 2470 ca-

1393 2483 1602 2521 lefacientis
1622 2491 1679 2521 est
1698 2491 1739 2522 ut
1757 2484 1915 2523 inducat
1943 2484 2232 2524 similitudinem
2253 2485 2313 2524 sui
2342 2486 2480 2525 caloris

1367 2528 1369 2542 ¹
1367 2536 1432 2591 in
1461 2537 1647 2587 patiente,
1679 2546 1715 2576 et
1747 2538 1837 2576 finis
1869 2538 2127 2577 aedificatoris
2161 2547 2218 2578 est
2250 2547 2292 2577 ut
2323 2539 2480 2579 inducat

268 2593 439 2639 Virtutes,
474 2604 568 2641 quas
590 2597 748 2641 propter
779 2591 900 2629 solam
934 2590 1201 2629 beatitudinem
1234 2603 1342 2628 ama-
1367 2575 1681 2630 similitudinem
1720 2604 1815 2629 suae
1845 2593 1934 2630 artis
1963 2592 2003 2630 in
2035 2593 2208 2631 materia.
2245 2593 2479 2654 Quodcum-

261 2659 356 2692 mus,
385 2646 439 2684 sic
460 2646 694 2695 persuadere
712 2646 867 2694 quidam
890 2646 997 2683 nobis
1025 2645 1176 2691 audent,
1198 2645 1369 2682 scilicet
1367 2657 1470 2700 que
1500 2653 1630 2683 autern
1661 2646 1810 2683 bonum
1839 2659 1885 2684 ex
1915 2647 1989 2684 hoc
2018 2646 2202 2697 sequitur,
2223 2646 2255 2685 si
2283 2647 2331 2685 sit
2357 2646 2479 2687 inten-

261 2700 424 2738 dicendo
447 2712 512 2737 eas
532 2707 690 2749 propter
709 2711 748 2736 se
778 2699 1028 2748 appetendas,
1051 2704 1092 2736 ut
1107 2699 1229 2748 ipsam
1254 2699 1341 2736 bea·
1367 2704 1369 2733 i
1393 2706 1489 2747 tum,
1510 2707 1638 2748 potest
1665 2699 1739 2737 dici
1769 2699 1856 2738 finis
1885 2707 2060 2738 remotus
2087 2701 2246 2750 agentis.
2277 2701 2384 2739 Sicut
2411 2713 2479 2740 au·

261 2754 454 2791 titudinem
483 2766 559 2791 non
597 2765 780 2790 amemus.
823 2753 935 2796 Quod
969 2753 1004 2790 si
1016 2753 1196 2802 faciunt,
1225 2753 1340 2790 etiam

261 2808 360 2856 ipsas
390 2808 516 2856 utique
534 2819 669 2844 amare
696 2806 924 2853 desistemus,
946 2807 1099 2855 quando
1129 2806 1234 2844 illam
1247 2818 1341 2855 pro—

256 2867 342 2910 pter
369 2873 485 2910 quam
514 2861 635 2899 solam
665 2861 752 2898 istas
780 2861 1014 2908 amavimus,
1045 2872 1120 2898 non
1149 2872 1339 2898 amamus.

262 2914 340 2952 Sed
360 2914 539 2952 fortitudo
561 2922 617 2952 est
635 2914 756 2952 virtus
780 2914 985 2964 quaedam.
1017 2915 1120 2962 Ergo
1140 2922 1247 2952 actus
1267 2915 1342 2952 for--

261 2968 430 3006 titudinis
459 2980 538 3005 non
567 2976 623 3005 est
652 2967 700 3006 ad
730 2968 853 3017 ipsam
884 2968 1163 3015 fortitudinem,
1194 2968 1263 3006 sed
1291 2968 1369 3006 ad

262 3021 537 3060 beatitudinem
566 3021 802 3060 referendus.

318 3077 352 3114 3.
374 3077 611 3123 PRAETEREA‚
633 3075 869 3124 Augustinus
890 3075 1019 3121 dicit,'
1011 3087 1050 3113 in
1070 3075 1167 3112 libro
1188 3076 1234 3113 de
1251 3069 1370 3113 Μο-
1368 3094 1370 3123 l

263 3130 366 3166 ribus
402 3129 526 3167 Eccle.
555 3129 594 3176 ⁵¹⁸,
625 3129 731 3178 quod
763 3129 944 3167 fortitudo
975 3137 1031 3166 est
1067 3141 1180 3166 amor
1211 3130 1342 3167 omnia
1368 3156 1370 3163 .

260 3188 415 3231 propter
442 3184 567 3220 Deum
592 3183 709 3230 facile
729 3184 941 3232 perferens.
976 3183 1082 3220 Deus
1102 3191 1232 3220 autem
1262 3195 1341 3221 non
1368 3200 1370 3219 ι

266 3243 322 3272 est
349 3235 428 3285 ipse
455 3236 607 3274 habitus
636 3236 880 3278 fortitudinis
911 3236 979 3274 sed
1009 3236 1151 3286 aliquid
1181 3236 1341 3274 melius.

266 3288 362 3325 sicut
389 3298 539 3337 oportet
566 3290 685 3328 finem
705 3302 789 3328 esse
819 3281 1020 3328 meliorem
1048 3289 1106 3328 his
1126 3302 1226 3339 quae
1255 3299 1370 3344 sunt

266 3341 314 3379 ad
342 3342 475 3380 finem.
512 3343 604 3380 Non
633 3356 724 3392 ergo
760 3344 864 3382 fortis
897 3343 972 3392 agit
999 3352 1157 3394 propter
1182 3345 1341 3382 bonum

266 3395 410 3444 proprii
438 3396 602 3433 habitus.

321 3528 348 3559 α)
368 3528 437 3553 sicut
451 3528 535 3562 finem
550 3528 719 3560 proximum.
729 3529 798 3554 -sic
814 3531 973 3561 proximum
993 3530 1131 3563 ABEFpC,
1139 3530 1223 3564 finem
1240 3530 1340 3562 proxi-

268 3571 339 3589 mum
359 3563 377 3592 l,
396 3563 435 3589 sic
446 3564 530 3597 finem
546 3564 706 3596 proximum
726 3564 784 3593 GH,
803 3565 841 3590 stc
857 3566 1017 3597 proximum
1034 3565 1120 3599 finem
1141 3566 1170 3595 1..
1190 3565 1260 3591 sicut
1275 3572 1340 3598 pro-

1367 2775 1369 2810 3
1393 2761 1471 2791 tem
1494 2753 1531 2790 in
1552 2753 1779 2791 factibilibus
1806 2754 1964 2792 materia
1994 2754 2157 2793 exterior
2175 2754 2391 2805 disponitur
2409 2767 2480 2806 per

1368 2815 1540 2854 artem,
1576 2807 1626 2845 ita
1666 2806 1782 2845 etiam
1815 2807 1854 2846 in
1888 2807 2092 2857 agibilibus
2122 2821 2192 2859 per
2229 2807 2476 2859 prudentiam

1367 2860 1652 2910 idisponuntur
1685 2869 1792 2899 actus
1819 2861 1992 2900 humani.
2033 2862 2098 2900 Sic
2136 2874 2227 2912 ergo
2267 2862 2476 2902 dicendum

1368 2927 1369 2930 ¹
1396 2922 1452 2952 est
1485 2916 1590 2964 quod
1620 2915 1726 2952 fortis
1754 2915 1851 2953 sicut
1878 2915 1999 2954 finem
2028 2915 2251 2966 proximum
2273 2921 2290 2938 ²
2317 2915 2479 2955 intendit

1395 2977 1436 3006 ut
1463 2968 1751 3007 similitudinem
1787 2969 1846 3007 sui
1878 2969 2032 3007 habitus
2065 2969 2253 3020 exprimat
2290 2969 2327 3008 in
2367 2978 2476 3008 actu:

1368 3031 1369 3061 ζ
1395 3022 1556 3060 intendit
1575 3022 1679 3061 enim
1700 3034 1812 3071 agere
1840 3023 2056 3062 secundum
2077 3022 2390 3061 convenientiam
2418 3022 2477 3061 sui

1395 3076 1557 3167 lssabitus.
1592 3076 1696 3114 Finis
1725 3084 1855 3115 autem
1885 3084 2059 3115 remotus
2093 3084 2150 3116 est
2178 3077 2389 3124 beatitudo,
2413 3078 2477 3115 vel

1435 3143 1516 3167 euS.

1450 3184 1499 3220 Et
1527 3195 1596 3233 per
1624 3184 1700 3221 hoc
1727 3191 1832 3232 patet
1861 3183 2062 3233 responsio
2091 3184 2141 3222 ad
2171 3183 2334 3221 obiecta.
2370 3184 2475 3223 Nam

1369 3232 1370 3237 ’
1395 3236 1520 3287 prima
1549 3237 1643 3275 ratio
1671 3237 1908 3287 procedebat
1936 3249 1981 3275 ae
2009 3237 2040 3275 si
2069 3236 2152 3287 ipsa
2181 3237 2345 3276 essentia
2367 3237 2476 3276 habi-

1395 3299 1455 3328 tus
1485 3298 1583 3328 esset
1601 3289 1701 3337 finis,
1723 3302 1802 3329 non
1821 3298 1952 3328 autem
1972 3290 2180 3329 similitudo
2210 3291 2291 3329 eius
2316 3291 2354 3329 in
2375 3299 2474 3341 actu,

1395 3353 1436 3382 ut
1471 3343 1615 3382 dictum
1653 3351 1720 3380 est.
1755 3364 1778 3371 -
1808 3343 1892 3381 Alia
1932 3356 2028 3381 vero
2068 3344 2146 3383 duo
2182 3345 2399 3394 procedunt
2427 3345 2474 3384 de

1396 3398 1474 3435 fine
1503 3397 1652 3435 ultimo.

1395 3529 1501 3589 ,τέκνω
1514 3529 1599 3562 finem
1614 3529 1730 3559 PDKsC5
1745 3529 1842 3562 (quod)
1850 3529 1917 3562 finis
1926 3529 2012 3563 sortis
2025 3530 2171 3563 proximus
2186 3535 2226 3557 est
2240 3531 2329 3564 (quem
2345 3530 2474 3562 Intendit)

1396 3572 1410 3590 e
1431 3583 1438 3590 .
1457 3572 1483 3590 a.
