<?xml version="1.0" encoding="UTF-8"?>
<!DOCTYPE html PUBLIC "-//W3C//DTD XHTML 1.0 Transitional//EN"
    "http://www.w3.org/TR/xhtml1/DTD/xhtml1-transitional.dtd">
<html xmlns="http://www.w3.org/1999/xhtml" xml:lang="en" lang="en">
 <head>
  <title>
</title>
<meta http-equiv="Content-Type" content="text/html;charset=utf-8" />
  <meta name='ocr-system' content='tesseract 3.04.00' />
  <meta name='ocr-capabilities' content='ocr_page ocr_carea ocr_par ocr_line ocrx_word'/>
</head>
<body>
  <div class='ocr_page' id='page_1' title='image "./operaomniaiussui10thom_0261.png"; bbox 0 0 2768 4198; ppageno 0'>
   <div class='ocr_carea' id='block_1_1' title="bbox 0 922 26 2410">
    <p class='ocr_par' dir='ltr' id='par_1_1' title="bbox 0 922 26 2410">
     <span class='ocr_line' id='line_1_1' title="bbox 0 922 26 2410; baseline 0 0"><span class='ocrx_word' id='word_1_1' title='bbox 0 922 26 2410; x_wconf 95' lang='lat' dir='ltr'> </span> 
     </span>
    </p>
   </div>
   <div class='ocr_carea' id='block_1_2' title="bbox 80 421 291 448">
    <p class='ocr_par' dir='ltr' id='par_1_2' title="bbox 80 421 291 448">
     <span class='ocr_line' id='line_1_2' title="bbox 80 421 291 448; baseline -0.005 -5"><span class='ocrx_word' id='word_1_2' title='bbox 80 421 120 443; x_wconf 86' lang='grc' dir='ltr'><em>ϊ</em></span> <span class='ocrx_word' id='word_1_3' title='bbox 134 421 190 448; x_wconf 71' lang='lat'>11⁸⁸,</span> <span class='ocrx_word' id='word_1_4' title='bbox 201 426 240 448; x_wconf 87' lang='lat' dir='ltr'>qu.</span> <span class='ocrx_word' id='word_1_5' title='bbox 251 426 291 446; x_wconf 75' lang='lat' dir='ltr'>xc,</span> 
     </span>
    </p>
   </div>
   <div class='ocr_carea' id='block_1_3' title="bbox 79 451 157 470">
    <p class='ocr_par' dir='ltr' id='par_1_3' title="bbox 79 451 157 470">
     <span class='ocr_line' id='line_1_3' title="bbox 79 451 157 470; baseline 0 -1"><span class='ocrx_word' id='word_1_6' title='bbox 79 451 120 470; x_wconf 72' lang='grc' dir='ltr'>ΙΙΊ.</span> <span class='ocrx_word' id='word_1_7' title='bbox 137 454 157 469; x_wconf 80' lang='grc'>2.</span> 
     </span>
    </p>
   </div>
   <div class='ocr_carea' id='block_1_4' title="bbox 181 676 198 707">
    <p class='ocr_par' dir='ltr' id='par_1_4' title="bbox 181 676 198 707">
     <span class='ocr_line' id='line_1_4' title="bbox 181 676 198 707; baseline 0 0"><span class='ocrx_word' id='word_1_8' title='bbox 181 676 198 707; x_wconf 77' lang='lat' dir='ltr'>t</span> 
     </span>
    </p>
   </div>
   <div class='ocr_carea' id='block_1_5' title="bbox 82 711 294 739">
    <p class='ocr_par' dir='ltr' id='par_1_5' title="bbox 82 711 294 739">
     <span class='ocr_line' id='line_1_5' title="bbox 82 711 294 739; baseline -0.009 -6"><span class='ocrx_word' id='word_1_9' title='bbox 82 712 93 723; x_wconf 87' lang='lat'><strong>·</strong></span> <span class='ocrx_word' id='word_1_10' title='bbox 112 711 147 733; x_wconf 82' lang='lat' dir='ltr'>ef.</span> <span class='ocrx_word' id='word_1_11' title='bbox 169 711 294 739; x_wconf 65' lang='lat' dir='ltr'>Sapptem„</span> 
     </span>
    </p>
   </div>
   <div class='ocr_carea' id='block_1_6' title="bbox 82 743 216 766">
    <p class='ocr_par' dir='ltr' id='par_1_6' title="bbox 82 743 216 766">
     <span class='ocr_line' id='line_1_6' title="bbox 82 743 216 766; baseline -0.007 -6"><span class='ocrx_word' id='word_1_12' title='bbox 82 744 121 766; x_wconf 77' lang='lat' dir='ltr'>qu.</span> <span class='ocrx_word' id='word_1_13' title='bbox 136 745 151 760; x_wconf 88' lang='grc' dir='ltr'>ι.</span> <span class='ocrx_word' id='word_1_14' title='bbox 165 743 216 766; x_wconf 71' lang='lat' dir='ltr'>sqq.</span> 
     </span>
    </p>
   </div>
   <div class='ocr_carea' id='block_1_7' title="bbox 83 1211 196 1241">
    <p class='ocr_par' dir='ltr' id='par_1_7' title="bbox 83 1211 196 1241">
     <span class='ocr_line' id='line_1_7' title="bbox 83 1211 196 1241; baseline -0.018 -6"><span class='ocrx_word' id='word_1_15' title='bbox 83 1211 196 1241; x_wconf 73' lang='lat' dir='ltr'>·n.91s.</span> 
     </span>
    </p>
   </div>
   <div class='ocr_carea' id='block_1_8' title="bbox 271 1311 1426 1362">
    <p class='ocr_par' dir='ltr' id='par_1_8' title="bbox 271 1311 1426 1362">
     <span class='ocr_line' id='line_1_8' title="bbox 271 1311 1426 1362; baseline -0.006 -8"><span class='ocrx_word' id='word_1_16' title='bbox 271 1331 274 1332; x_wconf 61' lang='grc'>’</span> <span class='ocrx_word' id='word_1_17' title='bbox 319 1312 634 1361; x_wconf 82' lang='lat' dir='ltr'>connumeratur,</span> <span class='ocrx_word' id='word_1_18' title='bbox 655 1326 733 1351; x_wconf 92' lang='lat' dir='ltr'>non</span> <span class='ocrx_word' id='word_1_19' title='bbox 758 1313 847 1362; x_wconf 88' lang='lat' dir='ltr'>quia</span> <span class='ocrx_word' id='word_1_20' title='bbox 865 1313 1005 1350; x_wconf 88' lang='lat' dir='ltr'>habeat</span> <span class='ocrx_word' id='word_1_21' title='bbox 1024 1312 1188 1349; x_wconf 89' lang='lat' dir='ltr'>eandem</span> <span class='ocrx_word' id='word_1_22' title='bbox 1209 1311 1397 1348; x_wconf 90' lang='lat' dir='ltr'>rationem</span> <span class='ocrx_word' id='word_1_23' title='bbox 1424 1350 1426 1360; x_wconf 22' lang='lat' dir='ltr'>k</span> 
     </span>
    </p>
   </div>
   <div class='ocr_carea' id='block_1_9' title="bbox 85 1963 244 2020">
    <p class='ocr_par' dir='ltr' id='par_1_9' title="bbox 85 1963 244 2020">
     <span class='ocr_line' id='line_1_9' title="bbox 87 1963 190 1992; baseline 0 -5"><span class='ocrx_word' id='word_1_24' title='bbox 87 1963 126 1987; x_wconf 81' lang='grc' dir='ltr'>ϊ</span> <span class='ocrx_word' id='word_1_25' title='bbox 134 1963 190 1992; x_wconf 63' lang='grc' dir='ltr'>ην,</span> 
     </span>
     <span class='ocr_line' id='line_1_10' title="bbox 85 1994 244 2020; baseline -0.006 -6"><span class='ocrx_word' id='word_1_26' title='bbox 85 1994 128 2014; x_wconf 78' lang='grc' dir='ltr'>ιη.</span> <span class='ocrx_word' id='word_1_27' title='bbox 141 1997 166 2018; x_wconf 74' lang='lat'>4,</span> <span class='ocrx_word' id='word_1_28' title='bbox 221 1996 244 2020; x_wconf 81' lang='lat'>3.</span> 
     </span>
    </p>
   </div>
   <div class='ocr_carea' id='block_1_10' title="bbox 85 2602 300 2632">
    <p class='ocr_par' dir='ltr' id='par_1_10' title="bbox 85 2602 300 2632">
     <span class='ocr_line' id='line_1_11' title="bbox 85 2602 300 2632; baseline -0.009 -6"><span class='ocrx_word' id='word_1_29' title='bbox 85 2602 99 2616; x_wconf 75' lang='lat'>⁸</span> <span class='ocrx_word' id='word_1_30' title='bbox 111 2602 170 2626; x_wconf 71' lang='lat' dir='ltr'>Gen.</span> <span class='ocrx_word' id='word_1_31' title='bbox 179 2607 231 2632; x_wconf 67' lang='lat' dir='ltr'>etp.</span> <span class='ocrx_word' id='word_1_32' title='bbox 240 2609 300 2625; x_wconf 80' lang='lat' dir='ltr'>mi.</span> 
     </span>
    </p>
   </div>
   <div class='ocr_carea' id='block_1_11' title="bbox 91 3205 289 3228">
    <p class='ocr_par' dir='ltr' id='par_1_11' title="bbox 91 3205 289 3228">
     <span class='ocr_line' id='line_1_12' title="bbox 91 3205 289 3228; baseline -0.01 0"><span class='ocrx_word' id='word_1_33' title='bbox 91 3205 149 3228; x_wconf 66' lang='grc' dir='ltr'>ἀἱ</span> <span class='ocrx_word' id='word_1_34' title='bbox 169 3210 233 3227; x_wconf 82' lang='lat' dir='ltr'>num.</span> <span class='ocrx_word' id='word_1_35' title='bbox 250 3211 289 3226; x_wconf 87' lang='lat' dir='ltr'>vn.</span> 
     </span>
    </p>
   </div>
   <div class='ocr_carea' id='block_1_12' title="bbox 249 1969 298 1991">
    <p class='ocr_par' dir='ltr' id='par_1_12' title="bbox 249 1969 298 1991">
     <span class='ocr_line' id='line_1_13' title="bbox 249 1969 298 1991; baseline -0.02 -4"><span class='ocrx_word' id='word_1_36' title='bbox 249 1969 298 1991; x_wconf 76' lang='lat' dir='ltr'>uu,</span> 
     </span>
    </p>
   </div>
   <div class='ocr_carea' id='block_1_13' title="bbox 1005 274 1831 322">
    <p class='ocr_par' dir='ltr' id='par_1_13' title="bbox 1005 274 1831 322">
     <span class='ocr_line' id='line_1_14' title="bbox 1005 274 1831 322; baseline -0.001 -10"><span class='ocrx_word' id='word_1_37' title='bbox 1005 276 1274 322; x_wconf 89' lang='lat' dir='ltr'>QUAESTIO</span> <span class='ocrx_word' id='word_1_38' title='bbox 1303 275 1439 322; x_wconf 88' lang='lat' dir='ltr'>CLIV,</span> <span class='ocrx_word' id='word_1_39' title='bbox 1469 274 1768 312; x_wconf 87' lang='lat' dir='ltr'>ARTICULUS</span> <span class='ocrx_word' id='word_1_40' title='bbox 1800 275 1831 311; x_wconf 91' lang='lat' dir='ltr'>ll</span> 
     </span>
    </p>
   </div>
   <div class='ocr_carea' id='block_1_14' title="bbox 2440 285 2515 321">
    <p class='ocr_par' dir='ltr' id='par_1_14' title="bbox 2440 285 2515 321">
     <span class='ocr_line' id='line_1_15' title="bbox 2440 285 2515 321; baseline 0.013 -12"><span class='ocrx_word' id='word_1_41' title='bbox 2440 285 2515 321; x_wconf 85' lang='lat'>219</span> 
     </span>
    </p>
   </div>
   <div class='ocr_carea' id='block_1_15' title="bbox 321 351 2515 404">
    <p class='ocr_par' dir='ltr' id='par_1_15' title="bbox 321 351 2515 404">
     <span class='ocr_line' id='line_1_16' title="bbox 321 351 2515 404; baseline -0.002 -12"><span class='ocrx_word' id='word_1_42' title='bbox 321 355 439 404; x_wconf 24' lang='lat' dir='ltr'>totius!</span> <span class='ocrx_word' id='word_1_43' title='bbox 471 353 631 391; x_wconf 86' lang='lat' dir='ltr'>humani</span> <span class='ocrx_word' id='word_1_44' title='bbox 665 353 829 402; x_wconf 88' lang='lat' dir='ltr'>generis;</span> <span class='ocrx_word' id='word_1_45' title='bbox 868 354 970 390; x_wconf 89' lang='lat' dir='ltr'>bona</span> <span class='ocrx_word' id='word_1_46' title='bbox 999 361 1127 390; x_wconf 89' lang='lat' dir='ltr'>autem</span> <span class='ocrx_word' id='word_1_47' title='bbox 1169 353 1389 390; x_wconf 89' lang='lat' dir='ltr'>communia</span> <span class='ocrx_word' id='word_1_48' title='bbox 1417 353 1419 399; x_wconf 67' lang='lat' dir='ltr'>l</span> <span class='ocrx_word' id='word_1_49' title='bbox 1445 361 1500 390; x_wconf 86' lang='lat' dir='ltr'>tra</span> <span class='ocrx_word' id='word_1_50' title='bbox 1521 352 1784 393; x_wconf 86' lang='lat' dir='ltr'>rectitudinem</span> <span class='ocrx_word' id='word_1_51' title='bbox 1807 351 1961 389; x_wconf 87' lang='lat' dir='ltr'>rationis</span> <span class='ocrx_word' id='word_1_52' title='bbox 1981 352 2174 388; x_wconf 87' lang='lat' dir='ltr'>humanae</span> <span class='ocrx_word' id='word_1_53' title='bbox 2185 364 2198 397; x_wconf 65' lang='lat'>;&gt;</span> <span class='ocrx_word' id='word_1_54' title='bbox 2215 351 2264 387; x_wconf 90' lang='lat' dir='ltr'>ita</span> <span class='ocrx_word' id='word_1_55' title='bbox 2285 351 2397 388; x_wconf 87' lang='lat' dir='ltr'>etiam</span> <span class='ocrx_word' id='word_1_56' title='bbox 2414 352 2515 388; x_wconf 91' lang='lat' dir='ltr'>Osee</span> 
     </span>
    </p>
   </div>
   <div class='ocr_carea' id='block_1_16' title="bbox 321 406 1390 562">
    <p class='ocr_par' dir='ltr' id='par_1_16' title="bbox 321 406 1390 562">
     <span class='ocr_line' id='line_1_17' title="bbox 321 406 1390 456; baseline -0.003 -10"><span class='ocrx_word' id='word_1_57' title='bbox 321 409 463 446; x_wconf 88' lang='lat' dir='ltr'>cadunt</span> <span class='ocrx_word' id='word_1_58' title='bbox 490 408 560 445; x_wconf 91' lang='lat' dir='ltr'>sub</span> <span class='ocrx_word' id='word_1_59' title='bbox 591 406 908 444; x_wconf 87' lang='lat' dir='ltr'>determinatione</span> <span class='ocrx_word' id='word_1_60' title='bbox 937 406 1040 454; x_wconf 88' lang='lat' dir='ltr'>legis,</span> <span class='ocrx_word' id='word_1_61' title='bbox 1070 415 1111 443; x_wconf 93' lang='lat' dir='ltr'>ut</span> <span class='ocrx_word' id='word_1_62' title='bbox 1139 419 1254 456; x_wconf 90' lang='lat' dir='ltr'>supra</span> <span class='ocrx_word' id='word_1_63' title='bbox 1273 406 1293 428; x_wconf 75' lang='lat'>’¹‘</span> <span class='ocrx_word' id='word_1_64' title='bbox 1325 407 1390 443; x_wconf 90' lang='lat' dir='ltr'>ha-</span> 
     </span>
     <span class='ocr_line' id='line_1_18' title="bbox 321 460 1389 509; baseline -0.002 -10"><span class='ocrx_word' id='word_1_65' title='bbox 321 462 442 499; x_wconf 93' lang='lat' dir='ltr'>bitum</span> <span class='ocrx_word' id='word_1_66' title='bbox 473 469 543 498; x_wconf 91' lang='lat' dir='ltr'>est:</span> <span class='ocrx_word' id='word_1_67' title='bbox 579 472 820 508; x_wconf 87' lang='lat' dir='ltr'>consequens</span> <span class='ocrx_word' id='word_1_68' title='bbox 850 467 905 497; x_wconf 91' lang='lat' dir='ltr'>est</span> <span class='ocrx_word' id='word_1_69' title='bbox 932 460 1039 509; x_wconf 91' lang='lat' dir='ltr'>quod</span> <span class='ocrx_word' id='word_1_70' title='bbox 1075 460 1144 497; x_wconf 91' lang='lat' dir='ltr'>ista</span> <span class='ocrx_word' id='word_1_71' title='bbox 1174 460 1389 497; x_wconf 85' lang='lat' dir='ltr'>coniunctio</span> 
     </span>
     <span class='ocr_line' id='line_1_19' title="bbox 321 514 1390 562; baseline -0.003 -9"><span class='ocrx_word' id='word_1_72' title='bbox 321 515 438 553; x_wconf 84' lang='lat' dir='ltr'>maris</span> <span class='ocrx_word' id='word_1_73' title='bbox 466 514 516 552; x_wconf 87' lang='lat' dir='ltr'>ad</span> <span class='ocrx_word' id='word_1_74' title='bbox 553 514 753 560; x_wconf 88' lang='lat' dir='ltr'>feminam,</span> <span class='ocrx_word' id='word_1_75' title='bbox 782 526 882 562; x_wconf 88' lang='lat' dir='ltr'>quae</span> <span class='ocrx_word' id='word_1_76' title='bbox 918 514 1207 550; x_wconf 88' lang='lat' dir='ltr'>matrimonium</span> <span class='ocrx_word' id='word_1_77' title='bbox 1244 514 1390 560; x_wconf 91' lang='lat' dir='ltr'>dicitur,</span> 
     </span>
    </p>
   </div>
   <div class='ocr_carea' id='block_1_17' title="bbox 322 562 1420 617">
    <p class='ocr_par' dir='ltr' id='par_1_17' title="bbox 322 562 1420 617">
     <span class='ocr_line' id='line_1_20' title="bbox 322 562 1420 617; baseline -0.002 -12"><span class='ocrx_word' id='word_1_78' title='bbox 322 570 403 617; x_wconf 86' lang='lat' dir='ltr'>lege</span> <span class='ocrx_word' id='word_1_79' title='bbox 423 568 549 616; x_wconf 88' lang='lat' dir='ltr'>aliqua</span> <span class='ocrx_word' id='word_1_80' title='bbox 569 567 853 604; x_wconf 84' lang='lat' dir='ltr'>determinetur.</span> <span class='ocrx_word' id='word_1_81' title='bbox 884 567 1056 613; x_wconf 88' lang='lat' dir='ltr'>Qualiter</span> <span class='ocrx_word' id='word_1_82' title='bbox 1075 575 1203 604; x_wconf 93' lang='lat' dir='ltr'>autem</span> <span class='ocrx_word' id='word_1_83' title='bbox 1224 567 1271 604; x_wconf 91' lang='lat' dir='ltr'>sit</span> <span class='ocrx_word' id='word_1_84' title='bbox 1288 567 1392 616; x_wconf 91' lang='lat' dir='ltr'>apud</span> <span class='ocrx_word' id='word_1_85' title='bbox 1418 562 1420 614; x_wconf 62' lang='grc' dir='ltr'><strong>ξ</strong></span> 
     </span>
    </p>
   </div>
   <div class='ocr_carea' id='block_1_18' title="bbox 323 620 1420 1203">
    <p class='ocr_par' dir='ltr' id='par_1_18' title="bbox 323 620 1420 925">
     <span class='ocr_line' id='line_1_21' title="bbox 323 620 1420 669; baseline -0.002 -10"><span class='ocrx_word' id='word_1_86' title='bbox 323 634 394 659; x_wconf 90' lang='lat' dir='ltr'>nos</span> <span class='ocrx_word' id='word_1_87' title='bbox 423 620 731 667; x_wconf 89' lang='lat' dir='ltr'>determinatum,</span> <span class='ocrx_word' id='word_1_88' title='bbox 761 620 798 656; x_wconf 91' lang='lat' dir='ltr'>in</span> <span class='ocrx_word' id='word_1_89' title='bbox 828 621 958 657; x_wconf 90' lang='lat' dir='ltr'>Tertia</span> <span class='ocrx_word' id='word_1_90' title='bbox 987 621 1097 657; x_wconf 88' lang='lat' dir='ltr'>Parte</span> <span class='ocrx_word' id='word_1_91' title='bbox 1125 621 1238 657; x_wconf 91' lang='lat' dir='ltr'>huius</span> <span class='ocrx_word' id='word_1_92' title='bbox 1267 621 1420 669; x_wconf 89' lang='lat' dir='ltr'>operis</span> 
     </span>
     <span class='ocr_line' id='line_1_22' title="bbox 323 673 1392 724; baseline -0.002 -12"><span class='ocrx_word' id='word_1_93' title='bbox 323 682 455 724; x_wconf 88' lang='lat' dir='ltr'>agetur</span> <span class='ocrx_word' id='word_1_94' title='bbox 473 673 527 720; x_wconf 51' lang='lat' dir='ltr'>W,</span> <span class='ocrx_word' id='word_1_95' title='bbox 558 686 645 710; x_wconf 91' lang='lat' dir='ltr'>cum</span> <span class='ocrx_word' id='word_1_96' title='bbox 675 675 722 710; x_wconf 90' lang='lat' dir='ltr'>de</span> <span class='ocrx_word' id='word_1_97' title='bbox 743 673 975 710; x_wconf 87' lang='lat' dir='ltr'>matrimonii</span> <span class='ocrx_word' id='word_1_98' title='bbox 994 682 1234 711; x_wconf 88' lang='lat' dir='ltr'>sacramento</span> <span class='ocrx_word' id='word_1_99' title='bbox 1258 681 1392 710; x_wconf 87' lang='lat' dir='ltr'>tracta-</span> 
     </span>
     <span class='ocr_line' id='line_1_23' title="bbox 323 727 1392 774; baseline -0.001 -9"><span class='ocrx_word' id='word_1_100' title='bbox 323 729 434 766; x_wconf 89' lang='lat' dir='ltr'>bitur.</span> <span class='ocrx_word' id='word_1_101' title='bbox 455 748 480 756; x_wconf 93' lang='lat'>-</span> <span class='ocrx_word' id='word_1_102' title='bbox 508 727 634 774; x_wconf 91' lang='lat' dir='ltr'>Unde,</span> <span class='ocrx_word' id='word_1_103' title='bbox 656 739 743 764; x_wconf 90' lang='lat' dir='ltr'>cum</span> <span class='ocrx_word' id='word_1_104' title='bbox 772 727 970 764; x_wconf 88' lang='lat' dir='ltr'>fornicatio</span> <span class='ocrx_word' id='word_1_105' title='bbox 1001 727 1046 764; x_wconf 92' lang='lat' dir='ltr'>sit</span> <span class='ocrx_word' id='word_1_106' title='bbox 1075 727 1300 764; x_wconf 89' lang='lat' dir='ltr'>concubitus</span> <span class='ocrx_word' id='word_1_107' title='bbox 1326 740 1392 764; x_wconf 89' lang='lat' dir='ltr'>va-</span> 
     </span>
     <span class='ocr_line' id='line_1_24' title="bbox 323 781 1394 830; baseline -0.001 -11"><span class='ocrx_word' id='word_1_108' title='bbox 323 794 410 830; x_wconf 84' lang='lat' dir='ltr'>gus,</span> <span class='ocrx_word' id='word_1_109' title='bbox 450 788 581 829; x_wconf 84' lang='lat' dir='ltr'>utpote</span> <span class='ocrx_word' id='word_1_110' title='bbox 619 788 768 830; x_wconf 89' lang='lat' dir='ltr'>praeter</span> <span class='ocrx_word' id='word_1_111' title='bbox 801 781 1088 818; x_wconf 87' lang='lat' dir='ltr'>matrimonium</span> <span class='ocrx_word' id='word_1_112' title='bbox 1124 781 1304 826; x_wconf 83' lang='lat' dir='ltr'>existens,</span> <span class='ocrx_word' id='word_1_113' title='bbox 1338 788 1394 818; x_wconf 93' lang='lat' dir='ltr'>est</span> 
     </span>
     <span class='ocr_line' id='line_1_25' title="bbox 324 834 1393 883; baseline -0.001 -11"><span class='ocrx_word' id='word_1_114' title='bbox 324 842 457 872; x_wconf 89' lang='lat' dir='ltr'>contra</span> <span class='ocrx_word' id='word_1_115' title='bbox 485 835 632 871; x_wconf 90' lang='lat' dir='ltr'>bonum</span> <span class='ocrx_word' id='word_1_116' title='bbox 652 834 768 883; x_wconf 89' lang='lat' dir='ltr'>prolis</span> <span class='ocrx_word' id='word_1_117' title='bbox 789 834 1024 871; x_wconf 86' lang='lat' dir='ltr'>educandae.</span> <span class='ocrx_word' id='word_1_118' title='bbox 1056 835 1105 871; x_wconf 90' lang='lat' dir='ltr'>Et</span> <span class='ocrx_word' id='word_1_119' title='bbox 1123 834 1211 872; x_wconf 92' lang='lat' dir='ltr'>ideo</span> <span class='ocrx_word' id='word_1_120' title='bbox 1232 842 1287 871; x_wconf 90' lang='lat' dir='ltr'>est</span> <span class='ocrx_word' id='word_1_121' title='bbox 1305 846 1393 883; x_wconf 91' lang='lat' dir='ltr'>pec-</span> 
     </span>
     <span class='ocr_line' id='line_1_26' title="bbox 325 889 655 925; baseline -0.003 0"><span class='ocrx_word' id='word_1_122' title='bbox 325 896 453 925; x_wconf 86' lang='lat' dir='ltr'>catum</span> <span class='ocrx_word' id='word_1_123' title='bbox 482 889 655 924; x_wconf 86' lang='lat' dir='ltr'>mortale.</span> 
     </span>
    </p>

    <p class='ocr_par' dir='ltr' id='par_1_19' title="bbox 323 940 1397 1203">
     <span class='ocr_line' id='line_1_27' title="bbox 379 940 1395 989; baseline -0.002 -11"><span class='ocrx_word' id='word_1_124' title='bbox 379 942 463 978; x_wconf 89' lang='lat' dir='ltr'>Nec</span> <span class='ocrx_word' id='word_1_125' title='bbox 492 941 617 978; x_wconf 87' lang='lat' dir='ltr'>obstat</span> <span class='ocrx_word' id='word_1_126' title='bbox 645 941 675 977; x_wconf 92' lang='lat' dir='ltr'>si</span> <span class='ocrx_word' id='word_1_127' title='bbox 704 941 838 989; x_wconf 89' lang='lat' dir='ltr'>aliquis</span> <span class='ocrx_word' id='word_1_128' title='bbox 872 940 1096 979; x_wconf 87' lang='lat' dir='ltr'>fornicando</span> <span class='ocrx_word' id='word_1_129' title='bbox 1135 940 1303 988; x_wconf 86' lang='lat' dir='ltr'>aliquam</span> <span class='ocrx_word' id='word_1_130' title='bbox 1333 952 1395 976; x_wconf 95' lang='lat' dir='ltr'>co-</span> 
     </span>
     <span class='ocr_line' id='line_1_28' title="bbox 324 993 1394 1045; baseline -0.003 -12"><span class='ocrx_word' id='word_1_131' title='bbox 324 1007 533 1045; x_wconf 89' lang='lat' dir='ltr'>gnoscens,</span> <span class='ocrx_word' id='word_1_132' title='bbox 563 994 798 1032; x_wconf 88' lang='lat' dir='ltr'>sufficienter</span> <span class='ocrx_word' id='word_1_133' title='bbox 824 994 1027 1043; x_wconf 90' lang='lat' dir='ltr'>provideat</span> <span class='ocrx_word' id='word_1_134' title='bbox 1053 994 1150 1043; x_wconf 89' lang='lat' dir='ltr'>proli</span> <span class='ocrx_word' id='word_1_135' title='bbox 1179 993 1227 1030; x_wconf 94' lang='lat' dir='ltr'>de</span> <span class='ocrx_word' id='word_1_136' title='bbox 1256 993 1394 1030; x_wconf 89' lang='lat' dir='ltr'>educa-</span> 
     </span>
     <span class='ocr_line' id='line_1_29' title="bbox 323 1046 1395 1096; baseline -0.004 -9"><span class='ocrx_word' id='word_1_137' title='bbox 323 1049 440 1087; x_wconf 84' lang='lat' dir='ltr'>tione.</span> <span class='ocrx_word' id='word_1_138' title='bbox 481 1047 582 1096; x_wconf 85' lang='lat' dir='ltr'>Quia</span> <span class='ocrx_word' id='word_1_139' title='bbox 611 1047 650 1085; x_wconf 87' lang='lat' dir='ltr'>id</span> <span class='ocrx_word' id='word_1_140' title='bbox 678 1048 783 1095; x_wconf 93' lang='lat' dir='ltr'>quod</span> <span class='ocrx_word' id='word_1_141' title='bbox 814 1047 912 1086; x_wconf 89' lang='lat' dir='ltr'>cadit</span> <span class='ocrx_word' id='word_1_142' title='bbox 941 1048 1012 1084; x_wconf 91' lang='lat' dir='ltr'>sub</span> <span class='ocrx_word' id='word_1_143' title='bbox 1040 1047 1132 1095; x_wconf 90' lang='lat' dir='ltr'>legis</span> <span class='ocrx_word' id='word_1_144' title='bbox 1166 1046 1395 1084; x_wconf 89' lang='lat' dir='ltr'>determina-</span> 
     </span>
     <span class='ocr_line' id='line_1_30' title="bbox 324 1099 1397 1149; baseline -0.003 -10"><span class='ocrx_word' id='word_1_145' title='bbox 324 1103 449 1148; x_wconf 89' lang='lat' dir='ltr'>tione,</span> <span class='ocrx_word' id='word_1_146' title='bbox 479 1101 668 1138; x_wconf 85' lang='lat' dir='ltr'>iudicatur</span> <span class='ocrx_word' id='word_1_147' title='bbox 695 1101 910 1138; x_wconf 89' lang='lat' dir='ltr'>secundum</span> <span class='ocrx_word' id='word_1_148' title='bbox 938 1101 975 1138; x_wconf 91' lang='lat' dir='ltr'>id</span> <span class='ocrx_word' id='word_1_149' title='bbox 1004 1100 1111 1149; x_wconf 91' lang='lat' dir='ltr'>quod</span> <span class='ocrx_word' id='word_1_150' title='bbox 1140 1099 1397 1136; x_wconf 89' lang='lat' dir='ltr'>communiter</span> 
     </span>
     <span class='ocr_line' id='line_1_31' title="bbox 325 1152 1396 1203; baseline -0.004 -10"><span class='ocrx_word' id='word_1_151' title='bbox 325 1155 471 1202; x_wconf 90' lang='lat' dir='ltr'>accidit,</span> <span class='ocrx_word' id='word_1_152' title='bbox 493 1163 530 1192; x_wconf 84' lang='lat' dir='ltr'>et</span> <span class='ocrx_word' id='word_1_153' title='bbox 559 1167 635 1192; x_wconf 92' lang='lat' dir='ltr'>non</span> <span class='ocrx_word' id='word_1_154' title='bbox 666 1155 878 1192; x_wconf 90' lang='lat' dir='ltr'>secundum</span> <span class='ocrx_word' id='word_1_155' title='bbox 908 1153 946 1191; x_wconf 95' lang='lat' dir='ltr'>id</span> <span class='ocrx_word' id='word_1_156' title='bbox 965 1153 1071 1203; x_wconf 93' lang='lat' dir='ltr'>quod</span> <span class='ocrx_word' id='word_1_157' title='bbox 1091 1154 1128 1190; x_wconf 91' lang='lat' dir='ltr'>in</span> <span class='ocrx_word' id='word_1_158' title='bbox 1149 1152 1275 1202; x_wconf 88' lang='lat' dir='ltr'>aliquo</span> <span class='ocrx_word' id='word_1_159' title='bbox 1306 1165 1396 1189; x_wconf 90' lang='lat' dir='ltr'>casu</span> 
     </span>
    </p>
   </div>
   <div class='ocr_carea' id='block_1_19' title="bbox 312 1207 700 1259">
    <p class='ocr_par' dir='ltr' id='par_1_20' title="bbox 312 1207 700 1259">
     <span class='ocr_line' id='line_1_32' title="bbox 312 1207 700 1259; baseline -0.008 -12"><span class='ocrx_word' id='word_1_160' title='bbox 312 1249 314 1251; x_wconf 74' lang='grc'><strong>,</strong></span> <span class='ocrx_word' id='word_1_161' title='bbox 324 1217 450 1259; x_wconf 91' lang='lat' dir='ltr'>potest</span> <span class='ocrx_word' id='word_1_162' title='bbox 478 1208 649 1245; x_wconf 88' lang='lat' dir='ltr'>accidere</span> <span class='ocrx_word' id='word_1_163' title='bbox 668 1207 700 1244; x_wconf 66' lang='lat'>³¹³.</span> 
     </span>
    </p>
   </div>
   <div class='ocr_carea' id='block_1_20' title="bbox 379 1258 1397 1311">
    <p class='ocr_par' dir='ltr' id='par_1_21' title="bbox 379 1258 1397 1311">
     <span class='ocr_line' id='line_1_33' title="bbox 379 1258 1397 1311; baseline -0.006 -11"><span class='ocrx_word' id='word_1_164' title='bbox 379 1264 438 1302; x_wconf 81' lang='lat' dir='ltr'>AD</span> <span class='ocrx_word' id='word_1_165' title='bbox 467 1273 606 1311; x_wconf 66' lang='lat' dir='ltr'>ramum</span> <span class='ocrx_word' id='word_1_166' title='bbox 634 1271 733 1299; x_wconf 81' lang='lat' dir='ltr'>ERGO</span> <span class='ocrx_word' id='word_1_167' title='bbox 760 1271 946 1298; x_wconf 77' lang='lat' dir='ltr'>DICENDUM</span> <span class='ocrx_word' id='word_1_168' title='bbox 976 1259 1083 1309; x_wconf 87' lang='lat' dir='ltr'>quod</span> <span class='ocrx_word' id='word_1_169' title='bbox 1111 1258 1306 1296; x_wconf 85' lang='lat' dir='ltr'>fornicatio</span> <span class='ocrx_word' id='word_1_170' title='bbox 1327 1258 1397 1295; x_wconf 93' lang='lat' dir='ltr'>illis</span> 
     </span>
    </p>
   </div>
   <div class='ocr_carea' id='block_1_21' title="bbox 324 1365 1399 1737">
    <p class='ocr_par' dir='ltr' id='par_1_22' title="bbox 324 1365 1399 1737">
     <span class='ocr_line' id='line_1_34' title="bbox 325 1365 1397 1418; baseline -0.006 -11"><span class='ocrx_word' id='word_1_171' title='bbox 325 1370 461 1418; x_wconf 88' lang='lat' dir='ltr'>culpae</span> <span class='ocrx_word' id='word_1_172' title='bbox 489 1380 579 1406; x_wconf 89' lang='lat' dir='ltr'>cum</span> <span class='ocrx_word' id='word_1_173' title='bbox 608 1367 709 1405; x_wconf 91' lang='lat' dir='ltr'>aliis:</span> <span class='ocrx_word' id='word_1_174' title='bbox 735 1368 802 1404; x_wconf 90' lang='lat' dir='ltr'>sed</span> <span class='ocrx_word' id='word_1_175' title='bbox 830 1373 1016 1414; x_wconf 90' lang='lat' dir='ltr'>quantum</span> <span class='ocrx_word' id='word_1_176' title='bbox 1045 1365 1094 1403; x_wconf 92' lang='lat' dir='ltr'>ad</span> <span class='ocrx_word' id='word_1_177' title='bbox 1114 1366 1201 1412; x_wconf 91' lang='lat' dir='ltr'>hoc,</span> <span class='ocrx_word' id='word_1_178' title='bbox 1222 1365 1328 1413; x_wconf 92' lang='lat' dir='ltr'>quod</span> <span class='ocrx_word' id='word_1_179' title='bbox 1352 1377 1397 1401; x_wconf 90' lang='lat' dir='ltr'>ex</span> 
     </span>
     <span class='ocr_line' id='line_1_35' title="bbox 324 1418 1395 1471; baseline -0.006 -11"><span class='ocrx_word' id='word_1_180' title='bbox 324 1423 384 1460; x_wconf 89' lang='lat' dir='ltr'>his</span> <span class='ocrx_word' id='word_1_181' title='bbox 411 1434 511 1471; x_wconf 87' lang='lat' dir='ltr'>quae</span> <span class='ocrx_word' id='word_1_182' title='bbox 540 1421 590 1458; x_wconf 93' lang='lat' dir='ltr'>ibi</span> <span class='ocrx_word' id='word_1_183' title='bbox 618 1427 815 1470; x_wconf 87' lang='lat' dir='ltr'>ponuntur</span> <span class='ocrx_word' id='word_1_184' title='bbox 833 1419 1002 1456; x_wconf 90' lang='lat' dir='ltr'>similiter</span> <span class='ocrx_word' id='word_1_185' title='bbox 1020 1426 1169 1468; x_wconf 87' lang='lat' dir='ltr'>poterat</span> <span class='ocrx_word' id='word_1_186' title='bbox 1197 1418 1395 1456; x_wconf 87' lang='lat' dir='ltr'>dissidium</span> 
     </span>
     <span class='ocr_line' id='line_1_36' title="bbox 325 1472 1396 1526; baseline -0.006 -12"><span class='ocrx_word' id='word_1_187' title='bbox 325 1475 495 1526; x_wconf 80' lang='lat' dir='ltr'>generari</span> <span class='ocrx_word' id='word_1_188' title='bbox 523 1475 620 1512; x_wconf 88' lang='lat' dir='ltr'>inter</span> <span class='ocrx_word' id='word_1_189' title='bbox 648 1474 812 1511; x_wconf 89' lang='lat' dir='ltr'>ludaeos</span> <span class='ocrx_word' id='word_1_190' title='bbox 833 1480 869 1509; x_wconf 90' lang='lat' dir='ltr'>et</span> <span class='ocrx_word' id='word_1_191' title='bbox 889 1472 1071 1518; x_wconf 88' lang='lat' dir='ltr'>Gentiles,</span> <span class='ocrx_word' id='word_1_192' title='bbox 1093 1479 1130 1508; x_wconf 92' lang='lat' dir='ltr'>et</span> <span class='ocrx_word' id='word_1_193' title='bbox 1149 1483 1282 1509; x_wconf 90' lang='lat' dir='ltr'>eorum</span> <span class='ocrx_word' id='word_1_194' title='bbox 1301 1483 1396 1508; x_wconf 92' lang='lat' dir='ltr'>una-</span> 
     </span>
     <span class='ocr_line' id='line_1_37' title="bbox 325 1502 1397 1576; baseline -0.006 -9"><span class='ocrx_word' id='word_1_195' title='bbox 325 1529 438 1568; x_wconf 89' lang='lat' dir='ltr'>nimis</span> <span class='ocrx_word' id='word_1_196' title='bbox 458 1539 668 1566; x_wconf 87' lang='lat' dir='ltr'>consensus</span> <span class='ocrx_word' id='word_1_197' title='bbox 686 1525 875 1576; x_wconf 91' lang='lat' dir='ltr'>impediri.</span> <span class='ocrx_word' id='word_1_198' title='bbox 897 1526 997 1573; x_wconf 87' lang='lat' dir='ltr'>Quia</span> <span class='ocrx_word' id='word_1_199' title='bbox 1016 1502 1120 1575; x_wconf 76' lang='lat' dir='ltr'>ap⁷ud</span> <span class='ocrx_word' id='word_1_200' title='bbox 1135 1525 1305 1563; x_wconf 89' lang='lat' dir='ltr'>Gentiles</span> <span class='ocrx_word' id='word_1_201' title='bbox 1324 1525 1397 1562; x_wconf 86' lang='lat' dir='ltr'>for-</span> 
     </span>
     <span class='ocr_line' id='line_1_38' title="bbox 325 1578 1399 1630; baseline -0.006 -9"><span class='ocrx_word' id='word_1_202' title='bbox 325 1581 462 1622; x_wconf 85' lang='lat' dir='ltr'>nicatio</span> <span class='ocrx_word' id='word_1_203' title='bbox 491 1581 653 1630; x_wconf 86' lang='lat' dir='ltr'>simplex</span> <span class='ocrx_word' id='word_1_204' title='bbox 687 1593 765 1618; x_wconf 91' lang='lat' dir='ltr'>non</span> <span class='ocrx_word' id='word_1_205' title='bbox 795 1579 1040 1628; x_wconf 89' lang='lat' dir='ltr'>reputabatur</span> <span class='ocrx_word' id='word_1_206' title='bbox 1076 1578 1213 1625; x_wconf 91' lang='lat' dir='ltr'>illicita,</span> <span class='ocrx_word' id='word_1_207' title='bbox 1243 1587 1399 1627; x_wconf 92' lang='lat' dir='ltr'>propter</span> 
     </span>
     <span class='ocr_line' id='line_1_39' title="bbox 325 1633 1397 1684; baseline -0.005 -10"><span class='ocrx_word' id='word_1_208' title='bbox 325 1635 609 1684; x_wconf 88' lang='lat' dir='ltr'>corruptionem</span> <span class='ocrx_word' id='word_1_209' title='bbox 646 1633 825 1671; x_wconf 88' lang='lat' dir='ltr'>naturalis</span> <span class='ocrx_word' id='word_1_210' title='bbox 864 1633 1039 1670; x_wconf 86' lang='lat' dir='ltr'>rationis:</span> <span class='ocrx_word' id='word_1_211' title='bbox 1080 1633 1210 1670; x_wconf 91' lang='lat' dir='ltr'>Iudaei</span> <span class='ocrx_word' id='word_1_212' title='bbox 1247 1640 1397 1679; x_wconf 90' lang='lat' dir='ltr'>autem,</span> 
     </span>
     <span class='ocr_line' id='line_1_40' title="bbox 325 1686 1397 1737; baseline -0.004 -10"><span class='ocrx_word' id='word_1_213' title='bbox 325 1701 371 1727; x_wconf 87' lang='lat' dir='ltr'>ex</span> <span class='ocrx_word' id='word_1_214' title='bbox 399 1690 483 1737; x_wconf 85' lang='lat' dir='ltr'>lege</span> <span class='ocrx_word' id='word_1_215' title='bbox 503 1688 633 1726; x_wconf 90' lang='lat' dir='ltr'>divina</span> <span class='ocrx_word' id='word_1_216' title='bbox 652 1687 834 1733; x_wconf 89' lang='lat' dir='ltr'>instructi,</span> <span class='ocrx_word' id='word_1_217' title='bbox 856 1698 941 1723; x_wconf 91' lang='lat' dir='ltr'>eam</span> <span class='ocrx_word' id='word_1_218' title='bbox 970 1686 1136 1723; x_wconf 88' lang='lat' dir='ltr'>illicitam</span> <span class='ocrx_word' id='word_1_219' title='bbox 1158 1687 1397 1735; x_wconf 84' lang='lat' dir='ltr'>reputabant.</span> 
     </span>
    </p>
   </div>
   <div class='ocr_carea' id='block_1_22' title="bbox 323 1739 1427 1791">
    <p class='ocr_par' dir='ltr' id='par_1_23' title="bbox 323 1739 1427 1791">
     <span class='ocr_line' id='line_1_41' title="bbox 323 1739 1427 1791; baseline -0.005 -10"><span class='ocrx_word' id='word_1_220' title='bbox 323 1742 410 1781; x_wconf 88' lang='lat' dir='ltr'>Alia</span> <span class='ocrx_word' id='word_1_221' title='bbox 445 1753 541 1780; x_wconf 88' lang='lat' dir='ltr'>vero</span> <span class='ocrx_word' id='word_1_222' title='bbox 579 1753 678 1791; x_wconf 90' lang='lat' dir='ltr'>quae</span> <span class='ocrx_word' id='word_1_223' title='bbox 708 1741 759 1777; x_wconf 93' lang='lat' dir='ltr'>ibi</span> <span class='ocrx_word' id='word_1_224' title='bbox 788 1747 1000 1789; x_wconf 89' lang='lat' dir='ltr'>ponuntur,</span> <span class='ocrx_word' id='word_1_225' title='bbox 1031 1740 1161 1777; x_wconf 88' lang='lat' dir='ltr'>Iudaei</span> <span class='ocrx_word' id='word_1_226' title='bbox 1199 1739 1397 1776; x_wconf 91' lang='lat' dir='ltr'>abomina-</span> <span class='ocrx_word' id='word_1_227' title='bbox 1426 1767 1427 1791; x_wconf 24' lang='grc' dir='ltr'><strong>ξ</strong></span> 
     </span>
    </p>
   </div>
   <div class='ocr_carea' id='block_1_23' title="bbox 323 1793 1400 2003">
    <p class='ocr_par' dir='ltr' id='par_1_24' title="bbox 323 1793 1400 2003">
     <span class='ocr_line' id='line_1_42' title="bbox 323 1793 1400 1846; baseline -0.006 -11"><span class='ocrx_word' id='word_1_228' title='bbox 323 1796 464 1837; x_wconf 84' lang='lat' dir='ltr'>bantur</span> <span class='ocrx_word' id='word_1_229' title='bbox 491 1802 648 1846; x_wconf 90' lang='lat' dir='ltr'>propter</span> <span class='ocrx_word' id='word_1_230' title='bbox 676 1793 996 1831; x_wconf 90' lang='lat' dir='ltr'>consuetudinem</span> <span class='ocrx_word' id='word_1_231' title='bbox 1034 1793 1163 1841; x_wconf 88' lang='lat' dir='ltr'>legalis</span> <span class='ocrx_word' id='word_1_232' title='bbox 1197 1805 1400 1830; x_wconf 91' lang='lat' dir='ltr'>conversa-</span> 
     </span>
     <span class='ocr_line' id='line_1_43' title="bbox 325 1846 1398 1896; baseline -0.005 -8"><span class='ocrx_word' id='word_1_233' title='bbox 325 1849 450 1888; x_wconf 88' lang='lat' dir='ltr'>tionis.</span> <span class='ocrx_word' id='word_1_234' title='bbox 478 1849 590 1887; x_wconf 90' lang='lat' dir='ltr'>Unde</span> <span class='ocrx_word' id='word_1_235' title='bbox 611 1847 787 1896; x_wconf 87' lang='lat' dir='ltr'>Apostoli</span> <span class='ocrx_word' id='word_1_236' title='bbox 813 1860 859 1884; x_wconf 91' lang='lat' dir='ltr'>ea</span> <span class='ocrx_word' id='word_1_237' title='bbox 879 1846 1093 1884; x_wconf 89' lang='lat' dir='ltr'>Gentilibus</span> <span class='ocrx_word' id='word_1_238' title='bbox 1115 1846 1398 1892; x_wconf 87' lang='lat' dir='ltr'>interdixerunt,</span> 
     </span>
     <span class='ocr_line' id='line_1_44' title="bbox 326 1899 1400 1952; baseline -0.005 -11"><span class='ocrx_word' id='word_1_239' title='bbox 326 1915 405 1941; x_wconf 90' lang='lat' dir='ltr'>non</span> <span class='ocrx_word' id='word_1_240' title='bbox 435 1902 542 1952; x_wconf 88' lang='lat' dir='ltr'>quasi</span> <span class='ocrx_word' id='word_1_241' title='bbox 564 1902 777 1938; x_wconf 90' lang='lat' dir='ltr'>secundum</span> <span class='ocrx_word' id='word_1_242' title='bbox 798 1913 840 1937; x_wconf 87' lang='lat' dir='ltr'>se</span> <span class='ocrx_word' id='word_1_243' title='bbox 869 1900 1005 1945; x_wconf 91' lang='lat' dir='ltr'>illicita,</span> <span class='ocrx_word' id='word_1_244' title='bbox 1026 1900 1094 1937; x_wconf 90' lang='lat' dir='ltr'>sed</span> <span class='ocrx_word' id='word_1_245' title='bbox 1114 1899 1222 1948; x_wconf 87' lang='lat' dir='ltr'>quasi</span> <span class='ocrx_word' id='word_1_246' title='bbox 1252 1900 1400 1937; x_wconf 92' lang='lat' dir='ltr'>ludaeis</span> 
     </span>
     <span class='ocr_line' id='line_1_45' title="bbox 326 1952 1285 2003; baseline -0.005 -9"><span class='ocrx_word' id='word_1_247' title='bbox 326 1955 619 1994; x_wconf 79' lang='lat' dir='ltr'>abominabilia:</span> <span class='ocrx_word' id='word_1_248' title='bbox 648 1962 690 1991; x_wconf 91' lang='lat' dir='ltr'>ut</span> <span class='ocrx_word' id='word_1_249' title='bbox 718 1954 832 1990; x_wconf 89' lang='lat' dir='ltr'>etiam</span> <span class='ocrx_word' id='word_1_250' title='bbox 862 1965 976 2003; x_wconf 88' lang='lat' dir='ltr'>supra</span> <span class='ocrx_word' id='word_1_251' title='bbox 995 1952 1016 1975; x_wconf 78' lang='lat'>²¹²</span> <span class='ocrx_word' id='word_1_252' title='bbox 1044 1953 1187 1990; x_wconf 89' lang='lat' dir='ltr'>dictum</span> <span class='ocrx_word' id='word_1_253' title='bbox 1218 1959 1285 1989; x_wconf 90' lang='lat' dir='ltr'>est.</span> 
     </span>
    </p>
   </div>
   <div class='ocr_carea' id='block_1_24' title="bbox 327 2059 1401 2154">
    <p class='ocr_par' dir='ltr' id='par_1_25' title="bbox 327 2059 1401 2154">
     <span class='ocr_line' id='line_1_46' title="bbox 328 2059 1400 2111; baseline -0.005 -11"><span class='ocrx_word' id='word_1_254' title='bbox 328 2074 410 2110; x_wconf 83' lang='lat' dir='ltr'>esse</span> <span class='ocrx_word' id='word_1_255' title='bbox 439 2069 664 2111; x_wconf 90' lang='lat' dir='ltr'>peccatum,</span> <span class='ocrx_word' id='word_1_256' title='bbox 693 2060 920 2110; x_wconf 88' lang='lat' dir='ltr'>inquantum</span> <span class='ocrx_word' id='word_1_257' title='bbox 951 2067 1007 2096; x_wconf 88' lang='lat' dir='ltr'>est</span> <span class='ocrx_word' id='word_1_258' title='bbox 1042 2067 1174 2097; x_wconf 90' lang='lat' dir='ltr'>contra</span> <span class='ocrx_word' id='word_1_259' title='bbox 1211 2059 1400 2096; x_wconf 88' lang='lat' dir='ltr'>rationem</span> 
     </span>
     <span class='ocr_line' id='line_1_47' title="bbox 327 2113 1401 2154; baseline -0.005 0"><span class='ocrx_word' id='word_1_260' title='bbox 327 2123 484 2154; x_wconf 88' lang='lat' dir='ltr'>rectam.</span> <span class='ocrx_word' id='word_1_261' title='bbox 513 2114 628 2152; x_wconf 89' lang='lat' dir='ltr'>Ratio</span> <span class='ocrx_word' id='word_1_262' title='bbox 648 2123 778 2152; x_wconf 89' lang='lat' dir='ltr'>autem</span> <span class='ocrx_word' id='word_1_263' title='bbox 797 2113 966 2151; x_wconf 89' lang='lat' dir='ltr'>hominis</span> <span class='ocrx_word' id='word_1_264' title='bbox 986 2122 1087 2150; x_wconf 89' lang='lat' dir='ltr'>recta</span> <span class='ocrx_word' id='word_1_265' title='bbox 1113 2121 1168 2150; x_wconf 86' lang='lat' dir='ltr'>est</span> <span class='ocrx_word' id='word_1_266' title='bbox 1187 2113 1401 2150; x_wconf 90' lang='lat' dir='ltr'>secundum</span> 
     </span>
    </p>
   </div>
   <div class='ocr_carea' id='block_1_25' title="bbox 325 2273 1402 2332">
    <p class='ocr_par' dir='ltr' id='par_1_26' title="bbox 325 2273 1402 2332">
     <span class='ocr_line' id='line_1_48' title="bbox 325 2273 1402 2332; baseline -0.005 -19"><span class='ocrx_word' id='word_1_267' title='bbox 325 2277 524 2313; x_wconf 87' lang='lat' dir='ltr'>voluntate</span> <span class='ocrx_word' id='word_1_268' title='bbox 551 2275 635 2318; x_wconf 87' lang='lat' dir='ltr'>Dei,</span> <span class='ocrx_word' id='word_1_269' title='bbox 667 2274 748 2311; x_wconf 90' lang='lat' dir='ltr'>eius</span> <span class='ocrx_word' id='word_1_270' title='bbox 775 2281 983 2323; x_wconf 88' lang='lat' dir='ltr'>praecepto</span> <span class='ocrx_word' id='word_1_271' title='bbox 1012 2273 1210 2332; x_wconf 83' lang='lat' dir='ltr'>obediens,</span> <span class='ocrx_word' id='word_1_272' title='bbox 1236 2285 1316 2310; x_wconf 91' lang='lat' dir='ltr'>non</span> <span class='ocrx_word' id='word_1_273' title='bbox 1345 2279 1402 2308; x_wconf 90' lang='lat' dir='ltr'>est</span> 
     </span>
    </p>
   </div>
   <div class='ocr_carea' id='block_1_26' title="bbox 328 2326 1428 2376">
    <p class='ocr_par' dir='ltr' id='par_1_27' title="bbox 328 2326 1428 2376">
     <span class='ocr_line' id='line_1_49' title="bbox 328 2326 1428 2376; baseline -0.005 -9"><span class='ocrx_word' id='word_1_274' title='bbox 328 2337 459 2367; x_wconf 88' lang='lat' dir='ltr'>contra</span> <span class='ocrx_word' id='word_1_275' title='bbox 488 2328 674 2366; x_wconf 88' lang='lat' dir='ltr'>rationem</span> <span class='ocrx_word' id='word_1_276' title='bbox 703 2334 868 2374; x_wconf 89' lang='lat' dir='ltr'>rectam,</span> <span class='ocrx_word' id='word_1_277' title='bbox 899 2327 1078 2376; x_wconf 89' lang='lat' dir='ltr'>quamvis</span> <span class='ocrx_word' id='word_1_278' title='bbox 1105 2326 1282 2364; x_wconf 90' lang='lat' dir='ltr'>videatur</span> <span class='ocrx_word' id='word_1_279' title='bbox 1318 2338 1400 2362; x_wconf 91' lang='lat' dir='ltr'>esse</span> <span class='ocrx_word' id='word_1_280' title='bbox 1426 2330 1428 2356; x_wconf 73' lang='lat'>1</span> 
     </span>
    </p>
   </div>
   <div class='ocr_carea' id='block_1_27' title="bbox 326 2357 1400 2483">
    <p class='ocr_par' dir='ltr' id='par_1_28' title="bbox 326 2357 1400 2483">
     <span class='ocr_line' id='line_1_50' title="bbox 327 2357 1399 2420; baseline -0.004 0"><span class='ocrx_word' id='word_1_281' title='bbox 327 2390 459 2420; x_wconf 86' lang='lat' dir='ltr'>contra</span> <span class='ocrx_word' id='word_1_282' title='bbox 487 2393 738 2419; x_wconf 88' lang='lat' dir='ltr'>communem</span> <span class='ocrx_word' id='word_1_283' title='bbox 758 2357 934 2418; x_wconf 82' lang='lat' dir='ltr'>ordiriem</span> <span class='ocrx_word' id='word_1_284' title='bbox 964 2380 1139 2418; x_wconf 88' lang='lat' dir='ltr'>rationis:</span> <span class='ocrx_word' id='word_1_285' title='bbox 1169 2380 1265 2417; x_wconf 90' lang='lat' dir='ltr'>sicut</span> <span class='ocrx_word' id='word_1_286' title='bbox 1285 2379 1399 2416; x_wconf 89' lang='lat' dir='ltr'>etiam</span> 
     </span>
     <span class='ocr_line' id='line_1_51' title="bbox 326 2433 1400 2483; baseline -0.004 -9"><span class='ocrx_word' id='word_1_287' title='bbox 326 2447 406 2474; x_wconf 89' lang='lat' dir='ltr'>non</span> <span class='ocrx_word' id='word_1_288' title='bbox 434 2443 491 2473; x_wconf 87' lang='lat' dir='ltr'>est</span> <span class='ocrx_word' id='word_1_289' title='bbox 518 2442 651 2473; x_wconf 88' lang='lat' dir='ltr'>contra</span> <span class='ocrx_word' id='word_1_290' title='bbox 679 2442 856 2472; x_wconf 87' lang='lat' dir='ltr'>naturam</span> <span class='ocrx_word' id='word_1_291' title='bbox 875 2436 981 2483; x_wconf 92' lang='lat' dir='ltr'>quod</span> <span class='ocrx_word' id='word_1_292' title='bbox 1006 2434 1236 2471; x_wconf 90' lang='lat' dir='ltr'>miraculose</span> <span class='ocrx_word' id='word_1_293' title='bbox 1265 2433 1308 2470; x_wconf 86' lang='lat' dir='ltr'>fit</span> <span class='ocrx_word' id='word_1_294' title='bbox 1326 2433 1400 2470; x_wconf 90' lang='lat' dir='ltr'>vir-</span> 
     </span>
    </p>
   </div>
   <div class='ocr_carea' id='block_1_28' title="bbox 327 2593 1401 2748">
    <p class='ocr_par' dir='ltr' id='par_1_29' title="bbox 327 2593 1401 2748">
     <span class='ocr_line' id='line_1_52' title="bbox 328 2593 1400 2643; baseline -0.003 -10"><span class='ocrx_word' id='word_1_295' title='bbox 328 2596 428 2633; x_wconf 89' lang='lat' dir='ltr'>cavit</span> <span class='ocrx_word' id='word_1_296' title='bbox 446 2595 568 2632; x_wconf 91' lang='lat' dir='ltr'>filium</span> <span class='ocrx_word' id='word_1_297' title='bbox 597 2595 843 2632; x_wconf 90' lang='lat' dir='ltr'>innocentem</span> <span class='ocrx_word' id='word_1_298' title='bbox 866 2594 1036 2631; x_wconf 88' lang='lat' dir='ltr'>volendo</span> <span class='ocrx_word' id='word_1_299' title='bbox 1057 2594 1232 2631; x_wconf 91' lang='lat' dir='ltr'>occidere</span> <span class='ocrx_word' id='word_1_300' title='bbox 1251 2593 1283 2641; x_wconf 73' lang='lat'>²¹³,</span> <span class='ocrx_word' id='word_1_301' title='bbox 1313 2605 1400 2643; x_wconf 92' lang='lat' dir='ltr'>pro-</span> 
     </span>
     <span class='ocr_line' id='line_1_53' title="bbox 327 2647 1399 2699; baseline -0.003 -12"><span class='ocrx_word' id='word_1_302' title='bbox 327 2657 411 2699; x_wconf 91' lang='lat' dir='ltr'>pter</span> <span class='ocrx_word' id='word_1_303' title='bbox 447 2650 523 2686; x_wconf 89' lang='lat' dir='ltr'>hoc</span> <span class='ocrx_word' id='word_1_304' title='bbox 559 2649 665 2698; x_wconf 92' lang='lat' dir='ltr'>quod</span> <span class='ocrx_word' id='word_1_305' title='bbox 703 2647 873 2685; x_wconf 90' lang='lat' dir='ltr'>obedivit</span> <span class='ocrx_word' id='word_1_306' title='bbox 908 2648 995 2685; x_wconf 91' lang='lat' dir='ltr'>Deo</span> <span class='ocrx_word' id='word_1_307' title='bbox 1018 2647 1057 2694; x_wconf 72' lang='lat'>³¹²,</span> <span class='ocrx_word' id='word_1_308' title='bbox 1092 2647 1270 2696; x_wconf 91' lang='lat' dir='ltr'>quamvis</span> <span class='ocrx_word' id='word_1_309' title='bbox 1306 2648 1399 2694; x_wconf 92' lang='lat' dir='ltr'>hoc,</span> 
     </span>
     <span class='ocr_line' id='line_1_54' title="bbox 328 2701 1401 2748; baseline -0.004 -7"><span class='ocrx_word' id='word_1_310' title='bbox 328 2703 543 2741; x_wconf 90' lang='lat' dir='ltr'>secundum</span> <span class='ocrx_word' id='word_1_311' title='bbox 572 2715 612 2739; x_wconf 89' lang='lat' dir='ltr'>se</span> <span class='ocrx_word' id='word_1_312' title='bbox 642 2701 938 2748; x_wconf 88' lang='lat' dir='ltr'>consideratum,</span> <span class='ocrx_word' id='word_1_313' title='bbox 959 2701 1005 2738; x_wconf 89' lang='lat' dir='ltr'>sit</span> <span class='ocrx_word' id='word_1_314' title='bbox 1033 2701 1291 2738; x_wconf 87' lang='lat' dir='ltr'>communiter</span> <span class='ocrx_word' id='word_1_315' title='bbox 1311 2713 1401 2738; x_wconf 93' lang='lat' dir='ltr'>con—</span> 
     </span>
    </p>
   </div>
   <div class='ocr_carea' id='block_1_29' title="bbox 380 2816 1110 2886">
    <p class='ocr_par' dir='ltr' id='par_1_30' title="bbox 380 2816 1110 2886">
     <span class='ocr_line' id='line_1_55' title="bbox 380 2816 758 2851; baseline -0.003 -9"><span class='ocrx_word' id='word_1_316' title='bbox 380 2817 408 2850; x_wconf 79' lang='grc' dir='ltr'>ζ)</span> <span class='ocrx_word' id='word_1_317' title='bbox 426 2820 533 2851; x_wconf 78' lang='lat' dir='ltr'>agetur.</span> <span class='ocrx_word' id='word_1_318' title='bbox 544 2831 567 2836; x_wconf 96' lang='lat'><em>-</em></span> <span class='ocrx_word' id='word_1_319' title='bbox 583 2817 687 2842; x_wconf 78' lang='lat' dir='ltr'>dicetur</span> <span class='ocrx_word' id='word_1_320' title='bbox 706 2816 758 2842; x_wconf 81' lang='lat' dir='ltr'>PL.</span> 
     </span>
     <span class='ocr_line' id='line_1_56' title="bbox 381 2851 1110 2886; baseline -0.003 -8"><span class='ocrx_word' id='word_1_321' title='bbox 381 2853 409 2886; x_wconf 86' lang='grc' dir='ltr'>η)</span> <span class='ocrx_word' id='word_1_322' title='bbox 424 2853 613 2886; x_wconf 73' lang='lat' dir='ltr'>praeponitur.</span> <span class='ocrx_word' id='word_1_323' title='bbox 625 2865 645 2872; x_wconf 93' lang='lat'>—</span> <span class='ocrx_word' id='word_1_324' title='bbox 658 2852 824 2884; x_wconf 78' lang='lat' dir='ltr'>proponitur</span> <span class='ocrx_word' id='word_1_325' title='bbox 844 2851 1021 2884; x_wconf 80' lang='lat' dir='ltr'>ABDEFKpC</span> <span class='ocrx_word' id='word_1_326' title='bbox 1040 2857 1066 2876; x_wconf 87' lang='lat' dir='ltr'>et</span> <span class='ocrx_word' id='word_1_327' title='bbox 1083 2859 1110 2876; x_wconf 83' lang='lat' dir='ltr'>a.</span> 
     </span>
    </p>
   </div>
   <div class='ocr_carea' id='block_1_30' title="bbox 1421 683 1432 2885">
    <p class='ocr_par' dir='ltr' id='par_1_31' title="bbox 1421 683 1432 2885">
     <span class='ocr_line' id='line_1_57' title="bbox 1421 683 1432 2885; baseline 0 0"><span class='ocrx_word' id='word_1_328' title='bbox 1421 683 1432 2885; x_wconf 95' lang='lat' dir='ltr'> </span> 
     </span>
    </p>
   </div>
   <div class='ocr_carea' id='block_1_31' title="bbox 1446 404 2514 456">
    <p class='ocr_par' dir='ltr' id='par_1_32' title="bbox 1446 404 2514 456">
     <span class='ocr_line' id='line_1_58' title="bbox 1446 404 2514 456; baseline -0.004 -12"><span class='ocrx_word' id='word_1_329' title='bbox 1446 419 1523 444; x_wconf 92' lang='lat' dir='ltr'>non</span> <span class='ocrx_word' id='word_1_330' title='bbox 1562 406 1736 456; x_wconf 89' lang='lat' dir='ltr'>peccavit</span> <span class='ocrx_word' id='word_1_331' title='bbox 1764 404 1987 442; x_wconf 82' lang='lat' dir='ltr'>fornicando</span> <span class='ocrx_word' id='word_1_332' title='bbox 2017 416 2062 442; x_wconf 92' lang='lat' dir='ltr'>ex</span> <span class='ocrx_word' id='word_1_333' title='bbox 2090 412 2296 454; x_wconf 88' lang='lat' dir='ltr'>praecepto</span> <span class='ocrx_word' id='word_1_334' title='bbox 2328 404 2457 441; x_wconf 91' lang='lat' dir='ltr'>divino</span> <span class='ocrx_word' id='word_1_335' title='bbox 2484 404 2514 441; x_wconf 68' lang='lat'>²¹⁸.</span> 
     </span>
    </p>
   </div>
   <div class='ocr_carea' id='block_1_32' title="bbox 1418 458 2515 528">
    <p class='ocr_par' dir='ltr' id='par_1_33' title="bbox 1418 458 2515 528">
     <span class='ocr_line' id='line_1_59' title="bbox 1418 458 2515 528; baseline -0.003 -31"><span class='ocrx_word' id='word_1_336' title='bbox 1418 508 1420 528; x_wconf 47' lang='lat' dir='ltr'>i</span> <span class='ocrx_word' id='word_1_337' title='bbox 1447 461 1531 497; x_wconf 91' lang='lat' dir='ltr'>Nec</span> <span class='ocrx_word' id='word_1_338' title='bbox 1546 461 1630 497; x_wconf 91' lang='lat' dir='ltr'>talis</span> <span class='ocrx_word' id='word_1_339' title='bbox 1651 459 1875 496; x_wconf 88' lang='lat' dir='ltr'>concubitus</span> <span class='ocrx_word' id='word_1_340' title='bbox 1894 458 2048 518; x_wconf 85' lang='lat' dir='ltr'>proprie</span> <span class='ocrx_word' id='word_1_341' title='bbox 2069 458 2267 495; x_wconf 84' lang='lat' dir='ltr'>fornicatio</span> <span class='ocrx_word' id='word_1_342' title='bbox 2289 458 2403 495; x_wconf 91' lang='lat' dir='ltr'>debet</span> <span class='ocrx_word' id='word_1_343' title='bbox 2423 458 2515 495; x_wconf 92' lang='lat' dir='ltr'>dici:</span> 
     </span>
    </p>
   </div>
   <div class='ocr_carea' id='block_1_33' title="bbox 1418 512 2526 1575">
    <p class='ocr_par' dir='ltr' id='par_1_34' title="bbox 1418 512 2521 924">
     <span class='ocr_line' id='line_1_60' title="bbox 1418 512 2517 562; baseline -0.004 -10.89"><span class='ocrx_word' id='word_1_344' title='bbox 1418 514 1624 562; x_wconf 91' lang='lat' dir='ltr'>quamvis</span> <span class='ocrx_word' id='word_1_345' title='bbox 1654 513 1850 550; x_wconf 85' lang='lat' dir='ltr'>fornicatio</span> <span class='ocrx_word' id='word_1_346' title='bbox 1879 512 2100 549; x_wconf 90' lang='lat' dir='ltr'>nominetur</span> <span class='ocrx_word' id='word_1_347' title='bbox 2128 512 2328 548; x_wconf 88' lang='lat' dir='ltr'>referendo</span> <span class='ocrx_word' id='word_1_348' title='bbox 2358 514 2406 548; x_wconf 90' lang='lat' dir='ltr'>ad</span> <span class='ocrx_word' id='word_1_349' title='bbox 2436 524 2517 548; x_wconf 91' lang='lat' dir='ltr'>cur-</span> 
     </span>
     <span class='ocr_line' id='line_1_61' title="bbox 1447 564 2517 614; baseline -0.002 -11"><span class='ocrx_word' id='word_1_350' title='bbox 1447 579 1532 604; x_wconf 90' lang='lat' dir='ltr'>sum</span> <span class='ocrx_word' id='word_1_351' title='bbox 1554 579 1815 603; x_wconf 90' lang='lat' dir='ltr'>communem.</span> <span class='ocrx_word' id='word_1_352' title='bbox 1836 566 1948 603; x_wconf 90' lang='lat' dir='ltr'>Unde</span> <span class='ocrx_word' id='word_1_353' title='bbox 1968 565 2203 614; x_wconf 87' lang='lat' dir='ltr'>Augustinus</span> <span class='ocrx_word' id='word_1_354' title='bbox 2224 564 2324 609; x_wconf 82' lang='lat' dir='ltr'>dicit,</span> <span class='ocrx_word' id='word_1_355' title='bbox 2346 566 2395 601; x_wconf 92' lang='lat' dir='ltr'>Ill</span> <span class='ocrx_word' id='word_1_356' title='bbox 2422 565 2517 601; x_wconf 90' lang='lat' dir='ltr'>Con-</span> 
     </span>
     <span class='ocr_line' id='line_1_62' title="bbox 1418 619 2519 672; baseline -0.003 -14.958"><span class='ocrx_word' id='word_1_357' title='bbox 1418 622 1531 672; x_wconf 81' lang='lat' dir='ltr'>sess.</span> <span class='ocrx_word' id='word_1_358' title='bbox 1552 619 1589 656; x_wconf 74' lang='grc' dir='ltr'>*τ</span> <span class='ocrx_word' id='word_1_359' title='bbox 1624 621 1719 656; x_wconf 88' lang='lat' dir='ltr'>Cum</span> <span class='ocrx_word' id='word_1_360' title='bbox 1744 621 1850 656; x_wconf 79' lang='lat' dir='ltr'>Deus</span> <span class='ocrx_word' id='word_1_361' title='bbox 1867 619 2011 668; x_wconf 83' lang='lat' dir='ltr'>aliquid</span> <span class='ocrx_word' id='word_1_362' title='bbox 2036 625 2168 656; x_wconf 90' lang='lat' dir='ltr'>contra</span> <span class='ocrx_word' id='word_1_363' title='bbox 2188 630 2332 655; x_wconf 88' lang='lat' dir='ltr'>morem</span> <span class='ocrx_word' id='word_1_364' title='bbox 2362 624 2429 655; x_wconf 86' lang='lat' dir='ltr'>aut</span> <span class='ocrx_word' id='word_1_365' title='bbox 2449 630 2519 667; x_wconf 83' lang='lat' dir='ltr'>pa-</span> 
     </span>
     <span class='ocr_line' id='line_1_63' title="bbox 1447 672 2518 722; baseline -0.003 -11"><span class='ocrx_word' id='word_1_366' title='bbox 1447 680 1547 711; x_wconf 84' lang='lat' dir='ltr'>ctum</span> <span class='ocrx_word' id='word_1_367' title='bbox 1576 673 1828 722; x_wconf 83' lang='lat' dir='ltr'>quorumlibet</span> <span class='ocrx_word' id='word_1_368' title='bbox 1854 673 1963 718; x_wconf 85' lang='lat' dir='ltr'>iubet,</span> <span class='ocrx_word' id='word_1_369' title='bbox 1983 673 2051 709; x_wconf 87' lang='lat' dir='ltr'>etsi</span> <span class='ocrx_word' id='word_1_370' title='bbox 2077 683 2271 721; x_wconf 84' lang='lat' dir='ltr'>nunquam</span> <span class='ocrx_word' id='word_1_371' title='bbox 2301 672 2354 709; x_wconf 83' lang='lat' dir='ltr'>ihi</span> <span class='ocrx_word' id='word_1_372' title='bbox 2362 673 2518 720; x_wconf 87' lang='lat' dir='ltr'>factum</span> 
     </span>
     <span class='ocr_line' id='line_1_64' title="bbox 1448 726 2518 776; baseline -0.003 -12"><span class='ocrx_word' id='word_1_373' title='bbox 1448 733 1511 774; x_wconf 82' lang='lat' dir='ltr'>est,</span> <span class='ocrx_word' id='word_1_374' title='bbox 1521 727 1748 776; x_wconf 88' lang='lat' dir='ltr'>faciendum</span> <span class='ocrx_word' id='word_1_375' title='bbox 1777 732 1839 763; x_wconf 82' lang='lat' dir='ltr'>est.</span> <span class='ocrx_word' id='word_1_376' title='bbox 1871 727 1920 763; x_wconf 90' lang='lat' dir='ltr'>Et</span> <span class='ocrx_word' id='word_1_377' title='bbox 1947 733 2083 775; x_wconf 89' lang='lat' dir='ltr'>postea</span> <span class='ocrx_word' id='word_1_378' title='bbox 2111 726 2259 763; x_wconf 89' lang='lat' dir='ltr'>subdit:</span> <span class='ocrx_word' id='word_1_379' title='bbox 2289 726 2393 762; x_wconf 89' lang='lat' dir='ltr'>Sicut</span> <span class='ocrx_word' id='word_1_380' title='bbox 2419 737 2518 762; x_wconf 88' lang='lat' dir='ltr'>emm</span> 
     </span>
     <span class='ocr_line' id='line_1_65' title="bbox 1449 779 2520 841; baseline -0.002 -24"><span class='ocrx_word' id='word_1_381' title='bbox 1449 782 1485 818; x_wconf 87' lang='lat' dir='ltr'>in</span> <span class='ocrx_word' id='word_1_382' title='bbox 1497 780 1753 841; x_wconf 79' lang='lat' dir='ltr'>potestatibus</span> <span class='ocrx_word' id='word_1_383' title='bbox 1779 780 1963 817; x_wconf 83' lang='lat' dir='ltr'>societatis</span> <span class='ocrx_word' id='word_1_384' title='bbox 1990 781 2182 816; x_wconf 85' lang='lat' dir='ltr'>humanae</span> <span class='ocrx_word' id='word_1_385' title='bbox 2210 779 2335 816; x_wconf 89' lang='lat' dir='ltr'>maior</span> <span class='ocrx_word' id='word_1_386' title='bbox 2356 785 2520 828; x_wconf 84' lang='lat' dir='ltr'>potestas</span> 
     </span>
     <span class='ocr_line' id='line_1_66' title="bbox 1448 833 2521 882; baseline -0.001 -12"><span class='ocrx_word' id='word_1_387' title='bbox 1448 834 1590 871; x_wconf 88' lang='lat' dir='ltr'>minori</span> <span class='ocrx_word' id='word_1_388' title='bbox 1622 833 1674 870; x_wconf 83' lang='lat' dir='ltr'>ad</span> <span class='ocrx_word' id='word_1_389' title='bbox 1709 834 1955 870; x_wconf 80' lang='lat' dir='ltr'>obediendum</span> <span class='ocrx_word' id='word_1_390' title='bbox 1987 833 2238 882; x_wconf 84' lang='lat' dir='ltr'>praeponitur</span> <span class='ocrx_word' id='word_1_391' title='bbox 2259 838 2298 878; x_wconf 68' lang='grc' dir='ltr'>η,</span> <span class='ocrx_word' id='word_1_392' title='bbox 2329 833 2379 869; x_wconf 90' lang='lat' dir='ltr'>ita</span> <span class='ocrx_word' id='word_1_393' title='bbox 2418 834 2521 869; x_wconf 84' lang='lat' dir='ltr'>Deus</span> 
     </span>
     <span class='ocr_line' id='line_1_67' title="bbox 1449 888 1633 924; baseline -0.006 0"><span class='ocrx_word' id='word_1_394' title='bbox 1449 888 1633 924; x_wconf 84' lang='lat' dir='ltr'>omnibus.</span> 
     </span>
    </p>

    <p class='ocr_par' dir='ltr' id='par_1_35' title="bbox 1450 939 2521 1254">
     <span class='ocr_line' id='line_1_68' title="bbox 1503 939 2520 987; baseline -0.002 -10"><span class='ocrx_word' id='word_1_395' title='bbox 1503 942 1562 977; x_wconf 85' lang='grc' dir='ltr'>Αι)</span> <span class='ocrx_word' id='word_1_396' title='bbox 1577 951 1738 976; x_wconf 78' lang='lat' dir='ltr'>TERTmM</span> <span class='ocrx_word' id='word_1_397' title='bbox 1767 951 1952 976; x_wconf 84' lang='lat' dir='ltr'><strong>DICENDUM</strong></span> <span class='ocrx_word' id='word_1_398' title='bbox 1980 939 2086 987; x_wconf 93' lang='lat' dir='ltr'>quod</span> <span class='ocrx_word' id='word_1_399' title='bbox 2114 940 2312 976; x_wconf 90' lang='lat' dir='ltr'>Abraham</span> <span class='ocrx_word' id='word_1_400' title='bbox 2342 946 2378 976; x_wconf 90' lang='lat' dir='ltr'>et</span> <span class='ocrx_word' id='word_1_401' title='bbox 2406 939 2520 976; x_wconf 87' lang='lat' dir='ltr'>Iacob</span> 
     </span>
     <span class='ocr_line' id='line_1_69' title="bbox 1450 993 2520 1041; baseline -0.001 -11"><span class='ocrx_word' id='word_1_402' title='bbox 1450 994 1497 1030; x_wconf 92' lang='lat' dir='ltr'>ad</span> <span class='ocrx_word' id='word_1_403' title='bbox 1527 993 1683 1030; x_wconf 88' lang='lat' dir='ltr'>ancillas</span> <span class='ocrx_word' id='word_1_404' title='bbox 1702 1000 1946 1029; x_wconf 87' lang='lat' dir='ltr'>accesserunt</span> <span class='ocrx_word' id='word_1_405' title='bbox 1966 1004 2044 1029; x_wconf 93' lang='lat' dir='ltr'>non</span> <span class='ocrx_word' id='word_1_406' title='bbox 2065 993 2174 1041; x_wconf 89' lang='lat' dir='ltr'>quasi</span> <span class='ocrx_word' id='word_1_407' title='bbox 2195 993 2399 1029; x_wconf 89' lang='lat' dir='ltr'>fornicario</span> <span class='ocrx_word' id='word_1_408' title='bbox 2431 1005 2520 1029; x_wconf 91' lang='lat' dir='ltr'>con-</span> 
     </span>
     <span class='ocr_line' id='line_1_70' title="bbox 1452 1045 2520 1093; baseline -0.001 -10"><span class='ocrx_word' id='word_1_409' title='bbox 1452 1046 1582 1083; x_wconf 91' lang='lat' dir='ltr'>cubitu</span> <span class='ocrx_word' id='word_1_410' title='bbox 1605 1045 1643 1082; x_wconf 74' lang='grc' dir='ltr'>*ε</span> <span class='ocrx_word' id='word_1_411' title='bbox 1679 1053 1721 1082; x_wconf 92' lang='lat' dir='ltr'>ut</span> <span class='ocrx_word' id='word_1_412' title='bbox 1754 1045 1850 1082; x_wconf 85' lang='lat' dir='ltr'>infra</span> <span class='ocrx_word' id='word_1_413' title='bbox 1878 1045 2042 1093; x_wconf 88' lang='lat' dir='ltr'>patebit,</span> <span class='ocrx_word' id='word_1_414' title='bbox 2072 1058 2161 1082; x_wconf 90' lang='lat' dir='ltr'>cum</span> <span class='ocrx_word' id='word_1_415' title='bbox 2191 1046 2238 1082; x_wconf 90' lang='lat' dir='ltr'>de</span> <span class='ocrx_word' id='word_1_416' title='bbox 2274 1046 2520 1082; x_wconf 90' lang='lat' dir='ltr'>matrimonio</span> 
     </span>
     <span class='ocr_line' id='line_1_71' title="bbox 1451 1098 2521 1147; baseline 0 -12"><span class='ocrx_word' id='word_1_417' title='bbox 1451 1107 1582 1147; x_wconf 90' lang='lat' dir='ltr'>agetur</span> <span class='ocrx_word' id='word_1_418' title='bbox 1600 1098 1631 1135; x_wconf 67' lang='lat'>²⁸.</span> <span class='ocrx_word' id='word_1_419' title='bbox 1653 1119 1677 1127; x_wconf 92' lang='lat'>-</span> <span class='ocrx_word' id='word_1_420' title='bbox 1708 1099 1842 1135; x_wconf 89' lang='lat' dir='ltr'>Iudam</span> <span class='ocrx_word' id='word_1_421' title='bbox 1872 1106 2000 1135; x_wconf 91' lang='lat' dir='ltr'>autem</span> <span class='ocrx_word' id='word_1_422' title='bbox 2027 1111 2105 1135; x_wconf 92' lang='lat' dir='ltr'>non</span> <span class='ocrx_word' id='word_1_423' title='bbox 2137 1107 2191 1135; x_wconf 91' lang='lat' dir='ltr'>est</span> <span class='ocrx_word' id='word_1_424' title='bbox 2220 1099 2476 1135; x_wconf 91' lang='lat' dir='ltr'>necessarium</span> <span class='ocrx_word' id='word_1_425' title='bbox 2500 1111 2521 1135; x_wconf 91' lang='lat' dir='ltr'>a</span> 
     </span>
     <span class='ocr_line' id='line_1_72' title="bbox 1451 1152 2521 1201; baseline 0.001 -13"><span class='ocrx_word' id='word_1_426' title='bbox 1451 1159 1610 1201; x_wconf 90' lang='lat' dir='ltr'>peccato</span> <span class='ocrx_word' id='word_1_427' title='bbox 1641 1164 1834 1198; x_wconf 87' lang='lat' dir='ltr'>excusare,</span> <span class='ocrx_word' id='word_1_428' title='bbox 1857 1152 1921 1200; x_wconf 92' lang='lat' dir='ltr'>qui</span> <span class='ocrx_word' id='word_1_429' title='bbox 1949 1152 2063 1188; x_wconf 90' lang='lat' dir='ltr'>etiam</span> <span class='ocrx_word' id='word_1_430' title='bbox 2094 1160 2227 1188; x_wconf 89' lang='lat' dir='ltr'>auctor</span> <span class='ocrx_word' id='word_1_431' title='bbox 2247 1152 2314 1188; x_wconf 91' lang='lat' dir='ltr'>fuit</span> <span class='ocrx_word' id='word_1_432' title='bbox 2333 1153 2521 1189; x_wconf 91' lang='lat' dir='ltr'>venditio-</span> 
     </span>
     <span class='ocr_line' id='line_1_73' title="bbox 1453 1204 1729 1254; baseline -0.004 -12"><span class='ocrx_word' id='word_1_433' title='bbox 1453 1205 1510 1242; x_wconf 92' lang='lat' dir='ltr'>nis</span> <span class='ocrx_word' id='word_1_434' title='bbox 1540 1205 1678 1254; x_wconf 91' lang='lat' dir='ltr'>Ioseph</span> <span class='ocrx_word' id='word_1_435' title='bbox 1698 1204 1729 1241; x_wconf 73' lang='lat'>²¹².</span> 
     </span>
    </p>

    <p class='ocr_par' dir='ltr' id='par_1_36' title="bbox 1453 1258 2526 1521">
     <span class='ocr_line' id='line_1_74' title="bbox 1506 1258 2521 1307; baseline 0.001 -13"><span class='ocrx_word' id='word_1_436' title='bbox 1506 1260 1565 1295; x_wconf 84' lang='lat' dir='ltr'>AD</span> <span class='ocrx_word' id='word_1_437' title='bbox 1587 1269 1761 1300; x_wconf 83' lang='lat' dir='ltr'><strong>QUARTUM</strong></span> <span class='ocrx_word' id='word_1_438' title='bbox 1787 1269 1973 1294; x_wconf 81' lang='lat' dir='ltr'>D1CEND1JM</span> <span class='ocrx_word' id='word_1_439' title='bbox 2002 1258 2108 1306; x_wconf 92' lang='lat' dir='ltr'>quod</span> <span class='ocrx_word' id='word_1_440' title='bbox 2136 1258 2335 1295; x_wconf 88' lang='lat' dir='ltr'>fornicatio</span> <span class='ocrx_word' id='word_1_441' title='bbox 2365 1258 2521 1307; x_wconf 87' lang='lat' dir='ltr'>simplex</span> 
     </span>
     <span class='ocr_line' id='line_1_75' title="bbox 1453 1311 2524 1359; baseline 0.001 -11"><span class='ocrx_word' id='word_1_442' title='bbox 1453 1311 1701 1348; x_wconf 86' lang='lat' dir='ltr'>contrariatur</span> <span class='ocrx_word' id='word_1_443' title='bbox 1730 1311 1919 1348; x_wconf 88' lang='lat' dir='ltr'>dilectioni</span> <span class='ocrx_word' id='word_1_444' title='bbox 1948 1311 2112 1359; x_wconf 91' lang='lat' dir='ltr'>proximi</span> <span class='ocrx_word' id='word_1_445' title='bbox 2140 1319 2326 1359; x_wconf 90' lang='lat' dir='ltr'>quantum</span> <span class='ocrx_word' id='word_1_446' title='bbox 2361 1313 2409 1348; x_wconf 92' lang='lat' dir='ltr'>ad</span> <span class='ocrx_word' id='word_1_447' title='bbox 2437 1313 2524 1358; x_wconf 91' lang='lat' dir='ltr'>hoe,</span> 
     </span>
     <span class='ocr_line' id='line_1_76' title="bbox 1453 1365 2525 1414; baseline 0 -12"><span class='ocrx_word' id='word_1_448' title='bbox 1453 1365 1558 1414; x_wconf 92' lang='lat' dir='ltr'>quod</span> <span class='ocrx_word' id='word_1_449' title='bbox 1588 1372 1773 1413; x_wconf 87' lang='lat' dir='ltr'>repugnat</span> <span class='ocrx_word' id='word_1_450' title='bbox 1802 1365 1906 1401; x_wconf 93' lang='lat' dir='ltr'>bono</span> <span class='ocrx_word' id='word_1_451' title='bbox 1936 1365 2053 1413; x_wconf 90' lang='lat' dir='ltr'>prolis</span> <span class='ocrx_word' id='word_1_452' title='bbox 2082 1365 2305 1411; x_wconf 90' lang='lat' dir='ltr'>nasciturae,</span> <span class='ocrx_word' id='word_1_453' title='bbox 2331 1373 2372 1401; x_wconf 91' lang='lat' dir='ltr'>ut</span> <span class='ocrx_word' id='word_1_454' title='bbox 2401 1374 2525 1402; x_wconf 89' lang='lat' dir='ltr'>osten-</span> 
     </span>
     <span class='ocr_line' id='line_1_77' title="bbox 1453 1417 2526 1467; baseline 0.001 -13"><span class='ocrx_word' id='word_1_455' title='bbox 1453 1431 1539 1455; x_wconf 90' lang='lat' dir='ltr'>sum</span> <span class='ocrx_word' id='word_1_456' title='bbox 1570 1426 1625 1454; x_wconf 93' lang='lat' dir='ltr'>est</span> <span class='ocrx_word' id='word_1_457' title='bbox 1643 1418 1683 1454; x_wconf 73' lang='grc' dir='ltr'>*ε</span> <span class='ocrx_word' id='word_1_458' title='bbox 1714 1418 1807 1454; x_wconf 90' lang='lat' dir='ltr'>dum</span> <span class='ocrx_word' id='word_1_459' title='bbox 1837 1417 1977 1454; x_wconf 92' lang='lat' dir='ltr'>scilicet</span> <span class='ocrx_word' id='word_1_460' title='bbox 2005 1418 2069 1455; x_wconf 91' lang='lat' dir='ltr'>dat</span> <span class='ocrx_word' id='word_1_461' title='bbox 2097 1430 2256 1467; x_wconf 86' lang='lat' dir='ltr'>operam</span> <span class='ocrx_word' id='word_1_462' title='bbox 2293 1419 2526 1466; x_wconf 86' lang='lat' dir='ltr'>generationi</span> 
     </span>
     <span class='ocr_line' id='line_1_78' title="bbox 1453 1471 2524 1521; baseline 0 -12"><span class='ocrx_word' id='word_1_463' title='bbox 1453 1484 1532 1509; x_wconf 92' lang='lat' dir='ltr'>non</span> <span class='ocrx_word' id='word_1_464' title='bbox 1561 1471 1773 1508; x_wconf 91' lang='lat' dir='ltr'>secundum</span> <span class='ocrx_word' id='word_1_465' title='bbox 1811 1472 1918 1520; x_wconf 93' lang='lat' dir='ltr'>quod</span> <span class='ocrx_word' id='word_1_466' title='bbox 1958 1472 2137 1508; x_wconf 90' lang='lat' dir='ltr'>convenit</span> <span class='ocrx_word' id='word_1_467' title='bbox 2173 1471 2270 1521; x_wconf 90' lang='lat' dir='ltr'>proli</span> <span class='ocrx_word' id='word_1_468' title='bbox 2299 1473 2524 1509; x_wconf 89' lang='lat' dir='ltr'>nasciturae.</span> 
     </span>
    </p>

    <p class='ocr_par' dir='ltr' id='par_1_37' title="bbox 1507 1525 2526 1575">
     <span class='ocr_line' id='line_1_79' title="bbox 1507 1525 2526 1575; baseline 0 -13"><span class='ocrx_word' id='word_1_469' title='bbox 1507 1527 1565 1562; x_wconf 86' lang='lat' dir='ltr'>AD</span> <span class='ocrx_word' id='word_1_470' title='bbox 1595 1536 1759 1567; x_wconf 67' lang='lat' dir='ltr'>Quintum</span> <span class='ocrx_word' id='word_1_471' title='bbox 1787 1536 1973 1562; x_wconf 79' lang='lat' dir='ltr'>D1CENDUM</span> <span class='ocrx_word' id='word_1_472' title='bbox 2002 1525 2109 1573; x_wconf 93' lang='lat' dir='ltr'>quod</span> <span class='ocrx_word' id='word_1_473' title='bbox 2135 1538 2203 1574; x_wconf 92' lang='lat' dir='ltr'>per</span> <span class='ocrx_word' id='word_1_474' title='bbox 2232 1537 2350 1574; x_wconf 92' lang='lat' dir='ltr'>opera</span> <span class='ocrx_word' id='word_1_475' title='bbox 2378 1525 2526 1575; x_wconf 90' lang='lat' dir='ltr'>pietatis</span> 
     </span>
    </p>
   </div>
   <div class='ocr_carea' id='block_1_34' title="bbox 1426 1578 2526 1628">
    <p class='ocr_par' dir='ltr' id='par_1_38' title="bbox 1426 1578 2526 1628">
     <span class='ocr_line' id='line_1_80' title="bbox 1426 1578 2526 1628; baseline 0.001 -13"><span class='ocrx_word' id='word_1_476' title='bbox 1426 1616 1427 1622; x_wconf 58' lang='grc'>,</span> <span class='ocrx_word' id='word_1_477' title='bbox 1453 1579 1513 1616; x_wconf 91' lang='lat' dir='ltr'>ille</span> <span class='ocrx_word' id='word_1_478' title='bbox 1542 1579 1606 1628; x_wconf 91' lang='lat' dir='ltr'>qui</span> <span class='ocrx_word' id='word_1_479' title='bbox 1636 1578 1826 1615; x_wconf 90' lang='lat' dir='ltr'>lubricum</span> <span class='ocrx_word' id='word_1_480' title='bbox 1863 1579 1986 1615; x_wconf 87' lang='lat' dir='ltr'>carnis</span> <span class='ocrx_word' id='word_1_481' title='bbox 2019 1578 2158 1627; x_wconf 89' lang='lat' dir='ltr'>patitur</span> <span class='ocrx_word' id='word_1_482' title='bbox 2186 1578 2364 1615; x_wconf 90' lang='lat' dir='ltr'>liberatur</span> <span class='ocrx_word' id='word_1_483' title='bbox 2393 1591 2414 1615; x_wconf 93' lang='lat' dir='ltr'>a</span> <span class='ocrx_word' id='word_1_484' title='bbox 2443 1592 2526 1628; x_wconf 93' lang='lat' dir='ltr'>per-</span> 
     </span>
    </p>
   </div>
   <div class='ocr_carea' id='block_1_35' title="bbox 1454 1632 2529 1842">
    <p class='ocr_par' dir='ltr' id='par_1_39' title="bbox 1454 1632 2529 1842">
     <span class='ocr_line' id='line_1_81' title="bbox 1454 1632 2527 1681; baseline 0 -12"><span class='ocrx_word' id='word_1_485' title='bbox 1454 1632 1596 1670; x_wconf 90' lang='lat' dir='ltr'>ditione</span> <span class='ocrx_word' id='word_1_486' title='bbox 1625 1640 1790 1679; x_wconf 90' lang='lat' dir='ltr'>aeterna,</span> <span class='ocrx_word' id='word_1_487' title='bbox 1812 1632 2039 1680; x_wconf 90' lang='lat' dir='ltr'>inquantum</span> <span class='ocrx_word' id='word_1_488' title='bbox 2064 1644 2133 1681; x_wconf 89' lang='lat' dir='ltr'>per</span> <span class='ocrx_word' id='word_1_489' title='bbox 2160 1632 2381 1669; x_wconf 90' lang='lat' dir='ltr'>huiusmodi</span> <span class='ocrx_word' id='word_1_490' title='bbox 2410 1645 2527 1681; x_wconf 90' lang='lat' dir='ltr'>opera</span> 
     </span>
     <span class='ocr_line' id='line_1_82' title="bbox 1455 1685 2529 1735; baseline 0 -13"><span class='ocrx_word' id='word_1_491' title='bbox 1455 1685 1668 1734; x_wconf 89' lang='lat' dir='ltr'>disponitur</span> <span class='ocrx_word' id='word_1_492' title='bbox 1688 1686 1737 1722; x_wconf 92' lang='lat' dir='ltr'>ad</span> <span class='ocrx_word' id='word_1_493' title='bbox 1765 1686 1840 1722; x_wconf 91' lang='lat' dir='ltr'>hoc</span> <span class='ocrx_word' id='word_1_494' title='bbox 1860 1686 1966 1734; x_wconf 93' lang='lat' dir='ltr'>quod</span> <span class='ocrx_word' id='word_1_495' title='bbox 1986 1685 2144 1733; x_wconf 88' lang='lat' dir='ltr'>gratiam</span> <span class='ocrx_word' id='word_1_496' title='bbox 2177 1693 2434 1734; x_wconf 89' lang='lat' dir='ltr'>consequatur</span> <span class='ocrx_word' id='word_1_497' title='bbox 2460 1699 2529 1735; x_wconf 92' lang='lat' dir='ltr'>per</span> 
     </span>
     <span class='ocr_line' id='line_1_83' title="bbox 1455 1738 2527 1788; baseline 0 -12"><span class='ocrx_word' id='word_1_498' title='bbox 1455 1751 1572 1788; x_wconf 88' lang='lat' dir='ltr'>quam</span> <span class='ocrx_word' id='word_1_499' title='bbox 1611 1739 1825 1787; x_wconf 90' lang='lat' dir='ltr'>poeniteat,</span> <span class='ocrx_word' id='word_1_500' title='bbox 1863 1746 1899 1775; x_wconf 92' lang='lat' dir='ltr'>et</span> <span class='ocrx_word' id='word_1_501' title='bbox 1937 1738 2163 1787; x_wconf 89' lang='lat' dir='ltr'>inquantum</span> <span class='ocrx_word' id='word_1_502' title='bbox 2202 1751 2271 1788; x_wconf 91' lang='lat' dir='ltr'>per</span> <span class='ocrx_word' id='word_1_503' title='bbox 2306 1739 2527 1777; x_wconf 90' lang='lat' dir='ltr'>huiusmodi</span> 
     </span>
     <span class='ocr_line' id='line_1_84' title="bbox 1455 1792 2526 1842; baseline 0 -12"><span class='ocrx_word' id='word_1_504' title='bbox 1455 1804 1573 1842; x_wconf 91' lang='lat' dir='ltr'>opera</span> <span class='ocrx_word' id='word_1_505' title='bbox 1593 1792 1771 1830; x_wconf 88' lang='lat' dir='ltr'>satisfacit</span> <span class='ocrx_word' id='word_1_506' title='bbox 1789 1792 1838 1829; x_wconf 90' lang='lat' dir='ltr'>de</span> <span class='ocrx_word' id='word_1_507' title='bbox 1866 1792 2011 1829; x_wconf 91' lang='lat' dir='ltr'>lubrico</span> <span class='ocrx_word' id='word_1_508' title='bbox 2034 1792 2156 1829; x_wconf 89' lang='lat' dir='ltr'>carnis</span> <span class='ocrx_word' id='word_1_509' title='bbox 2182 1793 2404 1830; x_wconf 91' lang='lat' dir='ltr'>commisso.</span> <span class='ocrx_word' id='word_1_510' title='bbox 2435 1794 2526 1830; x_wconf 92' lang='lat' dir='ltr'>Non</span> 
     </span>
    </p>
   </div>
   <div class='ocr_carea' id='block_1_36' title="bbox 379 1845 2529 2056">
    <p class='ocr_par' dir='ltr' id='par_1_40' title="bbox 1426 1845 2529 2003">
     <span class='ocr_line' id='line_1_85' title="bbox 1426 1845 2529 1895; baseline 0 -13"><span class='ocrx_word' id='word_1_511' title='bbox 1426 1863 1427 1891; x_wconf 69' lang='lat'>1</span> <span class='ocrx_word' id='word_1_512' title='bbox 1454 1854 1582 1883; x_wconf 91' lang='lat' dir='ltr'>autem</span> <span class='ocrx_word' id='word_1_513' title='bbox 1611 1845 1660 1882; x_wconf 90' lang='lat' dir='ltr'>ita</span> <span class='ocrx_word' id='word_1_514' title='bbox 1698 1845 1823 1894; x_wconf 88' lang='lat' dir='ltr'>quod,</span> <span class='ocrx_word' id='word_1_515' title='bbox 1858 1845 1888 1882; x_wconf 93' lang='lat' dir='ltr'>si</span> <span class='ocrx_word' id='word_1_516' title='bbox 1917 1845 1954 1882; x_wconf 92' lang='lat' dir='ltr'>in</span> <span class='ocrx_word' id='word_1_517' title='bbox 1983 1846 2128 1882; x_wconf 91' lang='lat' dir='ltr'>lubrico</span> <span class='ocrx_word' id='word_1_518' title='bbox 2159 1846 2281 1883; x_wconf 89' lang='lat' dir='ltr'>carnis</span> <span class='ocrx_word' id='word_1_519' title='bbox 2310 1855 2529 1895; x_wconf 86' lang='lat' dir='ltr'>perseveret</span> 
     </span>
     <span class='ocr_line' id='line_1_86' title="bbox 1426 1898 2527 1951; baseline 0.001 -16"><span class='ocrx_word' id='word_1_520' title='bbox 1426 1943 1427 1951; x_wconf 12' lang='grc' dir='ltr'>ἵ</span> <span class='ocrx_word' id='word_1_521' title='bbox 1454 1899 1708 1948; x_wconf 90' lang='lat' dir='ltr'>impoenitens</span> <span class='ocrx_word' id='word_1_522' title='bbox 1728 1911 1850 1947; x_wconf 89' lang='lat' dir='ltr'>usque</span> <span class='ocrx_word' id='word_1_523' title='bbox 1871 1898 1920 1935; x_wconf 92' lang='lat' dir='ltr'>ad</span> <span class='ocrx_word' id='word_1_524' title='bbox 1946 1907 2124 1946; x_wconf 89' lang='lat' dir='ltr'>mortem,</span> <span class='ocrx_word' id='word_1_525' title='bbox 2146 1912 2215 1948; x_wconf 91' lang='lat' dir='ltr'>per</span> <span class='ocrx_word' id='word_1_526' title='bbox 2233 1899 2382 1948; x_wconf 90' lang='lat' dir='ltr'>pietatis</span> <span class='ocrx_word' id='word_1_527' title='bbox 2411 1912 2527 1948; x_wconf 90' lang='lat' dir='ltr'>opera</span> 
     </span>
     <span class='ocr_line' id='line_1_87' title="bbox 1426 1953 1644 2003; baseline -0.005 -13"><span class='ocrx_word' id='word_1_528' title='bbox 1426 1975 1428 2003; x_wconf 43' lang='grc' dir='ltr'><strong>ἶ</strong></span> <span class='ocrx_word' id='word_1_529' title='bbox 1453 1953 1644 1990; x_wconf 90' lang='lat' dir='ltr'>liberetur.</span> 
     </span>
    </p>

    <p class='ocr_par' dir='ltr' id='par_1_41' title="bbox 379 2005 1428 2056">
     <span class='ocr_line' id='line_1_88' title="bbox 379 2005 1428 2056; baseline -0.004 -10"><span class='ocrx_word' id='word_1_530' title='bbox 379 2011 439 2046; x_wconf 82' lang='lat' dir='ltr'>An</span> <span class='ocrx_word' id='word_1_531' title='bbox 468 2019 661 2046; x_wconf 73' lang='lat' dir='ltr'>SECUNDUM</span> <span class='ocrx_word' id='word_1_532' title='bbox 685 2018 872 2044; x_wconf 65' lang='lat' dir='ltr'>menapum</span> <span class='ocrx_word' id='word_1_533' title='bbox 903 2006 1009 2056; x_wconf 89' lang='lat' dir='ltr'>quod</span> <span class='ocrx_word' id='word_1_534' title='bbox 1038 2006 1236 2043; x_wconf 87' lang='lat' dir='ltr'>fornicatio</span> <span class='ocrx_word' id='word_1_535' title='bbox 1267 2005 1402 2043; x_wconf 89' lang='lat' dir='ltr'>dicitur</span> <span class='ocrx_word' id='word_1_536' title='bbox 1426 2005 1428 2011; x_wconf 84' lang='grc'><strong>“</strong></span> 
     </span>
    </p>
   </div>
   <div class='ocr_carea' id='block_1_37' title="bbox 1454 2006 2527 2109">
    <p class='ocr_par' dir='ltr' id='par_1_42' title="bbox 1454 2006 2527 2109">
     <span class='ocr_line' id='line_1_89' title="bbox 1507 2006 2527 2054; baseline -0.001 -11"><span class='ocrx_word' id='word_1_537' title='bbox 1507 2008 1567 2043; x_wconf 80' lang='lat' dir='ltr'>An</span> <span class='ocrx_word' id='word_1_538' title='bbox 1596 2017 1738 2043; x_wconf 80' lang='lat' dir='ltr'>SEXTUM</span> <span class='ocrx_word' id='word_1_539' title='bbox 1775 2017 1961 2044; x_wconf 84' lang='lat' dir='ltr'>mCENDUM</span> <span class='ocrx_word' id='word_1_540' title='bbox 1991 2006 2095 2054; x_wconf 91' lang='lat' dir='ltr'>quod</span> <span class='ocrx_word' id='word_1_541' title='bbox 2132 2018 2177 2042; x_wconf 88' lang='lat' dir='ltr'>ex</span> <span class='ocrx_word' id='word_1_542' title='bbox 2214 2018 2292 2042; x_wconf 93' lang='lat' dir='ltr'>uno</span> <span class='ocrx_word' id='word_1_543' title='bbox 2323 2006 2527 2043; x_wconf 90' lang='lat' dir='ltr'>concubitu</span> 
     </span>
     <span class='ocr_line' id='line_1_90' title="bbox 1454 2059 2527 2109; baseline 0.001 -13"><span class='ocrx_word' id='word_1_544' title='bbox 1454 2066 1579 2109; x_wconf 91' lang='lat' dir='ltr'>potest</span> <span class='ocrx_word' id='word_1_545' title='bbox 1607 2071 1707 2096; x_wconf 91' lang='lat' dir='ltr'>unus</span> <span class='ocrx_word' id='word_1_546' title='bbox 1735 2059 1855 2096; x_wconf 90' lang='lat' dir='ltr'>homo</span> <span class='ocrx_word' id='word_1_547' title='bbox 1885 2059 2069 2106; x_wconf 88' lang='lat' dir='ltr'>generari.</span> <span class='ocrx_word' id='word_1_548' title='bbox 2105 2060 2154 2096; x_wconf 86' lang='lat' dir='ltr'>Et</span> <span class='ocrx_word' id='word_1_549' title='bbox 2182 2059 2270 2096; x_wconf 89' lang='lat' dir='ltr'>ideo</span> <span class='ocrx_word' id='word_1_550' title='bbox 2299 2059 2527 2097; x_wconf 88' lang='lat' dir='ltr'>inordinatio</span> 
     </span>
    </p>
   </div>
   <div class='ocr_carea' id='block_1_38' title="bbox 326 2112 2528 2280">
    <p class='ocr_par' dir='ltr' id='par_1_43' title="bbox 326 2112 2528 2269">
     <span class='ocr_line' id='line_1_91' title="bbox 1426 2112 2528 2162; baseline 0.001 -12"><span class='ocrx_word' id='word_1_551' title='bbox 1426 2149 1428 2158; x_wconf 49' lang='lat'>&lt;</span> <span class='ocrx_word' id='word_1_552' title='bbox 1455 2112 1693 2157; x_wconf 91' lang='lat' dir='ltr'>concubitus,</span> <span class='ocrx_word' id='word_1_553' title='bbox 1724 2125 1823 2162; x_wconf 89' lang='lat' dir='ltr'>quae</span> <span class='ocrx_word' id='word_1_554' title='bbox 1852 2112 2014 2160; x_wconf 90' lang='lat' dir='ltr'>impedit</span> <span class='ocrx_word' id='word_1_555' title='bbox 2042 2113 2191 2150; x_wconf 92' lang='lat' dir='ltr'>bonum</span> <span class='ocrx_word' id='word_1_556' title='bbox 2221 2113 2338 2161; x_wconf 90' lang='lat' dir='ltr'>prolis</span> <span class='ocrx_word' id='word_1_557' title='bbox 2366 2114 2528 2151; x_wconf 87' lang='lat' dir='ltr'>nascitu-</span> 
     </span>
     <span class='ocr_line' id='line_1_92' title="bbox 326 2166 1428 2219; baseline -0.002 -12"><span class='ocrx_word' id='word_1_558' title='bbox 326 2169 434 2219; x_wconf 91' lang='lat' dir='ltr'>quod</span> <span class='ocrx_word' id='word_1_559' title='bbox 461 2170 653 2217; x_wconf 87' lang='lat' dir='ltr'>regulatur</span> <span class='ocrx_word' id='word_1_560' title='bbox 678 2169 875 2206; x_wconf 89' lang='lat' dir='ltr'>voluntate</span> <span class='ocrx_word' id='word_1_561' title='bbox 904 2166 1044 2213; x_wconf 89' lang='lat' dir='ltr'>divina,</span> <span class='ocrx_word' id='word_1_562' title='bbox 1065 2179 1164 2215; x_wconf 90' lang='lat' dir='ltr'>quae</span> <span class='ocrx_word' id='word_1_563' title='bbox 1194 2174 1250 2203; x_wconf 92' lang='lat' dir='ltr'>est</span> <span class='ocrx_word' id='word_1_564' title='bbox 1276 2166 1401 2215; x_wconf 89' lang='lat' dir='ltr'>prima</span> <span class='ocrx_word' id='word_1_565' title='bbox 1427 2172 1428 2205; x_wconf 75' lang='grc' dir='ltr'>ἶ</span> 
     </span>
     <span class='ocr_line' id='line_1_93' title="bbox 328 2219 1428 2280; baseline -0.005 -20"><span class='ocrx_word' id='word_1_566' title='bbox 328 2231 365 2260; x_wconf 89' lang='lat' dir='ltr'>et</span> <span class='ocrx_word' id='word_1_567' title='bbox 393 2234 545 2260; x_wconf 88' lang='lat' dir='ltr'>summa</span> <span class='ocrx_word' id='word_1_568' title='bbox 573 2222 714 2280; x_wconf 80' lang='lat' dir='ltr'>regula.</span> <span class='ocrx_word' id='word_1_569' title='bbox 754 2221 804 2258; x_wconf 90' lang='lat' dir='ltr'>Et</span> <span class='ocrx_word' id='word_1_570' title='bbox 830 2220 918 2257; x_wconf 93' lang='lat' dir='ltr'>ideo</span> <span class='ocrx_word' id='word_1_571' title='bbox 948 2220 1054 2268; x_wconf 92' lang='lat' dir='ltr'>quod</span> <span class='ocrx_word' id='word_1_572' title='bbox 1088 2221 1209 2256; x_wconf 89' lang='lat' dir='ltr'>homo</span> <span class='ocrx_word' id='word_1_573' title='bbox 1238 2219 1327 2256; x_wconf 88' lang='lat' dir='ltr'>facit</span> <span class='ocrx_word' id='word_1_574' title='bbox 1355 2231 1400 2255; x_wconf 88' lang='lat' dir='ltr'>ex</span> <span class='ocrx_word' id='word_1_575' title='bbox 1427 2223 1428 2244; x_wconf 49' lang='grc' dir='ltr'>ἒ</span> 
     </span>
    </p>
   </div>
   <div class='ocr_carea' id='block_1_39' title="bbox 1454 2165 2531 2428">
    <p class='ocr_par' dir='ltr' id='par_1_44' title="bbox 1454 2165 2531 2428">
     <span class='ocr_line' id='line_1_94' title="bbox 1455 2165 2526 2214; baseline 0 -11"><span class='ocrx_word' id='word_1_576' title='bbox 1455 2179 1531 2212; x_wconf 90' lang='lat' dir='ltr'>rae,</span> <span class='ocrx_word' id='word_1_577' title='bbox 1554 2177 1598 2202; x_wconf 89' lang='lat' dir='ltr'>ex</span> <span class='ocrx_word' id='word_1_578' title='bbox 1628 2165 1711 2214; x_wconf 91' lang='lat' dir='ltr'>ipso</span> <span class='ocrx_word' id='word_1_579' title='bbox 1740 2178 1879 2213; x_wconf 90' lang='lat' dir='ltr'>genere</span> <span class='ocrx_word' id='word_1_580' title='bbox 1908 2173 2015 2202; x_wconf 89' lang='lat' dir='ltr'>actus</span> <span class='ocrx_word' id='word_1_581' title='bbox 2035 2174 2090 2202; x_wconf 93' lang='lat' dir='ltr'>est</span> <span class='ocrx_word' id='word_1_582' title='bbox 2116 2174 2317 2214; x_wconf 91' lang='lat' dir='ltr'>peccatum</span> <span class='ocrx_word' id='word_1_583' title='bbox 2348 2168 2526 2203; x_wconf 86' lang='lat' dir='ltr'>mortale:</span> 
     </span>
     <span class='ocr_line' id='line_1_95' title="bbox 1455 2218 2527 2268; baseline 0 -12"><span class='ocrx_word' id='word_1_584' title='bbox 1455 2227 1491 2256; x_wconf 89' lang='lat' dir='ltr'>et</span> <span class='ocrx_word' id='word_1_585' title='bbox 1520 2231 1599 2256; x_wconf 92' lang='lat' dir='ltr'>non</span> <span class='ocrx_word' id='word_1_586' title='bbox 1628 2220 1754 2255; x_wconf 90' lang='lat' dir='ltr'>solum</span> <span class='ocrx_word' id='word_1_587' title='bbox 1791 2231 1836 2255; x_wconf 87' lang='lat' dir='ltr'>ex</span> <span class='ocrx_word' id='word_1_588' title='bbox 1870 2218 2151 2255; x_wconf 88' lang='lat' dir='ltr'>inordinatione</span> <span class='ocrx_word' id='word_1_589' title='bbox 2181 2219 2527 2268; x_wconf 89' lang='lat' dir='ltr'>concupiscentiae.</span> 
     </span>
     <span class='ocr_line' id='line_1_96' title="bbox 1455 2272 2527 2321; baseline 0.002 -13"><span class='ocrx_word' id='word_1_590' title='bbox 1455 2274 1513 2309; x_wconf 91' lang='lat' dir='ltr'>Ex</span> <span class='ocrx_word' id='word_1_591' title='bbox 1542 2284 1620 2309; x_wconf 90' lang='lat' dir='ltr'>una</span> <span class='ocrx_word' id='word_1_592' title='bbox 1640 2279 1768 2308; x_wconf 92' lang='lat' dir='ltr'>autem</span> <span class='ocrx_word' id='word_1_593' title='bbox 1790 2272 2026 2309; x_wconf 90' lang='lat' dir='ltr'>comestione</span> <span class='ocrx_word' id='word_1_594' title='bbox 2047 2284 2126 2309; x_wconf 91' lang='lat' dir='ltr'>non</span> <span class='ocrx_word' id='word_1_595' title='bbox 2148 2272 2353 2321; x_wconf 90' lang='lat' dir='ltr'>impeditur</span> <span class='ocrx_word' id='word_1_596' title='bbox 2381 2274 2527 2310; x_wconf 93' lang='lat' dir='ltr'>bonum</span> 
     </span>
     <span class='ocr_line' id='line_1_97' title="bbox 1454 2325 2528 2374; baseline 0 -11"><span class='ocrx_word' id='word_1_597' title='bbox 1454 2325 1569 2363; x_wconf 90' lang='lat' dir='ltr'>totius</span> <span class='ocrx_word' id='word_1_598' title='bbox 1596 2325 1699 2362; x_wconf 90' lang='lat' dir='ltr'>vitae</span> <span class='ocrx_word' id='word_1_599' title='bbox 1728 2325 1841 2362; x_wconf 91' lang='lat' dir='ltr'>unius</span> <span class='ocrx_word' id='word_1_600' title='bbox 1870 2325 2054 2362; x_wconf 90' lang='lat' dir='ltr'>hominis:</span> <span class='ocrx_word' id='word_1_601' title='bbox 2087 2333 2122 2362; x_wconf 93' lang='lat' dir='ltr'>et</span> <span class='ocrx_word' id='word_1_602' title='bbox 2141 2325 2228 2363; x_wconf 91' lang='lat' dir='ltr'>ideo</span> <span class='ocrx_word' id='word_1_603' title='bbox 2257 2333 2363 2363; x_wconf 88' lang='lat' dir='ltr'>actus</span> <span class='ocrx_word' id='word_1_604' title='bbox 2387 2328 2496 2374; x_wconf 87' lang='lat' dir='ltr'>gulae</span> <span class='ocrx_word' id='word_1_605' title='bbox 2516 2325 2528 2348; x_wconf 70' lang='grc' dir='ltr'>θ</span> 
     </span>
     <span class='ocr_line' id='line_1_98' title="bbox 1457 2381 2531 2428; baseline 0.001 -12"><span class='ocrx_word' id='word_1_606' title='bbox 1457 2392 1502 2416; x_wconf 90' lang='lat' dir='ltr'>ex</span> <span class='ocrx_word' id='word_1_607' title='bbox 1530 2391 1601 2416; x_wconf 92' lang='lat' dir='ltr'>suo</span> <span class='ocrx_word' id='word_1_608' title='bbox 1630 2391 1769 2427; x_wconf 87' lang='lat' dir='ltr'>genere</span> <span class='ocrx_word' id='word_1_609' title='bbox 1797 2391 1878 2416; x_wconf 92' lang='lat' dir='ltr'>non</span> <span class='ocrx_word' id='word_1_610' title='bbox 1906 2387 1962 2416; x_wconf 92' lang='lat' dir='ltr'>est</span> <span class='ocrx_word' id='word_1_611' title='bbox 1990 2387 2190 2428; x_wconf 90' lang='lat' dir='ltr'>peccatum</span> <span class='ocrx_word' id='word_1_612' title='bbox 2216 2381 2388 2417; x_wconf 87' lang='lat' dir='ltr'>mortale.</span> <span class='ocrx_word' id='word_1_613' title='bbox 2420 2381 2531 2417; x_wconf 90' lang='lat' dir='ltr'>Esset</span> 
     </span>
    </p>
   </div>
   <div class='ocr_carea' id='block_1_40' title="bbox 326 2432 2528 2589">
    <p class='ocr_par' dir='ltr' id='par_1_45' title="bbox 326 2432 2528 2589">
     <span class='ocr_line' id='line_1_99' title="bbox 1426 2432 2528 2482; baseline 0 -11"><span class='ocrx_word' id='word_1_614' title='bbox 1426 2437 1428 2472; x_wconf 74' lang='grc' dir='ltr'><strong><em>ἓ</em></strong></span> <span class='ocrx_word' id='word_1_615' title='bbox 1454 2441 1584 2470; x_wconf 90' lang='lat' dir='ltr'>tamen</span> <span class='ocrx_word' id='word_1_616' title='bbox 1605 2433 1635 2469; x_wconf 94' lang='lat' dir='ltr'>si</span> <span class='ocrx_word' id='word_1_617' title='bbox 1655 2432 1740 2481; x_wconf 91' lang='lat' dir='ltr'>quis</span> <span class='ocrx_word' id='word_1_618' title='bbox 1761 2432 1923 2470; x_wconf 88' lang='lat' dir='ltr'>scienter</span> <span class='ocrx_word' id='word_1_619' title='bbox 1943 2432 2072 2470; x_wconf 90' lang='lat' dir='ltr'>cibum</span> <span class='ocrx_word' id='word_1_620' title='bbox 2094 2433 2313 2470; x_wconf 91' lang='lat' dir='ltr'>comederet</span> <span class='ocrx_word' id='word_1_621' title='bbox 2329 2434 2392 2482; x_wconf 91' lang='lat' dir='ltr'>qui</span> <span class='ocrx_word' id='word_1_622' title='bbox 2410 2442 2528 2471; x_wconf 90' lang='lat' dir='ltr'>totam</span> 
     </span>
     <span class='ocr_line' id='line_1_100' title="bbox 326 2488 1428 2536; baseline -0.004 -10"><span class='ocrx_word' id='word_1_623' title='bbox 326 2497 405 2527; x_wconf 92' lang='lat' dir='ltr'>tute</span> <span class='ocrx_word' id='word_1_624' title='bbox 434 2489 576 2535; x_wconf 88' lang='lat' dir='ltr'>divina,</span> <span class='ocrx_word' id='word_1_625' title='bbox 602 2488 782 2536; x_wconf 85' lang='lat' dir='ltr'>quamvis</span> <span class='ocrx_word' id='word_1_626' title='bbox 809 2488 856 2524; x_wconf 92' lang='lat' dir='ltr'>sit</span> <span class='ocrx_word' id='word_1_627' title='bbox 883 2495 1016 2524; x_wconf 88' lang='lat' dir='ltr'>contra</span> <span class='ocrx_word' id='word_1_628' title='bbox 1039 2498 1287 2524; x_wconf 89' lang='lat' dir='ltr'>communem</span> <span class='ocrx_word' id='word_1_629' title='bbox 1318 2499 1401 2523; x_wconf 91' lang='lat' dir='ltr'>cur·</span> <span class='ocrx_word' id='word_1_630' title='bbox 1426 2516 1428 2520; x_wconf 75' lang='grc'>,</span> 
     </span>
     <span class='ocr_line' id='line_1_101' title="bbox 327 2541 1428 2589; baseline -0.003 -9"><span class='ocrx_word' id='word_1_631' title='bbox 327 2554 413 2580; x_wconf 89' lang='lat' dir='ltr'>sum</span> <span class='ocrx_word' id='word_1_632' title='bbox 443 2549 612 2579; x_wconf 90' lang='lat' dir='ltr'>naturae.</span> <span class='ocrx_word' id='word_1_633' title='bbox 647 2542 697 2578; x_wconf 92' lang='lat' dir='ltr'>Et</span> <span class='ocrx_word' id='word_1_634' title='bbox 724 2541 825 2588; x_wconf 90' lang='lat' dir='ltr'>ideo,</span> <span class='ocrx_word' id='word_1_635' title='bbox 855 2541 951 2578; x_wconf 92' lang='lat' dir='ltr'>sicut</span> <span class='ocrx_word' id='word_1_636' title='bbox 978 2541 1177 2578; x_wconf 88' lang='lat' dir='ltr'>Abraham</span> <span class='ocrx_word' id='word_1_637' title='bbox 1206 2553 1284 2578; x_wconf 95' lang='lat' dir='ltr'>non</span> <span class='ocrx_word' id='word_1_638' title='bbox 1312 2553 1400 2589; x_wconf 93' lang='lat' dir='ltr'>pec·</span> <span class='ocrx_word' id='word_1_639' title='bbox 1426 2558 1428 2570; x_wconf 90' lang='lat'><em>·</em></span> 
     </span>
    </p>
   </div>
   <div class='ocr_carea' id='block_1_41' title="bbox 1454 2486 2530 2643">
    <p class='ocr_par' dir='ltr' id='par_1_46' title="bbox 1454 2486 2530 2643">
     <span class='ocr_line' id='line_1_102' title="bbox 1455 2486 2530 2535; baseline 0.001 -12"><span class='ocrx_word' id='word_1_640' title='bbox 1455 2486 1715 2524; x_wconf 89' lang='lat' dir='ltr'>conditionem</span> <span class='ocrx_word' id='word_1_641' title='bbox 1743 2486 1844 2523; x_wconf 90' lang='lat' dir='ltr'>vitae</span> <span class='ocrx_word' id='word_1_642' title='bbox 1867 2486 1948 2523; x_wconf 91' lang='lat' dir='ltr'>eius</span> <span class='ocrx_word' id='word_1_643' title='bbox 1977 2486 2215 2523; x_wconf 86' lang='lat' dir='ltr'>immutaret:</span> <span class='ocrx_word' id='word_1_644' title='bbox 2246 2487 2342 2523; x_wconf 92' lang='lat' dir='ltr'>sicut</span> <span class='ocrx_word' id='word_1_645' title='bbox 2361 2495 2462 2535; x_wconf 86' lang='lat' dir='ltr'>patet</span> <span class='ocrx_word' id='word_1_646' title='bbox 2483 2488 2530 2524; x_wconf 93' lang='lat' dir='ltr'>de</span> 
     </span>
     <span class='ocr_line' id='line_1_103' title="bbox 1454 2539 2528 2577; baseline 0 -1"><span class='ocrx_word' id='word_1_647' title='bbox 1454 2540 1581 2577; x_wconf 93' lang='lat' dir='ltr'>Adam</span> <span class='ocrx_word' id='word_1_648' title='bbox 1601 2539 1632 2577; x_wconf 82' lang='lat'>*.</span> <span class='ocrx_word' id='word_1_649' title='bbox 1663 2561 1688 2568; x_wconf 95' lang='lat'>-</span> <span class='ocrx_word' id='word_1_650' title='bbox 1717 2540 1801 2576; x_wconf 91' lang='lat' dir='ltr'>Nec</span> <span class='ocrx_word' id='word_1_651' title='bbox 1838 2547 1967 2576; x_wconf 92' lang='lat' dir='ltr'>tamen</span> <span class='ocrx_word' id='word_1_652' title='bbox 1996 2540 2194 2577; x_wconf 88' lang='lat' dir='ltr'>fornicatio</span> <span class='ocrx_word' id='word_1_653' title='bbox 2233 2547 2289 2576; x_wconf 90' lang='lat' dir='ltr'>est</span> <span class='ocrx_word' id='word_1_654' title='bbox 2324 2540 2528 2577; x_wconf 88' lang='lat' dir='ltr'>minimum</span> 
     </span>
     <span class='ocr_line' id='line_1_104' title="bbox 1454 2593 2529 2643; baseline 0 -13"><span class='ocrx_word' id='word_1_655' title='bbox 1454 2601 1701 2643; x_wconf 90' lang='lat' dir='ltr'>peccatorum</span> <span class='ocrx_word' id='word_1_656' title='bbox 1723 2605 1822 2642; x_wconf 92' lang='lat' dir='ltr'>quae</span> <span class='ocrx_word' id='word_1_657' title='bbox 1852 2593 1922 2630; x_wconf 91' lang='lat' dir='ltr'>sub</span> <span class='ocrx_word' id='word_1_658' title='bbox 1943 2593 2089 2630; x_wconf 90' lang='lat' dir='ltr'>luxuria</span> <span class='ocrx_word' id='word_1_659' title='bbox 2117 2593 2368 2630; x_wconf 90' lang='lat' dir='ltr'>continentur.</span> <span class='ocrx_word' id='word_1_660' title='bbox 2400 2594 2529 2630; x_wconf 92' lang='lat' dir='ltr'>Minus</span> 
     </span>
    </p>
   </div>
   <div class='ocr_carea' id='block_1_42' title="bbox 1454 2646 2530 2738">
    <p class='ocr_par' dir='ltr' id='par_1_47' title="bbox 1454 2646 2530 2738">
     <span class='ocr_line' id='line_1_105' title="bbox 1456 2646 2530 2694; baseline -0.001 -10"><span class='ocrx_word' id='word_1_661' title='bbox 1456 2647 1559 2684; x_wconf 88' lang='lat' dir='ltr'>enim</span> <span class='ocrx_word' id='word_1_662' title='bbox 1594 2655 1649 2684; x_wconf 89' lang='lat' dir='ltr'>est</span> <span class='ocrx_word' id='word_1_663' title='bbox 1688 2646 1912 2684; x_wconf 91' lang='lat' dir='ltr'>concubitus</span> <span class='ocrx_word' id='word_1_664' title='bbox 1948 2659 2037 2683; x_wconf 92' lang='lat' dir='ltr'>cum</span> <span class='ocrx_word' id='word_1_665' title='bbox 2073 2658 2191 2683; x_wconf 91' lang='lat' dir='ltr'>uxore</span> <span class='ocrx_word' id='word_1_666' title='bbox 2229 2646 2295 2694; x_wconf 90' lang='lat' dir='ltr'>qui</span> <span class='ocrx_word' id='word_1_667' title='bbox 2331 2647 2374 2684; x_wconf 87' lang='lat' dir='ltr'>fit</span> <span class='ocrx_word' id='word_1_668' title='bbox 2407 2660 2451 2683; x_wconf 93' lang='lat' dir='ltr'>ex</span> <span class='ocrx_word' id='word_1_669' title='bbox 2490 2647 2530 2683; x_wconf 95' lang='lat' dir='ltr'>li-</span> 
     </span>
     <span class='ocr_line' id='line_1_106' title="bbox 1454 2700 1634 2738; baseline 0 -1"><span class='ocrx_word' id='word_1_670' title='bbox 1454 2701 1584 2738; x_wconf 91' lang='lat' dir='ltr'>bidine</span> <span class='ocrx_word' id='word_1_671' title='bbox 1603 2700 1634 2738; x_wconf 72' lang='lat'>²¹⁵.</span> 
     </span>
    </p>
   </div>
   <div class='ocr_carea' id='block_1_43' title="bbox 1511 2814 2259 2849">
    <p class='ocr_par' dir='ltr' id='par_1_48' title="bbox 1511 2814 2259 2849">
     <span class='ocr_line' id='line_1_107' title="bbox 1511 2814 2259 2849; baseline -0.003 -8"><span class='ocrx_word' id='word_1_672' title='bbox 1511 2814 1535 2849; x_wconf 85' lang='grc' dir='ltr'>θ)</span> <span class='ocrx_word' id='word_1_673' title='bbox 1555 2819 1633 2841; x_wconf 83' lang='lat' dir='ltr'>actus</span> <span class='ocrx_word' id='word_1_674' title='bbox 1652 2816 1740 2849; x_wconf 79' lang='lat' dir='ltr'>gulae.</span> <span class='ocrx_word' id='word_1_675' title='bbox 1753 2829 1772 2835; x_wconf 90' lang='lat'><em>-</em></span> <span class='ocrx_word' id='word_1_676' title='bbox 1790 2818 1866 2840; x_wconf 79' lang='lat' dir='ltr'>actus</span> <span class='ocrx_word' id='word_1_677' title='bbox 1886 2816 1929 2840; x_wconf 79' lang='lat' dir='ltr'>ille</span> <span class='ocrx_word' id='word_1_678' title='bbox 1948 2816 1989 2840; x_wconf 86' lang='lat' dir='ltr'>ed.</span> <span class='ocrx_word' id='word_1_679' title='bbox 2007 2822 2032 2843; x_wconf 84' lang='lat' dir='ltr'>a,</span> <span class='ocrx_word' id='word_1_680' title='bbox 2049 2815 2092 2840; x_wconf 83' lang='lat' dir='ltr'>ille</span> <span class='ocrx_word' id='word_1_681' title='bbox 2111 2818 2187 2840; x_wconf 80' lang='lat' dir='ltr'>actus</span> <span class='ocrx_word' id='word_1_682' title='bbox 2207 2815 2259 2839; x_wconf 85' lang='lat' dir='ltr'>PG.</span> 
     </span>
    </p>
   </div>
   <div class='ocr_carea' id='block_1_44' title="bbox 1000 2921 1838 2955">
    <p class='ocr_par' dir='ltr' id='par_1_49' title="bbox 1000 2921 1838 2955">
     <span class='ocr_line' id='line_1_108' title="bbox 1000 2921 1838 2955; baseline -0.001 -1"><span class='ocrx_word' id='word_1_683' title='bbox 1000 2922 1335 2955; x_wconf 61' lang='lat' dir='ltr'>Commentariis»</span> <span class='ocrx_word' id='word_1_684' title='bbox 1359 2921 1612 2955; x_wconf 61' lang='lat' dir='ltr'>Cardine-lis</span> <span class='ocrx_word' id='word_1_685' title='bbox 1637 2922 1838 2955; x_wconf 79' lang='lat' dir='ltr'>Caietani</span> 
     </span>
    </p>
   </div>
   <div class='ocr_carea' id='block_1_45' title="bbox 332 2983 1403 3071">
    <p class='ocr_par' dir='ltr' id='par_1_50' title="bbox 332 2983 1403 3071">
     <span class='ocr_line' id='line_1_109' title="bbox 359 2983 1403 3025; baseline -0.003 -9"><span class='ocrx_word' id='word_1_686' title='bbox 359 2995 380 3016; x_wconf 70' lang='lat' dir='ltr'>n</span> <span class='ocrx_word' id='word_1_687' title='bbox 403 2985 536 3016; x_wconf 78' lang='lat' dir='ltr'>arficulo</span> <span class='ocrx_word' id='word_1_688' title='bbox 560 2984 702 3015; x_wconf 89' lang='lat' dir='ltr'>secundo</span> <span class='ocrx_word' id='word_1_689' title='bbox 731 2983 873 3014; x_wconf 88' lang='lat' dir='ltr'>eiusdem</span> <span class='ocrx_word' id='word_1_690' title='bbox 896 2983 1093 3024; x_wconf 85' lang='lat' dir='ltr'>quaestionis</span> <span class='ocrx_word' id='word_1_691' title='bbox 1120 2983 1403 3025; x_wconf 84' lang='lat' dir='ltr'>centesimaequin-</span> 
     </span>
     <span class='ocr_line' id='line_1_110' title="bbox 332 2998 1403 3071; baseline -0.001 -11"><span class='ocrx_word' id='word_1_692' title='bbox 332 2998 712 3071; x_wconf 80' lang='lat' dir='ltr'>lquagesimaequartae,</span> <span class='ocrx_word' id='word_1_693' title='bbox 742 3028 877 3059; x_wconf 89' lang='lat' dir='ltr'>dubium</span> <span class='ocrx_word' id='word_1_694' title='bbox 908 3037 944 3058; x_wconf 83' lang='lat' dir='ltr'>ex</span> <span class='ocrx_word' id='word_1_695' title='bbox 970 3027 1127 3063; x_wconf 74' lang='lat' dir='ltr'>Mai-tino,</span> <span class='ocrx_word' id='word_1_696' title='bbox 1151 3027 1183 3057; x_wconf 92' lang='lat' dir='ltr'>in</span> <span class='ocrx_word' id='word_1_697' title='bbox 1212 3037 1268 3068; x_wconf 92' lang='lat' dir='ltr'>qu.</span> <span class='ocrx_word' id='word_1_698' title='bbox 1299 3038 1334 3058; x_wconf 89' lang='lat'>111</span> <span class='ocrx_word' id='word_1_699' title='bbox 1363 3029 1403 3059; x_wconf 90' lang='lat' dir='ltr'>de</span> 
     </span>
    </p>
   </div>
   <div class='ocr_carea' id='block_1_46' title="bbox 330 3072 1429 3120">
    <p class='ocr_par' dir='ltr' id='par_1_51' title="bbox 330 3072 1429 3120">
     <span class='ocr_line' id='line_1_111' title="bbox 330 3072 1429 3120; baseline -0.003 -15"><span class='ocrx_word' id='word_1_700' title='bbox 330 3074 479 3110; x_wconf 83' lang='lat' dir='ltr'>Luxuria,</span> <span class='ocrx_word' id='word_1_701' title='bbox 503 3073 651 3110; x_wconf 86' lang='lat' dir='ltr'>occurrit,</span> <span class='ocrx_word' id='word_1_702' title='bbox 675 3079 784 3104; x_wconf 86' lang='lat' dir='ltr'>contra</span> <span class='ocrx_word' id='word_1_703' title='bbox 818 3073 974 3103; x_wconf 87' lang='lat' dir='ltr'>rationem</span> <span class='ocrx_word' id='word_1_704' title='bbox 996 3072 1030 3102; x_wconf 87' lang='lat' dir='ltr'>in</span> <span class='ocrx_word' id='word_1_705' title='bbox 1053 3072 1155 3102; x_wconf 89' lang='lat' dir='ltr'>littera</span> <span class='ocrx_word' id='word_1_706' title='bbox 1179 3072 1306 3103; x_wconf 84' lang='lat' dir='ltr'>allatam</span> <span class='ocrx_word' id='word_1_707' title='bbox 1329 3082 1403 3113; x_wconf 86' lang='lat' dir='ltr'>pro-</span> <span class='ocrx_word' id='word_1_708' title='bbox 1427 3107 1429 3120; x_wconf 59' lang='grc' dir='ltr'>Ι</span> 
     </span>
    </p>
   </div>
   <div class='ocr_carea' id='block_1_47' title="bbox 330 3116 1402 3381">
    <p class='ocr_par' dir='ltr' id='par_1_52' title="bbox 330 3116 1402 3336">
     <span class='ocr_line' id='line_1_112' title="bbox 331 3116 1400 3158; baseline -0.001 -9"><span class='ocrx_word' id='word_1_709' title='bbox 331 3119 470 3154; x_wconf 83' lang='lat' dir='ltr'>cedente,</span> <span class='ocrx_word' id='word_1_710' title='bbox 495 3117 712 3158; x_wconf 87' lang='lat' dir='ltr'>multipliciter</span> <span class='ocrx_word' id='word_1_711' title='bbox 734 3118 898 3157; x_wconf 85' lang='lat' dir='ltr'>arguendo</span> <span class='ocrx_word' id='word_1_712' title='bbox 918 3124 949 3147; x_wconf 95' lang='lat' dir='ltr'>et</span> <span class='ocrx_word' id='word_1_713' title='bbox 972 3117 1138 3147; x_wconf 91' lang='lat' dir='ltr'>solvendo.</span> <span class='ocrx_word' id='word_1_714' title='bbox 1163 3116 1261 3152; x_wconf 86' lang='lat' dir='ltr'>Licet,</span> <span class='ocrx_word' id='word_1_715' title='bbox 1285 3116 1400 3157; x_wconf 88' lang='lat' dir='ltr'>inquit,</span> 
     </span>
     <span class='ocr_line' id='line_1_113' title="bbox 331 3160 1400 3200; baseline -0.001 -7"><span class='ocrx_word' id='word_1_716' title='bbox 331 3162 496 3193; x_wconf 83' lang='lat' dir='ltr'>conclusio</span> <span class='ocrx_word' id='word_1_717' title='bbox 519 3162 560 3193; x_wconf 85' lang='lat' dir='ltr'>sit</span> <span class='ocrx_word' id='word_1_718' title='bbox 581 3172 664 3198; x_wconf 82' lang='lat' dir='ltr'>vera,</span> <span class='ocrx_word' id='word_1_719' title='bbox 684 3172 751 3192; x_wconf 92' lang='lat' dir='ltr'>non</span> <span class='ocrx_word' id='word_1_720' title='bbox 775 3169 881 3193; x_wconf 85' lang='lat' dir='ltr'>tamen</span> <span class='ocrx_word' id='word_1_721' title='bbox 906 3161 1096 3192; x_wconf 87' lang='lat' dir='ltr'>sufficienter</span> <span class='ocrx_word' id='word_1_722' title='bbox 1110 3160 1235 3190; x_wconf 88' lang='lat' dir='ltr'>videtur</span> <span class='ocrx_word' id='word_1_723' title='bbox 1257 3162 1400 3200; x_wconf 80' lang='lat' dir='ltr'>probata.</span> 
     </span>
     <span class='ocr_line' id='line_1_114' title="bbox 330 3204 1402 3248; baseline -0.001 -11"><span class='ocrx_word' id='word_1_724' title='bbox 330 3207 440 3237; x_wconf 76' lang='lat' dir='ltr'>Primo</span> <span class='ocrx_word' id='word_1_725' title='bbox 452 3206 484 3243; x_wconf 72' lang='lat'>⁸¹,</span> <span class='ocrx_word' id='word_1_726' title='bbox 508 3207 583 3248; x_wconf 75' lang='lat' dir='ltr'>quia</span> <span class='ocrx_word' id='word_1_727' title='bbox 607 3215 673 3237; x_wconf 91' lang='lat' dir='ltr'>non</span> <span class='ocrx_word' id='word_1_728' title='bbox 704 3207 818 3247; x_wconf 85' lang='lat' dir='ltr'>probat</span> <span class='ocrx_word' id='word_1_729' title='bbox 848 3206 1013 3237; x_wconf 83' lang='lat' dir='ltr'>efficaciter</span> <span class='ocrx_word' id='word_1_730' title='bbox 1046 3205 1105 3235; x_wconf 86' lang='lat' dir='ltr'>nisi</span> <span class='ocrx_word' id='word_1_731' title='bbox 1129 3205 1168 3235; x_wconf 90' lang='lat' dir='ltr'>de</span> <span class='ocrx_word' id='word_1_732' title='bbox 1193 3204 1402 3236; x_wconf 82' lang='lat' dir='ltr'>fornicatione</span> 
     </span>
     <span class='ocr_line' id='line_1_115' title="bbox 331 3249 1400 3292; baseline 0 -11"><span class='ocrx_word' id='word_1_733' title='bbox 331 3250 587 3287; x_wconf 73' lang='lat' dir='ltr'>meretricia,-ad</span> <span class='ocrx_word' id='word_1_734' title='bbox 609 3260 708 3292; x_wconf 84' lang='lat' dir='ltr'>quam</span> <span class='ocrx_word' id='word_1_735' title='bbox 731 3261 797 3282; x_wconf 89' lang='lat' dir='ltr'>non</span> <span class='ocrx_word' id='word_1_736' title='bbox 822 3261 907 3281; x_wconf 92' lang='lat' dir='ltr'>unus</span> <span class='ocrx_word' id='word_1_737' title='bbox 930 3257 1055 3281; x_wconf 88' lang='lat' dir='ltr'>tantum</span> <span class='ocrx_word' id='word_1_738' title='bbox 1080 3259 1138 3280; x_wconf 91' lang='lat' dir='ltr'>nec</span> <span class='ocrx_word' id='word_1_739' title='bbox 1158 3249 1224 3280; x_wconf 92' lang='lat' dir='ltr'>duo</span> <span class='ocrx_word' id='word_1_740' title='bbox 1248 3259 1306 3280; x_wconf 91' lang='lat' dir='ltr'>nec</span> <span class='ocrx_word' id='word_1_741' title='bbox 1329 3257 1400 3286; x_wconf 89' lang='lat' dir='ltr'>tres,</span> 
     </span>
     <span class='ocr_line' id='line_1_116' title="bbox 332 3293 1034 3336; baseline 0 -11"><span class='ocrx_word' id='word_1_742' title='bbox 332 3295 386 3326; x_wconf 88' lang='lat' dir='ltr'>sed</span> <span class='ocrx_word' id='word_1_743' title='bbox 410 3293 622 3325; x_wconf 81' lang='lat' dir='ltr'>indifferenter</span> <span class='ocrx_word' id='word_1_744' title='bbox 643 3295 699 3336; x_wconf 90' lang='lat' dir='ltr'>qui</span> <span class='ocrx_word' id='word_1_745' title='bbox 722 3295 846 3332; x_wconf 85' lang='lat' dir='ltr'>volunt,</span> <span class='ocrx_word' id='word_1_746' title='bbox 871 3296 1034 3326; x_wconf 85' lang='lat' dir='ltr'>accedunt.</span> 
     </span>
    </p>

    <p class='ocr_par' dir='ltr' id='par_1_53' title="bbox 388 3338 1401 3381">
     <span class='ocr_line' id='line_1_117' title="bbox 388 3338 1401 3381; baseline 0 -12"><span class='ocrx_word' id='word_1_747' title='bbox 388 3338 554 3376; x_wconf 82' lang='lat' dir='ltr'>Secundo,</span> <span class='ocrx_word' id='word_1_748' title='bbox 571 3338 647 3380; x_wconf 82' lang='lat' dir='ltr'>quia</span> <span class='ocrx_word' id='word_1_749' title='bbox 670 3349 736 3370; x_wconf 91' lang='lat' dir='ltr'>non</span> <span class='ocrx_word' id='word_1_750' title='bbox 759 3340 873 3380; x_wconf 86' lang='lat' dir='ltr'>probat</span> <span class='ocrx_word' id='word_1_751' title='bbox 888 3340 978 3381; x_wconf 90' lang='lat' dir='ltr'>quod</span> <span class='ocrx_word' id='word_1_752' title='bbox 1000 3349 1099 3380; x_wconf 82' lang='lat' dir='ltr'>vagus</span> <span class='ocrx_word' id='word_1_753' title='bbox 1123 3338 1312 3369; x_wconf 90' lang='lat' dir='ltr'>concubitus</span> <span class='ocrx_word' id='word_1_754' title='bbox 1335 3349 1401 3369; x_wconf 88' lang='lat' dir='ltr'>ma-</span> 
     </span>
    </p>
   </div>
   <div class='ocr_carea' id='block_1_48' title="bbox 299 3383 1428 3556">
    <p class='ocr_par' dir='ltr' id='par_1_54' title="bbox 299 3383 1428 3556">
     <span class='ocr_line' id='line_1_118' title="bbox 332 3383 1428 3424; baseline -0.001 -10"><span class='ocrx_word' id='word_1_755' title='bbox 332 3383 411 3414; x_wconf 87' lang='lat' dir='ltr'>sculi</span> <span class='ocrx_word' id='word_1_756' title='bbox 427 3383 466 3414; x_wconf 89' lang='lat' dir='ltr'>sit</span> <span class='ocrx_word' id='word_1_757' title='bbox 482 3390 648 3423; x_wconf 74' lang='lat' dir='ltr'>peccatum</span> <span class='ocrx_word' id='word_1_758' title='bbox 671 3384 814 3421; x_wconf 83' lang='lat' dir='ltr'>mortale,</span> <span class='ocrx_word' id='word_1_759' title='bbox 831 3385 886 3415; x_wconf 88' lang='lat' dir='ltr'>sed</span> <span class='ocrx_word' id='word_1_760' title='bbox 909 3391 1033 3415; x_wconf 89' lang='lat' dir='ltr'>tantum</span> <span class='ocrx_word' id='word_1_761' title='bbox 1051 3384 1114 3414; x_wconf 92' lang='lat' dir='ltr'>hoc</span> <span class='ocrx_word' id='word_1_762' title='bbox 1133 3384 1247 3424; x_wconf 89' lang='lat' dir='ltr'>probat</span> <span class='ocrx_word' id='word_1_763' title='bbox 1266 3384 1304 3414; x_wconf 92' lang='lat' dir='ltr'>de</span> <span class='ocrx_word' id='word_1_764' title='bbox 1320 3393 1401 3423; x_wconf 80' lang='lat' dir='ltr'>vago</span> <span class='ocrx_word' id='word_1_765' title='bbox 1427 3395 1428 3398; x_wconf 48' lang='lat'>¹</span> 
     </span>
     <span class='ocr_line' id='line_1_119' title="bbox 333 3424 1428 3468; baseline -0.001 -9"><span class='ocrx_word' id='word_1_766' title='bbox 333 3427 504 3459; x_wconf 87' lang='lat' dir='ltr'>concubitu</span> <span class='ocrx_word' id='word_1_767' title='bbox 537 3426 684 3458; x_wconf 81' lang='lat' dir='ltr'>feminae.</span> <span class='ocrx_word' id='word_1_768' title='bbox 714 3428 800 3465; x_wconf 79' lang='lat' dir='ltr'>Quia</span> <span class='ocrx_word' id='word_1_769' title='bbox 827 3429 871 3459; x_wconf 90' lang='lat' dir='ltr'>ibi</span> <span class='ocrx_word' id='word_1_770' title='bbox 899 3439 965 3459; x_wconf 92' lang='lat' dir='ltr'>non</span> <span class='ocrx_word' id='word_1_771' title='bbox 995 3435 1043 3459; x_wconf 91' lang='lat' dir='ltr'>est</span> <span class='ocrx_word' id='word_1_772' title='bbox 1071 3427 1261 3459; x_wconf 86' lang='lat' dir='ltr'>incertitudo</span> <span class='ocrx_word' id='word_1_773' title='bbox 1292 3428 1400 3468; x_wconf 88' lang='lat' dir='ltr'>prolis,</span> <span class='ocrx_word' id='word_1_774' title='bbox 1426 3424 1428 3436; x_wconf 76' lang='lat'><strong>⁴</strong></span> 
     </span>
     <span class='ocr_line' id='line_1_120' title="bbox 299 3466 1428 3513; baseline 0 -10"><span class='ocrx_word' id='word_1_775' title='bbox 299 3485 303 3489; x_wconf 78' lang='lat'><em>-</em></span> <span class='ocrx_word' id='word_1_776' title='bbox 333 3472 412 3504; x_wconf 87' lang='lat' dir='ltr'>sicut</span> <span class='ocrx_word' id='word_1_777' title='bbox 437 3481 512 3502; x_wconf 89' lang='lat' dir='ltr'>curn</span> <span class='ocrx_word' id='word_1_778' title='bbox 536 3471 652 3502; x_wconf 88' lang='lat' dir='ltr'>mulier</span> <span class='ocrx_word' id='word_1_779' title='bbox 672 3479 804 3512; x_wconf 76' lang='lat' dir='ltr'>vagatur</span> <span class='ocrx_word' id='word_1_780' title='bbox 826 3482 901 3503; x_wconf 86' lang='lat' dir='ltr'>cum</span> <span class='ocrx_word' id='word_1_781' title='bbox 923 3473 1085 3513; x_wconf 88' lang='lat' dir='ltr'>pluribus:</span> <span class='ocrx_word' id='word_1_782' title='bbox 1110 3479 1146 3503; x_wconf 93' lang='lat' dir='ltr'>ut</span> <span class='ocrx_word' id='word_1_783' title='bbox 1168 3479 1255 3512; x_wconf 84' lang='lat' dir='ltr'>patet</span> <span class='ocrx_word' id='word_1_784' title='bbox 1270 3473 1309 3503; x_wconf 89' lang='lat' dir='ltr'>de</span> <span class='ocrx_word' id='word_1_785' title='bbox 1324 3482 1400 3503; x_wconf 87' lang='lat' dir='ltr'>con·</span> <span class='ocrx_word' id='word_1_786' title='bbox 1426 3466 1428 3495; x_wconf 53' lang='grc' dir='ltr'>ἶ</span> 
     </span>
     <span class='ocr_line' id='line_1_121' title="bbox 333 3515 1428 3556; baseline 0.001 -9"><span class='ocrx_word' id='word_1_787' title='bbox 333 3516 456 3547; x_wconf 90' lang='lat' dir='ltr'>cubinis</span> <span class='ocrx_word' id='word_1_788' title='bbox 481 3525 601 3556; x_wconf 83' lang='lat' dir='ltr'>regum.</span> <span class='ocrx_word' id='word_1_789' title='bbox 635 3515 732 3546; x_wconf 86' lang='lat' dir='ltr'>Solus</span> <span class='ocrx_word' id='word_1_790' title='bbox 754 3526 830 3556; x_wconf 89' lang='lat' dir='ltr'>ergo</span> <span class='ocrx_word' id='word_1_791' title='bbox 852 3527 952 3556; x_wconf 80' lang='lat' dir='ltr'>vagus</span> <span class='ocrx_word' id='word_1_792' title='bbox 975 3517 1165 3549; x_wconf 90' lang='lat' dir='ltr'>concubitus</span> <span class='ocrx_word' id='word_1_793' title='bbox 1194 3517 1330 3548; x_wconf 85' lang='lat' dir='ltr'>feminae</span> <span class='ocrx_word' id='word_1_794' title='bbox 1354 3524 1400 3548; x_wconf 92' lang='lat' dir='ltr'>est</span> <span class='ocrx_word' id='word_1_795' title='bbox 1426 3533 1428 3544; x_wconf 61' lang='lat' dir='ltr'><em>r</em></span> 
     </span>
    </p>
   </div>
   <div class='ocr_carea' id='block_1_49' title="bbox 334 3559 1401 3646">
    <p class='ocr_par' dir='ltr' id='par_1_55' title="bbox 334 3559 1401 3646">
     <span class='ocr_line' id='line_1_122' title="bbox 334 3559 1051 3602; baseline 0.001 -11"><span class='ocrx_word' id='word_1_796' title='bbox 334 3561 390 3602; x_wconf 91' lang='lat' dir='ltr'>qui</span> <span class='ocrx_word' id='word_1_797' title='bbox 414 3561 529 3591; x_wconf 88' lang='lat' dir='ltr'>directe</span> <span class='ocrx_word' id='word_1_798' title='bbox 549 3559 725 3600; x_wconf 90' lang='lat' dir='ltr'>opponitur</span> <span class='ocrx_word' id='word_1_799' title='bbox 740 3561 920 3591; x_wconf 82' lang='lat' dir='ltr'>educationi</span> <span class='ocrx_word' id='word_1_800' title='bbox 944 3562 1051 3602; x_wconf 89' lang='lat' dir='ltr'>prolis.</span> 
     </span>
     <span class='ocr_line' id='line_1_123' title="bbox 394 3604 1401 3646; baseline 0.001 -11"><span class='ocrx_word' id='word_1_801' title='bbox 394 3605 512 3642; x_wconf 84' lang='lat' dir='ltr'>Tertio,</span> <span class='ocrx_word' id='word_1_802' title='bbox 536 3604 612 3645; x_wconf 86' lang='lat' dir='ltr'>quia</span> <span class='ocrx_word' id='word_1_803' title='bbox 635 3604 739 3635; x_wconf 85' lang='lat' dir='ltr'>adhuc</span> <span class='ocrx_word' id='word_1_804' title='bbox 760 3614 825 3634; x_wconf 90' lang='lat' dir='ltr'>non</span> <span class='ocrx_word' id='word_1_805' title='bbox 849 3605 1003 3644; x_wconf 87' lang='lat' dir='ltr'>probatur</span> <span class='ocrx_word' id='word_1_806' title='bbox 1025 3606 1114 3646; x_wconf 92' lang='lat' dir='ltr'>quod</span> <span class='ocrx_word' id='word_1_807' title='bbox 1138 3605 1243 3637; x_wconf 89' lang='lat' dir='ltr'>omnis</span> <span class='ocrx_word' id='word_1_808' title='bbox 1267 3605 1401 3646; x_wconf 86' lang='lat' dir='ltr'>simplex</span> 
     </span>
    </p>
   </div>
   <div class='ocr_carea' id='block_1_50' title="bbox 1425 3034 1430 3635">
    <p class='ocr_par' dir='ltr' id='par_1_56' title="bbox 1425 3034 1430 3635">
     <span class='ocr_line' id='line_1_124' title="bbox 1425 3034 1430 3635; baseline 0 0"><span class='ocrx_word' id='word_1_809' title='bbox 1425 3034 1430 3635; x_wconf 95' lang='lat' dir='ltr'> </span> 
     </span>
    </p>
   </div>
   <div class='ocr_carea' id='block_1_51' title="bbox 1455 2983 2528 3157">
    <p class='ocr_par' dir='ltr' id='par_1_57' title="bbox 1455 2983 2528 3157">
     <span class='ocr_line' id='line_1_125' title="bbox 1456 2983 2528 3024; baseline -0.002 -10"><span class='ocrx_word' id='word_1_810' title='bbox 1456 2983 1623 3014; x_wconf 83' lang='lat' dir='ltr'>fornicatio</span> <span class='ocrx_word' id='word_1_811' title='bbox 1648 2983 1687 3014; x_wconf 88' lang='lat' dir='ltr'>sit</span> <span class='ocrx_word' id='word_1_812' title='bbox 1710 2990 1876 3024; x_wconf 88' lang='lat' dir='ltr'>peccatum</span> <span class='ocrx_word' id='word_1_813' title='bbox 1902 2983 2049 3014; x_wconf 85' lang='lat' dir='ltr'>mortale:</span> <span class='ocrx_word' id='word_1_814' title='bbox 2076 2983 2129 3013; x_wconf 92' lang='lat' dir='ltr'>sed</span> <span class='ocrx_word' id='word_1_815' title='bbox 2154 2983 2221 3012; x_wconf 89' lang='lat' dir='ltr'>sola</span> <span class='ocrx_word' id='word_1_816' title='bbox 2238 2983 2290 3012; x_wconf 89' lang='lat' dir='ltr'>illa</span> <span class='ocrx_word' id='word_1_817' title='bbox 2314 2983 2398 3012; x_wconf 91' lang='lat' dir='ltr'>unde</span> <span class='ocrx_word' id='word_1_818' title='bbox 2423 2983 2528 3022; x_wconf 89' lang='lat' dir='ltr'>proles</span> 
     </span>
     <span class='ocr_line' id='line_1_126' title="bbox 1456 3027 2527 3067; baseline -0.003 -8"><span class='ocrx_word' id='word_1_819' title='bbox 1456 3029 1656 3064; x_wconf 80' lang='lat' dir='ltr'>aestimatur,</span> <span class='ocrx_word' id='word_1_820' title='bbox 1682 3035 1736 3059; x_wconf 82' lang='lat' dir='ltr'>aut</span> <span class='ocrx_word' id='word_1_821' title='bbox 1760 3028 1956 3059; x_wconf 84' lang='lat' dir='ltr'>dubitaretur</span> <span class='ocrx_word' id='word_1_822' title='bbox 1986 3027 2195 3058; x_wconf 88' lang='lat' dir='ltr'>verisimiliter</span> <span class='ocrx_word' id='word_1_823' title='bbox 2218 3028 2406 3067; x_wconf 87' lang='lat' dir='ltr'>generanda.</span> <span class='ocrx_word' id='word_1_824' title='bbox 2436 3027 2527 3057; x_wconf 88' lang='lat' dir='ltr'>Unde</span> 
     </span>
     <span class='ocr_line' id='line_1_127' title="bbox 1455 3071 2527 3113; baseline -0.002 -10"><span class='ocrx_word' id='word_1_825' title='bbox 1455 3073 1562 3103; x_wconf 84' lang='lat' dir='ltr'>statim</span> <span class='ocrx_word' id='word_1_826' title='bbox 1586 3072 1729 3113; x_wconf 86' lang='lat' dir='ltr'>sequitur</span> <span class='ocrx_word' id='word_1_827' title='bbox 1755 3073 1845 3113; x_wconf 94' lang='lat' dir='ltr'>quod</span> <span class='ocrx_word' id='word_1_828' title='bbox 1873 3082 1939 3102; x_wconf 93' lang='lat' dir='ltr'>non</span> <span class='ocrx_word' id='word_1_829' title='bbox 1971 3073 2124 3112; x_wconf 87' lang='lat' dir='ltr'>probatur</span> <span class='ocrx_word' id='word_1_830' title='bbox 2152 3071 2272 3102; x_wconf 91' lang='lat' dir='ltr'>coitum</span> <span class='ocrx_word' id='word_1_831' title='bbox 2304 3071 2527 3107; x_wconf 89' lang='lat' dir='ltr'>meretricium,</span> 
     </span>
     <span class='ocr_line' id='line_1_128' title="bbox 1456 3115 2528 3157; baseline -0.002 -10"><span class='ocrx_word' id='word_1_832' title='bbox 1456 3117 1511 3148; x_wconf 92' lang='lat' dir='ltr'>ubi</span> <span class='ocrx_word' id='word_1_833' title='bbox 1535 3127 1600 3147; x_wconf 92' lang='lat' dir='ltr'>non</span> <span class='ocrx_word' id='word_1_834' title='bbox 1617 3117 1750 3148; x_wconf 90' lang='lat' dir='ltr'>solitum</span> <span class='ocrx_word' id='word_1_835' title='bbox 1766 3124 1813 3147; x_wconf 92' lang='lat' dir='ltr'>est</span> <span class='ocrx_word' id='word_1_836' title='bbox 1835 3117 1986 3157; x_wconf 88' lang='lat' dir='ltr'>generari,</span> <span class='ocrx_word' id='word_1_837' title='bbox 2007 3126 2074 3147; x_wconf 89' lang='lat' dir='ltr'>esse</span> <span class='ocrx_word' id='word_1_838' title='bbox 2090 3123 2255 3156; x_wconf 86' lang='lat' dir='ltr'>peccatum</span> <span class='ocrx_word' id='word_1_839' title='bbox 2276 3116 2427 3146; x_wconf 81' lang='lat' dir='ltr'>mortale:</span> <span class='ocrx_word' id='word_1_840' title='bbox 2452 3115 2528 3156; x_wconf 85' lang='lat' dir='ltr'>quia</span> 
     </span>
    </p>
   </div>
   <div class='ocr_carea' id='block_1_52' title="bbox 1427 3161 1909 3205">
    <p class='ocr_par' dir='ltr' id='par_1_58' title="bbox 1427 3161 1909 3205">
     <span class='ocr_line' id='line_1_129' title="bbox 1427 3161 1909 3205; baseline 0 -14"><span class='ocrx_word' id='word_1_841' title='bbox 1427 3197 1429 3205; x_wconf 49' lang='grc' dir='ltr'>Ι</span> <span class='ocrx_word' id='word_1_842' title='bbox 1455 3161 1487 3191; x_wconf 91' lang='lat' dir='ltr'>in</span> <span class='ocrx_word' id='word_1_843' title='bbox 1511 3161 1565 3192; x_wconf 89' lang='lat' dir='ltr'>tali</span> <span class='ocrx_word' id='word_1_844' title='bbox 1590 3171 1656 3191; x_wconf 92' lang='lat' dir='ltr'>non</span> <span class='ocrx_word' id='word_1_845' title='bbox 1681 3161 1795 3191; x_wconf 87' lang='lat' dir='ltr'>militat</span> <span class='ocrx_word' id='word_1_846' title='bbox 1818 3161 1909 3192; x_wconf 89' lang='lat' dir='ltr'>ratio.</span> 
     </span>
    </p>
   </div>
   <div class='ocr_carea' id='block_1_53' title="bbox 1456 3204 2528 3289">
    <p class='ocr_par' dir='ltr' id='par_1_59' title="bbox 1456 3204 2528 3289">
     <span class='ocr_line' id='line_1_130' title="bbox 1514 3204 2528 3246; baseline -0.002 -10"><span class='ocrx_word' id='word_1_847' title='bbox 1514 3205 1652 3243; x_wconf 87' lang='lat' dir='ltr'>Quarto,</span> <span class='ocrx_word' id='word_1_848' title='bbox 1669 3206 1744 3246; x_wconf 83' lang='lat' dir='ltr'>quia</span> <span class='ocrx_word' id='word_1_849' title='bbox 1768 3215 1834 3235; x_wconf 91' lang='lat' dir='ltr'>non</span> <span class='ocrx_word' id='word_1_850' title='bbox 1858 3206 1972 3245; x_wconf 87' lang='lat' dir='ltr'>probat</span> <span class='ocrx_word' id='word_1_851' title='bbox 1988 3205 2027 3235; x_wconf 92' lang='lat' dir='ltr'>de</span> <span class='ocrx_word' id='word_1_852' title='bbox 2051 3205 2264 3235; x_wconf 87' lang='lat' dir='ltr'>concubinatu</span> <span class='ocrx_word' id='word_1_853' title='bbox 2281 3205 2370 3245; x_wconf 92' lang='lat' dir='ltr'>quod</span> <span class='ocrx_word' id='word_1_854' title='bbox 2394 3204 2433 3234; x_wconf 91' lang='lat' dir='ltr'>sit</span> <span class='ocrx_word' id='word_1_855' title='bbox 2455 3214 2528 3244; x_wconf 89' lang='lat' dir='ltr'>pec-</span> 
     </span>
     <span class='ocr_line' id='line_1_131' title="bbox 1456 3248 2528 3289; baseline -0.001 -9"><span class='ocrx_word' id='word_1_856' title='bbox 1456 3257 1562 3280; x_wconf 88' lang='lat' dir='ltr'>catum</span> <span class='ocrx_word' id='word_1_857' title='bbox 1586 3250 1735 3280; x_wconf 85' lang='lat' dir='ltr'>mortale:</span> <span class='ocrx_word' id='word_1_858' title='bbox 1768 3259 1843 3280; x_wconf 86' lang='lat' dir='ltr'>cum</span> <span class='ocrx_word' id='word_1_859' title='bbox 1866 3249 1939 3280; x_wconf 82' lang='lat' dir='ltr'>talis</span> <span class='ocrx_word' id='word_1_860' title='bbox 1966 3259 2032 3279; x_wconf 92' lang='lat' dir='ltr'>non</span> <span class='ocrx_word' id='word_1_861' title='bbox 2057 3249 2096 3279; x_wconf 92' lang='lat' dir='ltr'>sit</span> <span class='ocrx_word' id='word_1_862' title='bbox 2119 3248 2308 3279; x_wconf 90' lang='lat' dir='ltr'>concubitus</span> <span class='ocrx_word' id='word_1_863' title='bbox 2331 3258 2447 3289; x_wconf 77' lang='lat' dir='ltr'>vagUS‚</span> <span class='ocrx_word' id='word_1_864' title='bbox 2473 3249 2528 3279; x_wconf 91' lang='lat' dir='ltr'>sed</span> 
     </span>
    </p>
   </div>
   <div class='ocr_carea' id='block_1_54' title="bbox 1427 3293 2526 3334">
    <p class='ocr_par' dir='ltr' id='par_1_60' title="bbox 1427 3293 2526 3334">
     <span class='ocr_line' id='line_1_132' title="bbox 1427 3293 2526 3334; baseline -0.001 -10"><span class='ocrx_word' id='word_1_865' title='bbox 1427 3311 1429 3316; x_wconf 84' lang='lat'><em>·</em></span> <span class='ocrx_word' id='word_1_866' title='bbox 1456 3294 1653 3324; x_wconf 82' lang='lat' dir='ltr'>determinati</span> <span class='ocrx_word' id='word_1_867' title='bbox 1678 3295 1717 3324; x_wconf 86' lang='lat' dir='ltr'>ad</span> <span class='ocrx_word' id='word_1_868' title='bbox 1733 3294 1983 3330; x_wconf 85' lang='lat' dir='ltr'>determinatam,</span> <span class='ocrx_word' id='word_1_869' title='bbox 2001 3300 2031 3324; x_wconf 88' lang='lat' dir='ltr'>et</span> <span class='ocrx_word' id='word_1_870' title='bbox 2055 3294 2216 3324; x_wconf 91' lang='lat' dir='ltr'>interdum</span> <span class='ocrx_word' id='word_1_871' title='bbox 2233 3293 2272 3323; x_wconf 90' lang='lat' dir='ltr'>ad</span> <span class='ocrx_word' id='word_1_872' title='bbox 2286 3293 2421 3334; x_wconf 88' lang='lat' dir='ltr'>longum</span> <span class='ocrx_word' id='word_1_873' title='bbox 2446 3300 2526 3324; x_wconf 88' lang='lat' dir='ltr'>tem-</span> 
     </span>
    </p>
   </div>
   <div class='ocr_carea' id='block_1_55' title="bbox 1453 3337 2528 3645">
    <p class='ocr_par' dir='ltr' id='par_1_61' title="bbox 1453 3337 2528 3645">
     <span class='ocr_line' id='line_1_133' title="bbox 1454 3337 2527 3379; baseline 0 -11"><span class='ocrx_word' id='word_1_874' title='bbox 1454 3348 1525 3379; x_wconf 91' lang='lat' dir='ltr'>pus,</span> <span class='ocrx_word' id='word_1_875' title='bbox 1543 3345 1574 3369; x_wconf 91' lang='lat' dir='ltr'>et</span> <span class='ocrx_word' id='word_1_876' title='bbox 1598 3348 1672 3369; x_wconf 86' lang='lat' dir='ltr'>curn</span> <span class='ocrx_word' id='word_1_877' title='bbox 1691 3338 1934 3378; x_wconf 87' lang='lat' dir='ltr'>interpositione</span> <span class='ocrx_word' id='word_1_878' title='bbox 1958 3338 2128 3369; x_wconf 83' lang='lat' dir='ltr'>iuramenti</span> <span class='ocrx_word' id='word_1_879' title='bbox 2153 3338 2191 3368; x_wconf 90' lang='lat' dir='ltr'>de</span> <span class='ocrx_word' id='word_1_880' title='bbox 2215 3337 2277 3368; x_wconf 84' lang='lat' dir='ltr'>fide</span> <span class='ocrx_word' id='word_1_881' title='bbox 2301 3338 2463 3374; x_wconf 81' lang='lat' dir='ltr'>servanda,</span> <span class='ocrx_word' id='word_1_882' title='bbox 2488 3338 2527 3368; x_wconf 92' lang='lat' dir='ltr'>de</span> 
     </span>
     <span class='ocr_line' id='line_1_134' title="bbox 1455 3382 2528 3423; baseline -0.001 -10"><span class='ocrx_word' id='word_1_883' title='bbox 1455 3383 1545 3423; x_wconf 88' lang='lat' dir='ltr'>prole</span> <span class='ocrx_word' id='word_1_884' title='bbox 1569 3383 1742 3418; x_wconf 88' lang='lat' dir='ltr'>educanda,</span> <span class='ocrx_word' id='word_1_885' title='bbox 1767 3382 1950 3418; x_wconf 84' lang='lat' dir='ltr'>erudienda,</span> <span class='ocrx_word' id='word_1_886' title='bbox 1975 3389 2034 3413; x_wconf 91' lang='lat' dir='ltr'>etc.</span> <span class='ocrx_word' id='word_1_887' title='bbox 2062 3383 2097 3412; x_wconf 92' lang='lat' dir='ltr'>In</span> <span class='ocrx_word' id='word_1_888' title='bbox 2121 3382 2174 3412; x_wconf 82' lang='lat' dir='ltr'>tali</span> <span class='ocrx_word' id='word_1_889' title='bbox 2199 3382 2284 3412; x_wconf 90' lang='lat' dir='ltr'>enim</span> <span class='ocrx_word' id='word_1_890' title='bbox 2313 3392 2379 3413; x_wconf 93' lang='lat' dir='ltr'>non</span> <span class='ocrx_word' id='word_1_891' title='bbox 2403 3382 2528 3412; x_wconf 90' lang='lat' dir='ltr'>videtur</span> 
     </span>
     <span class='ocr_line' id='line_1_135' title="bbox 1455 3426 2526 3467; baseline 0 -10"><span class='ocrx_word' id='word_1_892' title='bbox 1455 3427 1588 3457; x_wconf 88' lang='lat' dir='ltr'>militare</span> <span class='ocrx_word' id='word_1_893' title='bbox 1619 3427 1778 3467; x_wconf 83' lang='lat' dir='ltr'>praedicta</span> <span class='ocrx_word' id='word_1_894' title='bbox 1801 3427 1892 3457; x_wconf 88' lang='lat' dir='ltr'>ratio.</span> <span class='ocrx_word' id='word_1_895' title='bbox 1918 3444 1936 3450; x_wconf 94' lang='lat'>-</span> <span class='ocrx_word' id='word_1_896' title='bbox 1962 3426 2023 3457; x_wconf 88' lang='lat' dir='ltr'>Sed</span> <span class='ocrx_word' id='word_1_897' title='bbox 2047 3426 2227 3467; x_wconf 87' lang='lat' dir='ltr'>respondet,</span> <span class='ocrx_word' id='word_1_898' title='bbox 2251 3427 2376 3467; x_wconf 90' lang='lat' dir='ltr'>inquit,</span> <span class='ocrx_word' id='word_1_899' title='bbox 2402 3427 2441 3456; x_wconf 88' lang='lat' dir='ltr'>ad</span> <span class='ocrx_word' id='word_1_900' title='bbox 2465 3427 2526 3457; x_wconf 91' lang='lat' dir='ltr'>hoc</span> 
     </span>
     <span class='ocr_line' id='line_1_136' title="bbox 1455 3471 2526 3512; baseline 0 -10"><span class='ocrx_word' id='word_1_901' title='bbox 1455 3473 1564 3502; x_wconf 82' lang='lat' dir='ltr'>beatus</span> <span class='ocrx_word' id='word_1_902' title='bbox 1588 3471 1733 3502; x_wconf 86' lang='lat' dir='ltr'>Thomas</span> <span class='ocrx_word' id='word_1_903' title='bbox 1765 3471 1855 3512; x_wconf 92' lang='lat' dir='ltr'>quod</span> <span class='ocrx_word' id='word_1_904' title='bbox 1878 3471 1912 3502; x_wconf 83' lang='lat' dir='ltr'>id</span> <span class='ocrx_word' id='word_1_905' title='bbox 1933 3471 2019 3511; x_wconf 83' lang='lat' dir='ltr'>quod</span> <span class='ocrx_word' id='word_1_906' title='bbox 2041 3471 2128 3502; x_wconf 85' lang='lat' dir='ltr'>cadit</span> <span class='ocrx_word' id='word_1_907' title='bbox 2148 3471 2207 3502; x_wconf 82' lang='lat' dir='ltr'>sub</span> <span class='ocrx_word' id='word_1_908' title='bbox 2230 3471 2313 3512; x_wconf 83' lang='lat' dir='ltr'>legis</span> <span class='ocrx_word' id='word_1_909' title='bbox 2335 3471 2526 3502; x_wconf 81' lang='lat' dir='ltr'>determina-</span> 
     </span>
     <span class='ocr_line' id='line_1_137' title="bbox 1455 3515 2524 3556; baseline -0.003 -9"><span class='ocrx_word' id='word_1_910' title='bbox 1455 3517 1549 3554; x_wconf 85' lang='lat' dir='ltr'>tione,</span> <span class='ocrx_word' id='word_1_911' title='bbox 1567 3515 1731 3547; x_wconf 84' lang='lat' dir='ltr'>iudicatur</span> <span class='ocrx_word' id='word_1_912' title='bbox 1745 3516 1920 3546; x_wconf 84' lang='lat' dir='ltr'>secundum</span> <span class='ocrx_word' id='word_1_913' title='bbox 1938 3515 1971 3546; x_wconf 82' lang='lat' dir='ltr'>id</span> <span class='ocrx_word' id='word_1_914' title='bbox 1985 3516 2071 3556; x_wconf 84' lang='lat' dir='ltr'>quod</span> <span class='ocrx_word' id='word_1_915' title='bbox 2085 3517 2298 3547; x_wconf 86' lang='lat' dir='ltr'>communiter</span> <span class='ocrx_word' id='word_1_916' title='bbox 2316 3516 2442 3553; x_wconf 85' lang='lat' dir='ltr'>accidit,</span> <span class='ocrx_word' id='word_1_917' title='bbox 2461 3525 2524 3545; x_wconf 91' lang='lat' dir='ltr'>non</span> 
     </span>
     <span class='ocr_line' id='line_1_138' title="bbox 1453 3560 2524 3601; baseline -0.003 -10"><span class='ocrx_word' id='word_1_918' title='bbox 1453 3561 1628 3592; x_wconf 83' lang='lat' dir='ltr'>secundum</span> <span class='ocrx_word' id='word_1_919' title='bbox 1653 3561 1686 3591; x_wconf 88' lang='lat' dir='ltr'>id</span> <span class='ocrx_word' id='word_1_920' title='bbox 1712 3560 1796 3601; x_wconf 84' lang='lat' dir='ltr'>quod</span> <span class='ocrx_word' id='word_1_921' title='bbox 1820 3561 1852 3590; x_wconf 89' lang='lat' dir='ltr'>in</span> <span class='ocrx_word' id='word_1_922' title='bbox 1883 3560 1992 3601; x_wconf 85' lang='lat' dir='ltr'>aliquo</span> <span class='ocrx_word' id='word_1_923' title='bbox 2015 3570 2092 3591; x_wconf 82' lang='lat' dir='ltr'>casu</span> <span class='ocrx_word' id='word_1_924' title='bbox 2112 3566 2219 3601; x_wconf 82' lang='lat' dir='ltr'>potest</span> <span class='ocrx_word' id='word_1_925' title='bbox 2254 3560 2408 3591; x_wconf 85' lang='lat' dir='ltr'>accidere.</span> <span class='ocrx_word' id='word_1_926' title='bbox 2438 3560 2524 3590; x_wconf 85' lang='lat' dir='ltr'>Haec</span> 
     </span>
     <span class='ocr_line' id='line_1_139' title="bbox 1454 3603 2522 3645; baseline -0.003 -10"><span class='ocrx_word' id='word_1_927' title='bbox 1454 3611 1561 3636; x_wconf 81' lang='lat' dir='ltr'>autem</span> <span class='ocrx_word' id='word_1_928' title='bbox 1585 3605 1704 3636; x_wconf 92' lang='lat' dir='ltr'>solutio</span> <span class='ocrx_word' id='word_1_929' title='bbox 1729 3611 1809 3636; x_wconf 89' lang='lat' dir='ltr'>esset</span> <span class='ocrx_word' id='word_1_930' title='bbox 1833 3605 2005 3645; x_wconf 82' lang='lat' dir='ltr'>probabilis</span> <span class='ocrx_word' id='word_1_931' title='bbox 2035 3605 2060 3635; x_wconf 92' lang='lat' dir='ltr'>si</span> <span class='ocrx_word' id='word_1_932' title='bbox 2085 3605 2152 3645; x_wconf 88' lang='lat' dir='ltr'>ipsc</span> <span class='ocrx_word' id='word_1_933' title='bbox 2176 3605 2239 3635; x_wconf 83' lang='lat' dir='ltr'>iarn</span> <span class='ocrx_word' id='word_1_934' title='bbox 2267 3605 2430 3645; x_wconf 82' lang='lat' dir='ltr'>probasset</span> <span class='ocrx_word' id='word_1_935' title='bbox 2458 3603 2522 3633; x_wconf 90' lang='lat' dir='ltr'>for-</span> 
     </span>
    </p>
   </div>
   <div class='ocr_carea' id='block_1_56' title="bbox 2546 411 2662 439">
    <p class='ocr_par' dir='ltr' id='par_1_62' title="bbox 2546 411 2662 439">
     <span class='ocr_line' id='line_1_140' title="bbox 2546 411 2662 439; baseline -0.009 -6"><span class='ocrx_word' id='word_1_936' title='bbox 2546 414 2554 422; x_wconf 74' lang='lat'><strong>·</strong></span> <span class='ocrx_word' id='word_1_937' title='bbox 2570 412 2597 433; x_wconf 88' lang='lat' dir='ltr'>l).</span> <span class='ocrx_word' id='word_1_938' title='bbox 2612 411 2662 439; x_wconf 65' lang='lat'>067⁴</span> 
     </span>
    </p>
   </div>
   <div class='ocr_carea' id='block_1_57' title="bbox 2548 629 2691 657">
    <p class='ocr_par' dir='ltr' id='par_1_63' title="bbox 2548 629 2691 657">
     <span class='ocr_line' id='line_1_141' title="bbox 2548 629 2691 657; baseline -0.008 -5.808"><span class='ocrx_word' id='word_1_939' title='bbox 2548 629 2626 657; x_wconf 82' lang='lat' dir='ltr'>Cap.</span> <span class='ocrx_word' id='word_1_940' title='bbox 2641 635 2691 650; x_wconf 83' lang='lat' dir='ltr'>vm.</span> 
     </span>
    </p>
   </div>
   <div class='ocr_carea' id='block_1_58' title="bbox 2550 1057 2636 1085">
    <p class='ocr_par' dir='ltr' id='par_1_64' title="bbox 2550 1057 2636 1085">
     <span class='ocr_line' id='line_1_142' title="bbox 2550 1057 2636 1085; baseline -0.023 -6"><span class='ocrx_word' id='word_1_941' title='bbox 2550 1057 2636 1085; x_wconf 76' lang='lat' dir='ltr'>’D.3.</span> 
     </span>
    </p>
   </div>
   <div class='ocr_carea' id='block_1_59' title="bbox 2550 1111 2763 1187">
    <p class='ocr_par' dir='ltr' id='par_1_65' title="bbox 2550 1111 2763 1187">
     <span class='ocr_line' id='line_1_143' title="bbox 2550 1111 2763 1139; baseline -0.011 -4.672"><span class='ocrx_word' id='word_1_942' title='bbox 2550 1111 2615 1134; x_wconf 65' lang='grc' dir='ltr'>’.Εἰ</span> <span class='ocrx_word' id='word_1_943' title='bbox 2637 1111 2763 1139; x_wconf 70' lang='grc' dir='ltr'>διφρΙεηι.,</span> 
     </span>
     <span class='ocr_line' id='line_1_144' title="bbox 2550 1142 2762 1187; baseline 0 -27"><span class='ocrx_word' id='word_1_944' title='bbox 2550 1145 2588 1187; x_wconf 54' lang='lat'>{1:¹1</span> <span class='ocrx_word' id='word_1_945' title='bbox 2593 1145 2662 1187; x_wconf 50' lang='grc' dir='ltr'>2ἀν,</span> <span class='ocrx_word' id='word_1_946' title='bbox 2682 1142 2722 1160; x_wconf 75' lang='lat' dir='ltr'>art</span> <span class='ocrx_word' id='word_1_947' title='bbox 2742 1143 2762 1165; x_wconf 82' lang='grc'>5,</span> 
     </span>
    </p>
   </div>
   <div class='ocr_carea' id='block_1_60' title="bbox 2551 1204 2762 1258">
    <p class='ocr_par' dir='ltr' id='par_1_66' title="bbox 2551 1204 2762 1258">
     <span class='ocr_line' id='line_1_145' title="bbox 2552 1204 2762 1232; baseline -0.01 -5"><span class='ocrx_word' id='word_1_948' title='bbox 2552 1208 2560 1215; x_wconf 83' lang='grc'><em>“</em></span> <span class='ocrx_word' id='word_1_949' title='bbox 2593 1204 2676 1226; x_wconf 79' lang='lat' dir='ltr'>Genes.</span> <span class='ocrx_word' id='word_1_950' title='bbox 2712 1210 2762 1232; x_wconf 88' lang='lat' dir='ltr'>cap.</span> 
     </span>
     <span class='ocr_line' id='line_1_146' title="bbox 2551 1237 2762 1258; baseline -0.005 -5"><span class='ocrx_word' id='word_1_951' title='bbox 2551 1238 2612 1253; x_wconf 84' lang='lat' dir='ltr'>xxxv</span> <span class='ocrx_word' id='word_1_952' title='bbox 2614 1238 2640 1258; x_wconf 85' lang='lat' dir='ltr'>n,</span> <span class='ocrx_word' id='word_1_953' title='bbox 2655 1237 2713 1253; x_wconf 76' lang='lat' dir='ltr'>vers.</span> <span class='ocrx_word' id='word_1_954' title='bbox 2729 1237 2762 1258; x_wconf 87' lang='lat'>²7-</span> 
     </span>
    </p>
   </div>
   <div class='ocr_carea' id='block_1_61' title="bbox 2554 1423 2722 1450">
    <p class='ocr_par' dir='ltr' id='par_1_67' title="bbox 2554 1423 2722 1450">
     <span class='ocr_line' id='line_1_147' title="bbox 2554 1423 2722 1450; baseline -0.006 -6"><span class='ocrx_word' id='word_1_955' title='bbox 2554 1425 2563 1434; x_wconf 71' lang='lat'>⁶</span> <span class='ocrx_word' id='word_1_956' title='bbox 2577 1423 2602 1444; x_wconf 87' lang='lat' dir='ltr'>ln</span> <span class='ocrx_word' id='word_1_957' title='bbox 2618 1428 2722 1450; x_wconf 83' lang='lat' dir='ltr'>corpore.</span> 
     </span>
    </p>
   </div>
   <div class='ocr_carea' id='block_1_62' title="bbox 2557 2549 2768 2603">
    <p class='ocr_par' dir='ltr' id='par_1_68' title="bbox 2557 2549 2768 2603">
     <span class='ocr_line' id='line_1_148' title="bbox 2559 2549 2768 2576; baseline 0 -6"><span class='ocrx_word' id='word_1_958' title='bbox 2559 2551 2567 2559; x_wconf 82' lang='lat'>⁸</span> <span class='ocrx_word' id='word_1_959' title='bbox 2584 2549 2666 2571; x_wconf 75' lang='lat' dir='ltr'>Genes.</span> <span class='ocrx_word' id='word_1_960' title='bbox 2679 2555 2728 2576; x_wconf 74' lang='lat' dir='ltr'>cap.</span> <span class='ocrx_word' id='word_1_961' title='bbox 2746 2555 2768 2574; x_wconf 80' lang='grc' dir='ltr'>ιι,</span> 
     </span>
     <span class='ocr_line' id='line_1_149' title="bbox 2557 2582 2661 2603; baseline 0 -6"><span class='ocrx_word' id='word_1_962' title='bbox 2557 2582 2616 2598; x_wconf 83' lang='lat' dir='ltr'>vers.</span> <span class='ocrx_word' id='word_1_963' title='bbox 2632 2582 2661 2603; x_wconf 89' lang='lat'>¹7·</span> 
     </span>
    </p>
   </div>
   <div class='ocr_carea' id='block_1_63' title="bbox 2558 2695 2657 2723">
    <p class='ocr_par' dir='ltr' id='par_1_69' title="bbox 2558 2695 2657 2723">
     <span class='ocr_line' id='line_1_150' title="bbox 2558 2695 2657 2723; baseline 0 -7"><span class='ocrx_word' id='word_1_964' title='bbox 2558 2697 2567 2705; x_wconf 75' lang='lat'>⁸</span> <span class='ocrx_word' id='word_1_965' title='bbox 2581 2695 2607 2716; x_wconf 90' lang='lat' dir='ltr'>D.</span> <span class='ocrx_word' id='word_1_966' title='bbox 2624 2696 2657 2723; x_wconf 88' lang='lat'>85.</span> 
     </span>
    </p>
   </div>
  </div>
 </body>
</html>
