2768 4198
77 611 86 619 ·
98 609 144 636 Qu.
153 614 260 636 cunina
247 612 288 631 a-rt

76 642 92 657 1.

69 1892 167 1914 ’otas
155 1893 280 1915 sinwnm

67 1918 150 1940 ‘’Ver
166 1925 204 1941 ..2

68 2321 76 2330 .

92 2320 149 2347 Ξ

175 2437 191 2453 ’.-
165 2326 198 2374 ⁶²?

68 2431 77 2441 .

92 2430 139 2452 ἓ

71 3122 81 3131 ·
96 3120 162 3142 Vere.
178 3127 211 3142 ιο.

323 313 397 349 386

320 391 392 429 dici
422 391 632 440 speculum,
662 390 888 438 inquantum
919 389 1071 424 resultat
1099 387 1151 423 ibi
1180 387 1387 424 similitudo

318 445 487 482 veritatis
508 443 658 481 divinae
678 441 962 491 praescientiae.
993 442 1042 477 Et
1060 448 1217 489 propter
1240 441 1315 477 hoc
1336 440 1389 477 di-

319 498 414 535 citur
440 498 632 546 speculum
669 495 918 539 aeternitatis,
949 494 1056 542 quasi
1097 501 1388 553 repraesentans

317 552 390 588 Dei
418 550 719 600 praescientiam,
750 549 814 596 qui
843 548 882 584 in
911 559 980 584 sua
1008 547 1227 584 aeternitate
1257 547 1389 584 omnia

316 603 615 654 praesentialiter
641 602 758 649 videt,
787 610 829 637 ut
858 600 1001 637 dictum
1032 608 1089 636 est
1106 599 1137 636 ²⁸.

370 660 428 694 An
458 668 593 693 PRlMUM
623 667 722 692 ERGO
743 665 930 691 DICENDUM
961 654 1066 713 quod
1093 654 1304 702 prophetae
1335 652 1388 690 di—

317 719 452 747 cuntur
486 709 670 757 inspicere
708 708 747 744 in
775 707 871 744 libro
910 706 1183 766 praescientiae
1212 706 1303 753 Dei,
1334 707 1388 743 in-

317 771 501 812 quantum
531 775 576 798 ex
598 761 678 810 ipsa
697 761 770 797 Dei
798 760 1050 810 praescientia
1074 761 1229 797 resultat
1247 759 1389 797 veritas

315 817 353 853 in
383 824 551 852 mentem
581 815 807 863 prophetae.

367 872 425 906 AD
451 880 643 906 SECUNDUM
667 880 854 905 DlCENDUM
874 867 980 917 quod
1010 867 1047 904 in
1077 866 1202 915 prima
1229 866 1390 903 veritate
1416 906 1418 914 .

365 982 390 1014 ζ)
411 991 472 1016 quo.
485 997 504 1002 -
522 991 575 1015 qua
594 983 648 1009 PG.

966 309 1235 356 QUAESTIO
1265 308 1475 356 CLXXIII,
1505 310 1803 348 ARTICULUS
1834 311 1864 347 II

1444 387 1581 424 dicitur
1607 389 1729 426 homo
1748 390 1881 426 videre
1901 389 2098 439 propriam
2128 390 2307 437 formam,
2338 402 2415 438 qua
2441 389 2515 426 exi-

1444 441 1515 487 stit,
1545 441 1771 490 inquantum
1799 442 1946 491 primae
1973 443 2140 480 veritatis
2169 443 2376 480 similitudo
2406 443 2517 480 reful-

1444 502 1506 541 get
1525 493 1562 530 in
1579 503 1707 532 mente
1727 496 1907 544 humana,
1930 508 1975 533 ex
1994 509 2072 546 quo
2089 496 2100 520 ῑ
2128 496 2256 533 anima
2275 496 2393 534 habet
2412 496 2518 545 quod

1444 547 1610 596 seipsam
1639 557 1858 596 cognoscat.

1496 602 1555 636 An
1583 611 1745 638 TERTIUM
1773 613 1960 640 mcENDUM
1989 603 2095 652 quod
2125 615 2170 640 ex
2197 604 2272 640 hoc
2299 602 2382 652 ipso
2413 603 2519 651 quod

1443 653 1482 690 in
1511 654 1596 690 Deo
1625 654 1750 691 futura
1789 654 2046 704 contingentia
2083 664 2171 693 sunt
2199 657 2414 694 secundum
2449 655 2518 692 im-

1444 707 1630 743 mobilem
1651 706 1865 755 veritatem,
1886 715 2013 756 potest
2038 709 2261 758 imprimere
2290 709 2411 747 menti
2431 721 2518 758 pro-

1443 761 1582 809 phetae
1616 760 1782 797 similem
1822 761 2103 809 cognitionem,
2139 763 2287 811 absque
2326 776 2372 800 eo
2412 762 2519 810 quod

1444 814 1656 862 prophetae
1685 814 1814 850 Deum
1843 826 1912 863 per
1941 814 2145 852 essentiam
2173 816 2342 855 videant.

993 1062 1329 1095 Commentario.
1352 1061 1607 1094 Cardinalis
1629 1062 1834 1095 Caietam

342 1159 361 1178 N
393 1147 526 1178 articulo
557 1147 663 1187 primo
696 1145 892 1187 quaestionis
924 1144 1384 1185 centesimaeseptuagesimae-

315 1160 461 1228 Itertiae,
487 1191 643 1233 quoniam
666 1191 748 1221 visio
772 1190 831 1221 Dei
856 1190 998 1220 discussa
1021 1189 1119 1220 estin
1143 1189 1251 1219 Primo
1276 1188 1384 1224 Libro,

311 1247 365 1278 qu.
391 1245 448 1273 xn;
474 1244 504 1267 et
528 1237 567 1267 de
589 1236 720 1277 speculo
744 1235 958 1272 aeternitatis,
982 1234 1073 1264 cuius
1101 1233 1203 1264 littera
1231 1233 1387 1269 meminit,

1441 1143 1553 1174 diffuse
1577 1150 1727 1175 tractatur
1750 1144 1783 1174 in
1798 1150 1864 1175 art.
1891 1145 1922 1181 6,
1942 1154 1998 1186 qu.
2021 1155 2064 1175 x11
2087 1144 2128 1176 de
2154 1145 2314 1178 Veritate:
2336 1146 2456 1177 idcirco
2481 1147 2520 1177 ad

1440 1188 1494 1218 illa
1517 1198 1641 1219 recurre
1664 1188 1745 1224 loca,
1762 1188 1787 1218 si
1803 1188 1851 1218 vis
1874 1188 1952 1220 haec
1971 1189 2110 1229 amplius
2130 1189 2286 1222 discutere
2302 1197 2358 1221 aut
2377 1189 2520 1221 discussa

1445 1233 1562 1263 videre.

1089 1370 1412 1414 ARTICULUS
1441 1370 1747 1414 SECUNDUS

471 1469 628 1500 UTRUM
653 1468 696 1498 IN
720 1466 1002 1499 PROPHETICA
1025 1465 1338 1496 REVELATIONE
1362 1465 1670 1496 IMPRIMANTUR
1692 1466 1913 1497 DIVINITUS
1936 1466 2075 1497 MENTI
2099 1466 2364 1498 PROPHETAE

810 1512 962 1543 NOVAE
987 1511 1140 1542 RERUM
1165 1509 1347 1546 SPECOES,
1372 1510 1458 1541 VEL
1482 1509 1631 1541 SOLUM
1654 1510 1813 1542 NOVUM
1837 1511 1989 1542 LUMEN

847 1591 888 1615 De
911 1590 1002 1620 Verit„
1023 1598 1067 1623 qu.
1086 1598 1131 1620 ιιι.
1149 1595 1197 1615 art.
1217 1597 1248 1622 75
1269 1590 1298 1615 In
1321 1590 1427 1618 Isaiam,
1447 1597 1503 1623 cap.
1522 1597 1546 1621 ις
1566 1589 1575 1614 1
1593 1590 1631 1615 ad
1653 1591 1724 1619 Cor„
1742 1597 1798 1623 cap.
1817 1598 1868 1620 x1v,
1887 1590 1946 1616 lect.
1965 1598 1982 1616 1.

341 1687 408 1732 ’'1²³2‘'
424 1690 481 1723 μέ(
460 1694 498 1738 ⁴5<
523 1685 545 1710 D
561 1683 753 1710 SECUNDUM
769 1682 823 1707 stc
838 1681 1082 1706 PROCEDITUR.
1102 1668 1265 1706 Videtur
1280 1668 1413 1717 quod'

335 1715 439 1786 ΨΑ
448 1724 492 1773 ζ”ιῆ
523 1727 561 1763 in
576 1724 801 1775 prophetica
817 1723 1051 1760 revelatione
1065 1735 1145 1759 non
1161 1722 1388 1771 impriman-

326 1759 410 1859 'ss
386 1795 449 1823 *r
448 1755 492 1819 '²6
523 1788 584 1817 tur
603 1778 784 1816 divinitus
805 1777 924 1814 menti
943 1777 1155 1829 prophetae
1182 1788 1310 1812 novae
1330 1787 1388 1811 re-

366 1807 465 1866 κζ’·ῑὲὶῖ)
480 1824 509 1861 χ
524 1845 609 1870 rum
639 1831 797 1881 species,
818 1830 884 1867 sed
916 1821 1042 1866 solum
1063 1841 1211 1866 novum
1239 1829 1385 1865 lumen.

309 1887 410 1935 Quia
439 1885 535 1923 sieut
563 1885 652 1923 dicit
680 1885 806 1932 glossa
825 1884 845 1905 '¹‘
879 1883 1121 1931 Hieronymi,
1151 1884 1274 1919 Amos
1304 1881 1386 1929 1**,

307 1940 520 1990 prophetae
541 1946 698 1975 utuntur
717 1937 1029 1974 similitudinibus
1047 1948 1176 1973 rerum
1191 1935 1230 1972 in
1245 1934 1413 1996 quibus
1412 1930 1413 1957 ³

308 1993 525 2031 conversati
549 1999 648 2029 sunt.
680 1991 758 2029 Sed
778 1991 808 2028 si
827 1990 924 2028 visio
945 1989 1170 2039 prophetica
1189 1989 1299 2026 fieret
1318 2001 1413 2038 per

307 2047 454 2096 aliquas
483 2046 631 2096 species
661 2046 709 2083 de
739 2057 844 2082 novo
874 2045 1100 2093 impressas,
1130 2042 1222 2080 nihil
1251 2054 1386 2102 opera-

307 2109 409 2138 retur
436 2100 488 2138 ibi
517 2100 755 2150 praecedens
785 2098 1037 2136 conversatio.
1074 2098 1178 2146 Ergo
1209 2108 1288 2133 non
1316 2095 1386 2133 irn-

306 2155 524 2204 primuntur
559 2153 710 2202 aliquae
745 2152 892 2202 species
927 2152 974 2189 de
1010 2163 1115 2189 novo
1145 2150 1183 2187 in
1213 2149 1386 2188 animam

306 2208 532 2258 prophetae,
564 2207 632 2244 sed
662 2207 788 2244 solum
817 2205 1087 2255 propheticum
1116 2205 1261 2242 lumen.

312 2316 405 2353 Gen.
436 2316 487 2352 ad
515 2315 579 2352 litt.
599 2314 631 2362 ²¹⁵,
661 2313 760 2350 visio
781 2319 798 2335 ²
827 2313 1050 2362 imaginaria
1076 2325 1155 2350 non
1183 2311 1271 2349 facit
1298 2324 1386 2361 pro-

307 2370 478 2418 phetam,
496 2368 564 2405 sed
585 2368 711 2404 solum
726 2367 824 2404 visio
845 2366 1125 2404 intellectualis:
1146 2366 1249 2403 unde
1272 2365 1386 2402 etiam

308 2424 408 2460 Dan.
429 2435 453 2459 x
471 2421 492 2444 ’³‘
521 2421 657 2459 dicitur
677 2421 782 2469 quod
811 2420 1057 2470 intelligentia
1077 2431 1171 2468 opus
1199 2424 1253 2456 est
1276 2419 1313 2456 in
1333 2418 1387 2456 vi-

307 2477 423 2514 sione.
455 2475 532 2513 Sed
561 2474 660 2512 visio
690 2473 964 2521 intellectualis,
986 2473 1082 2511 sicut
1109 2473 1147 2510 in
1176 2473 1317 2510 eodem
1346 2472 1387 2509 li-

309 2531 379 2567 bro
394 2530 414 2551 '¹‘
435 2529 581 2576 dicitur,
603 2541 682 2565 non
701 2528 744 2565 fit
762 2539 832 2576 per
852 2527 997 2576 aliquas
1022 2526 1297 2574 similitudines,
1319 2526 1387 2564 sed

308 2595 378 2633 per
409 2583 534 2632 ipsam
565 2594 693 2619 rerum
723 2581 938 2618 veritatem.
970 2581 1072 2629 Ergo
1102 2580 1255 2618 videtur
1279 2580 1386 2628 quod
1410 2603 1412 2624 2

308 2636 533 2686 prophetica
571 2634 753 2672 revelatio
783 2647 863 2672 non
891 2635 959 2672 fiat
986 2646 1056 2684 per
1088 2634 1385 2683 impressionem

309 2690 526 2738 aliquarum
555 2688 786 2738 specierum.

364 2745 398 2781 3.
427 2745 664 2790 PRAETEREA,
694 2754 764 2791 per
793 2741 941 2779 donum
969 2740 1194 2790 prophetiae
1225 2741 1387 2790 Spiritus

1410 2798 1412 2845 ἒ
1438 2807 1483 2833 ex
1512 2795 1665 2833 diversa
1694 2795 1936 2834 ordinatione
1975 2796 2189 2834 earundem
2218 2796 2427 2835 litterarum
2457 2810 2519 2836 ac-

1282 2903 1315 2940 E
1437 2849 1628 2898 cipiuntur
1661 2849 1803 2887 diversi
1828 2849 2054 2897 intellectus,
2075 2850 2126 2888 ita
2159 2849 2274 2888 etiarn
2302 2851 2518 2891 secundum

1319 2914 1384 2951 rgo
1411 2948 1412 2955 ἵ

310 2798 471 2835 Sanctus
500 2796 652 2834 exhibet
679 2795 827 2833 homini
857 2795 895 2832 id
915 2796 1021 2843 quod
1051 2803 1107 2832 est
1126 2807 1242 2844 supra
1270 2795 1386 2832 facul-

308 2858 425 2888 tatem
446 2858 602 2888 naturae
623 2848 650 2886 9.
682 2849 759 2887 Sed
779 2850 946 2886 formare
968 2860 1233 2898 quascumque
1257 2861 1384 2886 rerum

310 2904 457 2953 species
485 2911 611 2953 potest
639 2903 759 2940 homo
791 2915 836 2940 ex
865 2903 1041 2940 facultate
1071 2902 1243 2940 naturali.

309 2958 461 2995 videtur
490 2957 596 3006 quod
625 2956 663 2994 in
696 2956 922 3006 prophetica
951 2956 1185 2993 revelatione
1223 2968 1303 2993 non
1330 2956 1386 2993 in-

310 3011 516 3049 fundantur
534 3011 684 3059 aliquae
703 3015 718 3038 Υ
748 3010 895 3059 species
925 3022 1067 3058 rerum,
1088 3009 1157 3047 sed
1186 3010 1312 3047 solum
1333 3010 1386 3047 in-
1411 3014 1412 3028 ³

310 3065 500 3114 telligibile
530 3065 672 3102 lumen.

366 3119 440 3157 Set>
457 3130 605 3156 CONTRA
620 3129 686 3155 EST
702 3117 808 3166 quod
825 3115 961 3154 dicitur
977 3117 1080 3154 Osee
1099 3129 1147 3154 xn
1167 3116 1204 3154 *ε
1225 3117 1312 3167 Ego
1331 3117 1386 3155 vi—

311 3172 433 3210 siones
453 3171 702 3221 multiplicavi
719 3171 783 3217 eis,
804 3176 840 3208 et
857 3171 894 3207 in
915 3171 1091 3208 manibus
1109 3171 1386 3220 prophetarum

313 3225 539 3263 assimilatus
566 3237 662 3262 sum.
694 3223 772 3261 Sed
800 3223 1063 3273 multiplicatio
1083 3223 1278 3261 visionum
1308 3236 1387 3262 non

315 3345 432 3370 mune
452 3332 490 3370 in
510 3332 618 3370 omni
646 3330 869 3381 prophetica
888 3330 1059 3369 visione:
1090 3331 1157 3369 sed
1185 3332 1311 3369 solum
1332 3344 1388 3369 se-

316 3385 484 3422 cundum
515 3385 772 3422 diversitatem
802 3384 1028 3434 specierum,
1049 3385 1263 3422 secundum
1293 3397 1388 3434 quas
1414 3395 1415 3399 ¹

317 3438 429 3475 etiam
458 3447 514 3475 est
542 3438 774 3476 assimilatio.
805 3439 908 3487 Ergo
937 3439 1089 3476 videtur
1109 3439 1214 3487 quod
1235 3438 1273 3476 in
1300 3451 1389 3488 pro-

1412 1670 1591 1720 phetica
1629 1670 1865 1708 revelatione
1900 1670 2170 1720 imprimuntur
2206 1684 2335 1711 novae
2374 1673 2523 1723 species

1412 1735 1583 1774 rerum,
1614 1732 1651 1760 et
1679 1736 1759 1761 non
1788 1725 1915 1761 solum
1945 1724 2177 1785 intelligibile
2205 1726 2348 1764 lumen.

1494 1777 1725 1814 Respommo
1745 1789 1933 1815 mennoum
1953 1779 2072 1828 quod,
2094 1779 2191 1816 sicut
2209 1779 2448 1829 Augustinus
2469 1780 2523 1818 di-

1440 1829 1500 1876 cit,
1526 1830 1597 1866 XII
1626 1842 1741 1879 super
1763 1831 1857 1868 Gen.
1883 1832 1935 1868 ad
1961 1832 2026 1868 litt.
2046 1832 2078 1880 *,
2108 1833 2275 1883 cognitio
2297 1834 2522 1883 prophetica
2546 1842 2558 1853 ⁸

1439 1883 1610 1920 maxime
1637 1884 1690 1920 ad
1715 1890 1878 1920 mentem
1901 1885 2077 1933 pertinet.
2117 1886 2230 1924 Circa
2259 1887 2520 1935 cognitionem

1438 1944 1571 1973 autem
1601 1937 1796 1974 humanae
1816 1937 1956 1974 mentis
1976 1939 2054 1975 duo
2075 1946 2229 1987 oportet
2257 1940 2522 1978 considerare·

1412 1981 1582 2027 scilicet
1617 1990 1900 2040 acceptionem,
1931 1991 2012 2028 sive
2042 1993 2437 2042 repraesentationem
2466 2006 2524 2032 re-

1412 2073 1413 2076 ,
1440 2056 1548 2090 rum;
1579 2051 1616 2080 et
1640 2043 1825 2082 iudicium
1847 2043 1895 2082 de
1925 2046 2040 2083 rebus
2059 2046 2322 2094 praesentatis.
2353 2047 2523 2097 Reprae-

1411 2108 1413 2139 ι
1439 2104 1637 2135 sentantur
1664 2105 1796 2136 autem
1824 2099 1944 2136 menti
1973 2099 2168 2137 humanae
2199 2112 2259 2139 res
2283 2099 2436 2150 aliquae
2465 2113 2522 2139 se-

1439 2151 1611 2189 cundum
1650 2151 1796 2201 aliquas
1834 2152 2004 2202 species:
2045 2160 2082 2190 et
2118 2154 2334 2192 secundum
2364 2161 2522 2193 naturae

1412 2237 1413 2255 1
1439 2205 1630 2253 ordinem,
1660 2205 1785 2254 primo
1805 2202 1819 2227 ὃ
1848 2213 2001 2255 oportet
2030 2207 2136 2256 quod
2165 2207 2314 2257 species
2341 2220 2522 2257 praesen-

363 2274 397 2299 2.
428 2263 665 2307 PRAETEREA,
689 2260 785 2297 sicut
804 2260 1040 2308 Augustinus
1062 2259 1162 2306 dicit,
1183 2259 1253 2295 XII
1274 2270 1388 2307 super
1411 2257 1414 2306 ξ

1437 2267 1565 2296 tentur
1579 2259 1727 2304 sensui;
1758 2259 1943 2307 secundo,
1962 2259 2244 2309 imaginationi;
2273 2261 2398 2310 tertio,
2414 2261 2523 2301 intel-

1437 2312 1550 2350 lectui
1570 2312 1840 2361 possibili,.qui
1855 2312 2081 2351 immutatur
2100 2327 2123 2352 a
2143 2314 2347 2364 speciebus
2361 2315 2523 2365 phanta-

1438 2374 1608 2403 smatum
1627 2365 1844 2404 secundum
1863 2365 2157 2406 illustrationem
2174 2368 2385 2406 intellectus
2405 2381 2523 2418 agen-

1412 2431 1413 2442 *
1437 2419 1495 2457 tis.
1518 2421 1560 2456 In
1580 2419 1854 2467 imaginatione
1870 2427 2001 2457 autem
2021 2433 2101 2458 non
2115 2422 2243 2459 solum
2263 2430 2353 2459 sunt
2372 2422 2522 2461 formae

1438 2485 1566 2510 rerum
1586 2472 1824 2510 sensibilium
1853 2475 2069 2512 secundum
2095 2474 2202 2524 quod
2231 2475 2472 2525 accipiuntur
2499 2489 2522 2515 a

1437 2539 1566 2574 sensu,
1587 2527 1656 2564 sed
1675 2534 1951 2565 transmutatur
1971 2528 2255 2566 diversimodez
2281 2529 2344 2566 vel
2364 2539 2524 2580 propter

1436 2580 1606 2630 aliquam
1622 2581 1981 2619 transmutationem
2002 2582 2254 2631 corporalem,
2271 2582 2368 2620 sicut
2387 2584 2524 2623 accidit

1410 2667 1411 2674 ,
1438 2635 1477 2671 in
1497 2634 1779 2672 dormientibus
1808 2642 1845 2672 et
1874 2634 2043 2682 furiosis;
2072 2636 2136 2673 vel
2166 2635 2280 2673 etiam
2305 2638 2522 2678 secundum

1436 2688 1642 2737 imperium
1663 2687 1818 2726 rationis
1840 2688 2098 2738 disponuntur
2111 2689 2382 2739 phantasmata
2401 2690 2439 2728 in
2459 2703 2521 2730 or-

1438 2741 1526 2779 dine
1556 2743 1604 2779 ad
1633 2742 1672 2780 id
1701 2742 1808 2790 quod
1843 2750 1899 2780 est
1931 2742 2234 2791 intelligendum.
2272 2743 2380 2782 Sicut
2416 2744 2519 2783 enim

1438 2903 1631 2941 diversam
1660 2902 1951 2952 dispositionem
1985 2904 2299 2953 phantasmatum
2337 2906 2521 2944 resultant

1437 2957 1475 2994 in
1504 2957 1695 2994 intellectu
1717 2956 1894 2994 diversae
1913 2957 2060 3006 species
2079 2956 2343 3005 intelligibiles.
2364 2978 2390 2987 -
2419 2959 2518 2999 Iudi-

1438 3010 1539 3048 cium
1569 3018 1700 3048 autem
1729 3011 1924 3048 humanae
1953 3011 2092 3049 mentis
2119 3011 2164 3048 fit
2191 3012 2407 3049 secundum
2435 3012 2517 3051 vim

1411 3091 1412 3098 ,
1438 3064 1701 3102 intellectualis
1729 3064 1894 3102 luminis.

1492 3119 1567 3155 Per
1586 3119 1734 3155 donum
1752 3125 1882 3155 autem
1902 3116 2128 3167 prophetiae
2153 3116 2347 3155 confertur
2374 3118 2516 3168 aliquid

1438 3172 1635 3209 humanae
1664 3171 1782 3208 menti
1818 3183 1934 3221 supra
1961 3170 2000 3209 id
2030 3170 2136 3220 quod
2173 3171 2335 3220 pertinet
2363 3172 2412 3210 ad
2450 3185 2516 3212 na-

1412 3254 1414 3267 .
1439 3225 1603 3262 turalem
1632 3224 1863 3271 facultatem,
1893 3231 2078 3274 quantum
2108 3223 2158 3262 ad
2185 3232 2416 3273 utrumque:
2446 3226 2516 3266 sci-

314 3279 356 3315 fit
385 3279 597 3317 secundum
627 3279 760 3315 lumen
789 3277 1032 3326 intelligibile,
1062 3278 1168 3327 quod
1199 3286 1254 3315 est
1283 3290 1388 3316 com·
1413 3298 1414 3308 κ

1440 3278 1527 3316 licet
1555 3286 1592 3316 et
1620 3285 1809 3327 quantum
1839 3277 1888 3315 ad
1916 3277 2115 3325 iudicium,
2143 3290 2213 3327 per
2241 3278 2432 3317 infiuxum
2459 3279 2516 3318 in-

1441 3331 1663 3369 tellectualis
1692 3330 1868 3376 luminis;
1898 3338 1934 3367 et
1954 3338 2140 3380 quantum
2170 3332 2219 3370 ad
2249 3332 2514 3382 acceptionem

1442 3398 1510 3423 seu
1530 3383 1919 3434 repraesentationem
1941 3397 2082 3432 rerum,
2099 3398 2198 3435 quae
2218 3386 2261 3424 fit
2280 3398 2349 3436 per
2368 3386 2514 3436 aliquas

1443 3438 1601 3488 species.
1641 3438 1690 3475 Et
1718 3445 1904 3486 quantum
1942 3438 1990 3476 ad
2018 3439 2094 3476 hoc
2122 3440 2358 3487 secundum»,
2388 3448 2515 3489 potest

370 3560 397 3591 α)
418 3559 523 3585 νίεἰο.-
541 3560 612 3591 quod
631 3560 697 3585 visio
717 3561 938 3587 ABDEFHIKLa.

371 3593 396 3627 β)
416 3598 539 3620 naturae.
553 3610 569 3614 -
589 3595 719 3620 humanae
739 3597 836 3621 addunt
855 3597 900 3622 Pa.

370 3634 396 3663 γ)
416 3631 596 3664 infundantur
614 3631 727 3664 aliquae.
739 3645 758 3650 -
777 3632 938 3664 infundatur
959 3633 1051 3665 aliqua
1071 3633 1098 3658 Ρ.

1439 3559 1516 3622 ΡΗῙῗ)
1532 3561 1631 3592 primo.
1648 3574 1666 3580 —
1685 3561 1777 3586 Primo
1796 3567 1861 3594 ergo
1880 3561 1926 3586 Pa.
1942 3574 1962 3581 -·
1980 3561 2031 3586 Pro
2046 3565 2263 3594 praesententur,
2278 3565 2514 3596 repraesententur

1509 3603 1534 3622 a.
