2768 4198
1352 307 1517 345 INDEX
2445 318 2490 353 56
2499 329 2511 353 1

338 388 504 409 Alimentus
528 389 546 407 v
563 387 569 393 ‘
588 381 692 409 Utrum
713 382 780 419 gula
801 382 836 410 sit
858 382 958 410 vitium
981 383 1099 420 capitale
1103 406 1227 413 .....
1245 394 1317 424 pag.
1354 396 1407 422 174

421 432 436 447 »
520 429 549 448 vi
592 422 694 449 Utrum
722 422 926 451 convenienter
947 424 1126 461 assignentur
1147 425 1228 462 gulae

621 462 752 499 quinque
773 462 848 491 filiae
863 485 1226 494 .............
1309 477 1323 491 2>
1353 467 1403 503 175

449 536 643 571 QUAEsno
671 536 1301 572 CENTESIMAQUADRAGESIMANONA

558 594 566 602 ‘
738 605 786 634 ne
811 607 1014 637 sobrietate.

340 684 507 704 ARTICULUS
522 685 531 703 1
594 676 697 704 Utrum
735 677 853 705 materia
873 678 991 715 propria
1011 679 1174 708 sobrietatis
1195 680 1231 708 sit

624 723 711 752 potus
747 738 1229 749 .................
1314 731 1328 746 »
1356 730 1408 757 177

423 767 438 782 ι
524 765 542 784 11
592 757 694 785 Utrum
721 757 862 785 sobrietas
890 758 926 786 sit
950 768 1002 795 per
1029 769 1059 787 se
1088 761 1231 797 quaedam

623 796 754 833 specialis
774 797 862 826 virtus
865 820 1230 829 .............
1313 811 1327 826 >v
1356 801 1409 836 178

424 847 439 863 »
524 846 554 864 111
596 837 698 865 Utrum
721 847 789 866 usus
817 838 875 866 vini
903 839 1029 868 totaliter
1053 840 1089 868 sit
1109 840 1328 869 illicitus.»
1357 841 1411 868 180

424 888 439 902 >
525 886 551 904 iv
593 878 697 905 Utrum
727 878 868 907 sobrietas
897 879 987 916 magis
1014 880 1175 917 requiratur
1202 880 1233 908 in

623 917 782 946 maioribus
803 919 935 955 personis
957 941 1232 949 ..........
1314 931 1329 946 ν
1359 922 1406 948 181

503 997 697 1032 QUAEsrio
714 999 1253 1035 CENTES1MAQU1NQUAGESIMA

752 1068 801 1097 ne
823 1053 1020 1098 ebrietates

341 1145 529 1165 AnticuLthi
592 1138 695 1166 Utrum
724 1138 846 1167 ebrietas
867 1139 903 1167 sit
924 1146 1074 1176 peccatum
1077 1162 1234 1169 ......
1317 1152 1332 1167 ›
1361 1142 1414 1169 182
1440 1150 1442 1154 ·

425 1189 439 1203 »
523 1186 543 1206 11
594 1178 698 1206 Utrum
719 1178 842 1207 ebrietas
863 1179 900 1208 sit
920 1186 1072 1216 peccatum
1100 1181 1232 1209 mortale.
1316 1192 1330 1207 x·
1359 1183 1413 1216 184

426 1229 440 1243 >›
524 1227 554 1245 111
596 1219 700 1246 Utrum
729 1218 850 1247 ebrietas
877 1219 913 1247 sit
939 1219 1140 1256 gravissimum
1169 1230 1235 1257 pec·
1441 1234 1443 1247 ;

624 1265 757 1286 catorum
780 1279 1234 1289 ................
1319 1272 1332 1286 »
1361 1262 1414 1289 188

416 1309 441 1332 y
525 1306 553 1325 iv
594 1299 697 1326 Utrum
720 1299 843 1327 ebrietas
864 1306 978 1327 excuset
999 1308 1016 1327 a
1037 1306 1156 1336 peccato
1169 1322 1176 1328 .
1199 1322 1206 1328 .
1228 1322 1235 1329 .
1318 1311 1333 1326 »
1362 1302 1415 1338 189

436 1373 632 1407 QUAESTIO
658 1374 1321 1410 CENTESIMAQUINQUAGESIMAPRIMA

756 1442 806 1472 De
827 1443 1005 1473 castitate.

342 1520 532 1541 urtcumst
556 1520 558 1523 ’
594 1514 698 1541 Utrum
725 1514 839 1542 castitas
861 1514 897 1542 sit
918 1513 1007 1547 virtus
1022 1536 1238 1544 ........
1322 1527 1336 1542 ι
1365 1523 1418 1552 192

427 1564 442 1579 »
526 1561 546 1581 11
598 1554 702 1582 Utrum
723 1553 838 1582 castitas
860 1554 896 1582 sit
917 1553 1006 1582 virtus
1027 1554 1178 1592 generalis.
1201 1577 1208 1584 .
1230 1577 1238 1584 .
1323 1567 1337 1581 »
1364 1557 1416 1592 193

427 1604 442 1620 »
526 1602 556 1621 111
597 1594 702 1622 Utrum
727 1593 843 1622 castitas
864 1593 900 1622 sit
923 1593 1013 1622 virtus
1038 1594 1175 1628 distincta
1202 1596 1239 1624 ab

626 1633 802 1662 abstinentia
810 1655 1237 1664 ...............
1322 1648 1336 1662 w
1365 1646 1419 1673 194
1446 1658 1447 1670 ,

427 1685 442 1700 »
525 1683 555 1702 tv
595 1674 700 1702 Utrum
731 1673 871 1710 pudicitia
901 1674 1044 1711 pertineat
1078 1675 1240 1712 specialiter

627 1715 664 1742 ad
686 1713 847 1742 castitatem
871 1736 1237 1744 .............
1321 1727 1336 1742 ›
1365 1718 1416 1753 195

411 1788 608 1825 QUAES'I'IO
631 1788 1354 1824 CENTESIMAQUINQUAGESIMASECUNDA

744 1856 793 1886 De
813 1857 1024 1892 virginitate.

345 1933 510 1954 1191199993
526 1933 534 1952 1
597 1924 700 1952 Utrum
722 1922 869 1960 virginitas
884 1924 1022 1952 consistat
1035 1925 1066 1953 in
1079 1924 1240 1962 integritate

629 1962 723 1992 carnis
752 1985 1240 1994 .................
1323 1976 1337 1991 ι
1367 1975 1419 2002 197

429 2017 443 2031 »
527 2013 547 2032 11
599 2005 703 2032 Utrum
724 2003 873 2041 virginitas
895 2004 931 2032 sit
951 2004 1050 2033 illicita
1052 2026 1239 2034 .......
1324 2016 1338 2031 »
1363 2013 1420 2034 200

430 2056 444 2071 »
529 2053 559 2073 111
599 2045 703 2072 Utrum
719 2043 866 2081 virginitas
887 2044 923 2072 sit
943 2045 1032 2073 virtus
1054 2067 1240 2074 .......
1324 2057 1338 2071 »
1363 2054 1414 2074 201

427 2097 441 2112 2
528 2094 556 2114 ιν
598 2085 701 2113 Utrum
723 2084 870 2122 virginitas
885 2085 921 2113 sit
936 2085 1122 2114 excellentior
1141 2085 1240 2114 matri-

629 2133 731 2153 momo
752 2146 1239 2155 .................
1325 2137 1338 2152 »
1363 2134 1421 2161 204

430 2177 444 2192 1
527 2174 546 2193 v
596 2166 700 2193 Utrum
722 2164 870 2202 virginitas
890 2165 927 2194 sit
948 2165 1073 2194 maxima
1094 2166 1241 2195 virtutum.
1324 2177 1339 2192 »
1364 2168 1421 2194 206
1447 2195 1448 2202 ¹

427 2239 623 2277 QUAESTIO
653 2239 1339 2275 CENTESIMAQUINQUAGESIMATERTIA

710 2302 760 2331 De
781 2301 868 2331 vitio
888 2301 1057 2331 luxuriae.

347 2376 512 2398 mrtcunus
527 2376 536 2395 1
597 2367 701 2395 Utrum
724 2363 845 2394 materia
865 2365 994 2394 luxuriae
1009 2365 1046 2394 sit
1059 2366 1156 2394 solum
1172 2375 1244 2395 con-

629 2405 822 2443 cupiscentiae
834 2412 862 2434 et
873 2405 1080 2435 delectationes
1093 2415 1243 2435 venereae.
1325 2418 1340 2433 »
1364 2415 1422 2444 207

430 2460 444 2474 11
528 2456 550 2475 11
602 2447 706 2475 Utrum
736 2446 842 2483 aliquis
871 2452 953 2474 actus
983 2455 1123 2475 venereus
1151 2446 1244 2484 possit

629 2496 693 2515 esse
713 2486 776 2514 sine
797 2493 917 2523 peccato
934 2507 1242 2516 ...........
1326 2499 1341 2513 »
1365 2488 1422 2515 208

429 2539 444 2554 ›
529 2537 560 2556 111
602 2528 705 2556 Utrum
728 2526 839 2555 luxuria
861 2535 936 2563 quae
951 2534 992 2554 est
1007 2526 1083 2555 circa
1097 2533 1178 2555 actus
1192 2536 1241 2555 ve-

628 2575 734 2595 nereos
755 2566 847 2603 possit
867 2575 931 2594 esse
951 2573 1102 2603 peccatum
1116 2588 1244 2596 .....
1325 2578 1340 2593 »
1366 2574 1423 2603 209

432 2620 446 2634 »
530 2616 559 2635 rv
600 2608 704 2636 Utrum
724 2606 839 2634 luxuria
859 2606 896 2634 sit
916 2606 1018 2634 vitium
1039 2606 1160 2644 capitale
1176 2628 1182 2635 .
1205 2628 1212 2635 .
1235 2628 1242 2635 .
1326 2618 1341 2633 ι
1365 2615 1424 2635 210

431 2660 445 2675 »
529 2656 547 2675 v
597 2648 703 2676 Utrum
724 2645 932 2675 convenienter
956 2645 1140 2684 assignentur
1167 2646 1244 2674 filiae

630 2687 760 2715 luxuriae
782 2707 1243 2716 ................
1326 2698 1341 2713 ›
1365 2695 1418 2715 211

422 2767 618 2803 QUAESTIO
645 2767 1348 2803 CENTESIMAQUlNQUAGESIMAQUARTA

663 2829 713 2858 De
735 2827 920 2865 speciebus
940 2827 1110 2858 luxuriae.

349 2910 538 2933 ARTICULUSI
601 2901 704 2928 Utrum
736 2898 942 2927 convenienter
983 2898 1167 2936 assignentur
1195 2908 1243 2927 sex

630 2939 740 2977 species
760 2939 899 2967 luxuriae.
929 2960 1239 2968 ...........
1322 2951 1338 2966 ι
1363 2940 1419 2968 213

431 2994 446 3009 ›
530 2989 551 3009 11
598 2981 703 3008 Utrum
725 2978 878 3007 fornicatio
893 2978 1014 3016 simplex
1035 2978 1071 3007 sit
1091 2986 1242 3016 peccatum

633 3019 756 3048 mortale
759 3040 1242 3048 .................
1328 3031 1342 3046 x·
1366 3021 1423 3048 218

432 3074 448 3089 2
531 3070 562 3089 111
602 3061 706 3088 Utrum
730 3058 882 3088 fornicatio
904 3058 940 3087 sit
953 3058 1156 3096 gravissimum
1178 3068 1244 3096 pec-

634 3107 731 3129 catum
754 3120 1244 3128 .................
1327 3111 1342 3126 »
1366 3100 1422 3127 223

434 3153 453 3171 ιΔ
476 3167 480 3170 ,
534 3150 564 3170 1v
605 3141 710 3169 Utrum
731 3140 761 3168 in
781 3139 906 3168 tactibus
927 3146 956 3167 et
976 3139 1083 3168 osculis
1106 3138 1246 3168 consistat

448 3174 450 3176 V
476 3174 502 3189 '¹’
635 3187 786 3218 peccatum
811 3179 935 3207 mortale
937 3200 1243 3208 ...........
1325 3190 1341 3205 ι
1365 3181 1420 3207 225

436 3231 452 3246 ›
533 3228 553 3247 v
603 3221 708 3250 Utrum
723 3227 868 3249 nocturna
882 3219 1005 3256 pollutio
1026 3218 1062 3248 sit
1083 3225 1244 3256 peccatum.
1326 3230 1342 3244 ι
1367 3227 1424 3255 229

435 3271 451 3286 2
534 3267 564 3287 Vt
604 3261 708 3289 Utrum
731 3268 863 3297 stuprum
885 3261 988 3288 debeat
1009 3259 1079 3296 poni
1100 3268 1159 3287 una
1179 3268 1246 3295 spe·

634 3299 702 3329 cies-
715 3301 844 3330 luxuriae
848 3319 1243 3328 ..............
1326 3309 1341 3325 ›
1366 3299 1418 3326 231
1450 3305 1452 3310 ·

436 3351 451 3366 ι
535 3348 576 3368 vu
605 3339 711 3369 Utrum
729 3347 830 3377 raptus
850 3340 886 3368 sit
907 3339 1016 3376 species
1037 3339 1166 3368 luxuriae
1187 3338 1245 3367 dis-

637 3385 766 3415 linma
784 3393 886 3423 stupro
908 3406 1245 3415 ............
1329 3395 1343 3411 ι
1368 3385 1425 3419 234
1450 3365 1452 3378 ⁴

437 3437 453 3452 ι
535 3433 589 3454 vm
608 3425 712 3454 Utrum
733 3425 906 3455 adulterium
921 3426 957 3454 sit
971 3425 1161 3454 determinata
1181 3434 1246 3461 spe-

636 3464 696 3494 cies
722 3464 854 3494 lunam
871 3467 909 3495 ah
929 3466 994 3494 aliis
1014 3465 1186 3494 distincta..
1209 3486 1216 3494 .
1238 3486 1245 3493 .
1327 3475 1342 3491 ι
1367 3465 1423 3492 236

438 3517 454 3532 ›
538 3513 568 3532 tx
608 3506 713 3533 Utrum
733 3504 917 3549 incestussit
920 3506 1036 3564 species
1058 3505 1247 3534 determinata

598 3571 602 3574 .
637 3543 775 3573 luximae
782 3564 950 3574 .......
929 3549 978 3574 21
995 3566 1244 3574 .........
1328 3555 1342 3570 »
1367 3545 1423 3580 237
1451 3565 1453 3568 ⁴

438 3596 454 3611 ›
538 3594 557 3614 x
608 3585 712 3613 Utrum
733 3583 915 3622 sacrilegium
942 3593 1036 3643 poam
1045 3595 1118 3614 esse
1138 3585 1246 3622 species

616 3622 809 3653 ,1111911909Δ
816 3643 1245 3654 ...............
1330 3636 1343 3649 »
1367 3631 1424 3659 242

439 3674 455 3690 ι
539 3670 587 3693 xi
605 3665 733 3693 10111911
740 3663 846 3692 ,01119111
860 3670 964 3692 contra
977 3666 1110 3715 murram
1124 3665 1161 3693 sit
1181 3674 1246 3702 spe-

633 3703 695 3733 cies
719 3703 873 3733 luxuriae..
881 3724 1246 3734 .............
1329 3715 1344 3730 ›
1369 3704 1423 3739 243
1452 3715 1453 3718 ¹

502 3762 614 3784 Sui-»ma
632 3761 735 3786 Timor..
751 3761 781 3786 D.
801 3760 916 3785 Tuomst:
936 3761 968 3786 T.
983 3761 1037 3786 Vll.

1460 394 1622 414 Auricums
1638 395 1678 415 xn
1707 388 1809 416 Utrum
1832 389 1932 416 vitium
1954 396 2054 418 contra
2071 397 2203 419 naturam
2225 391 2260 419 sit
2281 401 2341 420 ma-

1739 428 1847 456 ximum
1879 436 2027 465 peccatum
2060 430 2133 458 inter
2162 431 2271 467 species
2300 432 2343 459 lu-

1739 477 1835 496 1191199
1837 489 2337 500 ..................
2356 481 2426 510 pag.
2463 480 2518 509 247

1542 553 1736 587 QUAESTIO
1761 553 2441 592 CENTESIMAQUINQUAGESIMAQUINTA

1849 622 1897 652 De
1921 624 2141 653 continentia.

1463 700 1650 720 1911991931
1711 694 1814 721 Utrum
1835 694 2012 723 continentia
2032 696 2068 723 sit
2088 696 2175 724 virtus
2190 718 2344 726 ......
2426 709 2441 724 2
2465 699 2520 726 253

1544 743 1559 758 »
1644 742 1663 760 11
1711 734 1814 761 Utrum
1836 735 1955 762 materia
1982 736 2176 764 continentiae
2196 737 2253 765 sint
2275 746 2346 766 con-

1742 773 1934 810 cupiscentiae
1956 775 2179 805 delectationum
2199 783 2290 805 tactus
2308 799 2315 805 .
2338 799 2345 805 .
2426 789 2442 804 ›
2466 779 2524 812 254

1545 823 1560 839 t
1644 821 1675 840 111
1716 814 1819 841 Utrum
1847 814 2006 842 subiectum
2035 816 2227 844 continentiae
2248 817 2284 845 sit
2303 817 2345 845 vis

1743 853 1974 890 concupiscibilis
1983 875 2344 885 .............
2427 868 2442 883 ²
2466 858 2523 885 256

1546 903 1560 918 »
1643 901 1672 920 tv
1714 893 1816 921 Utrum
1828 894 2004 923 continentia
2015 895 2052 923 sit
2061 897 2163 924 melior
2177 906 2264 933 quam
2274 903 2346 925 tem-

1745 934 1875 969 perantia
1896 956 2346 965 ................
2427 947 2443 963 »
2467 937 2524 965 258

1561 1009 1753 1044 QUAESTIO
1775 1011 2433 1047 CENTESIMAQUINQUAGESIMASEXTA

1840 1085 1888 1114 De
1902 1085 2158 1116 incontinentia.

1466 1161 1632 1182 AntictJLus
1647 1163 1657 1181 1
1718 1155 1821 1182 Utrum
1842 1155 2050 1185 incontinentia
2069 1158 2211 1194 pertineat
2230 1160 2268 1187 ad
2288 1159 2350 1187 ani—

1749 1203 1837 1230 marn⁷
1858 1205 1896 1223 an
1910 1197 1947 1224 ad
1968 1205 2073 1242 corpus
2076 1219 2348 1227 ..........
2430 1211 2445 1226 9
2469 1201 2526 1237 259

1550 1244 1565 1259 9
1649 1243 1669 1261 11
1716 1235 1819 1262 Utrum
1849 1235 2057 1265 incontinentia
2076 1238 2112 1265 sit
2132 1245 2292 1274 peccatum.
2315 1261 2322 1267 .
2345 1261 2351 1267 .
2433 1251 2447 1266 ι
2472 1241 2528 1268 260

1552 1285 1566 1300 >
1649 1283 1680 1302 111
1720 1275 1823 1303 Utrum
1851 1275 2034 1305 incontinens
2054 1278 2118 1314 plus
2139 1286 2237 1315 peccet
2264 1288 2352 1316 quam

1749 1315 1954 1361 intemperatus
1957 1338 2350 1348 ..............
2435 1332 2448 1346 :o
2472 1321 2528 1348 262

1554 1364 1568 1379 »
1651 1363 1679 1381 iv
1721 1355 1843 1383 Utrum
1838 1357 2021 1384 incontinens
2035 1357 2092 1385 irae
2114 1358 2150 1386 sit
2169 1359 2250 1395 peior
2265 1369 2352 1396 quam

1750 1394 1933 1424 incontinens
1954 1397 2203 1434 concupiscentiae
2225 1419 2353 1429 .....
2435 1411 2449 1425 ²
2473 1400 2532 1434 264

1544 1466 1737 1500 QUAESTIO
1764 1467 2463 1506 CENTESIMAQUINQUAGESIMASEPTIMA

1702 1535 1751 1563 De
1780 1536 1960 1566 clementia
1981 1539 2017 1566 et
2037 1539 2309 1569 mansuetudine.

1472 1614 1638 1634 Anrtcums
1652 1615 1662 1634 1
1722 1607 1827 1635 Utrum
1852 1607 2004 1637 clementia
2026 1615 2055 1637 et
2081 1612 2274 1640 mansuetudo
2302 1612 2358 1640 sint

1753 1647 1868 1684 penitus
1895 1648 1972 1677 idem
1994 1670 2357 1681 .............
2441 1665 2455 1680 1
2478 1656 2534 1682 266

1555 1697 1569 1712 z
1653 1695 1673 1714 11
1721 1687 1825 1715 Utrum
1853 1695 1912 1716 tam
1937 1689 2089 1718 clementia
2113 1700 2201 1727 quam
2223 1701 2358 1721 mansue-

1752 1729 1824 1756 tudo
1846 1728 1882 1756 sit
1902 1729 1991 1758 virtus
1994 1751 2358 1762 .............
2439 1745 2454 1760 »
2478 1735 2534 1771 267

1555 1777 1569 1792 2
1653 1775 1684 1794 111
1725 1768 1828 1796 Utrum
1859 1769 2012 1798 clementia
2033 1777 2060 1798 et
2081 1756 2273 1800 mansuetudo
2301 1773 2358 1801 sint

1753 1815 1847 1844 partes
1862 1810 2068 1846 temperantiae
2084 1833 2355 1842 ..........
2438 1825 2453 1840 »
2477 1815 2533 1851 269

1555 1858 1570 1873 ι
1654 1856 1682 1875 iv
1724 1849 1828 1877 Utrum
1855 1849 2007 1878 clementia
2027 1857 2055 1878 et
2081 1849 2272 1880 mansuetudo
2302 1853 2360 1882 sint

1753 1888 1922 1925 potissimae
1943 1890 2059 1918 virtutes
2081 1913 2356 1922 ..........
2440 1905 2454 1920 ι·
2478 1902 2535 1930 270

1555 1971 1709 2005 QUAEST
1710 1971 1749 1998 10
1764 1971 2457 2008 CENTESlMAQUINQUAGESIMAOCTAVA

1873 2041 1922 2069 De
1952 2041 2139 2072 iracundia.

1474 2125 1665 2146 ARTICULUSl
1726 2118 1830 2146 Utrum
1851 2118 1933 2147 irasci
1953 2120 2044 2156 possit
2071 2129 2133 2149 esse
2153 2121 2272 2150 licitum.
2293 2144 2300 2150 .
2323 2144 2330 2152 .
2353 2144 2359 2150 .
2442 2134 2457 2149 1
2481 2131 2536 2160 272

1556 2169 1570 2184 »
1655 2166 1675 2186 11
1722 2158 1826 2186 Utrum
1847 2158 1890 2187 ira
1910 2159 1946 2187 sit
1966 2167 2117 2196 peccatum
2146 2183 2358 2191 ........
2441 2174 2455 2189 ›
2480 2164 2555 2200 273·

1556 2209 1571 2224 »
1654 2205 1685 2226 111
1726 2199 1829 2226 Utrum
1847 2199 1943 2227 omnis
1957 2199 1999 2228 ira
2013 2201 2048 2228 sit
2067 2208 2216 2237 peccatum
2231 2203 2360 2231 mortale.
2442 2214 2457 2229 ι
2482 2211 2539 2240 274

1556 2250 1571 2265 a
1654 2247 1683 2266 1v
1724 2239 1827 2267 Utrum
1853 2239 1895 2267 ira
1922 2240 1958 2268 sit
1977 2241 2179 2277 gravissimum
2199 2249 2358 2279 peccatum.
2442 2254 2456 2269 ›
2480 2245 2538 2280 276

1557 2290 1571 2305 ι
1654 2287 1673 2306 v
1722 2279 1825 2307 Utrum
1846 2280 1955 2316 species
1969 2279 2134 2309 iracundiae
2155 2283 2360 2311 convenienter

1756 2319 1984 2349 determinentur
2003 2330 2021 2349 a
2051 2321 2241 2359 philosopho.
2263 2345 2270 2351 .
2293 2345 2301 2351 .
2443 2334 2458 2349 ι
2482 2331 2539 2360 279

1559 2370 1573 2385 »
1655 2367 1685 2386 ν1
1726 2360 1829 2387 Utrum
1850 2359 1892 2388 ira
1913 2361 2016 2389 debeat
2043 2362 2114 2397 poni
2135 2362 2208 2390 inter
2230 2363 2297 2391 vitia
2317 2372 2362 2392 ca-

1756 2399 1856 2436 pitalia
1878 2422 2361 2431 .................
2443 2413 2459 2428 »
2483 2404 2534 2432 281

1560 2451 1574 2465 »
1657 2448 1696 2467 vu
1728 2440 1831 2468 Utrum
1866 2440 2071 2470 convenienter
2105 2442 2286 2480 assignentur
2315 2452 2363 2471 sex

1758 2479 1833 2508 filiae
1855 2480 1914 2509 irae
1936 2502 2362 2511 ...............
2445 2494 2460 2509 t
2484 2483 2540 2510 282

1558 2531 1574 2546 ι
1656 2528 1710 2548 vm
1731 2520 1835 2548 Utrum
1861 2520 1896 2548 sit
1923 2520 2044 2558 aliquod
2071 2521 2171 2550 vitium
2193 2522 2360 2559 oppositum

1756 2560 1931 2596 iracundiae,
1942 2561 2115 2597 proveniens
2126 2571 2160 2590 ex
2171 2562 2301 2590 defectu
2293 2572 2361 2590 lrae.
2443 2572 2458 2588 »
2482 2563 2540 2597 284

1578 2642 1771 2677 QUAESTIO
1796 2641 2440 2677 CENTESIMAQUINQUAGESIMANONA

1867 2709 1916 2738 De
1937 2708 2150 2739 crudelitate.

1476 2792 1640 2812 ARTtCULUS
1656 2791 1665 2810 1
1725 2782 1828 2810 Utrum
1840 2781 1992 2810 crudelitas
2004 2789 2169 2818 opponatur
2183 2782 2361 2810 clementiae.
2442 2793 2457 2808 »
2480 2783 2536 2810 285

1558 2835 1574 2850 ι
1657 2831 1677 2850 11
1728 2823 1831 2850 Utrum
1856 2822 2008 2850 crudelitas
2029 2831 2045 2850 a
2066 2821 2183 2850 saevitia
2210 2822 2268 2850 sive
2295 2822 2359 2850 feri-

1757 2869 1814 2891 tate
1835 2862 1947 2891 differat
1970 2883 2359 2890 ..............
2441 2873 2456 2888 »
2481 2863 2536 2890 286

1671 2943 1865 2979 QUAESTIO
1887 2943 2346 2971 CENTESIMASEXAGESIMA

1880 3011 1930 3040 De
1950 3010 2133 3040 modestia.

1478 3093 1641 3113 ARTICULUS
1656 3092 1665 3111 1
1726 3083 1829 3111 Utrum
1851 3082 1993 3110 modestia
2013 3081 2049 3109 sit
2062 3091 2128 3118 pars
2145 3081 2359 3118 temperantiae.
2441 3093 2455 3107 ›
2479 3081 2536 3118 289

1558 3134 1574 3150 ›
1658 3133 1677 3151 11
1728 3123 1831 3151 Utrum
1853 3122 1995 3150 modestia
2015 3122 2051 3149 sit
2071 3122 2165 3150 solum
2186 3121 2261 3150 circa
2281 3128 2357 3150 exte-

1757 3162 1848 3190 riores
1869 3161 1995 3190 actiones
1999 3183 2359 3190 .............
2443 3173 2456 3187 »
2480 3169 2537 3198 290

1609 3242 1802 3278 QUAESTlo
1832 3242 2407 3270 CENTESIMASEXAGESIMAPRIMA

1876 3308 1926 3337 De
1939 3307 2140 3338 humilitate.

1478 3391 1665 3412 ARTICULusx
1726 3382 1829 3409 Utrum
1850 3380 1996 3409 humilitas
2017 3381 2052 3408 sit
2072 3381 2160 3408 virtus
2176 3403 2358 3409 .......
2440 3392 2456 3408 ›
2479 3389 2536 3418 292

1559 3434 1574 3449 »
1656 3431 1676 3450 11
1728 3422 1830 3450 Utrum
1852 3420 1998 3449 humilitas
2018 3420 2155 3449 consistat
2175 3420 2248 3449 circa
2272 3430 2360 3458 appe-

1755 3461 1839 3489 titum
1849 3482 2357 3489 ..................
2442 3472 2455 3486 »
2480 3461 2534 3496 ²95

1559 3514 1574 3529 ι
1658 3511 1689 3529 111
1730 3502 1833 3530 Utrum
1861 3501 1951 3529 homo
1978 3500 2081 3528 debeat
2101 3509 2132 3528 se
2152 3500 2290 3529 omnibus
2308 3510 2360 3537 per

1755 3539 1945 3569 humilitatem
1963 3540 2101 3568 subiicere
2117 3562 2359 3569 .........
2441 3550 2456 3566 ι
2479 3547 2534 3574 297

1561 3594 1576 3609 ›
1659 3589 1688 3609 tv
1729 3582 1832 3610 Utrum
1847 3580 1993 3608 humilitas
2003 3580 2039 3608 sit
2050 3589 2116 3616 pars
2137 3580 2296 3608 modestiae
2315 3580 2359 3607 vel

1756 3620 1964 3657 temperantiae
1967 3640 2357 3649 ..............
2439 3628 2453 3643 2
2477 3624 2533 3653 299

1560 3673 1575 3689 ›
1658 3670 1675 3688 v
1727 3661 1831 3689 Utrum
1871 3660 2016 3688 humilitas
2051 3659 2087 3688 sit
2120 3659 2270 3696 potissima
2303 3658 2358 3685 vir-

1757 3707 1851 3729 tutum
1880 3718 2356 3729 .................
2439 3707 2453 3721 ι
2479 3696 2533 3723 300
