2768 4198
64 1577 74 1587 ⁰
81 1577 118 1598 Ad
124 1584 138 1603 4
146 1584 151 1602 ;
162 1577 191 1598 cf.
198 1580 246 1598 not.
253 1578 273 1602 θ.

311 318 390 353 420
654 278 659 284 ’
940 301 1207 349 QUAEsT1o
1239 300 1486 347 CLxxv111,
1516 301 1814 339 AR‘ricuLUs
1845 303 1876 338 11

313 387 506 424 baculum.
537 387 586 422 Et
613 386 687 422 hoc
708 385 826 420 modo
847 384 953 419 Deus
975 388 1155 429 operatur
1173 391 1243 428 per
1262 379 1381 416 fidem

313 440 480 478 hominis
509 438 717 488 peccatoris
746 434 1093 473 instrumentaliter.

366 496 426 530 An
459 504 619 530 TERTIUM
648 501 832 529 DiCENDUM
867 487 973 535 quod
1006 487 1189 523 miracula
1228 497 1384 534 semper

313 555 400 584 sunt
426 559 518 583 vera
553 544 768 582 testimonia
804 542 884 577 eius
922 541 969 577 ad
1000 540 1105 587 quod
1135 539 1381 576 inducuntur.

313 600 424 638 Unde
457 612 478 636 a
513 598 620 635 malis
658 596 721 645 qui
756 596 889 631 falsam
919 594 1132 631 doctrinam
1171 593 1381 639 enuntiant,

312 665 509 701 nunquam
539 652 635 687 fiunt
659 661 750 686 vera
771 648 954 684 miracula
975 648 1023 683 ad
1044 646 1381 684 confirmationem
1410 686 1412 688 ,

311 719 402 743 suae
423 704 637 742 doctrinae:
667 701 845 751 quamvis
875 701 1110 749 quandoque
1130 699 1214 736 fieri
1233 699 1383 748 possint

311 761 359 796 ad
389 756 766 795 commendationem
801 754 968 791 nominis
1000 754 1157 800 Christi,
1188 753 1294 802 quod
1329 753 1383 790 in-
1410 781 1412 796 :

309 819 460 858 vocant,
492 818 527 847 et
555 810 691 847 virtute
712 816 1042 846 sacramentorum
1069 819 1168 856 quae
1190 806 1380 843 exhibent.

309 867 368 902 Ab
407 865 464 901 his
499 872 625 900 autem
661 863 726 911 qui
754 874 888 899 veram
921 862 1135 899 doctrinam
1172 860 1386 908 enuntiant‚.

308 920 404 955 fiunt
441 918 673 966 quandoque
701 929 794 953 vera
817 915 1007 953 miracula
1043 915 1093 952 ad
1123 914 1383 951 confirmatio-

308 984 396 1008 nem
441 971 653 1017 doctrinae‚
694 982 772 1007 non
812 977 941 1006 autem
980 969 1029 1006 ad
1073 968 1381 1006 testificationem

358 1111 381 1143 θ)
401 1112 446 1136 Ad
471 1114 597 1143 quartum
623 1110 764 1135 dicendum
791 1109 870 1142 quod.
883 1124 902 1129 -
919 1110 964 1135 Ad
988 1114 1115 1143 quartum
1135 1111 1278 1136 dicendum
1297 1111 1378 1144 quod,

303 1149 372 1174 sicut
390 1147 557 1181 Augustinus
576 1146 644 1171 dicit
662 1147 688 1171 in
708 1147 776 1171 libro
794 1147 940 1180 Octoginta
960 1147 1042 1172 trium
1066 1147 1268 1178 Quaestionum,
1287 1147 1381 1172 admo-

304 1188 348 1210 net
367 1191 414 1209 nos
428 1184 487 1215 (nos
505 1191 559 1209 om.
572 1183 674 1214 ABDF)
691 1183 825 1208 Dominus
845 1186 875 1207 ut
893 1183 1075 1217 intelligamus
1094 1184 1227 1216 quaedam
1247 1184 1380 1209 miracula

1440 379 1656 417 sanctitatis.
1686 381 1798 418 Unde
1827 382 2062 430 Augustinus
2092 382 2192 430 dicit,
2222 382 2260 419 in
2284 382 2381 419 libro
2408 383 2515 420 Octo-

1438 433 1546 482 ginta
1575 434 1688 470 trium
1721 434 1872 476 Quaest.
1893 435 1936 472 ³⁸:
1973 436 2096 473 Aliter
2128 437 2239 486 magi
2258 437 2418 484 faciunt
2445 437 2514 473 mi-

1439 486 1585 532 racula,
1609 486 1725 523 ‘aliter
1752 489 1843 525 boni
1873 489 2097 536 Christiani,
2127 490 2237 527 aliter
2264 490 2377 527 mali:
2407 491 2517 540 magi

1411 549 1412 566 ὲ
1432 551 1507 587 per
1537 539 1709 587 privatos
1746 547 1959 579 contractus
1995 555 2081 581 cum
2124 543 2391 590 daemonibus,
2425 544 2517 581 boni

1410 603 1412 644 ᾗ
1444 593 1649 629 Christiani
1668 605 1743 641 per
1761 595 1956 642 publicam
1983 597 2174 644 iustitiam,
2195 593 2290 634 mali
2311 597 2516 635 Christiani

1431 658 1505 694 per
1532 647 1644 696 signa
1667 647 1846 695 publicae
1873 649 2042 688 iustitiae.

1491 701 1551 736 AD
1576 711 1751 742 QUARTUM
1779 713 1966 740 monimum
1986 704 2092 752 quod
2106 702 2132 751 ⁰,
2163 704 2258 741 sicut
2277 703 2512 752 Augustinus

1438 753 1583 790 ibidem
1602 753 1623 775 '¹‘
1652 753 1751 801 dicit,
1772 755 1855 792 ideo
1875 767 1950 792 non
1971 758 2145 795 omnibus
2163 758 2301 795 sanctis
2320 758 2389 794 ista
2409 758 2512 794 attri-

1437 808 1615 853 buuntur,
1637 819 1684 843 ne
1707 809 2025 855 perniciosissimo
2045 823 2177 848 errore
2204 811 2440 860 decipiantur
2457 812 2512 848 in-

1426 861 1556 908 firmi,
1586 861 1825 899 aestimantes
1853 862 1890 899 in
1919 863 2055 901 talibus
2074 865 2196 912 sactis
2214 870 2222 886 ‘
2251 877 2330 902 esse
2361 866 2512 902 maiora

1410 942 1412 961 ,
1436 914 1537 950 dona
1566 926 1681 962 quam
1711 915 1748 951 in
1778 916 1954 964 operibus
1982 918 2153 964 iustitiae,
2183 919 2316 967 quibus
2344 919 2421 955 vita
2449 931 2511 955 ae-

1437 973 1545 1004 terna
1573 974 1832 1016 comparatur.

1406 1110 1408 1124 ⁴
1435 1110 1558 1143 quintum
1583 1110 1660 1144 (ergo
1679 1111 1749 1136 addit
1767 1111 1801 1144 K)
1822 1111 1964 1136 dicendum
1991 1112 2063 1143 quod
2082 1111 2120 1137 Pa
2139 1117 2165 1137 et
2183 1112 2300 1143 codices;
2323 1113 2387 1139 item
2410 1114 2512 1147 aliquae

1435 1145 1572 1215 editit‹)›r·1fease
1572 1151 1697 1208 ‘ej-cepta
1698 1147 2214 1217 nffgdcffissmffgxffffgtcttzmdioendum
2232 1149 2306 1181 quod
2324 1149 2414 1182 legunt
2429 1149 2474 1175 Et.

302 1221 383 1245 etiam
402 1220 544 1245 sceleratos
563 1219 683 1244 homines
693 1220 797 1252 facere,
812 1219 904 1252 qualia
919 1220 1008 1245 sancti·
1018 1221 1115 1253 facere
1128 1228 1180 1246 non
1193 1225 1318 1253 possunt.
1337 1221 1381 1246 Aa
1407 1227 1409 1255 ξ

987 1309 1325 1343 Commentaria.
1347 1311 1604 1345 cardinalis
1625 1294 1831 1346 Caietan}

306 1410 352 1472 IN
383 1398 515 1429 articulo
548 1399 689 1430 secundo
723 1398 865 1429 eiusdem
898 1399 1111 1440 quaestionis,
1137 1400 1204 1430 duo
1237 1401 1376 1432 notanda
1403 1401 1405 1441 Ι
1433 1403 1585 1434 iustitiae.
1616 1403 1658 1434 Et
1681 1403 1744 1434 hoc
1767 1410 1879 1435 contra
1901 1404 2057 1445 vulgares,
2082 1411 2114 1436 et
2137 1414 2346 1436 communem
2369 1412 2510 1436 errorem

334 1450 417 1474 sunt.
442 1443 597 1480 Primum,
616 1453 653 1474 ex
677 1443 887 1484 responsione
911 1444 951 1474 ad
975 1444 1120 1475 tertium:
1146 1444 1264 1476 scilicet
1287 1446 1377 1487 quod

302 1498 465 1528 nunquam
485 1489 579 1530 fiunt
603 1498 680 1519 vera
710 1488 871 1519 miracula
895 1489 940 1520 ad
962 1489 1239 1531 confirmationem
1263 1490 1378 1532 falsae

300 1534 477 1564 doctrinae.

356 1577 551 1614 Secundum,
569 1588 606 1609 ex
622 1578 831 1618 responsione
850 1579 890 1609 ad
906 1578 1058 1620 quintum
1074 1579 1100 1616 *,
1126 1580 1165 1610 ab
1182 1579 1376 1619 Augustino,

300 1623 388 1664 quod
406 1623 705 1663 perniciosissimus
728 1629 776 1654 est
798 1634 894 1655 error
916 1625 1157 1655 aestimantium
1182 1625 1214 1655 in
1239 1625 1378 1656 miracu-
1404 1659 1405 1662 Ἰ

1403 1670 1405 1698 4

300 1668 377 1698 losis
405 1667 554 1708 operibus
584 1669 710 1699 maiora
739 1678 808 1700 esse
835 1669 922 1700 dona
950 1669 1014 1699 Dei
1040 1679 1137 1709 quam
1167 1670 1199 1700 in
1228 1670 1378 1710 operibus

1403 1447 1405 1494 l
1431 1446 1565 1477 humani
1598 1448 1738 1487 generis,
1772 1448 1957 1488 putantium
1993 1448 2140 1480 homines
2173 1450 2327 1481 miracula
2359 1450 2510 1483 facientes

1433 1498 1559 1523 sanctos
1592 1499 1623 1523 et
1655 1493 1901 1534 quodammodo
1937 1494 2033 1531 deos;
2070 1494 2231 1535 simplices
2265 1502 2374 1527 autem
2405 1495 2509 1527 iustos

1433 1536 1524 1577 quasi
1549 1547 1607 1577 pro
1632 1537 1732 1568 nihilo
1756 1538 1918 1570 habentes,
1942 1539 2067 1570 Totum
2091 1539 2178 1570 enim
2201 1539 2390 1581 oppositum
2415 1539 2509 1572 debe-

1433 1587 1481 1611 ret
1503 1581 1674 1621 aestimari,
1699 1582 1780 1614 sicut
1803 1583 1835 1613 in
1859 1583 1988 1614 veritate
2013 1590 2068 1615 est.

1489 1625 1530 1656 Et
1554 1625 1632 1657 haec
1656 1627 1694 1657 de
1718 1627 1825 1667 gratiis
1848 1628 1944 1668 gratis
1967 1628 2058 1659 datis.

2541 444 2552 455 ⁸
2567 444 2615 472 Qu.
2629 451 2708 467 mix.

2539 763 2550 775 ³
2565 763 2621 786 Loc.
2637 771 2704 793 prox.
2714 765 2753 788 cit.
