2768 4198
59 407 68 416 ⁰
84 405 151 427 Vers.
167 405 189 426 8.

56 612 70 625 ⁸
82 613 134 634 Art.
149 618 165 633 ι.

62 1784 89 1804 lll
131 1785 150 1796 “’
171 1786 206 1804 ’,Ἀ

53 1810 76 1830 ,9
108 1826 110 1828 .
154 1818 165 1830 ιι
184 1818 195 1831 .“

63 2313 73 2324 ·
88 2313 126 2335 ef.
139 2319 192 2341 cap.
205 2312 279 2335 Acce·

62 2339 121 2362 dens
140 2345 164 2367 a,
189 2339 220 2362 tlt
237 2339 279 2362 12¹oe

62 2372 111 2388 non
124 2367 223 2389 contest.

64 2486 73 2496 ⁸
83 2485 132 2514 Qu.
139 2488 276 2514 κῦμα-ιφ,

63 2512 198 2536 Commeat.
211 2519 276 2536 num.

29 2571 32 2573 v
62 2545 96 2566 ιιι,
111 2545 143 2562 tv.

66 3336 280 3394 'sfiitil'ct'f'iif

67 3389 279 3417 ·Cf.1b1d.cap.1v,

66 3423 166 3465 tue'cti’vt:
188 3416 214 3438 δ’
234 3415 280 3437 Th.

294 1784 351 1853 ,In
374 1783 443 1807 tota
460 1774 649 1817 quaestione
669 1773 1107 1815 centesimavigesimaquinta
1123 1773 1260 1804 dubium
1276 1782 1381 1804 unum
1405 1775 1408 1802 l

991 261 1260 308 QUAESTlO
1291 261 1451 309 CXXV,
1480 260 1778 298 ARTlCULUS
1809 260 1857 296 lll

299 353 430 391 poena
457 340 604 378 inferni.
636 339 749 386 Quae
778 346 907 376 tamen
938 339 1100 376 debetur
1127 339 1291 376 timidis:
1322 351 1378 376 se·

302 395 473 432 cundum
493 393 587 430 illud
614 394 734 442 Apoc.
755 404 815 430 xxi
834 392 871 429 *ε
897 393 1053 430 Timidis
1072 399 1107 430 et
1126 393 1327 430 incredulis
1346 399 1381 430 et

300 447 499 494 execratis,
520 454 605 494 etc„
619 458 716 496 pars
744 446 815 483 erit
842 447 880 483 in
899 453 1036 497 stagno
1057 447 1157 497 ignis
1176 452 1212 484 et
1227 447 1380 496 sulphu-
1405 450 1407 456 '

301 502 372 538 ris:
401 501 504 549 quod
534 505 589 537 est
621 512 726 537 mors
761 500 938 537 secunda.
968 501 1071 548 Ergo
1110 500 1290 538 timiditas
1324 508 1381 537 est

282 551 503 604 ‘peccatum
531 553 705 590 mortale.

354 609 582 645 Respommo
615 618 803 644 mcENDUM
833 607 951 655 quod,
973 607 1068 644 sicut
1097 607 1241 644 dictum
1273 614 1328 644 est
1346 606 1378 654 ³¹⁶,

299 661 415 698 timor
442 669 645 710 peccatum
676 668 731 697 est
759 660 976 698 secundum
1013 661 1119 710 quod
1157 669 1213 698 est
1239 661 1381 698 inordi-

300 722 426 752 natus:
457 722 572 763 prout
600 714 744 751 scilicet
773 714 907 762 refugit
926 715 1032 764 quod
1052 727 1132 752 non
1161 723 1218 751 est
1246 727 1380 752 secun-

300 770 393 806 dum
432 767 623 805 rationem
652 768 932 816 refugiendum.
968 769 1075 805 Haec
1110 776 1240 805 autem
1279 769 1381 804 inor-

300 821 443 859 dinatio
481 821 630 858 timoris
667 822 903 870 quandoque
941 822 1100 871 quidem
1140 821 1310 858 consistit
1342 821 1386 858 in-

299 875 382 912 solo
412 874 584 924 appetitu
613 875 818 923 sensstivo,
849 888 927 912 non
957 875 1254 925 superveniente
1290 887 1380 912 con-

299 941 416 966 sensu
444 928 640 965 rationalis
664 929 876 978 appetitus:
907 936 943 965 et
962 929 1016 966 sic
1044 941 1124 966 non
1151 936 1278 978 potest
1298 940 1379 964 esse

298 990 502 1032 peccatum
531 984 706 1030 mortale,
727 982 796 1020 sed
816 982 942 1019 solum
961 982 1126 1020 veniale.
1148 1004 1172 1010 -
1194 982 1380 1029 Quando—

299 1047 374 1085 que
402 1047 499 1073 vero
527 1035 752 1073 huiusmodi
781 1036 1010 1073 inordinatio
1031 1035 1178 1072 timoris
1206 1034 1382 1085 pertingit

298 1101 422 1138 usque
453 1089 501 1127 ad
530 1089 743 1139 appetitum
773 1090 1022 1136 rationalem,
1052 1088 1118 1138 qui
1147 1088 1284 1125 dicitur
1312 1099 1382 1124 vo—

299 1143 437 1191 luntas,
459 1155 559 1193 quae
589 1155 635 1180 ex
663 1143 783 1180 libero
803 1142 960 1180 arbitrio
980 1141 1116 1191 refugit
1139 1141 1281 1190 aliquid
1302 1153 1379 1177 non

299 1196 517 1235 secundum
546 1197 747 1234 rationem.
786 1197 836 1234 Et
863 1195 945 1233 talis
972 1194 1204 1232 inordinatio
1233 1193 1381 1231 timoris

300 1250 537 1300 quandoque
558 1258 614 1288 est
633 1257 836 1300 peccatum
857 1249 1033 1296 mortale,
1054 1248 1291 1297 quandoque
1314 1259 1381 1284 ve-

295 1303 417 1350 niale:
443 1303 616 1341 S‘f‘eiiim
645 1303 731 1351 quis
749 1310 908 1352 propter
925 1302 1106 1339 timorem
1136 1313 1215 1350 quo
1245 1300 1382 1349 refugit
1407 1322 1409 1327 ·

299 1358 518 1407 periculum
556 1357 708 1403 mortis,
739 1357 802 1393 vel
831 1355 1107 1405 quodcumque
1145 1354 1247 1392 aliud
1284 1362 1380 1391 tem-

299 1411 433 1461 porale
462 1411 621 1457 malum,
638 1410 695 1447 'sic
725 1409 932 1459 dispositus
962 1416 1019 1446 est
1038 1416 1080 1445 ut
1098 1408 1210 1445 faciat
1238 1407 1381 1457 aliquid

300 1465 559 1514 prohibitum,
587 1464 650 1500 vel
688 1462 964 1512 praetermittat
1000 1461 1144 1511 aliquid
1180 1461 1288 1510 quod
1326 1469 1382 1498 est

354 1595 380 1630 β)
399 1595 483 1623 sistit.
495 1610 514 1615 -
532 1595 659 1622 consistit
678 1594 795 1625 PEGLa,
815 1594 852 1621 sit
872 1595 904 1620 D.

2456 257 2505 303 45

1432 346 1682 389 praeceptum
1712 339 1750 376 in
1778 339 1861 386 lege
1890 337 2038 384 divina,
2068 337 2151 374 talis
2188 336 2304 373 timor
2333 344 2388 373 est
2421 349 2509 385 pec-

1434 401 1561 430 catum
1589 393 1763 430 mortale.
1799 391 1982 440 Alioquin
2012 390 2080 428 erit
2117 397 2316 439 peccatum
2345 390 2508 426 veniale.

1485 448 1545 484 An
1574 458 1713 483 Palmum
1742 457 1842 483 ERGO
1866 456 2053 482 DlCENDuM
2081 444 2188 494 quod
2217 443 2312 481 ratio
2332 443 2394 480 illa
2421 456 2509 492 pro-

1434 500 1535 537 cedit
1563 501 1611 537 de
1630 500 1768 537 timore
1788 500 2001 536 secundum
2025 498 2130 548 quod
2155 497 2249 534 sistit
2267 495 2282 526 β
2310 497 2407 534 infra
2426 510 2511 534 sen-

1434 554 1662 591 sualitatem.

1487 609 1546 644 AD
1575 618 1768 644 SECUNDUM
1798 617 1984 643 DICENDUM
2013 606 2119 654 quod
2149 604 2263 641 etiam
2294 605 2420 652 glossa
2449 603 2511 639 illa

1433 669 1560 709 potest
1579 660 1733 708 intelligi
1758 660 1806 697 de
1830 660 1968 696 timore
1988 659 2026 696 in
2046 658 2291 696 sensualitate
2316 657 2510 694 existente.

1434 735 1458 742 -
1485 715 1557 752 Vel
1586 722 1712 764 potest
1732 714 1868 750 melius
1888 713 1961 750 dici
1981 710 2088 761 quod
2108 712 2167 749 ille
2196 719 2276 748 toto
2303 711 2418 748 corde
2438 718 2510 747 ter-

1435 776 1537 805 retur
1565 768 1671 804 cuius
1699 767 1873 804 animum
1907 767 2022 803 timor
2059 765 2178 803 vincit
2206 764 2510 814 irreparabiliter.

1434 822 1566 858 Potest
1594 829 1723 858 autem
1746 820 1967 868 contingere
1987 821 2106 868 quod,
2128 820 2242 856 etiam
2272 818 2302 856 si
2330 819 2445 855 timor
2467 817 2513 854 sit

1406 906 1407 926 ἱ
1433 883 1638 923 peccatum
1665 875 1847 922 mortale,
1878 886 1957 910 non
1985 882 2115 910 tamen
2154 872 2289 922 aliquis
2317 872 2368 909 ita
2397 871 2512 908 obsti—

1435 936 1522 964 nate
1550 935 1711 965 terretur
1731 927 1822 976 quin
1843 926 2157 976 persuasionibus
2177 926 2352 963 revocari
2371 925 2512 975 possit:

1434 981 1531 1018 sicut
1559 981 1795 1030 quandoque
1825 980 1959 1029 aliquis
1989 980 2200 1017 mortaliter
2227 991 2393 1029 peccans
2422 991 2512 1016 con-

1435 1033 1691 1082 cupiscentiae
1730 1033 2024 1080 consentiendo,
2055 1041 2278 1080 revocatur,
2308 1045 2356 1071 ne
2395 1044 2512 1082 opere

1434 1087 1593 1136 impleat
1621 1087 1727 1135 quod
1757 1086 1959 1135 proposuit
1987 1087 2123 1123 facere.

1488 1142 1548 1177 An
1575 1151 1738 1177 TERTmM
1757 1152 1943 1177 DICENDUM
1970 1140 2075 1189 quod
2102 1140 2227 1188 glossa
2257 1140 2317 1176 illa
2345 1139 2513 1189 loquitur

1436 1193 1483 1230 de
1512 1193 1647 1230 timore
1668 1201 1875 1230 revocante
1904 1193 2106 1230 hominem
2127 1206 2149 1230 a
2169 1193 2273 1230 bono
2303 1194 2407 1242 quod
2433 1205 2512 1229 non

1436 1254 1492 1284 est
1521 1247 1568 1284 de
1597 1246 1822 1284 necessitate
1857 1246 2073 1296 praecepti,
2103 1246 2171 1283 sed
2201 1247 2247 1283 de
2281 1246 2512 1295 perfectione

1436 1300 1593 1337 consilii.
1615 1300 1722 1337 Talis
1741 1308 1871 1337 autem
1886 1300 2004 1337 timor
2023 1312 2102 1337 non
2118 1307 2174 1336 est
2188 1308 2390 1350 peccatum
2412 1312 2513 1336 mor-

1434 1354 1528 1391 tale:
1563 1354 1631 1391 sed
1661 1354 1896 1403 quandoque
1925 1353 2093 1399 veniale3
2133 1354 2369 1403 quandoque
2399 1353 2512 1390 etiam

1436 1419 1514 1445 non
1544 1415 1600 1444 est
1634 1415 1853 1457 peccatum,
1884 1416 1975 1457 puta
2011 1420 2099 1444 cum
2135 1407 2272 1458 aliquis
2304 1408 2420 1444 habet
2458 1419 2514 1444 ra—

1435 1461 1656 1498 tionabilem
1688 1473 1845 1498 causam
1874 1461 2033 1498 timoris.

985 1683 1327 1718 commentam»
1351 1682 1607 1717 cardinalis
1630 1682 1834 1716 Caietam

332 1827 459 1853 tentum
486 1818 641 1851 occurrit:
675 1821 726 1850 An
755 1818 852 1849 timor
881 1818 993 1850 mortis
1022 1825 1150 1849 excuset
1173 1828 1191 1848 a
1214 1817 1382 1858 prohibitis
1406 1803 1408 1844 i

300 1866 351 1897 vel
374 1864 549 1907 praeceptis
572 1863 651 1904 legis
666 1863 832 1903 positivae,
849 1873 906 1894 seu
922 1862 1074 1893 hominis.
1099 1863 1141 1893 Et
1160 1869 1207 1894 est
1223 1862 1303 1893 ratio
1321 1862 1380 1892 du·

301 1909 345 1942 bii
368 1910 444 1952 quia
467 1909 500 1940 in
523 1908 627 1940 littera
645 1907 769 1938 articuli
789 1907 871 1938 tertii
896 1907 1011 1938 dicitur
1029 1907 1119 1949 quod
1138 1907 1164 1938 si
1180 1907 1252 1949 quis
1269 1913 1381 1938 contra
1407 1908 1409 1919 ²

302 1953 463 1996 prohibita
484 1953 535 1984 vel
562 1958 730 1994 praecepta
754 1951 879 1982 divinae
910 1952 988 1992 legis
1022 1951 1095 1982 facit
1123 1958 1255 1993 propter
1285 1951 1381 1982 timo-

302 2009 380 2036 rem,
398 2006 446 2030 est
459 2004 628 2039 peccatum
643 1996 789 2033 mortale,
806 1996 951 2038 alioquin
967 2003 1049 2027 esset
1065 2003 1232 2037 peccatum
1248 1995 1381 2026 veniale.

304 2043 390 2076 Cum
407 2042 494 2074 enim
508 2048 632 2074 constet
655 2041 746 2083 quod
769 2050 865 2081 agens
885 2048 995 2072 contra
1013 2041 1118 2082 legem
1137 2041 1310 2082 positivam
1325 2047 1381 2071 aut

303 2095 512 2130 praeceptum
534 2086 686 2123 hominis,
707 2096 774 2117 non
789 2085 853 2126 agit
876 2093 988 2117 contra
1010 2086 1115 2127 legem
1138 2085 1290 2122 divinam,
1306 2084 1382 2126 quia
1408 2097 1410 2122 ς

303 2133 354 2165 lex
375 2133 518 2164 humana
542 2130 746 2172 distinguitur
769 2140 787 2161 a
810 2129 932 2168 divina,
957 2137 988 2161 et
1011 2138 1219 2171 praeceptum
1241 2129 1382 2160 hominis
1408 2127 1410 2146 ⁴

304 2178 344 2209 ab
368 2184 503 2219 utraque
524 2176 612 2218 lege;
638 2184 839 2216 consequens
864 2182 911 2206 est
934 2175 1024 2216 quod
1048 2185 1115 2205 non
1139 2174 1199 2205 nisi
1219 2173 1382 2205 venialiter
1408 2150 1410 2199 l

306 2229 414 2264 peccet
426 2221 614 2253 huiusmodi
630 2227 843 2260 transgressor
858 2226 989 2260 propter
1005 2219 1155 2251 timorem
1161 2227 1169 2256 ;
1186 2218 1211 2249 si
1228 2218 1383 2249 sententia

303 2268 424 2300 litterae
448 2276 520 2297 vera
544 2272 601 2296 est.
1408 2243 1411 2306 l

1435 2315 1516 2339 esset
1539 2319 1636 2349 super
1659 2309 1720 2339 hoc
1735 2309 1807 2345 lata,
1832 2308 1875 2339 ita
1890 2319 1957 2339 non
1973 2315 2101 2340 excusat
2121 2319 2138 2339 a
2153 2311 2402 2350 transgressione
2425 2322 2513 2352 prae-

359 2312 534 2347 Praeterea,
550 2309 730 2341 secundum
750 2309 820 2339 iura
834 2308 862 2345 *,
887 2308 1001 2339 citatus
1025 2309 1084 2339 sub
1108 2308 1250 2339 censuris
1273 2317 1382 2349 perso-

304 2355 417 2388 naliter
438 2365 505 2387 non
530 2361 656 2386 tenetur
676 2363 862 2394 comparere
885 2353 911 2384 si
935 2359 1024 2384 tutus
1040 2363 1184 2384 accessus
1199 2363 1266 2384 non
1286 2358 1381 2393 patet.
1408 2351 1410 2391 l

304 2401 390 2442 Ergo
414 2399 512 2432 timor
535 2398 648 2430 mortis
664 2405 695 2430 et
709 2405 947 2429 tormentorum
968 2398 1080 2429 saltem
1100 2405 1228 2429 excusat
1252 2408 1270 2428 a
1293 2406 1382 2438 prae·
1408 2427 1410 2442 ἲ

305 2452 398 2490 cepto
411 2442 840 2484 hominis-Consequentia
856 2450 932 2474 nota
945 2450 1001 2474 est.
1023 2443 1063 2474 Et
1078 2443 1268 2474 antecedens
1284 2448 1381 2482 patet.
1408 2443 1410 2487 j

361 2489 399 2520 11.
424 2489 476 2520 Ad
497 2489 580 2520 hanc
601 2487 824 2529 quaestionem
839 2487 872 2518 in
892 2487 1091 2528 praecedenti
1108 2487 1236 2518 Libro*
1251 2496 1383 2528 respon-
1409 2489 1410 2525 ἶ

305 2544 379 2566 sum
398 2540 455 2565 est.
479 2533 521 2564 Et
540 2543 626 2564 nunc
643 2533 811 2563 occasione
830 2531 927 2563 huius
942 2532 1063 2564 litterae
1080 2532 1262 2574 quaestioni
1277 2531 1382 2563 eidem
1408 2530 1411 2546 ‘

305 2585 413 2610 motae
437 2577 552 2609 dicitur
574 2577 674 2618 quod,
699 2577 767 2607 sine
790 2577 902 2614 dubio,
927 2577 1025 2608 timor
1047 2577 1160 2608 mortis
1183 2587 1250 2607 non
1274 2576 1384 2607 eximit
1409 2580 1410 2587 ¹

306 2623 473 2655 hominem
496 2633 515 2653 a
539 2621 714 2664 praeceptis
737 2629 768 2653 et
794 2621 962 2662 prohibitis
991 2632 1048 2662 per
1070 2622 1175 2662 legem
1198 2621 1381 2662 positivam.
1409 2626 1410 2655 l

305 2668 347 2699 Et
371 2668 432 2699 boc
456 2667 537 2698 clare
561 2673 648 2707 patet
671 2676 708 2698 ex
732 2676 800 2707 cap.
820 2666 943 2704 Sacris,
968 2666 1075 2704 Extra,
1099 2667 1150 2698 De
1172 2667 1222 2698 his
1244 2676 1328 2708 quae
1351 2667 1383 2697 vi
1409 2657 1410 2700 l

306 2718 448 2744 metusve
471 2721 570 2743 causa
590 2711 701 2752 fiunt,
726 2711 781 2741 ubi
811 2710 1012 2752 participatio
1035 2711 1068 2742 in
1093 2710 1207 2742 divinis
1231 2721 1307 2742 cum
1330 2720 1382 2741 ex·
1409 2709 1410 2718 ¹

307 2756 553 2789 communicatis
575 2766 635 2796 pro
659 2755 750 2786 nullo
770 2762 858 2786 metu
876 2756 1016 2786 excusari
1041 2755 1164 2792 dicitur,
1181 2755 1267 2797 quia,
1285 2762 1321 2786 ut
1339 2755 1382 2786 ibi
1409 2752 1410 2764 ¹

306 2801 431 2838 dicitur,
449 2808 496 2832 est
519 2807 687 2841 peccatum
706 2800 857 2831 mortale:
883 2806 914 2830 et
931 2808 1039 2831 tamen
1056 2807 1181 2831 constat
1203 2800 1293 2841 quod
1313 2799 1383 2831 talis
1409 2824 1410 2838 ς

306 2845 480 2888 prohibitio
505 2846 543 2876 de
567 2845 635 2876 iure
660 2845 800 2885 positivo
824 2851 880 2881 est,
905 2844 982 2885 quia
1005 2845 1044 2875 de
1066 2845 1193 2875 licentia
1216 2846 1321 2885 Papae
1337 2851 1384 2875 est

305 2891 400 2922 licita.
426 2890 556 2930 Obligat
575 2900 650 2930 ergo
665 2889 715 2920 ius
732 2889 907 2929 positivum
930 2890 1128 2930 quandoque
1152 2890 1191 2919 ad
1216 2897 1383 2929 peccatum

307 2935 457 2966 mortale:
483 2941 513 2965 et
537 2940 769 2975 consequenter
793 2934 883 2964 nullo
908 2933 1019 2964 mortis
1044 2941 1130 2964 metu
1156 2934 1383 2964 declinandum
1409 2935 1411 2974 ζ

307 2987 354 3011 est
377 2981 416 3010 ab
441 2978 662 3010 observatione
685 2978 814 3019 positivi
838 2978 925 3008 iuris.

360 3025 541 3060 Praeterea,
564 3023 614 3055 ius
638 3023 728 3054 civile
756 3029 861 3064 potest
885 3023 1026 3063 obligare
1049 3023 1108 3053 sub
1132 3032 1238 3063 poena
1261 3022 1381 3063 capitis.

306 3069 392 3110 Ergo
408 3069 458 3099 ius
475 3068 667 3100 canonicum
683 3074 790 3108 potest
805 3067 947 3108 obligare
963 3067 1022 3098 sub
1040 3077 1145 3107 poena
1162 3067 1283 3107 peccati
1299 3077 1383 3098 mor·
1409 3069 1411 3086 ¹

307 3114 387 3145 talis.
412 3131 433 3137 —
457 3113 498 3144 Et
518 3119 603 3154 patet
622 3113 766 3154 sequela:
792 3112 867 3154 quia
891 3112 973 3143 sicut
996 3112 1036 3142 ad
1055 3111 1146 3142 civile
1161 3111 1212 3142 ius
1236 3121 1268 3142 se
1288 3111 1383 3143 habet
1409 3089 1411 3153 l

307 3168 394 3188 mors
419 3157 571 3198 corporis,
595 3157 639 3189 ita
661 3157 701 3188 ad
726 3156 974 3188 ecclesiasticum
993 3156 1043 3187 ius
1067 3166 1155 3186 mors
1179 3156 1313 3187 animae.
1409 3155 1411 3192 ζ

364 3202 417 3233 111.
442 3203 490 3233 De
508 3197 684 3243 praeceptis
701 3208 808 3233 autem
823 3201 875 3232 vel
894 3201 1061 3242 prohibitis
1078 3201 1116 3231 ab
1137 3200 1278 3237 homine,
1296 3201 1383 3231 idem
1409 3193 1411 3243 ζ

308 3253 355 3277 est
377 3246 533 3278 iudicium
563 3247 653 3288 quod
682 3247 720 3277 de
747 3246 923 3287 praeceptis
952 3253 982 3276 et
1010 3245 1177 3286 prohibitis
1201 3255 1219 3275 a
1242 3245 1381 3285 positivo
1409 3263 1411 3306 >

308 3290 386 3327 iure,
403 3292 493 3332 quod
512 3291 550 3322 ab
567 3291 707 3322 hominis
724 3291 909 3322 auctoritate
926 3291 1024 3321 robur
1037 3290 1152 3320 habere
1169 3289 1381 3330 dignoscitur:

308 3336 464 3376 quoniam
477 3337 631 3376 princeps
654 3341 701 3366 est
724 3341 831 3366 custos
855 3336 942 3373 iusti,
961 3342 997 3366 ut
1012 3335 1127 3365 dicitur
1143 3335 1176 3364 in
1192 3335 1221 3365 V
1237 3335 1340 3365 Ethic.
1353 3333 1381 3371 *,
1407 3307 1411 3371 l

309 3386 339 3410 et
362 3379 460 3410 veluti
477 3380 532 3410 lex
547 3381 691 3411 animata
704 3380 731 3412 *.
749 3380 843 3411 Unde
859 3380 891 3410 in
909 3379 1096 3410 huiusmodi
1120 3379 1382 3419 distinguendum

307 3424 443 3455 videtur.
468 3423 552 3461 Quia
567 3425 726 3465 quaedam
742 3424 956 3465 imponuntur
975 3425 1013 3455 ab
1038 3424 1169 3454 homine
1193 3424 1321 3454 directe:
1348 3431 1383 3454 ut

310 3469 388 3499 dum
415 3468 530 3509 aliquis
559 3468 687 3505 citatur,
711 3476 767 3500 aut
793 3469 946 3505 mittitur,
971 3476 1025 3500 aut
1052 3469 1180 3499 iubetur
1208 3468 1310 3499 facere
1335 3469 1383 3498 vel
1408 3475 1409 3479 ’

309 3513 455 3544 omittere
472 3512 534 3543 hoc
551 3519 605 3543 aut
621 3512 710 3544 illud.
732 3513 899 3551 Quaedam
915 3523 991 3544 vero
1008 3513 1158 3544 indirecte
1176 3523 1213 3543 ex
1229 3513 1382 3543 sententia
1408 3510 1409 3530 ³

308 3557 449 3588 hominis
473 3563 731 3598 consequuntur:
755 3558 842 3588 verbi
865 3557 977 3598 gratia,
1003 3558 1173 3598 episcopus
1198 3568 1382 3588 excommu·
1408 3553 1409 3582 ἶ

309 3602 425 3633 nicavit
447 3602 534 3638 tales,
559 3601 609 3632 vel
634 3601 742 3642 posuit
764 3601 979 3638 interdictum,
997 3609 1071 3638 etc.;
1097 3613 1134 3632 ex
1157 3602 1219 3633 hoc
1236 3602 1322 3632 enim
1339 3613 1383 3633 se·
1408 3602 1410 3639 ᾖ

819 3669 833 3681 ί

1434 1773 1544 1814 quitur
1567 1773 1657 1814 quod
1680 1773 1815 1814 quilibet
1842 1780 1967 1804 tenetur
1990 1773 2064 1804 illos
2087 1774 2382 1806 excommunicatos
2408 1777 2513 1814 vitare,

1435 1828 1502 1848 non
1525 1827 1563 1849 ex
1587 1824 1757 1858 praecepto
1783 1817 1942 1858 episcopi,
1973 1818 2028 1848 sed
2056 1828 2093 1849 ex
2116 1818 2194 1849 iuris
2222 1818 2442 1860 dispositione.
2473 1822 2515 1853 Et

1434 1862 1467 1893 in
1491 1862 1569 1899 istis,
1593 1862 1669 1904 quia
1693 1869 1900 1904 praeceptum
1922 1862 1999 1893 iuris
2017 1869 2063 1893 est
2078 1863 2234 1903 obligans,
2252 1864 2381 1896 evidens
2397 1873 2443 1896 est
2464 1867 2512 1898 iu-

1435 1906 1555 1938 dicium
1579 1907 1665 1939 idem
1689 1917 1766 1938 esse.
1792 1907 1827 1938 In
1851 1907 1911 1938 illis
1934 1917 2022 1943 veru,
2047 1907 2101 1938 ubi
2126 1907 2233 1939 solum
2257 1908 2398 1940 hominis
2422 1921 2511 1951 prae-

1435 1958 1565 1992 ceptum
1590 1959 1651 1988 est,
1677 1951 1762 1982 idem
1791 1961 1923 1993 quoque
1947 1961 2014 1982 esse
2038 1951 2195 1983 iudicium
2223 1960 2309 1993 patet
2331 1954 2512 1987 videntibus

1435 1997 1526 2037 quod
1547 1996 1597 2027 lex
1613 2003 1644 2027 et
1660 1996 1807 2037 princeps
1824 1995 1959 2027 eandem
1974 1996 2092 2027 habent
2108 2003 2308 2037 potestatem,
2326 2005 2357 2029 et
2377 2006 2512 2041 uterque

1434 2041 1467 2072 in
1488 2041 1559 2072 foro
1576 2041 1660 2072 civili
1683 2048 1790 2082 potest
1812 2041 1993 2082 praecipere
2009 2042 2068 2072 sub
2088 2051 2194 2082 poena
2210 2042 2330 2083 capitis,
2355 2051 2386 2075 et
2409 2044 2511 2076 facere

1436 2094 1603 2126 praecepta
1626 2085 1820 2126 simpliciter.
1845 2086 1886 2116 Et
1910 2092 2088 2126 propterea,
2113 2096 2189 2118 cum
2212 2087 2400 2119 huiusmodi
2423 2100 2512 2130 prae-

1436 2137 1527 2171 cepta
1550 2131 1589 2161 ab
1613 2130 1746 2162 homine
1769 2129 1870 2167 fiunt,
1893 2130 2128 2171 interpretanda
2151 2138 2227 2163 sunt
2249 2132 2332 2164 sicut
2354 2133 2380 2164 si
2403 2143 2421 2163 a
2443 2134 2512 2175 lege

1436 2174 1570 2206 fuissent
1586 2174 1678 2206 facta.
1703 2175 1744 2205 Et
1758 2175 1783 2205 si
1801 2181 1907 2205 extant
1923 2174 2176 2207 circumstantiae
2200 2182 2277 2207 tunc
2297 2187 2372 2208 cum
2395 2178 2512 2219 quibus

1435 2219 1485 2250 lex
1502 2219 1666 2259 obligaret,
1684 2226 1890 2260 praeceptum
1907 2229 2040 2261 quoque
2057 2219 2198 2250 hominis
2215 2221 2348 2261 obligat:
2364 2222 2406 2252 ita
2422 2224 2512 2264 quod

1436 2264 1517 2295 sicut
1539 2264 1637 2295 timor
1661 2264 1773 2296 mortis
1798 2274 1864 2295 non
1886 2271 2047 2295 excusaret
2070 2274 2087 2295 a
2110 2265 2358 2305 transgressione
2381 2267 2469 2307 legis,
2486 2268 2512 2299 si

1436 2353 1516 2394 cepti
1541 2354 1594 2385 lati
1619 2354 1658 2385 ab
1674 2353 1816 2385 homine.
1842 2353 1874 2384 Si
1898 2364 1973 2384 vero
1991 2353 2324 2387 circumstantionatus
2343 2356 2447 2388 taliter
2466 2357 2513 2388 in-

1408 2400 1410 2423 l
1435 2398 1560 2430 venitur
1583 2406 1660 2430 tunc
1684 2405 1772 2429 actus
1797 2405 1832 2430 ut
1854 2399 1914 2436 lex,
1939 2398 1965 2429 si
1985 2406 2066 2430 esset
2088 2399 2161 2436 lata,
2182 2410 2248 2430 non
2272 2400 2437 2441 obligaret,
2455 2412 2513 2433 nec

1436 2450 1643 2485 praeceptum
1667 2443 1808 2475 hominis
1831 2450 1908 2474 tunc
1931 2443 2018 2484 ligat.

1493 2487 1545 2519 IV.
1570 2488 1612 2519 Et
1635 2497 1691 2529 per
1714 2488 1775 2518 hoc
1799 2494 1885 2528 patet
1908 2487 2075 2528 responsio
2099 2488 2139 2518 ad
2162 2489 2337 2520 secundam
2361 2490 2512 2522 obiectio-

1409 2549 1410 2577 3
1436 2543 1512 2564 nem
1534 2532 1568 2563 in
1592 2533 1779 2573 oppositum
1796 2533 1824 2564 *.
1848 2532 1934 2570 Quia
1957 2533 2070 2564 citatus
2095 2533 2303 2573 personaliter
2318 2544 2426 2566 carens
2441 2542 2512 2567 tuto

1436 2587 1564 2609 accessu
1588 2577 1661 2608 ideo
1678 2588 1745 2608 non
1762 2584 1896 2614 tenetur,
1921 2577 1997 2618 quia
2021 2587 2079 2608 nec
2096 2577 2192 2608 etiarn
2215 2578 2241 2608 si
2263 2579 2313 2609 lex
2336 2579 2399 2610 hoc
2422 2590 2512 2620 prae-

1436 2622 1586 2663 cepisset,
1611 2629 1778 2654 teneretur.
1811 2622 1976 2660 Quoniam
2001 2629 2055 2654 aut
2085 2632 2229 2654 accessus
2257 2633 2324 2654 non
2355 2630 2402 2654 est
2424 2631 2512 2656 tutus

1436 2677 1474 2698 ex
1497 2674 1585 2708 parte
1608 2667 1733 2704 iudicis,
1756 2674 1834 2708 puta
1857 2666 1933 2708 quia
1957 2676 2069 2698 saevus
2094 2674 2263 2708 tyrannus:
2288 2675 2319 2698 et
2342 2675 2418 2700 tunc
2440 2679 2513 2699 con—

1409 2727 1410 2738 ι
1436 2719 1496 2743 stat
1527 2712 1617 2753 quod
1648 2722 1715 2743 non
1739 2711 1875 2743 declinat
1901 2711 2057 2748 iudicem,
2083 2712 2137 2743 sed
2161 2712 2344 2743 saevitatem
2368 2714 2510 2754 tyranni,

1435 2757 1525 2798 quod
1540 2757 1589 2787 lex
1607 2756 1762 2787 concedit.
1788 2759 1854 2787 Aut
1870 2766 1935 2786 non
1953 2763 1999 2787 est
2018 2763 2106 2787 tutus
2122 2763 2253 2798 propter
2269 2756 2364 2787 alios:
2386 2764 2416 2788 et
2435 2764 2512 2789 tunc

1436 2808 1603 2832 excusatur
1626 2812 1643 2831 a
1667 2801 1752 2841 lege,
1778 2801 1854 2841 quia
1882 2811 1948 2831 non
1976 2807 2085 2841 posset
2112 2809 2314 2842 comparere;
2346 2802 2402 2842 qui
2426 2803 2511 2833 enim

1409 2844 1410 2880 Ξ
1436 2857 1502 2876 non
1526 2853 1632 2886 potest
1654 2853 1722 2876 tute
1746 2855 1949 2886 comparere,
1974 2845 2105 2886 perinde
2129 2853 2175 2876 est
2203 2856 2239 2876 ac
2262 2846 2287 2876 si
2313 2856 2379 2877 non
2404 2854 2513 2887 posset

1409 2916 1411 2922 ,
1436 2900 1630 2931 comparere.

1492 2936 1543 2965 Ad
1573 2935 1710 2975 primam
1741 2941 1848 2965 autem
1880 2934 2127 2965 obiectionem*
2151 2935 2266 2965 dicitur
2293 2936 2382 2975 quod
2410 2936 2511 2967 littera

1409 2983 1411 3018 ζ
1436 2989 1502 3010 non
1526 2979 1647 3019 accepit
1669 2979 1773 3019 legem
1796 2979 1938 3009 divinam
1961 2979 2023 3010 hoc
2047 2979 2079 3010 in
2103 2979 2177 3010 loco
2199 2987 2234 3010 ut
2253 2979 2457 3020 distinguitur
2473 2982 2511 3011 ab

1409 3034 1411 3068 Ξ
1436 3024 1504 3054 aliis
1526 3024 1660 3064 legibus.
1686 3024 1785 3061 Quod
1808 3034 1845 3054 ex
1869 3023 1997 3055 duobus
2021 3031 2117 3064 patet.
2148 3024 2271 3060 Prim0‚
2298 3035 2335 3055 ex
2359 3035 2397 3055 eo
2422 3026 2511 3065 quod

1435 3076 1622 3109 sequeretur
1643 3068 1734 3109 quod
1757 3078 1795 3099 ex
1819 3068 1934 3099 timore
1958 3068 2070 3100 mortis
2093 3068 2195 3100 facere
2219 3076 2329 3099 contra
2351 3069 2401 3099 ius
2421 3076 2512 3100 natu—

1435 3113 1500 3143 rale
1531 3121 1612 3144 esset
1640 3113 1748 3144 solum
1778 3120 1946 3153 peccatum
1972 3113 2113 3144 veniale:
2145 3114 2234 3154 quod
2264 3113 2433 3144 ridiculum
2466 3121 2513 3145 est

1435 3157 1602 3198 imponere
1626 3164 1715 3188 tanto
1739 3158 1881 3189 Doctori.
1907 3158 1948 3188 Et
1971 3165 2058 3198 patet
2081 3157 2227 3198 sequela:
2253 3158 2328 3198 quia
2347 3158 2397 3188 ius
2421 3165 2511 3189 natu-

1435 3202 1500 3232 rale
1517 3201 1721 3242 distinguitur
1738 3209 1847 3232 contra
1862 3202 2008 3232 divinum
2025 3202 2152 3242 proprie
2169 3209 2346 3242 sumptum,
2368 3209 2403 3233 ut
2426 3210 2513 3244 patet

1409 3245 1410 3260 ²
1436 3246 1469 3276 in
1493 3246 1692 3286 praecedenti
1713 3247 1809 3277 Libro
1825 3246 1852 3277 *.
1876 3264 1898 3269 -
1922 3247 2080 3283 Secundo,
2107 3256 2143 3276 ex
2158 3256 2197 3276 eo
2221 3247 2310 3287 quod
2327 3253 2513 3288 sequeretur

1437 3292 1527 3331 quod
1559 3301 1596 3321 ex
1623 3291 1739 3322 timore
1768 3291 2000 3331 cuiuscumque
2024 3291 2209 3331 temporalis
2233 3292 2308 3321 mali
2339 3293 2512 3333 transgredi

1437 3335 1486 3366 ius
1518 3335 1694 3375 positivum
1723 3335 1829 3365 solum
1854 3342 1935 3365 esset
1957 3336 2099 3372 veniale,
2131 3336 2220 3376 quod
2250 3343 2296 3366 est
2323 3336 2510 3368 ridiculum:

1438 3387 1515 3420 puta
1538 3380 1628 3421 quod
1649 3379 1772 3421 aliquiS.
1794 3390 1831 3410 ex
1846 3379 1961 3410 timore
1978 3390 2018 3410 ne
2034 3381 2144 3420 perdat
2160 3380 2304 3420 pallium,
2323 3381 2510 3412 celebrando

1437 3425 1568 3455 missam
1597 3425 1665 3454 sine
1693 3424 1788 3454 sacris
1810 3424 1950 3455 vestibus
1980 3431 2010 3455 et
2033 3425 2099 3455 sine
2124 3425 2212 3455 altari
2242 3432 2272 3456 et
2294 3425 2376 3455 vasis
2400 3426 2510 3462 sacris,

1438 3469 1544 3499 solum
1563 3475 1707 3509 peccaret
1721 3468 1893 3500 venialiter.
1918 3469 1960 3499 Et
1983 3476 2069 3509 patet
2089 3469 2233 3510 sequela:
2259 3470 2334 3511 quia
2354 3470 2386 3500 in
2410 3470 2512 3501 littera

1438 3513 1561 3550 dicitur,
1579 3519 1716 3554 propter
1731 3514 1876 3544 timorem
1898 3523 1960 3554 quo
1980 3513 2104 3555 refugit
2118 3515 2303 3554 periculum
2321 3516 2444 3552 mortis,
2462 3515 2512 3545 vel

1437 3559 1659 3599 quodcumque
1681 3558 1772 3588 aliud
1795 3559 1970 3598 temporale
1986 3559 2106 3589 malum
2115 3567 2127 3596 ;
2161 3566 2283 3590 constat
2311 3559 2396 3589 enim
2422 3559 2511 3599 quod

1438 3603 1568 3643 perdere
1592 3603 1725 3643 pallium
1754 3603 1919 3643 quoddam
1946 3603 2122 3643 temporale
2147 3603 2268 3633 malum
2293 3610 2348 3633 est.
2373 3621 2394 3626 —
2419 3603 2510 3633 Intel-

2539 2538 2550 2548 ⁶
2563 2539 2634 2562 Num.
2651 2546 2667 2561 ι.

2538 2941 2546 2949 ·
2564 2938 2622 2960 lbid.

2541 3252 2549 3260 ·
2557 3250 2606 3277 Qu.
2617 3255 2664 3276 xci,
2675 3254 2716 3271 art.
2728 3256 2751 3275 4.
