2768 4198
107 511 117 527 Ε

6 611 61 632 ’ct
74 616 123 638 cap.
137 610 219 638 Signi-

0 638 135 665 ficatume
122 638 168 663 est,
190 636 219 658 de

6 664 64 691 Reg
94 666 116 684 el
142 665 217 710 tran?

5 694 27 712 et
29 697 60 713 c.:
78 696 127 716 cap.
137 690 159 711 ls

5 718 58 738 e.od
74 717 108 738 tit
117 716 161 743 ,in

5 748 47 765 κιο

6 828 14 837 ·
30 825 95 847 Vers
112 826 150 847 8⁰.

4 993 14 1003 ⁸
28 991 84 1018 Cap.
100 996 130 1011 ιιι.

6 1095 15 1104 ·
28 1092 94 1113 νει-εΔ
110 1097 143 1118 27.

0 2065 211 2120 ἀεαρῦειιξωῖίιῖί.

0 2119 82 2147 Ινηριιὸ

0 2462 10 2472 ·
24 2462 80 2489 Arg.
95 2468 118 2488 ⁴-

251 261 323 307 546
898 258 1166 306 QUAESTIO
1197 258 1448 306 CLXXXIX,
1478 258 1777 296 ARTICULUS
1806 259 1841 296 V

1370 339 1579 386 pubertatis
1606 347 1734 388 potest
1762 351 1844 376 esse
1864 339 2031 388 legitima
2051 348 2155 377 aetas
2174 341 2222 378 ad
2241 341 2318 378 hoc
2337 342 2444 392 quod

1371 391 1501 440 aliquis
1530 392 1734 430 tondeatur
1761 392 1800 430 in
1827 393 2009 441 religione
2039 394 2276 432 nutriendus.

1423 447 1482 482 An
1517 457 1710 483 SECUNDUM
1743 458 1929 484 montinum
1958 447 2064 496 quod
2099 447 2289 496 religionis
2322 456 2443 486 status

1369 497 1626 547 principaliter
1668 499 1864 536 ordinatur
1901 500 1951 537 ad
1992 501 2264 549 perfectionem
2309 513 2444 539 conse-

247 340 362 377 habet
381 352 583 377 annexam.
614 340 663 376 Et
681 339 772 388 quia
791 338 963 375 Ecclesia
983 338 1133 387 respicit
1151 337 1190 375 id
1210 338 1315 386 quod

249 394 285 430 in
306 393 476 442 pluribus
498 401 563 440 est,
592 392 779 442 professio
809 399 895 428 ante
924 398 1077 440 tempus
1105 391 1316 440 pubertatis

247 447 364 506 facta,
403 454 742 505 quantumcunque
780 444 912 493 aliquis
946 445 1086 481 habeat
1114 457 1227 481 usum
1258 456 1315 481 ra-

246 499 358 537 tionis
380 501 548 548 plenum,
565 506 606 535 ut
620 504 631 520 ⁸
652 499 698 535 sit
717 498 795 535 doli
815 509 947 546 capax,
967 510 1047 534 non
1065 498 1182 534 habet
1201 510 1315 534 suum

247 553 444 612 effectum,
483 561 524 589 ut
560 552 671 589 faciat
707 551 953 600 profitentem
992 563 1075 587 esse
1114 551 1191 588 iarn
1231 551 1314 588 reli-

246 607 396 654 giosum
415 606 446 642 ²⁸².
1368 605 1455 651 hoc,
1473 605 1654 642 convenit
1673 605 1813 654 pueris,
1831 606 1894 654 qui
1917 606 1965 643 de
1985 607 2082 644 facili
2097 607 2323 645 imbuuntur
2337 607 2361 646 ἕ.
2383 609 2442 646 Ex

300 660 348 696 Et
375 666 517 705 tamen,
542 658 627 695 licet
655 665 742 695 ante
763 669 886 694 annos
904 656 1114 706 pubertatis
1143 657 1315 706 profiteri
1369 658 1619 707 consequenti
1638 665 1768 695 autem
1785 658 1921 696 dicitur
1935 671 2018 696 esse
2039 668 2156 698 status
2172 662 2440 710 poenitentiae,

246 724 323 748 non
351 711 508 760 possint,
539 719 699 761 possunt
727 720 872 758 tamen,
904 723 992 748 cum
1020 711 1218 748 voluntate
1246 723 1312 760 pa·
1369 711 1595 759 inquantum
1632 723 1702 760 per
1730 712 2016 750 observantiam
2048 713 2237 763 religionis
2265 723 2442 765 peccato-

244 773 403 811 rentum,
434 765 471 802 in
501 765 682 813 religione
703 765 817 813 recipi
846 772 886 801 ut
915 764 1126 801 nutriantur
1146 764 1311 801 ibidem:
1368 776 1454 801 rum
1483 765 1706 802 occasiones
1733 766 1927 812 tolluntur,
1949 774 1987 802 ut
2016 778 2132 815 supra
2150 767 2171 789 *
2199 769 2342 806 dictum
2372 777 2440 807 est.

244 819 339 855 sicut
368 818 415 855 de
445 820 588 855 Ioanne
618 819 785 867 Baptista
814 818 963 866 legitur,
994 818 1088 854 Luc.
1110 830 1119 854 1
1139 817 1176 864 ²³,
1207 819 1312 867 quod
1421 819 1480 854 An
1518 830 1681 856 TERTmM
1720 830 1906 856 memnon
1935 819 2040 868 quod
2078 821 2208 868 pueri,
2239 822 2334 859 sicut
2362 835 2441 860 non

236 884 336 920 puer
363 872 572 918 crescebat,
602 878 638 908 et
663 873 951 920 confortabatur
978 871 1131 920 spiritu,
1161 876 1197 908 et
1232 877 1316 908 erat
1367 879 1557 919 coguntur
1586 872 1635 909 ad
1664 871 1884 919 iurandum,
1914 880 1955 909 ut
1985 885 2110 910 canon
2147 874 2253 923 dicit,
2284 876 2334 912 ita
2362 888 2442 913 non

242 927 278 962 in
302 925 464 962 desertis.
496 925 619 972 Unde,
641 925 736 962 sicut
761 925 967 973 Gregorius
988 924 1088 971 dicit,
1108 924 1147 961 in
1168 925 1199 962 ΙΙ
1219 925 1314 962 Dia·
1368 932 1556 973 coguntur
1584 925 1634 962 ad
1661 927 1902 963 vovendum.
1941 925 1981 963 Si
2014 934 2145 964 tamen
2172 935 2266 964 voto
2294 929 2358 966 vel
2385 929 2441 966 iu-

243 979 316 1028 log.
333 979 364 1026 ³¹⁸,
382 980 493 1016 beato
513 979 722 1016 Benedicto
741 979 912 1016 Romani
937 978 1078 1016 nobiles
1102 990 1190 1015 suos
1207 978 1314 1026 filios
1367 986 1542 1015 ramento
1572 991 1612 1016 se
1642 978 1910 1017 adstrinxerint
1943 979 1992 1016 ad
2021 980 2165 1028 aliquid
2198 981 2439 1030 faciendum,

242 1033 487 1081 omnipotenti
503 1033 586 1069 Deo
607 1033 826 1069 nutriendos
844 1033 938 1069 dare
956 1037 1171 1081 coeperunt.
1195 1032 1313 1079 Quod
1367 1031 1584 1080 obligantur
1612 1033 1741 1081 quoad
1770 1033 1912 1080 Deum,
1942 1032 1972 1069 si
1999 1033 2167 1070 habeant
2194 1046 2308 1072 usum
2330 1035 2442 1072 ratio-

242 1094 297 1122 est
324 1087 438 1124 valde
459 1086 686 1135 expediens:
717 1086 929 1123 secundum
949 1085 1039 1123 illud
1065 1084 1312 1123 Thren.111*:
1366 1085 1445 1122 nis:
1484 1085 1571 1122 licet
1599 1097 1677 1122 non
1707 1085 1922 1134 obligentur
1950 1087 2081 1134 quoad
2111 1088 2324 1125 Ecclesiam
2353 1097 2441 1126 ante

240 1141 392 1176 Bonum
421 1145 477 1177 est
499 1140 584 1176 viro
617 1151 705 1176 cum
731 1140 946 1188 portaverit
978 1140 1112 1189 iugum
1144 1140 1193 1176 ab
1222 1139 1312 1175 ado·
1366 1139 1660 1187 quatuordecim
1689 1151 1824 1176 annos.

240 1193 414 1230 lescentia
450 1205 532 1230 sua.
571 1193 684 1230 Unde
719 1205 765 1229 ex
800 1193 998 1230 communi
1035 1192 1312 1230 consuetudine
1419 1194 1479 1229 An
1503 1203 1679 1235 QUARTUM
1700 1203 1887 1230 nrcannun
1908 1193 2014 1242 quod
2041 1194 2161 1231 Num.
2181 1206 2256 1233 xxx
2282 1206 2362 1233 non
2381 1207 2440 1233 re-

240 1247 348 1295 pueri
367 1247 606 1296 applicantur
624 1246 693 1283 illis
713 1246 850 1283 officiis
870 1248 932 1284 vel
952 1246 1095 1283 artibus
1115 1246 1154 1283 in
1173 1246 1312 1294 quibus
1365 1245 1616 1295 prehenditur
1643 1246 1781 1284 mulier
1809 1247 1847 1284 in
1875 1247 2035 1295 puellari
2065 1255 2186 1284 aetate
2217 1248 2440 1298 constituta,

241 1308 328 1337 sunt
355 1300 475 1337 vitam
505 1300 637 1337 acturi.
1365 1299 1395 1337 si
1423 1307 1567 1336 voveat
1595 1299 1740 1349 absque
1761 1311 1951 1337 consensu
1975 1309 2201 1349 parentum:
2231 1309 2359 1351 potest
2385 1310 2440 1340 ta-

293 1357 352 1390 An
381 1364 520 1391 Paruum
548 1364 648 1391 ERGO
671 1365 858 1391 mesanum
888 1353 993 1402 quod
1022 1353 1190 1402 legitima
1208 1360 1312 1389 aetas
1366 1365 1456 1390 men
1485 1353 1659 1390 revocari
1688 1365 1710 1390 a
1738 1353 1972 1402 parentibus.
2007 1355 2065 1391 Ex
2095 1365 2172 1404 quo
2200 1362 2306 1404 patet
2333 1356 2439 1406 quod

240 1407 287 1444 ad
316 1408 391 1444 hoc
420 1407 526 1457 quod
549 1407 684 1456 aliquis
704 1408 908 1445 tondeatur
928 1419 1015 1444 cum
1033 1414 1128 1444 voto
1148 1406 1312 1443 solemni
1365 1419 1443 1444 non
1472 1413 1606 1455 peccat
1632 1406 1839 1444 vovendo:
1869 1407 1937 1445 sed
1960 1407 2177 1456 intelligitur
2195 1420 2236 1445 se
2255 1416 2349 1446 voto
2370 1410 2439 1447 ob·

241 1461 447 1509 religionis,
488 1468 544 1498 est
576 1469 729 1510 tempus
757 1461 985 1510 pubertatis,
1015 1460 1053 1498 in
1081 1472 1160 1510 quo
1189 1461 1310 1505 homo
1364 1460 1479 1508 ligare
1508 1467 1695 1509 quantum
1723 1460 1762 1497 in
1783 1472 1823 1498 se
1843 1468 1912 1509 est,
1942 1461 2089 1509 absque
2117 1461 2352 1512 praeiudicio
2373 1471 2439 1501 au·

241 1523 367 1563 potest
394 1515 446 1552 uti
475 1522 688 1564 spontanea
715 1515 925 1552 voluntate.
965 1514 1042 1552 Sed
1071 1521 1158 1551 ante
1187 1525 1311 1550 annos
1365 1513 1546 1551 ctoritatis
1575 1521 1770 1563 paternae.

293 1632 317 1662 ε)
338 1633 376 1656 ut.
388 1644 407 1650 ·-
425 1631 467 1655 vel
486 1630 533 1656 Pa.
1335 1628 1338 1654 l
1417 1627 1444 1660 ζ)
1465 1628 1631 1654 imbuuntur.
1642 1642 1662 1648 —
1680 1628 1834 1654 induuntur
1851 1628 1883 1658 Α,
1902 1628 2070 1654 inducuntur
2089 1629 2136 1655 Pa.

925 1708 1265 1742 Commenta-ria
1285 1707 1542 1741 Cat-dinalis
1563 1709 1769 1742 Caietam

269 1802 289 1822 N
313 1791 448 1822 articulo
478 1789 592 1831 quinto
626 1789 770 1820 eiusdem
797 1789 928 1820 ultimae
951 1788 1159 1830 quaestionis,
1185 1788 1313 1818 adverte
1364 1797 1438 1818 nem
1451 1788 1659 1829 adimplendi.
1675 1789 1758 1820 Nam
1772 1790 1948 1830 approbare
1961 1789 2011 1821 vel
2026 1790 2180 1822 ratificare
2195 1791 2234 1822 ad
2247 1797 2355 1824 actum
2367 1803 2438 1836 spe-

242 1804 526 1867 Iconvenientiam
549 1841 579 1865 et
603 1834 810 1865 differentiam
829 1834 911 1864 inter
925 1841 1040 1865 votum
1063 1833 1197 1873 simplex
1214 1840 1245 1864 et
1259 1842 1311 1863 so·
1364 1839 1428 1863 ctat
1441 1833 1627 1870 voluntatis,
1643 1843 1708 1874 qua
1731 1833 1804 1874 quis
1827 1834 1897 1865 vult
1912 1843 1999 1865 nunc
2017 1836 2109 1876 quod
2124 1835 2204 1867 olim
2228 1836 2341 1869 voluit.
2362 1836 2439 1869 Cre-

237 1881 342 1912 lemne
366 1880 527 1920 religionis
559 1886 631 1910 ante
655 1888 756 1910 annos
785 1878 958 1919 pubertatis
981 1878 1145 1909 emissum.
1184 1877 1312 1909 Conve·
1364 1877 1436 1907 dere
1452 1884 1561 1908 autem
1577 1887 1645 1909 esse
1663 1878 1818 1916 validum,
1839 1885 1958 1919 spectat
1982 1879 2021 1909 ad
2040 1879 2247 1912 intellectum.
2273 1881 2439 1914 Intendere

238 1925 331 1956 niunt
353 1925 513 1966 siquidem
536 1924 569 1954 in
592 1924 654 1954 hoc
677 1923 766 1964 quod
783 1931 957 1963 utrumque
981 1923 1076 1954 habet
1093 1923 1175 1953 hanc
1199 1922 1311 1953 condi·
1363 1929 1472 1953 autem
1488 1922 1601 1964 exequi
1624 1922 1701 1964 quia
1717 1923 1987 1964 praesupponitur
2004 1923 2158 1961 validum,
2174 1924 2248 1957 licet
2262 1933 2383 1966 spectet
2396 1927 2439 1958 ad

237 1970 361 2002 tionem
384 1968 647 2005 subintellectam,
665 1967 798 1999 scilicet:
823 1967 942 2009 absque
958 1967 1162 2008 praeiudicio
1179 1968 1312 2008 patriae
1363 1966 1574 2004 voluntatem,
1595 1966 1675 1998 nihil
1691 1974 1798 1998 tamen
1821 1966 1896 1999 facit
1918 1968 1958 1998 ad
1981 1967 2090 2008 ipsum
2114 1975 2238 2006 votum,
2255 1970 2310 2001 sed
2329 1970 2438 2005 solum

232 2015 411 2056 potestatis.
444 2014 485 2046 Et
504 2020 688 2054 propterea,
706 2020 994 2054 quantumcunque
1017 2012 1142 2043 malitia
1163 2012 1313 2052 suppleat
1364 2011 1401 2041 ad
1428 2011 1650 2043 executionem
1673 2011 1754 2048 voti,
1779 2021 1879 2054 quam
1901 2011 2038 2053 respicit.
2062 2019 2099 2044 ut
2121 2020 2216 2054 patet.
2245 2014 2287 2046 Et
2313 2014 2388 2046 ideo
2411 2013 2438 2047 si

237 2065 374 2091 aetatem
386 2059 415 2097 *,
439 2065 545 2099 potest
568 2065 741 2098 utrumque
765 2067 783 2088 a
807 2056 990 2098 parentibus
1012 2056 1134 2107 irritari,
1152 2062 1187 2087 ut
1205 2054 1239 2086 in
1261 2055 1311 2087 lit-
1363 2055 1479 2096 aliquis
1503 2063 1575 2087 ante
1600 2057 1800 2097 pubertatem
1823 2055 1959 2097 simplici
1982 2063 2060 2088 voto
2082 2057 2187 2095 vovit;
2211 2064 2243 2090 et
2265 2066 2386 2099 postea,
2403 2052 2437 2093 iu

238 2112 303 2136 tera
326 2104 450 2135 dicitur
1361 2100 1503 2140 legitima
1527 2107 1558 2132 et
1572 2100 1672 2131 libera
1695 2106 1806 2137 aetate,
1824 2101 2028 2132 considerans
2050 2111 2148 2133 suum
2162 2110 2288 2140 votum,
2306 2101 2437 2136 credens

294 2148 451 2180 Differ-unt
474 2154 593 2183 autem,
610 2146 686 2188 quia
709 2153 823 2177 votum
847 2146 991 2177 solemne
1014 2152 1142 2186 oportet
1157 2145 1247 2185 quod
1270 2144 1311 2176 ir·
1362 2144 1442 2175 illud
1466 2155 1534 2176 esse
1565 2145 1711 2176 absolute
1734 2145 1896 2182 validum,
1919 2145 2055 2177 intendit
2082 2146 2196 2178 millies
2227 2147 2309 2179 illud
2331 2147 2436 2180 adim'

237 2194 348 2225 ritetur
363 2193 480 2224 statim.
501 2191 668 2232 Alioquin,
685 2191 710 2222 si
727 2191 867 2222 tardatur
882 2190 1014 2221 irritatio
1031 2190 1064 2220 in
1080 2196 1206 2221 tantum
1221 2189 1311 2231 quod
1363 2189 1464 2230 plere:
1489 2199 1555 2220 non
1580 2197 1746 2230 propterea
1767 2200 1876 2221 coram
1899 2190 1970 2221 Deo
1987 2190 2150 2223 ratificavit
2163 2198 2220 2224 aut
2234 2193 2435 2233 approbavit.

237 2238 301 2268 iam
321 2247 400 2278 puer
423 2244 478 2268 aut
501 2236 609 2277 puella
632 2235 672 2266 sit
696 2235 804 2266 aetatis
827 2235 996 2276 legitimae,
1021 2245 1087 2265 non
1111 2240 1217 2275 potest
1240 2243 1309 2264 am·
1418 2234 1473 2265 111.
1498 2234 1533 2265 ln
1558 2234 1671 2265 eodem
1697 2234 1831 2266 articulo
1855 2234 1980 2276 quinto,
2005 2235 2044 2266 de
2067 2235 2175 2276 pueris
2197 2237 2376 2270 nutriendis
2402 2237 2436 2269 in

238 2282 322 2322 plius
345 2281 477 2313 irritari·
509 2280 585 2322 quia
609 2279 823 2320 praesumitur
845 2279 1035 2311 ratificatum
1057 2279 1090 2309 in
1110 2285 1211 2309 aetate
1235 2277 1310 2318 legi·
1361 2277 1529 2318 religione,
1554 2277 1719 2309 considera
1751 2288 1844 2310 caute
1871 2278 2028 2310 rationem
2055 2279 2193 2318 litterae,
2217 2287 2248 2312 et
2279 2281 2436 2314 conclude

238 2326 326 2362 tima,
351 2336 418 2356 non
442 2325 655 2361 reclamando,
680 2325 736 2355 sed
759 2323 1013 2364 perseverando·
1004 2333 1037 2354 m
1062 2322 1225 2363 religione.
1250 2323 1310 2353 Ec-
1361 2323 1450 2363 quod
1474 2322 1507 2353 in
1530 2322 1592 2353 illis
1614 2322 1694 2353 locis
1717 2322 1843 2363 expedit
1865 2333 1984 2364 pueros
2007 2324 2195 2356 nutriendos
2224 2325 2258 2356 in
2281 2325 2436 2367 religione

238 2371 332 2401 clesia
355 2370 458 2406 enim,
483 2370 523 2399 ad
546 2378 644 2410 quarn
669 2375 790 2409 spectat
812 2368 967 2399 iudicium
991 2368 1031 2398 de
1052 2374 1131 2398 voto
1162 2367 1310 2404 solemni,
1362 2366 1438 2404 dari,
1461 2366 1495 2397 in
1519 2367 1637 2408 quibus
1660 2367 1840 2407 optandum
1857 2374 1904 2398 est
1920 2374 1956 2399 ut
1973 2368 2093 2399 similes
2107 2368 2185 2401 finnt
2207 2369 2268 2400 illis
2291 2379 2435 2412 quorum

237 2414 466 2446 rationabiliter
489 2414 534 2444 sic
557 2413 740 2453 praesumit.
766 2413 806 2444 Et
830 2419 997 2453 propterea
1019 2411 1052 2442 in
1071 2418 1157 2443 textu
1173 2411 1310 2451 allegato
1361 2411 1525 2442 consortio
1548 2411 1672 2443 dantur.
1708 2411 1770 2442 Ubi
1793 2418 1900 2443 autem
1929 2422 2083 2452 personae
2107 2423 2246 2454 quarum
2269 2415 2434 2447 consortio

239 2469 276 2490 ex
299 2458 439 2490 Decretis
466 2458 500 2489 in
526 2457 628 2488 littera
649 2457 667 2477 ¹⁶¹
695 2457 810 2488 dicitur
836 2457 926 2498 quod
948 2461 1088 2498 possunt
1116 2457 1225 2487 statim
1247 2466 1309 2497 pa·
1361 2456 1495 2492 dantur,
1520 2456 1691 2496 reprobae,
1715 2462 1771 2487 aut
1800 2455 1956 2493 infames,
1979 2464 2036 2488 aut
2061 2457 2170 2489 deviae
2194 2469 2212 2490 a
2235 2459 2434 2499 regularibus

239 2509 347 2535 rentes
369 2512 535 2534 revocare.
1361 2507 1435 2531 sunt
1458 2499 1629 2536 institutis,
1654 2509 1770 2541 magna
1793 2500 1952 2533 dementia
1975 2508 2022 2534 est
2045 2502 2119 2534 dare
2141 2502 2205 2534 illis
2237 2513 2356 2544 pueros
2379 2510 2436 2537 aut

293 2547 355 2579 Sed
369 2553 484 2578 votum
499 2545 632 2587 simplex
649 2552 755 2587 potest
778 2545 873 2577 etiam
890 2552 964 2586 post
979 2551 1114 2577 aetatem
1132 2543 1308 2584 legitimam
1360 2545 1482 2585 puellas
1506 2544 1701 2576 nutriendas.
1724 2544 1766 2575 Et
1789 2544 1840 2575 hic
1864 2554 1950 2576 error
1972 2545 2069 2577 hodie
2092 2546 2124 2578 in
2148 2547 2259 2578 multis
2277 2547 2363 2589 viget
2385 2547 2434 2580 lo·

238 2603 255 2623 a
279 2591 462 2631 parentibus
486 2589 637 2627 revocari,
662 2589 688 2621 si
711 2590 743 2621 in
767 2597 868 2621 aetate
891 2589 1032 2630 legitima
1055 2599 1122 2620 non
1145 2595 1192 2620 est
1214 2587 1308 2620 ratifi-
1360 2589 1419 2626 cis,
1445 2589 1524 2620 dum
1542 2589 1659 2620 dantur
1675 2588 1766 2629 pueri
1789 2595 1820 2620 et
1844 2589 1969 2630 puellae
1989 2590 2188 2622 monasteriis
2208 2591 2433 2632 religiosorum

238 2643 356 2667 catum.
381 2632 466 2673 Quia
489 2645 527 2666 ex
550 2645 618 2676 quo
641 2641 754 2666 natura
778 2635 849 2666 talis
872 2634 938 2666 voti
966 2634 1061 2665 habet
1090 2633 1308 2664 conditionem
1359 2643 1416 2664 seu
1439 2633 1660 2674 religiosarum
1683 2633 1767 2664 vitae
1789 2634 1982 2671 communis,
2002 2635 2058 2676 qui
2082 2635 2181 2676 vulgo
2205 2637 2434 2669 conventuales

236 2681 326 2712 illam
347 2680 549 2720 implicitam
582 2686 613 2710 et
636 2689 803 2721 nunquam
828 2686 901 2720 post
931 2679 1098 2710 alteratum
1121 2685 1168 2709 est
1194 2686 1307 2709 votum
1359 2688 1414 2709 seu
1428 2678 1622 2710 claustrales
1637 2678 1848 2718 appellantur.
1861 2678 1938 2716 Quo
1950 2678 1986 2710 fit
2002 2687 2038 2712 ut
2053 2679 2248 2712 reformandi
2263 2690 2433 2723 nunquam

237 2726 309 2762 tale,
325 2725 472 2766 quamvis
496 2731 617 2756 mutata
641 2724 682 2755 sit
704 2734 840 2765 persona
863 2734 946 2765 quae
968 2723 1074 2754 vovit:
1099 2730 1240 2754 remanet
1255 2733 1310 2754 vo·
1358 2722 1523 2754 reformari
1546 2722 1685 2773 possint.
1710 2723 1789 2754 dum
1812 2729 2058 2763 transgressores
2081 2724 2163 2756 vitae
2179 2725 2332 2766 regularis
2355 2735 2432 2759 con-

237 2778 307 2801 tum
330 2769 363 2800 in
388 2776 500 2800 natura
524 2776 555 2800 et
577 2768 729 2810 qualitate
755 2778 821 2800 sua.
852 2769 893 2800 Et
916 2774 1166 2809 consequenter,
1191 2777 1265 2799 cum
1289 2778 1307 2799 a
1358 2767 1446 2799 tinue
1471 2766 1656 2798 nutriuntur
1671 2777 1707 2798 ac
1725 2774 1892 2807 augentur.
1918 2767 2011 2799 Unde
2029 2768 2142 2800 sanciri
2165 2769 2293 2801 deberet
2309 2777 2345 2802 ut
2359 2770 2431 2806 nul-

238 2814 394 2856 principio
425 2813 518 2844 fuerit
553 2813 620 2844 sine
650 2813 845 2854 praeiudicio
876 2820 1024 2853 paternae
1052 2811 1233 2854 potestatis,
1262 2812 1306 2844 sic
1358 2813 1408 2843 lus
1431 2822 1520 2852 puer,
1546 2811 1633 2843 nulla
1656 2811 1763 2852 puella
1787 2811 1889 2852 possit
1912 2812 2057 2853 religioni
2081 2813 2170 2851 tradi,
2197 2813 2255 2844 nisi
2281 2813 2335 2845 ubi
2358 2823 2431 2846 vere

237 2868 362 2899 semper
385 2866 572 2899 perseverat,
598 2858 658 2889 nisi
681 2858 885 2899 approbetur.
1359 2856 1475 2887 vivitur
1497 2855 1690 2896 regulariter.
1723 2855 1774 2887 Sic
1797 2855 1884 2887 enirn
1907 2862 1963 2888 aut
1985 2857 2259 2898 exstinguerentur
2281 2858 2430 2900 irregula-

294 2903 330 2934 ll.
355 2903 396 2934 Et
418 2902 498 2934 scito
522 2903 612 2944 quod
635 2902 722 2933 aliud
739 2909 786 2933 est
800 2903 978 2944 approbare
1001 2911 1056 2932 seu
1081 2900 1249 2932 ratificare:
1275 2907 1307 2932 et
1358 2901 1431 2932 riter
1453 2900 1610 2932 viventes:
1635 2907 1691 2932 aut
1714 2900 1975 2938 reformarentur,
2002 2903 2172 2934 vexatione
2192 2902 2292 2934 dante
2312 2903 2360 2934 eis
2381 2903 2430 2934 in·

236 2947 323 2978 aliud
338 2954 386 2978 est
401 2948 526 2979 credere
541 2957 609 2979 esse
624 2947 777 2983 validum,
795 2954 826 2978 et
842 2954 1010 2987 propterea
1025 2946 1140 2978 babere
1155 2945 1305 2977 intentio-
1357 2946 1519 2977 tellectum
1536 2945 1562 2977 *.

1369 552 1578 600 quendam,
1603 559 1646 588 ut
1665 564 1780 601 supra
1799 552 1821 574 *²
1848 553 2021 590 habiturn
2052 562 2118 591 est.
2149 555 2199 591 Et
2228 555 2441 592 secundum
2473 559 2484 569 ⁸

2502 558 2550 586 Qu.
2574 563 2683 587 mxxxvi,

2470 588 2512 607 art.
2527 591 2544 613 1,
2558 585 2588 607 sd
2601 593 2624 613 ⁴-

2470 769 2479 779 ·
2494 768 2553 791 thid.
