2768 4198
38 409 47 416 ⁸
61 406 98 428 Ad
116 406 180 427 Rom.
200 411 250 433 cap.

38 439 80 459 xri,
95 439 153 454 vers.
168 439 187 461 3.

41 584 51 593 ·
66 583 112 610 Qu.
125 589 159 609 ιιι,
173 586 216 604 art.
230 589 250 604 2.

42 936 51 944 ⁴
64 935 102 957 Ad
119 936 182 956 Rom.
201 941 250 962 cap.

42 968 81 985 vn.
98 968 154 983 vers.
170 967 189 982 2.

42 1023 52 1032 ⁸
67 1022 113 1048 Qu.
124 1027 139 1047 ι,
151 1019 250 1042 conclus.

41 1054 52 1076 5
67 1052 88 1069 ct
103 1047 125 1068 6.

41 1163 51 1172 ⁸
65 1162 161 1182 Aristot.
177 1159 252 1181 Ethic.

43 1188 82 1209 lib.
102 1187 130 1210 11.
150 1192 199 1213 cap.
222 1191 251 1212 vi,

41 1220 148 1262 {202¹}st
162 1213 186 1235 ³·
206 1211 251 1233 n.

47 2016 55 2024 ·
70 2014 126 2040 Cap.
142 2020 189 2036 xxi.

54 2752 63 2760 ⁸
78 2750 109 2772 Ca
129 2767 133 2771 .
146 2757 171 2777 ιι,
186 2757 209 2772 ιι.
225 2752 266 2772 8.—

54 2777 78 2798 S.
133 2794 137 2798 .
153 2778 203 2799 lect.
219 2783 243 2799 ιι.

55 2860 65 2870 ·
79 2860 134 2888 Cap.
150 2866 194 2882 xvi.

61 3133 68 3142 '
84 3131 148 3153 Vers.
164 3134 197 3154 28.

63 3290 71 3299 ·
87 3287 143 3314 Cap.
159 3293 203 3309 xix.

278 293 355 328 204

277 359 369 399 prisci
392 359 507 394 Patres,
533 358 574 388 ob
599 366 739 398 quorum
762 354 997 385 venerationem
1021 350 1126 381 decuit
1149 352 1341 383 Auctorem,
1368 350 1371 394 Ἰ

277 403 366 434 decet
389 410 419 434 et
443 413 554 433 omnes
579 401 709 432 moralia
726 401 883 434 docentes,
900 406 1014 436 sapere
1037 395 1080 425 ad
1101 394 1302 424 sobrietatem
1315 391 1341 427 *,
1369 396 1371 434 l

277 455 307 478 et
331 448 450 488 species
474 445 697 486 temperantiae
722 451 751 474 et
774 442 914 473 luxuriae
936 439 1094 480 appellare
1112 438 1206 468 etiam
1224 446 1260 466 ex
1271 446 1342 486 ‘no-n

278 502 333 532 per
356 502 388 522 se
412 491 496 521 illius
518 490 639 530 generis
657 487 845 518 differentiis.
871 485 962 515 Unde
982 491 1012 513 et
1035 485 1166 517 Auctor,
1192 488 1227 511 ut
1249 490 1342 519 virgi—

278 536 407 566 nitatem
437 542 569 576 poneret
592 533 759 574 specialem
783 531 948 564 virtutem,
974 528 1115 568 seipsum
1143 526 1176 556 in
1200 525 1341 574 Quarto,

278 581 347 610 dist.
364 590 457 610 xxxin
471 580 498 615 *,
525 578 665 613 correxit,
692 576 743 606 ubi
760 574 971 613 virginitatem
987 580 1052 603 tam
1069 580 1144 601 cum
1161 579 1259 610 quam
1276 578 1342 598 sine
1369 591 1370 598 ,

278 632 364 660 voto,
390 624 496 653 minus
520 631 594 653 tunc
618 622 727 656 sciens,
752 624 902 659 posuerat
925 623 961 646 ut
984 614 1262 655 magnificentiam.

332 668 385 698 VI.
411 668 446 697 In
466 666 671 706 responsione
688 665 726 694 ad
743 663 893 703 quintum
909 661 1052 691 eiusdem
1068 658 1201 694 articuli,
1218 659 1343 688 adverte

277 713 366 753 quod
395 712 466 742 hinc
495 712 590 740 habes
621 709 709 749 quod
741 707 813 737 licet
836 712 1002 746 peccatum
1026 703 1167 734 luxuriae
1191 703 1223 732 in
1247 702 1343 732 vidua
1369 696 1371 730 l

277 757 315 787 sit
338 756 462 796 gravius
486 764 583 795 quam
598 754 631 783 in
646 753 720 782 alias
736 750 912 786 fornicaria,
930 759 995 779 non
1016 755 1123 779 tamen
1139 746 1344 786 distinguitur
1370 749 1371 779 ἕ

278 801 395 841 specie:
422 809 495 829 curn
517 797 651 827 vidualis
679 795 802 826 castitas
833 804 898 824 non
923 793 962 823 sit
985 792 1128 833 specialis
1152 791 1267 827 virtus,
1293 790 1343 820 cui
1370 783 1372 819 l

278 844 461 875 huiusmodi
483 842 607 872 luxuria
630 847 822 881 opponatur.
852 837 990 869 Aliunde
1015 837 1174 878 siquidem
1199 845 1264 865 non
1289 835 1343 865 ha·
1370 839 1372 870 ξ

278 890 348 919 bere
373 886 606 917 distinctionem
630 883 808 925 specificam
832 882 905 913 satis
929 889 1069 922 apparet,
1094 891 1131 911 ex
1154 890 1220 921 quo
1237 880 1344 910 soluta
1370 878 1371 907 ἶ

279 938 324 963 est
347 942 365 961 a
391 932 453 962 viri
475 931 547 972 Iege
562 930 589 960 *.

333 976 366 1006 ln
399 975 507 1005 eadem
539 973 747 1014 responsione
775 972 910 1003 dubium
935 981 972 1002 ex
994 970 1149 1005 Martino,
1173 969 1206 999 in
1230 968 1345 999 eodem
1371 993 1372 1012 ᾖ

278 1021 376 1056 libro,
400 1030 453 1060 qu.
475 1020 512 1050 de
533 1018 693 1049 Viduitate
711 1018 744 1053 *,
774 1017 929 1052 occurrit,
955 1015 1074 1046 nitente
1099 1015 1232 1054 probare
1255 1013 1345 1054 quod
1371 1013 1372 1039 l

277 1064 410 1095 viduitas
435 1071 480 1094 est
503 1064 601 1094 virtus
626 1062 771 1093 distincta
794 1061 897 1101 specie
922 1071 940 1091 a
963 1059 1140 1100 virginitate
1159 1065 1190 1089 et
1206 1058 1346 1088 castitate
1371 1076 1373 1120 1

278 1109 445 1148 coniugali.
469 1108 510 1138 Et
525 1107 657 1148 quidem
673 1107 762 1148 quod
782 1106 820 1136 sit
839 1106 947 1142 virtus,
964 1105 1077 1145 probat
1093 1104 1167 1144 quia
1191 1110 1237 1133 est
1259 1103 1346 1133 habi·
1371 1121 1374 1162 ἲ

277 1159 329 1184 tus
342 1154 491 1184 electivus
507 1154 538 1183 in
553 1152 720 1183 medietate
735 1152 909 1182 consistens
924 1150 1137 1181 determinata
1154 1149 1279 1179 ratione
1288 1147 1315 1178 *.
1328 1165 1346 1170 —
1372 1163 1374 1169 ν

279 1198 377 1235 Quod
399 1207 475 1227 vero
499 1197 539 1228 sit
562 1196 707 1227 distincta
730 1195 835 1235 specie
858 1195 896 1225 ab
917 1194 994 1231 aliis,
1019 1194 1172 1234 probatur
1195 1191 1269 1233 quia
1293 1191 1348 1221 ha-
1372 1182 1374 1220 l

278 1243 353 1272 bent
377 1242 499 1272 obiecta
515 1241 618 1281 specie
642 1240 805 1271 distincta:
830 1249 906 1269 nam
922 1239 1083 1269 obiectum
1100 1237 1285 1277 virginitatis
1302 1244 1349 1267 est
1373 1236 1374 1263 l

278 1287 439 1326 integritas
468 1286 585 1322 carnis,
611 1285 773 1315 obiectum
797 1283 957 1314 viduitatis
991 1290 1038 1314 est
1061 1282 1255 1313 continentia
1279 1291 1350 1322 per·
1373 1310 1375 1313 ,

280 1338 386 1372 petua.

962 272 1228 321 QUAESTIO
1259 270 1377 316 cmi,

1407 269 1705 306 ARTICULUS
1736 269 1787 305 IV

1397 348 1547 378 castitatis
1571 347 1763 387 coniugalis:
1794 346 1900 377 omnis
1924 353 2031 377 tamen
2055 346 2244 377 huiusmodi
2261 345 2385 376 castitas
2409 345 2468 375 sub

1398 402 1462 422 una
1487 391 1636 423 castitatis
1652 392 1767 423 virtute
1794 391 2086 431 comprehenditur.
2122 391 2221 428 Quod
2251 390 2404 430 probatur
2433 399 2470 419 ex

1397 445 1436 465 eo
1460 437 1549 475 quod
1573 446 1741 476 nunquam
1769 443 1917 476 peccatur
1941 435 2001 465 nisi
2017 442 2128 466 contra
2146 435 2297 465 virtutem
2321 433 2470 464 castitatis

1397 487 1516 520 agatur,
1541 480 1637 510 vidua
1653 480 1739 510 enim
1763 479 1788 509 si
1806 480 1907 516 nubit,
1924 489 1989 510 non
2013 486 2140 519 peccat:
2165 479 2252 509 nulla
2276 485 2385 509 autem
2407 478 2467 508 vir-

1397 531 1447 554 tus
1468 524 1535 554 sine
1552 531 1682 564 peccato
1698 524 1850 564 perditur.
1874 524 1915 554 Et
1929 524 2002 554 licet
2017 524 2080 555 hoc
2094 524 2250 554 Martinus
2267 523 2427 563 negaverit
2442 522 2469 558 *,

1397 579 1414 598 a
1430 568 1560 598 veritate
1576 575 1683 598 tamen
1703 575 1802 604 actus,
1823 568 1996 598 immemor
2019 578 2095 598 suae
2118 567 2314 608 negationis,
2339 566 2471 597 asseruit

1397 620 1480 653 post,
1496 612 1528 642 in
1553 622 1608 652 qu.
1629 622 1639 641 1
1659 612 1697 642 de
1713 612 1864 649 Luxuria,
1886 612 2026 644 conclus.
2047 613 2075 648 3,
2093 613 2261 643 asserendo
2278 613 2366 652 quod
2392 611 2472 642 nihil

1370 676 1371 690 ι
1397 657 1503 687 deiicit
1519 657 1663 686 animum
1681 666 1701 686 a
1724 661 1810 686 statu
1831 657 1959 687 virtutis
1983 657 2046 687 nisi
2063 662 2254 697 peccatum:
2284 663 2315 687 et
2331 665 2387 696 per
2410 655 2471 686 hoc

1398 702 1512 741 probat
1540 701 1629 741 quod
1654 710 1716 730 non
1741 701 1845 730 omnis
1867 705 1961 731 actus
1990 710 2146 732 venereus
2168 702 2297 732 deiiciat
2324 701 2470 731 animum

1398 756 1417 776 a
1443 746 1572 782 virtute,
1598 745 1745 785 quamvis
1775 744 1903 774 deiiciat
1926 744 1967 774 ab
1990 754 2066 775 arce
2090 750 2120 776 et
2143 746 2335 776 excellentia
2360 744 2472 785 perfe-

1398 791 1522 821 ctionis.

1453 834 1503 864 Ad
1528 832 1743 863 obiectionem
1771 841 1846 872 ergo
1875 832 1908 862 in
1933 832 2142 872 oppositum,
2167 833 2353 864 conceditur
2383 833 2473 873 quod

1397 878 1534 909 viduitas
1550 885 1595 908 est
1610 877 1709 907 virtus
1726 876 1886 913 castitatis;
1904 886 1960 906 seu
1977 876 2096 907 claudit
2112 877 2208 908 illam.
2235 877 2370 909 castitas
2387 877 2474 907 enim

1370 943 1371 947 =
1398 922 1514 954 sufficit
1537 922 1577 952 ad
1601 921 1804 952 medietatem
1828 920 2007 961 eligendam
2031 921 2063 951 in
2088 921 2193 952 vidua.

1454 968 1504 998 Ad
1529 967 1702 997 secundam
1725 975 1801 996 vero
1826 965 1939 996 dicitur
1963 966 2052 1006 quod
2077 976 2142 996 non
2164 975 2388 1007 quaecumque
2412 965 2473 996 dis-

1398 1012 1510 1043 tinctio
1535 1011 1746 1046 obiectorum,
1771 1010 1826 1040 sed
1855 1010 1923 1040 sola
1948 1009 2090 1040 formalis
2114 1010 2146 1040 in
2173 1019 2241 1040 esse
2265 1010 2389 1047 morali,
2413 1010 2475 1041 hoc

1399 1064 1446 1087 est
1469 1057 1502 1087 in
1526 1056 1637 1086 ordine
1661 1056 1701 1086 ad
1720 1054 1886 1091 rationem,
1908 1054 2074 1094 distinguit
2093 1054 2196 1095 specie
2212 1054 2362 1085 virtutem
2382 1065 2399 1084 a
2414 1054 2475 1085 vir-

1399 1109 1476 1132 tute.
1509 1101 1637 1132 Servare
1666 1107 1774 1130 autem
1805 1109 1837 1130 se
1868 1099 2048 1130 immunem
2073 1099 2112 1129 ab
2137 1099 2244 1129 illicita
2268 1099 2476 1130 delectatione

1400 1156 1542 1182 venerea,
1567 1146 1656 1186 quod
1681 1144 1816 1185 pertinet
1840 1144 1879 1174 ad
1903 1144 2095 1179 castitatem;
2120 1150 2150 1174 et
2174 1153 2270 1184 super
2292 1143 2365 1180 hoc,
2390 1143 2476 1174 nolle

1399 1191 1491 1221 licitis
1514 1190 1655 1220 venereis
1680 1188 1942 1220 delectationibus
1962 1199 1995 1219 se
2014 1187 2195 1224 immisceri,
2215 1188 2305 1229 quod
2324 1187 2411 1218 addit
2429 1187 2477 1218 vi-

1401 1235 1504 1266 dualis
1520 1234 1658 1271 castitas;
1680 1244 1746 1264 non
1762 1233 2001 1273 distinguuntur
2016 1232 2200 1269 formaliter,
2217 1233 2272 1263 sed
2287 1231 2369 1262 sicut
2389 1239 2477 1262 actus

2497 527 2507 536 ⁸
2522 526 2557 548 Cf.
2573 531 2636 547 num.
2653 532 2683 547 ιν.

1402 1279 1595 1311 necessarius
1624 1286 1654 1309 et
1685 1286 1773 1310 actus
1801 1277 2090 1318 supererogationis
2119 1277 2178 1307 sub
2208 1277 2322 1307 eadem
2350 1276 2478 1307 formali
2530 1296 2533 1300 ι

1401 1324 1537 1360 ratione,
1562 1334 1626 1365 qua
1650 1333 1785 1364 persona
1813 1323 1893 1354 circa
1915 1332 2064 1353 venereas
2088 1321 2312 1352 delectationes
2339 1327 2422 1352 recte
2445 1330 2479 1352 se

335 1377 384 1406 Ad
409 1376 484 1406 haec
507 1374 640 1405 breviter
664 1374 777 1404 dicitur
800 1373 889 1414 quod
912 1372 1048 1403 viduitas
1073 1381 1138 1401 non
1159 1377 1205 1401 est
1229 1379 1347 1400 nornen
1403 1369 1506 1399 habet.
1530 1369 1606 1401 Plus
1630 1368 1726 1404 enim,
1752 1375 1787 1398 ut
1809 1367 1842 1398 in
1866 1367 1968 1398 littera
1992 1367 2116 1404 dicitur,
2142 1366 2276 1406 exigitur
2299 1366 2339 1396 ad
2363 1365 2479 1396 consti-

279 1419 412 1455 virtutis‚
438 1419 492 1450 sed
516 1426 614 1450 status
640 1418 883 1449 continentium.
909 1416 1038 1447 Claudit
1062 1423 1170 1446 autem
1194 1415 1226 1445 in
1243 1425 1275 1445 se
1290 1414 1349 1444 vir-

1403 1413 1561 1444 tutionem
1582 1413 1726 1453 specialis
1741 1412 1866 1443 virtutis
1889 1422 1987 1453 quam
2011 1411 2133 1452 aliquid
2156 1411 2229 1452 plus
2246 1410 2406 1451 dignitatis
2422 1419 2478 1441 seu

281 1471 382 1495 tutem
399 1463 555 1500 castitatis,
570 1471 600 1494 et
616 1463 690 1494 dicit
706 1462 925 1503 perfectiorem
938 1461 1072 1501 gradum
1090 1459 1239 1490 castitatis
1251 1469 1350 1500 quam
1404 1457 1605 1488 excellentiae
1629 1457 1753 1488 habere.

1062 1594 1382 1638 ARTICULUS
1413 1593 1688 1646 QUARTUS

783 1691 939 1722 UTRUM
962 1688 1210 1720 VIRGINITAS
1234 1688 1301 1718 sir
1325 1686 1664 1718 EXCELLENTIOR
1688 1685 1972 1717 MATRIMONlo

864 1767 938 1796 Infra,
958 1774 1004 1800 qu.
1023 1773 1094 1794 crini,
1114 1770 1160 1789 art.
1182 1772 1205 1795 2,
1226 1765 1257 1789 ad
1282 1772 1308 1795 1;
1329 1764 1359 1788 111
1383 1765 1460 1788 Cont.
1482 1764 1571 1793 Gent„
1591 1771 1647 1796 cap.
1666 1770 1765 1793 cxxxvt,
1786 1771 1896 1788 cxxxvii.

369 1869 375 1882 ›
402 1890 410 1899 ,ι
431 1879 440 1886 f
493 1862 515 1886 D
536 1860 708 1891 QUARTUM
729 1859 782 1884 sm
802 1858 1043 1884 PROCEmTUR.
1065 1845 1226 1882 Videtur
1244 1843 1351 1894 quod
1375 1844 1378 1896 Ι

462 1931 468 1949 s
493 1902 685 1950 virginitas
714 1913 793 1938 non
821 1901 867 1937 sit
896 1899 1137 1936 excellentior
1156 1898 1352 1935 matrimo-
1376 1906 1377 1909 ’

477 1953 571 1992 nio.
601 1954 700 1992 Dicit
728 1954 832 1991 enim
860 1953 1109 2001 Augustinus,
1129 1952 1168 1988 in
1189 1952 1286 1988 libro
1306 1951 1352 1987 de
1376 1948 1378 2000 ξ

390 2032 419 2045 »,
506 2020 602 2045 ‚ono
628 2007 833 2057 Coniugali
849 2006 889 2043 *z
918 2007 1009 2043 Non
1031 2006 1156 2055 impar
1174 2005 1350 2042 meritum
1376 2008 1379 2054 ᾖ

284 2062 533 2099 continentiae
561 2067 614 2098 est
640 2062 677 2098 in
698 2062 855 2106 Ioanne,
877 2060 943 2108 qui
960 2060 1083 2096 nullas
1106 2064 1282 2107 expertus
1301 2063 1356 2094 est

284 2117 444 2164 nuptias,
473 2122 509 2152 et
534 2115 572 2151 in
600 2115 810 2160 Abraham,
831 2114 896 2162 qui
917 2113 1017 2160 filios
1035 2113 1244 2163 generavit.
1276 2111 1353 2148 Sed

285 2169 439 2206 maioris
466 2168 614 2205 virtutis
643 2168 766 2204 maius
796 2175 851 2203 est
879 2166 1071 2203 meritum.
1106 2167 1208 2213 Ergo
1242 2164 1354 2212 virgi-

286 2223 380 2259 nitas
409 2234 488 2258 non
523 2229 579 2258 est
606 2221 733 2269 potior
766 2221 886 2257 virtus
924 2232 1040 2268 quam
1081 2219 1230 2256 castitas
1266 2230 1356 2255 con-

287 2275 431 2323 iugalis.

342 2340 377 2365 2.
399 2329 632 2374 PRAETEREA,
650 2339 695 2363 ex
713 2326 850 2363 virtute
871 2326 1062 2374 dependet
1081 2326 1163 2361 laus
1181 2324 1355 2361 virtuosi.

290 2381 330 2418 Si
362 2393 450 2428 ergo
478 2380 672 2428 virginitas
700 2379 953 2428 praeferretur
980 2377 1234 2415 continentiae
1268 2389 1358 2414 con-

289 2434 422 2482 iugali,
451 2433 602 2471 videtur
630 2445 714 2470 esse
748 2444 988 2481 consequens
1027 2431 1133 2480 quod
1169 2430 1360 2480 quaelibet

289 2487 397 2535 virgo
432 2495 530 2524 esset
562 2486 788 2524 laudabilior
815 2486 983 2534 qualibet
1022 2485 1233 2533 coniugata.
1273 2485 1359 2521 Hoc

290 2549 417 2578 autem
448 2547 502 2576 est
529 2541 678 2576 falsum.
709 2540 810 2587 Ergo
839 2539 1033 2587 virginitas
1052 2551 1131 2576 non
1149 2538 1359 2587 praefertur

291 2593 482 2641 coniugio.

346 2648 379 2683 3.
421 2647 663 2693 PRAETEREA,
698 2647 846 2682 bonum
888 2657 1097 2682 commune
1135 2644 1261 2693 potius
1305 2651 1360 2681 est

298 2860 503 2909 Coniugali
518 2859 558 2896 *ε
593 2859 704 2901 Quod
721 2866 776 2896 est
801 2860 904 2896 cibus
927 2860 978 2896 ad
999 2858 1158 2895 salutem
1186 2858 1359 2904 hominis,

293 2915 364 2950 hoc
399 2919 454 2949 est
485 2913 702 2949 concubitus
736 2914 787 2950 ad
817 2913 975 2949 salutem
1011 2913 1171 2949 humani
1196 2912 1359 2962 generis.

292 2966 494 3014 Virginitas
532 2973 659 3003 autem
694 2966 891 3003 ordinatur
919 2967 966 3003 ad
995 2967 1142 3002 bonurn
1172 2965 1359 3013 speciale:

294 3027 334 3056 ut
362 3019 502 3056 scilicet
525 3019 645 3056 vitent
672 3019 948 3056 tribulationem
977 3019 1114 3065 carnis,
1136 3031 1252 3067 quarn
1283 3032 1362 3056 sus-

295 3073 413 3109 tinent
441 3072 629 3122 coniugati
649 3077 684 3120 ²,
714 3072 808 3110 sicut
842 3080 945 3122 patet
972 3084 1040 3121 per
1067 3074 1315 3121 Apostolum,
1348 3074 1360 3109 I

295 3126 346 3162 ad
376 3126 462 3162 Cor.
483 3137 531 3162 vn
550 3126 580 3162 *.
613 3126 715 3174 Ergo
734 3125 929 3174 virginitas
950 3138 1028 3163 non
1048 3133 1104 3163 est
1123 3125 1250 3174 potior
1273 3139 1363 3163 con-

296 3179 450 3215 tinentia
479 3178 680 3227 coniugali.

351 3233 424 3268 SED
454 3244 599 3270 CONTRA
618 3244 684 3269 EST
703 3232 808 3282 quod
829 3232 915 3270 dicit
943 3232 1188 3281 Augustinus,
1209 3232 1246 3270 in
1267 3232 1362 3270 libro

299 3284 344 3320 de
367 3285 537 3334 Virginit.
553 3285 593 3322 *ε
628 3286 738 3323 Certa
767 3286 924 3332 ratione,
954 3292 989 3322 et
1015 3292 1233 3324 sanctarum
1264 3287 1362 3324 Scri-

294 3342 495 3383 pturarum
523 3340 763 3385 auctoritate,
794 3351 861 3376 nec
882 3346 1081 3388 peccatum
1110 3352 1188 3377 esse
1216 3340 1364 3389 nuptias

301 3389 520 3436 invenimus,
550 3403 617 3428 nec
644 3404 707 3429 eas
735 3394 832 3430 bono
860 3393 920 3430 vel
946 3393 1145 3444 virginalis
1173 3394 1363 3431 continen-

302 3442 386 3488 tiae,
407 3443 465 3478 vel
492 3444 603 3480 etiam
631 3445 802 3492 vidualis,
822 3458 1042 3494 aequamus,

357 3565 384 3594 α)
403 3564 547 3597 coniugati.
561 3578 580 3584 -
597 3566 756 3599 coniugatae
774 3568 802 3591 P.

357 3598 385 3632 β)
403 3603 512 3631 tempus.
526 3613 546 3619 -
564 3603 681 3632 tempore
699 3602 856 3634 ABEFLpC,
878 3605 990 3636 tempori
1009 3605 1064 3629 PsC
1083 3610 1108 3629 et
1127 3612 1152 3634 a,
1173 3608 1236 3630 tunc
1254 3605 1286 3631 D.
1390 3570 1394 3635 l

1458 1844 1684 1880 RESPONDEO
1706 1854 1893 1880 DICENDUM
1913 1844 2031 1892 quod,
2062 1844 2158 1882 sicut
2184 1852 2290 1894 patet
2317 1845 2356 1883 in
2384 1845 2482 1883 libro

1404 1897 1635 1944 Hieronymi
1671 1901 1804 1933 contra
1833 1897 1955 1934 Iovin.
1976 1896 2008 1944 *,
2038 1897 2100 1934 hic
2133 1910 2238 1935 error
2276 1899 2346 1936 fuit
2383 1899 2484 1936 Iovi-

1405 1950 1520 1996 niani,
1551 1949 1616 1998 qui
1643 1950 1773 1998 posuit
1792 1949 2048 1997 virginitatem
2078 1963 2159 1988 non
2182 1963 2266 1988 esse
2286 1952 2484 1990 matrimo—

1405 2003 1468 2040 nio
1498 2003 1802 2052 praeferendam.
1843 2003 1920 2050 Qui
1948 2003 2108 2052 quidem
2138 2017 2244 2042 error
2275 2005 2484 2055 praecipue

1406 2057 1610 2094 destruitur
1630 2064 1666 2093 et
1693 2057 1871 2106 exemplo
1893 2057 2045 2104 Christi,
2065 2057 2132 2107 qui
2152 2066 2189 2095 et
2213 2066 2377 2096 matrem
2402 2059 2487 2097 vir-

1379 2156 1381 2166 .
1405 2111 1535 2159 ginem
1563 2109 1687 2158 elegit,
1717 2118 1753 2147 et
1781 2110 1863 2159 ipse
1890 2110 2144 2159 virginitatem
2166 2112 2354 2159 servavit3
2385 2120 2422 2150 et
2440 2124 2485 2152 ex

1408 2164 1581 2201 doctrina
1610 2163 1798 2212 Apostoli,
1829 2163 1906 2212 qui,
1938 2166 1950 2201 I
1980 2165 2032 2202 ad
2054 2165 2142 2202 Cor.
2163 2177 2212 2202 vu
2231 2165 2264 2213 *,
2292 2166 2487 2215 virginita·
2514 2179 2524 2190 ·

1406 2226 1486 2255 tem
1517 2216 1709 2254 consuluit
1737 2225 1923 2265 tanquam
1944 2218 2081 2255 melius
2110 2219 2277 2266 bonum3
2309 2227 2345 2257 et
2369 2219 2486 2258 etiam

1382 2315 1383 2319 Ἰ
1409 2271 1570 2308 ratione.
1609 2271 1713 2309 Turn
1746 2270 1836 2318 quia
1870 2272 2018 2308 bonum
2058 2271 2234 2310 divinum
2270 2280 2326 2310 est
2358 2273 2488 2323 potius

1410 2325 1515 2361 bono
1536 2325 1722 2360 humano.
1744 2324 1848 2360 Turn
1867 2324 1957 2372 quia
1976 2325 2124 2362 bonum
2143 2325 2296 2363 animae
2320 2327 2488 2375 praefer-

1410 2385 1471 2414 tur
1493 2378 1599 2414 bono
1623 2377 1804 2426 corporis.
1836 2378 1941 2414 Tum
1962 2378 2077 2415 etiam
2107 2378 2196 2427 quia
2219 2379 2369 2416 bonum
2397 2393 2488 2419 con-

1383 2452 1386 2472 z
1410 2430 1655 2479 templativae
1676 2430 1777 2467 vitae
1798 2431 2009 2479 praefertur
2029 2432 2134 2469 bono
2155 2432 2302 2470 activae
2321 2432 2352 2469 ²⁸.
2368 2433 2489 2482 Virgi-
2514 2447 2524 2458 ·

1411 2484 1546 2532 ginitas
1566 2491 1696 2521 autem
1717 2484 1916 2522 ordinatur
1934 2485 1983 2522 ad
2010 2486 2158 2523 bonum
2179 2485 2330 2523 animae
2354 2499 2489 2524 secun·

1414 2537 1507 2575 dum
1536 2538 1656 2574 vitam
1693 2538 2056 2587 contemplativam,
2087 2539 2194 2588 quod
2230 2547 2286 2576 est
2318 2541 2490 2591 cogitare

1385 2605 1386 2613 ¹
1412 2603 1457 2628 ea
1477 2603 1575 2640 quae
1592 2596 1679 2628 sunt
1696 2592 1781 2628 Dei.
1813 2591 2046 2640 Coniugium
2068 2600 2198 2630 autem
2222 2592 2421 2631 ordinatur
2439 2594 2490 2632 ad

1385 2676 1386 2698 3
1412 2646 1560 2682 bonum
1582 2644 1767 2694 corporis,
1788 2645 1894 2694 quod
1915 2653 1972 2682 est
1991 2645 2200 2695 corporalis
2226 2646 2490 2696 multiplicatio

291 2701 395 2736 bono
433 2699 601 2748 privato:
636 2706 679 2736 ut
714 2707 817 2748 patet
853 2711 922 2747 per
950 2698 1242 2746 Philosophum,
1276 2697 1314 2734 in
1345 2699 1357 2734 I
1385 2700 1386 2703 ’

289 2754 409 2790 Ethic.
426 2753 445 2774 '¹‘
466 2753 543 2790 Sed
564 2752 786 2800 coniugium
802 2752 999 2789 ordinatur
1018 2753 1066 2789 ad
1087 2752 1233 2788 bonum
1255 2763 1359 2787 com·
1385 2765 1387 2777 ¹

292 2819 425 2843 mune:
455 2806 543 2843 dicit
571 2805 673 2843 enim
703 2806 957 2854 Augustinus,
987 2805 1024 2842 in
1052 2805 1148 2841 libro
1178 2805 1223 2841 de
1250 2806 1359 2841 Bono
1385 2806 1387 2820 ¹

1412 2698 1561 2747 generis
1598 2698 1780 2737 humani:
1812 2706 1848 2735 et
1880 2699 2043 2748 pertinet
2071 2699 2120 2737 ad
2151 2699 2273 2737 vitam
2302 2701 2489 2749 activam,

1412 2752 1502 2801 quia
1522 2751 1581 2789 vir
1601 2759 1637 2788 et
1657 2751 1794 2788 mulier
1815 2751 1850 2789 in
1872 2752 2121 2790 matrimonio
2136 2753 2312 2791 viventes
2331 2766 2490 2792 necesse

1412 2806 1555 2843 habent
1574 2805 1745 2855 cogitare
1758 2817 1856 2854 quae
1868 2812 1957 2843 sunt
1969 2807 2112 2854 mundi,
2129 2814 2170 2844 ut
2185 2815 2289 2856 patet
2302 2819 2373 2857 per
2386 2810 2492 2858 Apo-

1414 2860 1567 2906 stolum,
1599 2860 1611 2894 Ι
1642 2859 1694 2895 ad
1716 2859 1803 2896 Cor.
1825 2871 1871 2896 νιι
1892 2859 1923 2897 *.
1954 2860 2066 2898 Unde
2090 2860 2348 2898 indubitanter
2378 2861 2491 2910 virgi·
2518 2878 2527 2886 ·

1414 2912 1509 2950 nitas
1538 2912 1789 2960 praeferenda
1818 2920 1874 2949 est
1898 2913 2153 2951 continentiae
2183 2913 2381 2963 coniugali.

1467 2968 1526 3003 Ap
1556 2977 1695 3002 ΡκιΜυΜ
1722 2977 1822 3003 ERGO
1850 2978 2037 3004 morannum
2067 2967 2174 3017 quod
2203 2967 2383 3004 meritum
2411 2979 2491 3005 non

1415 3020 1540 3057 solum
1570 3027 1752 3068 pensatur
1780 3031 1825 3056 ex
1858 3032 1997 3068 genere
2026 3029 2151 3068 actus,
2181 3021 2249 3059 sed
2288 3021 2410 3070 magis
2445 3033 2491 3058 ex

1415 3073 1545 3110 animo
1583 3073 1787 3122 operantis.
1828 3073 1972 3111 Habuit
2009 3081 2139 3111 autern
2176 3074 2374 3112 Abraham
2413 3074 2492 3112 ani—

1416 3139 1525 3163 mum
1545 3126 1598 3163 sic
1618 3125 1846 3175 dispositum
1875 3135 1916 3164 ut
1935 3135 2091 3176 paratus
2111 3135 2211 3165 esset
2234 3127 2491 3176 virginitatem

1416 3191 1570 3217 servare
1591 3179 1621 3216 si
1642 3186 1742 3217 esset
1760 3187 1913 3229 tempus
1933 3179 1948 3210 β
1977 3193 2203 3230 congruum.
2234 3182 2292 3218 Ex
2312 3194 2390 3230 quo
2410 3194 2492 3220 me-

1417 3233 1531 3270 ritum
1569 3233 1826 3271 continentiae
1864 3233 2071 3282 coniugalis
2108 3234 2147 3272 in
2184 3234 2268 3284 ipso
2305 3242 2493 3285 aequatur

1417 3286 1555 3324 merito
1591 3286 1846 3324 continentiae
1883 3286 2075 3335 virginalis
2094 3293 2110 3316 Ύ
2142 3287 2180 3325 in
2217 3289 2362 3326 Ioanne
2381 3288 2402 3311 ²¹¹
2434 3301 2492 3326 re·
2518 3326 2528 3336 ,

1417 3347 1550 3389 spectu
1570 3339 1729 3389 praemii
1757 3340 2031 3378 substantialis:
2059 3353 2138 3378 non
2166 3349 2295 3379 autem
2317 3350 2492 3392 respectu

1416 3393 1578 3443 praemii
1606 3392 1850 3437 accidentalis
1869 3390 1894 3430 δ.
1925 3393 2037 3433 Unde
2066 3395 2301 3443 Augustinus
2329 3395 2432 3443 dicit,
2452 3394 2490 3434 in

1417 3447 1514 3484 libro
1549 3447 1595 3484 de
1627 3447 1737 3483 Bono
1771 3446 1977 3496 Coniugali
1992 3446 2031 3492 *‚
2061 3448 2167 3496 quod
2195 3449 2352 3487 Ioannis
2379 3449 2491 3486 caeli·
2520 3460 2528 3470 ·

1473 3570 1500 3630 ἔ)
1519 3569 1668 3610 virginalis.
1682 3582 1702 3611 .-
1720 3569 1886 3610 virginitatis
1898 3570 1932 3610 ·P.

1488 3606 1498 3638 )
1516 3605 1727 3630 substantialis...
1741 3605 1924 3630 accidentalis.
1936 3618 1955 3624 -
1972 3605 2172 3631 accidentalis...
2187 3605 2372 3631 substantialis
2397 3605 2426 3630 Ρ.

2509 1909 2521 1921 ⁸
2535 1909 2586 1930 Lib.
2601 1908 2620 1931 1.

2537 2178 2605 2202 Vm.
2619 2183 2645 2208 ²⁵
2660 2184 2712 2207 sqq.

2543 2875 2707 2904 Vm.33,34.
