<?xml version="1.0" encoding="UTF-8"?>
<!DOCTYPE html PUBLIC "-//W3C//DTD XHTML 1.0 Transitional//EN"
    "http://www.w3.org/TR/xhtml1/DTD/xhtml1-transitional.dtd">
<html xmlns="http://www.w3.org/1999/xhtml" xml:lang="en" lang="en">
 <head>
  <title>
</title>
<meta http-equiv="Content-Type" content="text/html;charset=utf-8" />
  <meta name='ocr-system' content='tesseract 3.04.00' />
  <meta name='ocr-capabilities' content='ocr_page ocr_carea ocr_par ocr_line ocrx_word'/>
</head>
<body>
  <div class='ocr_page' id='page_1' title='image "./operaomniaiussui10thom_0372.png"; bbox 0 0 2768 4198; ppageno 0'>
   <div class='ocr_carea' id='block_1_1' title="bbox 70 1356 202 1377">
    <p class='ocr_par' dir='ltr' id='par_1_1' title="bbox 70 1356 202 1377">
     <span class='ocr_line' id='line_1_1' title="bbox 70 1356 202 1377; baseline -0.008 0"><span class='ocrx_word' id='word_1_1' title='bbox 70 1358 80 1367; x_wconf 81' lang='lat'>¹·</span> <span class='ocrx_word' id='word_1_2' title='bbox 94 1356 158 1377; x_wconf 65' lang='lat' dir='ltr'>Vera.</span> <span class='ocrx_word' id='word_1_3' title='bbox 175 1361 202 1376; x_wconf 64' lang='grc' dir='ltr'>ια.</span> 
     </span>
    </p>
   </div>
   <div class='ocr_carea' id='block_1_2' title="bbox 322 313 396 349">
    <p class='ocr_par' dir='ltr' id='par_1_2' title="bbox 322 313 396 349">
     <span class='ocr_line' id='line_1_2' title="bbox 322 313 396 349; baseline 0 0"><span class='ocrx_word' id='word_1_4' title='bbox 322 313 396 349; x_wconf 86' lang='grc'>330</span> 
     </span>
    </p>
   </div>
   <div class='ocr_carea' id='block_1_3' title="bbox 307 387 1407 1125">
    <p class='ocr_par' dir='ltr' id='par_1_3' title="bbox 307 387 1407 1125">
     <span class='ocr_line' id='line_1_3' title="bbox 319 387 1407 438; baseline -0.006 -10"><span class='ocrx_word' id='word_1_5' title='bbox 319 392 492 428; x_wconf 89' lang='lat' dir='ltr'>modum.</span> <span class='ocrx_word' id='word_1_6' title='bbox 540 392 652 429; x_wconf 90' lang='lat' dir='ltr'>Unde</span> <span class='ocrx_word' id='word_1_7' title='bbox 680 390 885 438; x_wconf 88' lang='lat' dir='ltr'>Dionysius</span> <span class='ocrx_word' id='word_1_8' title='bbox 905 395 919 416; x_wconf 75' lang='grc' dir='ltr'><strong>Υ</strong></span> <span class='ocrx_word' id='word_1_9' title='bbox 949 388 1054 434; x_wconf 81' lang='lat' dir='ltr'>dicit,</span> <span class='ocrx_word' id='word_1_10' title='bbox 1085 387 1123 423; x_wconf 91' lang='lat' dir='ltr'>in</span> <span class='ocrx_word' id='word_1_11' title='bbox 1158 399 1193 423; x_wconf 82' lang='lat' dir='ltr'>lx</span> <span class='ocrx_word' id='word_1_12' title='bbox 1222 398 1303 434; x_wconf 89' lang='lat' dir='ltr'>cap.</span> <span class='ocrx_word' id='word_1_13' title='bbox 1334 387 1380 422; x_wconf 87' lang='lat' dir='ltr'>de</span> <span class='ocrx_word' id='word_1_14' title='bbox 1406 413 1407 431; x_wconf 40' lang='lat' dir='ltr'>J</span> 
     </span>
     <span class='ocr_line' id='line_1_4' title="bbox 318 439 1379 485; baseline -0.008 -3"><span class='ocrx_word' id='word_1_15' title='bbox 318 445 404 481; x_wconf 72' lang='lat' dir='ltr'>Diu.</span> <span class='ocrx_word' id='word_1_16' title='bbox 433 445 550 482; x_wconf 91' lang='lat' dir='ltr'>Nom.</span> <span class='ocrx_word' id='word_1_17' title='bbox 572 445 607 481; x_wconf 71' lang='grc' dir='ltr'>*ε</span> <span class='ocrx_word' id='word_1_18' title='bbox 635 444 779 480; x_wconf 87' lang='lat' dir='ltr'>Eadem</span> <span class='ocrx_word' id='word_1_19' title='bbox 807 442 943 478; x_wconf 84' lang='lat' dir='ltr'><em>similia</em></span> <span class='ocrx_word' id='word_1_20' title='bbox 971 446 1058 476; x_wconf 89' lang='lat' dir='ltr'>sunt</span> <span class='ocrx_word' id='word_1_21' title='bbox 1082 441 1184 485; x_wconf 84' lang='lat' dir='ltr'>Deo,</span> <span class='ocrx_word' id='word_1_22' title='bbox 1214 445 1251 476; x_wconf 90' lang='lat' dir='ltr'>et</span> <span class='ocrx_word' id='word_1_23' title='bbox 1275 439 1379 475; x_wconf 86' lang='lat' dir='ltr'>dissi—</span> 
     </span>
     <span class='ocr_line' id='line_1_5' title="bbox 318 492 1379 546; baseline -0.007 -11"><span class='ocrx_word' id='word_1_24' title='bbox 318 498 443 534; x_wconf 85' lang='lat' dir='ltr'><em>milia:</em></span> <span class='ocrx_word' id='word_1_25' title='bbox 469 499 541 534; x_wconf 84' lang='lat' dir='ltr'>hoc</span> <span class='ocrx_word' id='word_1_26' title='bbox 568 498 715 546; x_wconf 86' lang='lat' dir='ltr'>quidem</span> <span class='ocrx_word' id='word_1_27' title='bbox 738 495 940 532; x_wconf 86' lang='lat' dir='ltr'>secundum</span> <span class='ocrx_word' id='word_1_28' title='bbox 962 493 1237 542; x_wconf 84' lang='lat' dir='ltr'><em>contingentem</em></span> <span class='ocrx_word' id='word_1_29' title='bbox 1258 492 1379 529; x_wconf 90' lang='lat' dir='ltr'>imita-</span> 
     </span>
     <span class='ocr_line' id='line_1_6' title="bbox 317 546 1379 595; baseline -0.006 -8"><span class='ocrx_word' id='word_1_30' title='bbox 317 551 470 595; x_wconf 89' lang='lat' dir='ltr'>tionem‚·</span> <span class='ocrx_word' id='word_1_31' title='bbox 498 552 569 587; x_wconf 86' lang='lat' dir='ltr'>hoc</span> <span class='ocrx_word' id='word_1_32' title='bbox 587 555 710 586; x_wconf 86' lang='lat' dir='ltr'>autem</span> <span class='ocrx_word' id='word_1_33' title='bbox 729 548 931 584; x_wconf 86' lang='lat' dir='ltr'>secundum</span> <span class='ocrx_word' id='word_1_34' title='bbox 952 546 1053 593; x_wconf 85' lang='lat' dir='ltr'>quod</span> <span class='ocrx_word' id='word_1_35' title='bbox 1076 551 1231 582; x_wconf 84' lang='lat' dir='ltr'>causata</span> <span class='ocrx_word' id='word_1_36' title='bbox 1255 546 1379 582; x_wconf 87' lang='lat' dir='ltr'>minus</span> 
     </span>
     <span class='ocr_line' id='line_1_7' title="bbox 315 598 1378 647; baseline -0.006 -7"><span class='ocrx_word' id='word_1_37' title='bbox 315 605 452 640; x_wconf 82' lang='lat' dir='ltr'>hahent</span> <span class='ocrx_word' id='word_1_38' title='bbox 469 615 492 639; x_wconf 92' lang='lat' dir='ltr'>a</span> <span class='ocrx_word' id='word_1_39' title='bbox 512 614 638 639; x_wconf 86' lang='lat' dir='ltr'>causa.</span> <span class='ocrx_word' id='word_1_40' title='bbox 670 600 877 647; x_wconf 89' lang='lat' dir='ltr'>Quodlibet</span> <span class='ocrx_word' id='word_1_41' title='bbox 896 607 1023 635; x_wconf 86' lang='lat' dir='ltr'>autem</span> <span class='ocrx_word' id='word_1_42' title='bbox 1045 599 1191 635; x_wconf 90' lang='lat' dir='ltr'>bonurn</span> <span class='ocrx_word' id='word_1_43' title='bbox 1217 598 1255 635; x_wconf 94' lang='lat' dir='ltr'>in</span> <span class='ocrx_word' id='word_1_44' title='bbox 1276 611 1378 635; x_wconf 86' lang='lat' dir='ltr'>crea-</span> 
     </span>
     <span class='ocr_line' id='line_1_8' title="bbox 315 651 1376 700; baseline -0.006 -7"><span class='ocrx_word' id='word_1_45' title='bbox 315 665 397 693; x_wconf 85' lang='lat' dir='ltr'>tura</span> <span class='ocrx_word' id='word_1_46' title='bbox 426 656 586 692; x_wconf 85' lang='lat' dir='ltr'>existens</span> <span class='ocrx_word' id='word_1_47' title='bbox 622 662 676 690; x_wconf 91' lang='lat' dir='ltr'>est</span> <span class='ocrx_word' id='word_1_48' title='bbox 704 653 894 700; x_wconf 87' lang='lat' dir='ltr'>quaedam</span> <span class='ocrx_word' id='word_1_49' title='bbox 924 651 1145 700; x_wconf 89' lang='lat' dir='ltr'>participata</span> <span class='ocrx_word' id='word_1_50' title='bbox 1169 651 1376 688; x_wconf 89' lang='lat' dir='ltr'>similitudo</span> 
     </span>
     <span class='ocr_line' id='line_1_9' title="bbox 314 705 1376 757; baseline -0.006 -11"><span class='ocrx_word' id='word_1_51' title='bbox 314 709 426 757; x_wconf 91' lang='lat' dir='ltr'>primi</span> <span class='ocrx_word' id='word_1_52' title='bbox 456 709 557 744; x_wconf 89' lang='lat' dir='ltr'>boni.</span> <span class='ocrx_word' id='word_1_53' title='bbox 588 708 636 743; x_wconf 91' lang='lat' dir='ltr'>Et</span> <span class='ocrx_word' id='word_1_54' title='bbox 663 706 749 742; x_wconf 90' lang='lat' dir='ltr'>ideo</span> <span class='ocrx_word' id='word_1_55' title='bbox 774 717 819 741; x_wconf 84' lang='lat' dir='ltr'>ex</span> <span class='ocrx_word' id='word_1_56' title='bbox 839 706 912 741; x_wconf 90' lang='lat' dir='ltr'>hoc</span> <span class='ocrx_word' id='word_1_57' title='bbox 932 705 1016 753; x_wconf 91' lang='lat' dir='ltr'>ipso</span> <span class='ocrx_word' id='word_1_58' title='bbox 1045 705 1151 753; x_wconf 88' lang='lat' dir='ltr'>quod</span> <span class='ocrx_word' id='word_1_59' title='bbox 1170 706 1290 741; x_wconf 90' lang='lat' dir='ltr'>homo</span> <span class='ocrx_word' id='word_1_60' title='bbox 1312 717 1376 753; x_wconf 90' lang='lat' dir='ltr'>ap-</span> 
     </span>
     <span class='ocr_line' id='line_1_10' title="bbox 314 759 1404 810; baseline -0.005 -12"><span class='ocrx_word' id='word_1_61' title='bbox 314 762 417 810; x_wconf 90' lang='lat' dir='ltr'>petiit</span> <span class='ocrx_word' id='word_1_62' title='bbox 445 761 596 807; x_wconf 87' lang='lat' dir='ltr'>aliquod</span> <span class='ocrx_word' id='word_1_63' title='bbox 618 759 806 807; x_wconf 85' lang='lat' dir='ltr'>spirituale</span> <span class='ocrx_word' id='word_1_64' title='bbox 836 759 982 794; x_wconf 92' lang='lat' dir='ltr'>bonum</span> <span class='ocrx_word' id='word_1_65' title='bbox 1003 770 1117 806; x_wconf 89' lang='lat' dir='ltr'>supra</span> <span class='ocrx_word' id='word_1_66' title='bbox 1138 770 1248 794; x_wconf 89' lang='lat' dir='ltr'>suam</span> <span class='ocrx_word' id='word_1_67' title='bbox 1269 770 1377 794; x_wconf 89' lang='lat' dir='ltr'>men·</span> <span class='ocrx_word' id='word_1_68' title='bbox 1402 765 1404 767; x_wconf 73' lang='grc'><strong><em>’</em></strong></span> 
     </span>
     <span class='ocr_line' id='line_1_11' title="bbox 313 811 1376 860; baseline -0.004 -9"><span class='ocrx_word' id='word_1_69' title='bbox 313 827 452 858; x_wconf 79' lang='lat' dir='ltr'>suram,</span> <span class='ocrx_word' id='word_1_70' title='bbox 481 821 522 849; x_wconf 91' lang='lat' dir='ltr'>ut</span> <span class='ocrx_word' id='word_1_71' title='bbox 550 812 692 848; x_wconf 85' lang='lat' dir='ltr'>dictum</span> <span class='ocrx_word' id='word_1_72' title='bbox 715 819 769 847; x_wconf 92' lang='lat' dir='ltr'>est</span> <span class='ocrx_word' id='word_1_73' title='bbox 788 811 818 857; x_wconf 70' lang='lat'>²³⁶,</span> <span class='ocrx_word' id='word_1_74' title='bbox 850 823 1090 860; x_wconf 90' lang='lat' dir='ltr'>consequens</span> <span class='ocrx_word' id='word_1_75' title='bbox 1111 819 1166 846; x_wconf 89' lang='lat' dir='ltr'>est</span> <span class='ocrx_word' id='word_1_76' title='bbox 1185 812 1289 859; x_wconf 91' lang='lat' dir='ltr'>quod</span> <span class='ocrx_word' id='word_1_77' title='bbox 1311 823 1376 859; x_wconf 87' lang='lat' dir='ltr'>ap—</span> 
     </span>
     <span class='ocr_line' id='line_1_12' title="bbox 310 864 1221 915; baseline -0.004 -12"><span class='ocrx_word' id='word_1_78' title='bbox 310 867 456 915; x_wconf 87' lang='lat' dir='ltr'>petierit</span> <span class='ocrx_word' id='word_1_79' title='bbox 485 865 653 902; x_wconf 90' lang='lat' dir='ltr'>divinam</span> <span class='ocrx_word' id='word_1_80' title='bbox 682 864 967 901; x_wconf 90' lang='lat' dir='ltr'>similitudinem</span> <span class='ocrx_word' id='word_1_81' title='bbox 998 864 1221 900; x_wconf 89' lang='lat' dir='ltr'>inordinate.</span> 
     </span>
     <span class='ocr_line' id='line_1_13' title="bbox 364 917 1375 965; baseline -0.003 -9"><span class='ocrx_word' id='word_1_82' title='bbox 364 919 695 956; x_wconf 85' lang='lat' dir='ltr'>Considerandum</span> <span class='ocrx_word' id='word_1_83' title='bbox 717 926 846 954; x_wconf 90' lang='lat' dir='ltr'>tamen</span> <span class='ocrx_word' id='word_1_84' title='bbox 868 925 923 953; x_wconf 91' lang='lat' dir='ltr'>est</span> <span class='ocrx_word' id='word_1_85' title='bbox 947 917 1051 965; x_wconf 91' lang='lat' dir='ltr'>quod</span> <span class='ocrx_word' id='word_1_86' title='bbox 1072 917 1260 965; x_wconf 90' lang='lat' dir='ltr'>appetitus</span> <span class='ocrx_word' id='word_1_87' title='bbox 1288 929 1375 965; x_wconf 93' lang='lat' dir='ltr'>pro-</span> 
     </span>
     <span class='ocr_line' id='line_1_14' title="bbox 308 970 1375 1020; baseline -0.001 -12"><span class='ocrx_word' id='word_1_88' title='bbox 308 973 389 1020; x_wconf 89' lang='lat' dir='ltr'>prie</span> <span class='ocrx_word' id='word_1_89' title='bbox 419 979 474 1008; x_wconf 91' lang='lat' dir='ltr'>est</span> <span class='ocrx_word' id='word_1_90' title='bbox 495 971 546 1008; x_wconf 91' lang='lat' dir='ltr'>rei</span> <span class='ocrx_word' id='word_1_91' title='bbox 566 983 643 1007; x_wconf 91' lang='lat' dir='ltr'>non</span> <span class='ocrx_word' id='word_1_92' title='bbox 663 970 826 1007; x_wconf 90' lang='lat' dir='ltr'>habitae.</span> <span class='ocrx_word' id='word_1_93' title='bbox 857 972 1011 1007; x_wconf 91' lang='lat' dir='ltr'>Bonum</span> <span class='ocrx_word' id='word_1_94' title='bbox 1032 978 1160 1006; x_wconf 88' lang='lat' dir='ltr'>autern</span> <span class='ocrx_word' id='word_1_95' title='bbox 1179 970 1375 1019; x_wconf 86' lang='lat' dir='ltr'>spirituale</span> 
     </span>
     <span class='ocr_line' id='line_1_15' title="bbox 307 1023 1375 1073; baseline -0.002 -12"><span class='ocrx_word' id='word_1_96' title='bbox 307 1026 517 1062; x_wconf 91' lang='lat' dir='ltr'>secundum</span> <span class='ocrx_word' id='word_1_97' title='bbox 538 1024 642 1073; x_wconf 90' lang='lat' dir='ltr'>quod</span> <span class='ocrx_word' id='word_1_98' title='bbox 663 1032 835 1060; x_wconf 90' lang='lat' dir='ltr'>creatura</span> <span class='ocrx_word' id='word_1_99' title='bbox 855 1023 1045 1060; x_wconf 91' lang='lat' dir='ltr'>rationalis</span> <span class='ocrx_word' id='word_1_100' title='bbox 1065 1023 1263 1071; x_wconf 85' lang='lat' dir='ltr'>participat</span> <span class='ocrx_word' id='word_1_101' title='bbox 1283 1023 1375 1060; x_wconf 90' lang='lat' dir='ltr'>divi-</span> 
     </span>
     <span class='ocr_line' id='line_1_16' title="bbox 308 1076 1372 1125; baseline -0.001 -11"><span class='ocrx_word' id='word_1_102' title='bbox 308 1090 397 1114; x_wconf 88' lang='lat' dir='ltr'>nam</span> <span class='ocrx_word' id='word_1_103' title='bbox 417 1078 715 1123; x_wconf 88' lang='lat' dir='ltr'>similitudinem,</span> <span class='ocrx_word' id='word_1_104' title='bbox 740 1085 864 1125; x_wconf 91' lang='lat' dir='ltr'>potest</span> <span class='ocrx_word' id='word_1_105' title='bbox 888 1077 1100 1114; x_wconf 92' lang='lat' dir='ltr'>secundum</span> <span class='ocrx_word' id='word_1_106' title='bbox 1129 1076 1199 1112; x_wconf 81' lang='lat' dir='ltr'>tria</span> <span class='ocrx_word' id='word_1_107' title='bbox 1218 1077 1372 1114; x_wconf 89' lang='lat' dir='ltr'>attendi.</span> 
     </span>
    </p>
   </div>
   <div class='ocr_carea' id='block_1_4' title="bbox 78 407 290 472">
    <p class='ocr_par' dir='ltr' id='par_1_4' title="bbox 78 407 290 472">
     <span class='ocr_line' id='line_1_17' title="bbox 78 407 290 472; baseline -0.005 0"><span class='ocrx_word' id='word_1_108' title='bbox 78 449 90 461; x_wconf 79' lang='lat'>⁸</span> <span class='ocrx_word' id='word_1_109' title='bbox 103 449 127 472; x_wconf 88' lang='lat' dir='ltr'>S.</span> <span class='ocrx_word' id='word_1_110' title='bbox 139 407 245 472; x_wconf 45' lang='lat' dir='ltr'>Thirlect.</span> <span class='ocrx_word' id='word_1_111' title='bbox 257 456 290 471; x_wconf 85' lang='grc' dir='ltr'>ιιι.</span> 
     </span>
    </p>
   </div>
   <div class='ocr_carea' id='block_1_5' title="bbox 77 823 270 851">
    <p class='ocr_par' dir='ltr' id='par_1_5' title="bbox 77 823 270 851">
     <span class='ocr_line' id='line_1_18' title="bbox 77 823 270 851; baseline 0 -6"><span class='ocrx_word' id='word_1_112' title='bbox 77 825 86 834; x_wconf 80' lang='grc'><em>·</em></span> <span class='ocrx_word' id='word_1_113' title='bbox 99 824 149 845; x_wconf 78' lang='lat' dir='ltr'>Art.</span> <span class='ocrx_word' id='word_1_114' title='bbox 165 823 270 851; x_wconf 76' lang='lat' dir='ltr'>praeced.</span> 
     </span>
    </p>
   </div>
   <div class='ocr_carea' id='block_1_6' title="bbox 71 1130 1401 2250">
    <p class='ocr_par' dir='ltr' id='par_1_6' title="bbox 71 1130 1402 2090">
     <span class='ocr_line' id='line_1_19' title="bbox 308 1130 1375 1179; baseline -0.002 -11"><span class='ocrx_word' id='word_1_115' title='bbox 308 1132 436 1168; x_wconf 84' lang='lat' dir='ltr'>Primo</span> <span class='ocrx_word' id='word_1_116' title='bbox 457 1131 626 1179; x_wconf 85' lang='lat' dir='ltr'>quidem,</span> <span class='ocrx_word' id='word_1_117' title='bbox 647 1130 860 1167; x_wconf 90' lang='lat' dir='ltr'>secundum</span> <span class='ocrx_word' id='word_1_118' title='bbox 882 1130 1008 1179; x_wconf 88' lang='lat' dir='ltr'>ipsum</span> <span class='ocrx_word' id='word_1_119' title='bbox 1030 1142 1112 1166; x_wconf 91' lang='lat' dir='ltr'>esse</span> <span class='ocrx_word' id='word_1_120' title='bbox 1133 1138 1303 1166; x_wconf 88' lang='lat' dir='ltr'>naturae.</span> <span class='ocrx_word' id='word_1_121' title='bbox 1326 1130 1375 1166; x_wconf 92' lang='lat' dir='ltr'>Et</span> 
     </span>
     <span class='ocr_line' id='line_1_20' title="bbox 306 1183 1375 1232; baseline -0.002 -11"><span class='ocrx_word' id='word_1_122' title='bbox 306 1184 387 1221; x_wconf 88' lang='lat' dir='ltr'>talis</span> <span class='ocrx_word' id='word_1_123' title='bbox 423 1184 627 1221; x_wconf 85' lang='lat' dir='ltr'>similitudo</span> <span class='ocrx_word' id='word_1_124' title='bbox 666 1184 713 1219; x_wconf 92' lang='lat' dir='ltr'>ab</span> <span class='ocrx_word' id='word_1_125' title='bbox 743 1184 826 1232; x_wconf 90' lang='lat' dir='ltr'>ipso</span> <span class='ocrx_word' id='word_1_126' title='bbox 857 1183 1057 1220; x_wconf 89' lang='lat' dir='ltr'>creationis</span> <span class='ocrx_word' id='word_1_127' title='bbox 1085 1183 1273 1232; x_wconf 92' lang='lat' dir='ltr'>principio</span> <span class='ocrx_word' id='word_1_128' title='bbox 1307 1183 1375 1219; x_wconf 86' lang='lat' dir='ltr'>fuit</span> 
     </span>
     <span class='ocr_line' id='line_1_21' title="bbox 71 1236 1373 1286; baseline -0.001 -12"><span class='ocrx_word' id='word_1_129' title='bbox 71 1249 80 1258; x_wconf 88' lang='lat'><strong>·</strong></span> <span class='ocrx_word' id='word_1_130' title='bbox 95 1247 159 1268; x_wconf 76' lang='lat' dir='ltr'>vers·</span> <span class='ocrx_word' id='word_1_131' title='bbox 175 1246 210 1274; x_wconf 74' lang='lat'>26,</span> <span class='ocrx_word' id='word_1_132' title='bbox 225 1252 258 1274; x_wconf 85' lang='lat'>27-</span> <span class='ocrx_word' id='word_1_133' title='bbox 307 1238 491 1286; x_wconf 87' lang='lat' dir='ltr'>impressa</span> <span class='ocrx_word' id='word_1_134' title='bbox 511 1245 547 1273; x_wconf 89' lang='lat' dir='ltr'>et</span> <span class='ocrx_word' id='word_1_135' title='bbox 566 1236 724 1282; x_wconf 80' lang='lat' dir='ltr'>homini,</span> <span class='ocrx_word' id='word_1_136' title='bbox 741 1237 788 1273; x_wconf 91' lang='lat' dir='ltr'>de</span> <span class='ocrx_word' id='word_1_137' title='bbox 809 1249 885 1285; x_wconf 91' lang='lat' dir='ltr'>quo</span> <span class='ocrx_word' id='word_1_138' title='bbox 908 1237 1054 1278; x_wconf 85' lang='lat' dir='ltr'>dicitur,</span> <span class='ocrx_word' id='word_1_139' title='bbox 1075 1236 1167 1273; x_wconf 86' lang='lat' dir='ltr'>Gen.</span> <span class='ocrx_word' id='word_1_140' title='bbox 1190 1236 1245 1283; x_wconf 67' lang='lat'>1²⁸,</span> <span class='ocrx_word' id='word_1_141' title='bbox 1268 1237 1373 1285; x_wconf 89' lang='lat' dir='ltr'>quod</span> 
     </span>
     <span class='ocr_line' id='line_1_22' title="bbox 295 1290 1373 1339; baseline -0.001 -12"><span class='ocrx_word' id='word_1_142' title='bbox 295 1292 393 1339; x_wconf 89' lang='lat' dir='ltr'>fecit</span> <span class='ocrx_word' id='word_1_143' title='bbox 414 1292 517 1327; x_wconf 88' lang='lat' dir='ltr'>Deus</span> <span class='ocrx_word' id='word_1_144' title='bbox 535 1291 724 1326; x_wconf 89' lang='lat' dir='ltr'>hominem</span> <span class='ocrx_word' id='word_1_145' title='bbox 745 1291 796 1326; x_wconf 87' lang='lat' dir='ltr'>ad</span> <span class='ocrx_word' id='word_1_146' title='bbox 814 1291 1021 1339; x_wconf 79' lang='lat' dir='ltr'>imaginem</span> <span class='ocrx_word' id='word_1_147' title='bbox 1041 1295 1077 1326; x_wconf 90' lang='lat' dir='ltr'>et</span> <span class='ocrx_word' id='word_1_148' title='bbox 1093 1290 1373 1327; x_wconf 85' lang='lat' dir='ltr'>similitudinem</span> 
     </span>
     <span class='ocr_line' id='line_1_23' title="bbox 304 1343 1372 1392; baseline -0.001 -11"><span class='ocrx_word' id='word_1_149' title='bbox 304 1357 436 1388; x_wconf 88' lang='lat' dir='ltr'>suam,·</span> <span class='ocrx_word' id='word_1_150' title='bbox 465 1353 499 1380; x_wconf 89' lang='lat' dir='ltr'>et</span> <span class='ocrx_word' id='word_1_151' title='bbox 528 1344 675 1391; x_wconf 83' lang='lat' dir='ltr'>angelo,</span> <span class='ocrx_word' id='word_1_152' title='bbox 698 1343 745 1380; x_wconf 90' lang='lat' dir='ltr'>de</span> <span class='ocrx_word' id='word_1_153' title='bbox 767 1356 845 1390; x_wconf 92' lang='lat' dir='ltr'>quo</span> <span class='ocrx_word' id='word_1_154' title='bbox 876 1343 1020 1390; x_wconf 87' lang='lat' dir='ltr'>dicitur,</span> <span class='ocrx_word' id='word_1_155' title='bbox 1049 1344 1185 1392; x_wconf 66' lang='lat' dir='ltr'>Ezech.</span> <span class='ocrx_word' id='word_1_156' title='bbox 1206 1343 1372 1380; x_wconf 78' lang='lat' dir='ltr'>xxvi11*:</span> 
     </span>
     <span class='ocr_line' id='line_1_24' title="bbox 311 1397 1372 1447; baseline -0.002 -12"><span class='ocrx_word' id='word_1_157' title='bbox 311 1400 364 1435; x_wconf 91' lang='lat' dir='ltr'>Tu</span> <span class='ocrx_word' id='word_1_158' title='bbox 399 1397 639 1447; x_wconf 79' lang='lat' dir='ltr'>signaculum</span> <span class='ocrx_word' id='word_1_159' title='bbox 674 1397 936 1434; x_wconf 84' lang='lat' dir='ltr'>similitudinis.</span> <span class='ocrx_word' id='word_1_160' title='bbox 972 1418 996 1424; x_wconf 93' lang='lat'><em>—</em></span> <span class='ocrx_word' id='word_1_161' title='bbox 1036 1397 1217 1433; x_wconf 90' lang='lat' dir='ltr'>Secundo</span> <span class='ocrx_word' id='word_1_162' title='bbox 1255 1409 1372 1444; x_wconf 89' lang='lat' dir='ltr'>vero,</span> 
     </span>
     <span class='ocr_line' id='line_1_25' title="bbox 305 1449 1401 1500; baseline -0.002 -12"><span class='ocrx_word' id='word_1_163' title='bbox 305 1458 487 1500; x_wconf 90' lang='lat' dir='ltr'>quantum</span> <span class='ocrx_word' id='word_1_164' title='bbox 519 1451 566 1486; x_wconf 86' lang='lat' dir='ltr'>ad</span> <span class='ocrx_word' id='word_1_165' title='bbox 595 1450 863 1498; x_wconf 89' lang='lat' dir='ltr'>cognitionem.</span> <span class='ocrx_word' id='word_1_166' title='bbox 895 1451 943 1487; x_wconf 89' lang='lat' dir='ltr'>Et</span> <span class='ocrx_word' id='word_1_167' title='bbox 971 1451 1070 1487; x_wconf 88' lang='lat' dir='ltr'>hanc</span> <span class='ocrx_word' id='word_1_168' title='bbox 1099 1450 1214 1487; x_wconf 88' lang='lat' dir='ltr'>etiarn</span> <span class='ocrx_word' id='word_1_169' title='bbox 1245 1449 1374 1486; x_wconf 92' lang='lat' dir='ltr'>simili·</span> <span class='ocrx_word' id='word_1_170' title='bbox 1400 1452 1401 1481; x_wconf 65' lang='grc' dir='ltr'><strong>ἓ</strong></span> 
     </span>
     <span class='ocr_line' id='line_1_26' title="bbox 303 1503 1372 1553; baseline -0.001 -12"><span class='ocrx_word' id='word_1_171' title='bbox 303 1505 472 1542; x_wconf 84' lang='lat' dir='ltr'>tudinem</span> <span class='ocrx_word' id='word_1_172' title='bbox 502 1504 539 1540; x_wconf 89' lang='lat' dir='ltr'>in</span> <span class='ocrx_word' id='word_1_173' title='bbox 570 1503 626 1541; x_wconf 90' lang='lat' dir='ltr'>sui</span> <span class='ocrx_word' id='word_1_174' title='bbox 656 1504 847 1541; x_wconf 91' lang='lat' dir='ltr'>creatione</span> <span class='ocrx_word' id='word_1_175' title='bbox 881 1505 1037 1552; x_wconf 88' lang='lat' dir='ltr'>angelus</span> <span class='ocrx_word' id='word_1_176' title='bbox 1066 1504 1232 1553; x_wconf 86' lang='lat' dir='ltr'>accepit:</span> <span class='ocrx_word' id='word_1_177' title='bbox 1270 1504 1372 1541; x_wconf 93' lang='lat' dir='ltr'>unde</span> 
     </span>
     <span class='ocr_line' id='line_1_27' title="bbox 303 1557 1372 1607; baseline 0 -13"><span class='ocrx_word' id='word_1_178' title='bbox 303 1558 339 1594; x_wconf 91' lang='lat' dir='ltr'>in</span> <span class='ocrx_word' id='word_1_179' title='bbox 368 1557 583 1607; x_wconf 88' lang='lat' dir='ltr'>praemissis</span> <span class='ocrx_word' id='word_1_180' title='bbox 612 1557 761 1604; x_wconf 83' lang='lat' dir='ltr'>verbis,</span> <span class='ocrx_word' id='word_1_181' title='bbox 793 1570 881 1594; x_wconf 90' lang='lat' dir='ltr'>cum</span> <span class='ocrx_word' id='word_1_182' title='bbox 913 1558 1056 1595; x_wconf 91' lang='lat' dir='ltr'>dictum</span> <span class='ocrx_word' id='word_1_183' title='bbox 1087 1566 1206 1604; x_wconf 92' lang='lat' dir='ltr'>esset,</span> <span class='ocrx_word' id='word_1_184' title='bbox 1241 1558 1296 1594; x_wconf 90' lang='lat' dir='ltr'>Tu</span> <span class='ocrx_word' id='word_1_185' title='bbox 1325 1558 1372 1594; x_wconf 92' lang='lat' dir='ltr'>si-</span> 
     </span>
     <span class='ocr_line' id='line_1_28' title="bbox 301 1611 1373 1661; baseline -0.001 -13"><span class='ocrx_word' id='word_1_186' title='bbox 301 1612 507 1661; x_wconf 79' lang='lat' dir='ltr'>gnaculum</span> <span class='ocrx_word' id='word_1_187' title='bbox 544 1611 811 1657; x_wconf 84' lang='lat' dir='ltr'>similitudinis,</span> <span class='ocrx_word' id='word_1_188' title='bbox 847 1611 971 1648; x_wconf 89' lang='lat' dir='ltr'>statim</span> <span class='ocrx_word' id='word_1_189' title='bbox 1007 1611 1199 1647; x_wconf 91' lang='lat' dir='ltr'>subditur:</span> <span class='ocrx_word' id='word_1_190' title='bbox 1237 1611 1373 1659; x_wconf 87' lang='lat' dir='ltr'>plenus</span> 
     </span>
     <span class='ocr_line' id='line_1_29' title="bbox 300 1664 1372 1714; baseline -0.002 -12"><span class='ocrx_word' id='word_1_191' title='bbox 300 1665 492 1714; x_wconf 85' lang='lat' dir='ltr'>sapientia.</span> <span class='ocrx_word' id='word_1_192' title='bbox 538 1665 613 1702; x_wconf 92' lang='lat' dir='ltr'>Sed</span> <span class='ocrx_word' id='word_1_193' title='bbox 651 1664 798 1714; x_wconf 90' lang='lat' dir='ltr'>primus</span> <span class='ocrx_word' id='word_1_194' title='bbox 835 1666 955 1701; x_wconf 92' lang='lat' dir='ltr'>homo</span> <span class='ocrx_word' id='word_1_195' title='bbox 995 1664 1032 1700; x_wconf 91' lang='lat' dir='ltr'>in</span> <span class='ocrx_word' id='word_1_196' title='bbox 1071 1676 1140 1701; x_wconf 87' lang='lat' dir='ltr'>sua</span> <span class='ocrx_word' id='word_1_197' title='bbox 1179 1664 1372 1701; x_wconf 90' lang='lat' dir='ltr'>creatione</span> 
     </span>
     <span class='ocr_line' id='line_1_30' title="bbox 300 1717 1371 1766; baseline -0.001 -11"><span class='ocrx_word' id='word_1_198' title='bbox 300 1719 408 1755; x_wconf 90' lang='lat' dir='ltr'>istam</span> <span class='ocrx_word' id='word_1_199' title='bbox 438 1717 724 1755; x_wconf 90' lang='lat' dir='ltr'>similitudinem</span> <span class='ocrx_word' id='word_1_200' title='bbox 755 1718 930 1755; x_wconf 90' lang='lat' dir='ltr'>nondum</span> <span class='ocrx_word' id='word_1_201' title='bbox 960 1725 1047 1754; x_wconf 85' lang='lat' dir='ltr'>actu</span> <span class='ocrx_word' id='word_1_202' title='bbox 1076 1718 1237 1766; x_wconf 89' lang='lat' dir='ltr'>adeptus</span> <span class='ocrx_word' id='word_1_203' title='bbox 1272 1725 1371 1765; x_wconf 86' lang='lat' dir='ltr'>erat,</span> 
     </span>
     <span class='ocr_line' id='line_1_31' title="bbox 301 1770 1371 1820; baseline -0.001 -12"><span class='ocrx_word' id='word_1_204' title='bbox 301 1772 366 1809; x_wconf 90' lang='lat' dir='ltr'>sed</span> <span class='ocrx_word' id='word_1_205' title='bbox 403 1772 527 1809; x_wconf 91' lang='lat' dir='ltr'>solum</span> <span class='ocrx_word' id='word_1_206' title='bbox 566 1771 603 1808; x_wconf 93' lang='lat' dir='ltr'>in</span> <span class='ocrx_word' id='word_1_207' title='bbox 642 1771 822 1820; x_wconf 89' lang='lat' dir='ltr'>potentia.</span> <span class='ocrx_word' id='word_1_208' title='bbox 857 1793 881 1799; x_wconf 93' lang='lat'>-</span> <span class='ocrx_word' id='word_1_209' title='bbox 916 1770 1067 1817; x_wconf 88' lang='lat' dir='ltr'>Tertio,</span> <span class='ocrx_word' id='word_1_210' title='bbox 1097 1779 1285 1820; x_wconf 89' lang='lat' dir='ltr'>quantum</span> <span class='ocrx_word' id='word_1_211' title='bbox 1322 1771 1371 1808; x_wconf 94' lang='lat' dir='ltr'>ad</span> 
     </span>
     <span class='ocr_line' id='line_1_32' title="bbox 300 1824 1380 1875; baseline -0.002 -13"><span class='ocrx_word' id='word_1_212' title='bbox 300 1834 526 1875; x_wconf 88' lang='lat' dir='ltr'>potestatem</span> <span class='ocrx_word' id='word_1_213' title='bbox 547 1825 744 1874; x_wconf 86' lang='lat' dir='ltr'>operandi.</span> <span class='ocrx_word' id='word_1_214' title='bbox 776 1825 825 1862; x_wconf 89' lang='lat' dir='ltr'>Et</span> <span class='ocrx_word' id='word_1_215' title='bbox 853 1825 953 1861; x_wconf 88' lang='lat' dir='ltr'>hanc</span> <span class='ocrx_word' id='word_1_216' title='bbox 973 1824 1258 1861; x_wconf 90' lang='lat' dir='ltr'>similitudinem</span> <span class='ocrx_word' id='word_1_217' title='bbox 1278 1836 1380 1866; x_wconf 50' lang='lat' dir='ltr'>non-¹</span> 
     </span>
     <span class='ocr_line' id='line_1_33' title="bbox 301 1878 1372 1928; baseline -0.002 -12"><span class='ocrx_word' id='word_1_218' title='bbox 301 1880 392 1916; x_wconf 91' lang='lat' dir='ltr'>dum</span> <span class='ocrx_word' id='word_1_219' title='bbox 423 1887 527 1916; x_wconf 89' lang='lat' dir='ltr'>erant</span> <span class='ocrx_word' id='word_1_220' title='bbox 555 1879 592 1916; x_wconf 87' lang='lat' dir='ltr'>in</span> <span class='ocrx_word' id='word_1_221' title='bbox 622 1886 707 1915; x_wconf 91' lang='lat' dir='ltr'>actu</span> <span class='ocrx_word' id='word_1_222' title='bbox 733 1878 894 1915; x_wconf 89' lang='lat' dir='ltr'>assecuti</span> <span class='ocrx_word' id='word_1_223' title='bbox 923 1890 1049 1928; x_wconf 90' lang='lat' dir='ltr'>neque</span> <span class='ocrx_word' id='word_1_224' title='bbox 1069 1878 1227 1925; x_wconf 87' lang='lat' dir='ltr'>angelus</span> <span class='ocrx_word' id='word_1_225' title='bbox 1247 1890 1372 1926; x_wconf 91' lang='lat' dir='ltr'>neque</span> 
     </span>
     <span class='ocr_line' id='line_1_34' title="bbox 300 1931 1400 1981; baseline -0.002 -11"><span class='ocrx_word' id='word_1_226' title='bbox 300 1934 418 1970; x_wconf 89' lang='lat' dir='ltr'>homo</span> <span class='ocrx_word' id='word_1_227' title='bbox 448 1933 485 1970; x_wconf 92' lang='lat' dir='ltr'>in</span> <span class='ocrx_word' id='word_1_228' title='bbox 515 1933 598 1981; x_wconf 90' lang='lat' dir='ltr'>ipso</span> <span class='ocrx_word' id='word_1_229' title='bbox 629 1932 831 1969; x_wconf 90' lang='lat' dir='ltr'>creationis</span> <span class='ocrx_word' id='word_1_230' title='bbox 859 1931 1068 1981; x_wconf 90' lang='lat' dir='ltr'>principio:</span> <span class='ocrx_word' id='word_1_231' title='bbox 1099 1931 1189 1980; x_wconf 90' lang='lat' dir='ltr'>quia</span> <span class='ocrx_word' id='word_1_232' title='bbox 1221 1931 1373 1980; x_wconf 88' lang='lat' dir='ltr'>utrique</span> <span class='ocrx_word' id='word_1_233' title='bbox 1398 1958 1400 1962; x_wconf 29' lang='grc' dir='ltr'>ι</span> 
     </span>
     <span class='ocr_line' id='line_1_35' title="bbox 300 1984 1371 2035; baseline -0.001 -12"><span class='ocrx_word' id='word_1_234' title='bbox 300 1987 464 2024; x_wconf 84' lang='lat' dir='ltr'>restabat</span> <span class='ocrx_word' id='word_1_235' title='bbox 501 1985 644 2035; x_wconf 92' lang='lat' dir='ltr'>aliquid</span> <span class='ocrx_word' id='word_1_236' title='bbox 674 1986 866 2034; x_wconf 89' lang='lat' dir='ltr'>agendum</span> <span class='ocrx_word' id='word_1_237' title='bbox 906 1997 984 2034; x_wconf 93' lang='lat' dir='ltr'>quo</span> <span class='ocrx_word' id='word_1_238' title='bbox 1015 1986 1062 2022; x_wconf 92' lang='lat' dir='ltr'>ad</span> <span class='ocrx_word' id='word_1_239' title='bbox 1093 1984 1371 2022; x_wconf 85' lang='lat' dir='ltr'>beatitudinem</span> 
     </span>
     <span class='ocr_line' id='line_1_36' title="bbox 299 2040 528 2090; baseline -0.004 -13"><span class='ocrx_word' id='word_1_240' title='bbox 299 2040 528 2090; x_wconf 84' lang='lat' dir='ltr'>perveniret.</span> 
     </span>
    </p>

    <p class='ocr_par' dir='ltr' id='par_1_7' title="bbox 298 2088 1400 2250">
     <span class='ocr_line' id='line_1_37' title="bbox 352 2088 1400 2141; baseline -0.004 -11"><span class='ocrx_word' id='word_1_241' title='bbox 352 2095 401 2130; x_wconf 91' lang='lat' dir='ltr'>Et</span> <span class='ocrx_word' id='word_1_242' title='bbox 429 2093 516 2131; x_wconf 90' lang='lat' dir='ltr'>ideo</span> <span class='ocrx_word' id='word_1_243' title='bbox 548 2105 634 2129; x_wconf 90' lang='lat' dir='ltr'>curn</span> <span class='ocrx_word' id='word_1_244' title='bbox 661 2101 834 2140; x_wconf 91' lang='lat' dir='ltr'>uterque,</span> <span class='ocrx_word' id='word_1_245' title='bbox 861 2091 1002 2128; x_wconf 89' lang='lat' dir='ltr'>scilicet</span> <span class='ocrx_word' id='word_1_246' title='bbox 1031 2091 1206 2129; x_wconf 87' lang='lat' dir='ltr'>diabolus</span> <span class='ocrx_word' id='word_1_247' title='bbox 1235 2100 1271 2129; x_wconf 92' lang='lat' dir='ltr'>et</span> <span class='ocrx_word' id='word_1_248' title='bbox 1298 2091 1372 2141; x_wconf 89' lang='lat' dir='ltr'>pri·</span> <span class='ocrx_word' id='word_1_249' title='bbox 1398 2088 1400 2126; x_wconf 77' lang='grc' dir='ltr'><strong><em>ἶ</em></strong></span> 
     </span>
     <span class='ocr_line' id='line_1_38' title="bbox 300 2145 1373 2195; baseline -0.002 -11"><span class='ocrx_word' id='word_1_250' title='bbox 300 2160 385 2184; x_wconf 90' lang='lat' dir='ltr'>mus</span> <span class='ocrx_word' id='word_1_251' title='bbox 413 2148 546 2194; x_wconf 89' lang='lat' dir='ltr'>homo,</span> <span class='ocrx_word' id='word_1_252' title='bbox 567 2146 781 2184; x_wconf 82' lang='lat' dir='ltr'>inordinate</span> <span class='ocrx_word' id='word_1_253' title='bbox 803 2145 974 2183; x_wconf 89' lang='lat' dir='ltr'>divinam</span> <span class='ocrx_word' id='word_1_254' title='bbox 995 2145 1282 2182; x_wconf 89' lang='lat' dir='ltr'>similitudinem</span> <span class='ocrx_word' id='word_1_255' title='bbox 1307 2158 1373 2195; x_wconf 89' lang='lat' dir='ltr'>ap-</span> 
     </span>
     <span class='ocr_line' id='line_1_39' title="bbox 298 2198 1399 2250; baseline -0.002 -12"><span class='ocrx_word' id='word_1_256' title='bbox 298 2201 483 2250; x_wconf 84' lang='lat' dir='ltr'>petierint,</span> <span class='ocrx_word' id='word_1_257' title='bbox 515 2208 650 2237; x_wconf 90' lang='lat' dir='ltr'>neuter</span> <span class='ocrx_word' id='word_1_258' title='bbox 670 2212 806 2237; x_wconf 89' lang='lat' dir='ltr'>eorum</span> <span class='ocrx_word' id='word_1_259' title='bbox 835 2198 1011 2248; x_wconf 86' lang='lat' dir='ltr'>peccavit</span> <span class='ocrx_word' id='word_1_260' title='bbox 1031 2199 1250 2248; x_wconf 88' lang='lat' dir='ltr'>appetendo</span> <span class='ocrx_word' id='word_1_261' title='bbox 1271 2199 1375 2236; x_wconf 89' lang='lat' dir='ltr'>simi-</span> <span class='ocrx_word' id='word_1_262' title='bbox 1397 2202 1399 2245; x_wconf 69' lang='grc' dir='ltr'>ξ</span> 
     </span>
    </p>
   </div>
   <div class='ocr_carea' id='block_1_7' title="bbox 299 2314 1399 2430">
    <p class='ocr_par' dir='ltr' id='par_1_8' title="bbox 299 2314 1399 2430">
     <span class='ocr_line' id='line_1_40' title="bbox 351 2314 1399 2349; baseline -0.001 -9"><span class='ocrx_word' id='word_1_263' title='bbox 351 2316 377 2349; x_wconf 90' lang='grc' dir='ltr'>γ)</span> <span class='ocrx_word' id='word_1_264' title='bbox 401 2315 476 2340; x_wconf 83' lang='lat' dir='ltr'>Unde</span> <span class='ocrx_word' id='word_1_265' title='bbox 502 2314 690 2348; x_wconf 67' lang='lat' dir='ltr'>Dionysius-</span> <span class='ocrx_word' id='word_1_266' title='bbox 710 2314 860 2348; x_wconf 76' lang='lat' dir='ltr'>Dionysius</span> <span class='ocrx_word' id='word_1_267' title='bbox 884 2314 1111 2347; x_wconf 81' lang='lat' dir='ltr'>ABDEFHKLpC</span> <span class='ocrx_word' id='word_1_268' title='bbox 1131 2319 1157 2339; x_wconf 82' lang='lat' dir='ltr'>et</span> <span class='ocrx_word' id='word_1_269' title='bbox 1175 2321 1200 2344; x_wconf 86' lang='lat' dir='ltr'>a,</span> <span class='ocrx_word' id='word_1_270' title='bbox 1222 2314 1373 2348; x_wconf 72' lang='lat' dir='ltr'>Dionysius</span> <span class='ocrx_word' id='word_1_271' title='bbox 1398 2317 1399 2343; x_wconf 64' lang='lat' dir='ltr'>l</span> 
     </span>
     <span class='ocr_line' id='line_1_41' title="bbox 299 2350 1399 2383; baseline -0.003 -6"><span class='ocrx_word' id='word_1_272' title='bbox 299 2352 368 2377; x_wconf 86' lang='lat' dir='ltr'>enim</span> <span class='ocrx_word' id='word_1_273' title='bbox 388 2352 420 2382; x_wconf 87' lang='grc' dir='ltr'>Ρ;</span> <span class='ocrx_word' id='word_1_274' title='bbox 442 2359 489 2383; x_wconf 88' lang='lat' dir='ltr'>pro</span> <span class='ocrx_word' id='word_1_275' title='bbox 508 2351 557 2375; x_wconf 88' lang='lat' dir='ltr'>hoc</span> <span class='ocrx_word' id='word_1_276' title='bbox 575 2355 688 2383; x_wconf 88' lang='lat' dir='ltr'>utroque</span> <span class='ocrx_word' id='word_1_277' title='bbox 707 2350 774 2378; x_wconf 79' lang='lat' dir='ltr'>loco,</span> <span class='ocrx_word' id='word_1_278' title='bbox 794 2350 859 2375; x_wconf 85' lang='lat' dir='ltr'>haec</span> <span class='ocrx_word' id='word_1_279' title='bbox 879 2350 925 2375; x_wconf 79' lang='lat' dir='ltr'>Pa.</span> <span class='ocrx_word' id='word_1_280' title='bbox 1398 2355 1399 2358; x_wconf 76' lang='grc'>’</span> 
     </span>
     <span class='ocr_line' id='line_1_42' title="bbox 351 2385 1399 2430; baseline -0.003 -18"><span class='ocrx_word' id='word_1_281' title='bbox 351 2387 375 2419; x_wconf 81' lang='grc' dir='ltr'>ὃ)</span> <span class='ocrx_word' id='word_1_282' title='bbox 395 2387 503 2412; x_wconf 82' lang='lat' dir='ltr'>scilicet.</span> <span class='ocrx_word' id='word_1_283' title='bbox 516 2400 534 2405; x_wconf 95' lang='lat'>—</span> <span class='ocrx_word' id='word_1_284' title='bbox 552 2386 590 2411; x_wconf 77' lang='lat' dir='ltr'>ad</span> <span class='ocrx_word' id='word_1_285' title='bbox 608 2386 712 2418; x_wconf 84' lang='lat' dir='ltr'>aliquid</span> <span class='ocrx_word' id='word_1_286' title='bbox 736 2386 776 2411; x_wconf 91' lang='lat' dir='ltr'>ed.</span> <span class='ocrx_word' id='word_1_287' title='bbox 796 2393 821 2415; x_wconf 83' lang='lat' dir='ltr'>a,</span> <span class='ocrx_word' id='word_1_288' title='bbox 841 2386 942 2411; x_wconf 81' lang='lat' dir='ltr'>scilicet</span> <span class='ocrx_word' id='word_1_289' title='bbox 959 2385 997 2410; x_wconf 83' lang='lat' dir='ltr'>ad</span> <span class='ocrx_word' id='word_1_290' title='bbox 1015 2385 1120 2418; x_wconf 79' lang='lat' dir='ltr'>aliquid</span> <span class='ocrx_word' id='word_1_291' title='bbox 1139 2385 1172 2415; x_wconf 87' lang='grc' dir='ltr'>Ρ;</span> <span class='ocrx_word' id='word_1_292' title='bbox 1195 2385 1279 2410; x_wconf 86' lang='lat' dir='ltr'>Deo...</span> <span class='ocrx_word' id='word_1_293' title='bbox 1300 2388 1371 2409; x_wconf 80' lang='lat' dir='ltr'>uter-</span> <span class='ocrx_word' id='word_1_294' title='bbox 1397 2407 1399 2430; x_wconf 76' lang='lat'>;</span> 
     </span>
    </p>
   </div>
   <div class='ocr_carea' id='block_1_8' title="bbox 298 2423 471 2456">
    <p class='ocr_par' dir='ltr' id='par_1_9' title="bbox 298 2423 471 2456">
     <span class='ocr_line' id='line_1_43' title="bbox 298 2423 471 2456; baseline -0.006 -7"><span class='ocrx_word' id='word_1_295' title='bbox 298 2431 349 2456; x_wconf 85' lang='lat' dir='ltr'>que</span> <span class='ocrx_word' id='word_1_296' title='bbox 366 2431 419 2448; x_wconf 87' lang='lat' dir='ltr'>om.</span> <span class='ocrx_word' id='word_1_297' title='bbox 439 2423 471 2448; x_wconf 91' lang='lat' dir='ltr'>G.</span> 
     </span>
    </p>
   </div>
   <div class='ocr_carea' id='block_1_9' title="bbox 979 308 1837 356">
    <p class='ocr_par' dir='ltr' id='par_1_10' title="bbox 979 308 1837 356">
     <span class='ocr_line' id='line_1_44' title="bbox 979 308 1837 356; baseline 0 -9"><span class='ocrx_word' id='word_1_298' title='bbox 979 309 1245 356; x_wconf 88' lang='lat' dir='ltr'>QUAESTIO</span> <span class='ocrx_word' id='word_1_299' title='bbox 1276 308 1450 354; x_wconf 89' lang='lat' dir='ltr'>CLXIII,</span> <span class='ocrx_word' id='word_1_300' title='bbox 1478 309 1776 347; x_wconf 91' lang='lat' dir='ltr'>ARTICULUS</span> <span class='ocrx_word' id='word_1_301' title='bbox 1806 311 1837 346; x_wconf 93' lang='grc' dir='ltr'>ΙΙ</span> 
     </span>
    </p>
   </div>
   <div class='ocr_carea' id='block_1_10' title="bbox 1432 386 2505 544">
    <p class='ocr_par' dir='ltr' id='par_1_11' title="bbox 1432 386 2505 544">
     <span class='ocr_line' id='line_1_45' title="bbox 1432 386 2505 438; baseline 0.003 -15"><span class='ocrx_word' id='word_1_302' title='bbox 1432 386 1630 424; x_wconf 91' lang='lat' dir='ltr'>litudinem</span> <span class='ocrx_word' id='word_1_303' title='bbox 1670 396 1838 426; x_wconf 88' lang='lat' dir='ltr'>naturae.</span> <span class='ocrx_word' id='word_1_304' title='bbox 1880 389 1957 425; x_wconf 89' lang='lat' dir='ltr'>Sed</span> <span class='ocrx_word' id='word_1_305' title='bbox 1992 389 2138 438; x_wconf 87' lang='lat' dir='ltr'>primus</span> <span class='ocrx_word' id='word_1_306' title='bbox 2175 389 2296 425; x_wconf 90' lang='lat' dir='ltr'>homo</span> <span class='ocrx_word' id='word_1_307' title='bbox 2330 390 2505 438; x_wconf 87' lang='lat' dir='ltr'>peccavit</span> 
     </span>
     <span class='ocr_line' id='line_1_46' title="bbox 1432 440 2502 490; baseline 0.003 -14"><span class='ocrx_word' id='word_1_308' title='bbox 1432 440 1690 489; x_wconf 89' lang='lat' dir='ltr'>principaliter</span> <span class='ocrx_word' id='word_1_309' title='bbox 1718 443 1935 490; x_wconf 90' lang='lat' dir='ltr'>appetendo</span> <span class='ocrx_word' id='word_1_310' title='bbox 1965 442 2250 479; x_wconf 89' lang='lat' dir='ltr'>similitudinem</span> <span class='ocrx_word' id='word_1_311' title='bbox 2280 442 2353 479; x_wconf 93' lang='lat' dir='ltr'>Dei</span> <span class='ocrx_word' id='word_1_312' title='bbox 2382 455 2502 490; x_wconf 87' lang='lat' dir='ltr'>quan-</span> 
     </span>
     <span class='ocr_line' id='line_1_47' title="bbox 1432 494 2503 544; baseline 0.003 -15"><span class='ocrx_word' id='word_1_313' title='bbox 1432 500 1513 529; x_wconf 90' lang='lat' dir='ltr'>tum</span> <span class='ocrx_word' id='word_1_314' title='bbox 1543 494 1591 530; x_wconf 91' lang='lat' dir='ltr'>ad</span> <span class='ocrx_word' id='word_1_315' title='bbox 1618 495 1812 532; x_wconf 90' lang='lat' dir='ltr'>scientiam</span> <span class='ocrx_word' id='word_1_316' title='bbox 1842 496 1932 532; x_wconf 83' lang='lat' dir='ltr'>boni</span> <span class='ocrx_word' id='word_1_317' title='bbox 1958 501 1993 531; x_wconf 92' lang='lat' dir='ltr'>et</span> <span class='ocrx_word' id='word_1_318' title='bbox 2019 495 2122 542; x_wconf 87' lang='lat' dir='ltr'>mali,</span> <span class='ocrx_word' id='word_1_319' title='bbox 2157 495 2254 532; x_wconf 89' lang='lat' dir='ltr'>sicut</span> <span class='ocrx_word' id='word_1_320' title='bbox 2281 507 2439 544; x_wconf 91' lang='lat' dir='ltr'>serpens</span> <span class='ocrx_word' id='word_1_321' title='bbox 2469 496 2503 533; x_wconf 90' lang='lat' dir='ltr'>ei</span> 
     </span>
    </p>
   </div>
   <div class='ocr_carea' id='block_1_11' title="bbox 1405 547 2502 597">
    <p class='ocr_par' dir='ltr' id='par_1_12' title="bbox 1405 547 2502 597">
     <span class='ocr_line' id='line_1_48' title="bbox 1405 547 2502 597; baseline 0.005 -16"><span class='ocrx_word' id='word_1_322' title='bbox 1405 551 1406 564; x_wconf 72' lang='lat'><em>³</em></span> <span class='ocrx_word' id='word_1_323' title='bbox 1432 547 1630 594; x_wconf 86' lang='lat' dir='ltr'>suggessit:</span> <span class='ocrx_word' id='word_1_324' title='bbox 1652 555 1691 583; x_wconf 94' lang='lat' dir='ltr'>ut</span> <span class='ocrx_word' id='word_1_325' title='bbox 1711 548 1852 585; x_wconf 89' lang='lat' dir='ltr'>scilicet</span> <span class='ocrx_word' id='word_1_326' title='bbox 1870 560 1938 597; x_wconf 90' lang='lat' dir='ltr'>per</span> <span class='ocrx_word' id='word_1_327' title='bbox 1951 548 2131 585; x_wconf 86' lang='lat' dir='ltr'>virtutem</span> <span class='ocrx_word' id='word_1_328' title='bbox 2152 548 2330 597; x_wconf 91' lang='lat' dir='ltr'>propriae</span> <span class='ocrx_word' id='word_1_329' title='bbox 2346 557 2502 586; x_wconf 87' lang='lat' dir='ltr'>naturae</span> 
     </span>
    </p>
   </div>
   <div class='ocr_carea' id='block_1_12' title="bbox 1426 599 2678 1343">
    <p class='ocr_par' dir='ltr' id='par_1_13' title="bbox 1426 599 2678 1343">
     <span class='ocr_line' id='line_1_49' title="bbox 1432 599 2503 649; baseline 0.004 -14"><span class='ocrx_word' id='word_1_330' title='bbox 1432 599 1703 636; x_wconf 90' lang='lat' dir='ltr'>determinaret</span> <span class='ocrx_word' id='word_1_331' title='bbox 1727 600 1798 637; x_wconf 91' lang='lat' dir='ltr'>sibi</span> <span class='ocrx_word' id='word_1_332' title='bbox 1827 601 1917 649; x_wconf 93' lang='lat' dir='ltr'>quid</span> <span class='ocrx_word' id='word_1_333' title='bbox 1939 610 2038 638; x_wconf 93' lang='lat' dir='ltr'>esset</span> <span class='ocrx_word' id='word_1_334' title='bbox 2066 603 2214 639; x_wconf 90' lang='lat' dir='ltr'>bonum</span> <span class='ocrx_word' id='word_1_335' title='bbox 2245 609 2281 638; x_wconf 92' lang='lat' dir='ltr'>et</span> <span class='ocrx_word' id='word_1_336' title='bbox 2309 602 2402 649; x_wconf 91' lang='lat' dir='ltr'>quid</span> <span class='ocrx_word' id='word_1_337' title='bbox 2422 614 2503 639; x_wconf 89' lang='lat' dir='ltr'>ma-</span> 
     </span>
     <span class='ocr_line' id='line_1_50' title="bbox 1431 652 2502 704; baseline 0.004 -16"><span class='ocrx_word' id='word_1_338' title='bbox 1431 653 1509 689; x_wconf 91' lang='lat' dir='ltr'>lum</span> <span class='ocrx_word' id='word_1_339' title='bbox 1531 652 1580 689; x_wconf 90' lang='lat' dir='ltr'>ad</span> <span class='ocrx_word' id='word_1_340' title='bbox 1600 653 1814 700; x_wconf 63' lang='lat' dir='ltr'>agendum</span> <span class='ocrx_word' id='word_1_341' title='bbox 1839 655 1901 691; x_wconf 83' lang='lat' dir='ltr'>vel</span> <span class='ocrx_word' id='word_1_342' title='bbox 1923 654 2035 691; x_wconf 86' lang='lat' dir='ltr'>etiam</span> <span class='ocrx_word' id='word_1_343' title='bbox 2057 663 2098 692; x_wconf 91' lang='lat' dir='ltr'>ut</span> <span class='ocrx_word' id='word_1_344' title='bbox 2116 668 2186 704; x_wconf 91' lang='lat' dir='ltr'>per</span> <span class='ocrx_word' id='word_1_345' title='bbox 2205 655 2374 703; x_wconf 91' lang='lat' dir='ltr'>seipsum</span> <span class='ocrx_word' id='word_1_346' title='bbox 2394 667 2502 704; x_wconf 89' lang='lat' dir='ltr'>prae-</span> 
     </span>
     <span class='ocr_line' id='line_1_51' title="bbox 1431 706 2502 755; baseline 0.005 -14"><span class='ocrx_word' id='word_1_347' title='bbox 1431 713 1679 753; x_wconf 89' lang='lat' dir='ltr'>cognosceret</span> <span class='ocrx_word' id='word_1_348' title='bbox 1715 706 1807 755; x_wconf 92' lang='lat' dir='ltr'>quid</span> <span class='ocrx_word' id='word_1_349' title='bbox 1841 707 1911 743; x_wconf 90' lang='lat' dir='ltr'>sibi</span> <span class='ocrx_word' id='word_1_350' title='bbox 1941 707 2034 744; x_wconf 92' lang='lat' dir='ltr'>boni</span> <span class='ocrx_word' id='word_1_351' title='bbox 2061 710 2123 745; x_wconf 91' lang='lat' dir='ltr'>vel</span> <span class='ocrx_word' id='word_1_352' title='bbox 2157 708 2246 746; x_wconf 89' lang='lat' dir='ltr'>mali</span> <span class='ocrx_word' id='word_1_353' title='bbox 2278 717 2376 745; x_wconf 88' lang='lat' dir='ltr'>esset</span> <span class='ocrx_word' id='word_1_354' title='bbox 2403 710 2502 746; x_wconf 88' lang='lat' dir='ltr'>futu-</span> 
     </span>
     <span class='ocr_line' id='line_1_52' title="bbox 1429 759 2502 810; baseline 0.006 -16"><span class='ocrx_word' id='word_1_355' title='bbox 1429 771 1527 795; x_wconf 89' lang='lat' dir='ltr'>rum.</span> <span class='ocrx_word' id='word_1_356' title='bbox 1559 759 1608 795; x_wconf 87' lang='lat' dir='ltr'>Et</span> <span class='ocrx_word' id='word_1_357' title='bbox 1635 759 1863 796; x_wconf 89' lang='lat' dir='ltr'>secundario</span> <span class='ocrx_word' id='word_1_358' title='bbox 1893 761 2066 808; x_wconf 88' lang='lat' dir='ltr'>peccavit</span> <span class='ocrx_word' id='word_1_359' title='bbox 2094 762 2311 810; x_wconf 86' lang='lat' dir='ltr'>appetendo</span> <span class='ocrx_word' id='word_1_360' title='bbox 2332 763 2502 799; x_wconf 87' lang='lat' dir='ltr'>similitu-</span> 
     </span>
     <span class='ocr_line' id='line_1_53' title="bbox 1430 811 2500 864; baseline 0.006 -17"><span class='ocrx_word' id='word_1_361' title='bbox 1430 811 1560 848; x_wconf 89' lang='lat' dir='ltr'>dinem</span> <span class='ocrx_word' id='word_1_362' title='bbox 1603 812 1676 848; x_wconf 92' lang='lat' dir='ltr'>Dei</span> <span class='ocrx_word' id='word_1_363' title='bbox 1718 820 1903 860; x_wconf 88' lang='lat' dir='ltr'>quantum</span> <span class='ocrx_word' id='word_1_364' title='bbox 1942 813 1991 850; x_wconf 90' lang='lat' dir='ltr'>ad</span> <span class='ocrx_word' id='word_1_365' title='bbox 2033 815 2228 863; x_wconf 86' lang='lat' dir='ltr'>propriam</span> <span class='ocrx_word' id='word_1_366' title='bbox 2272 824 2500 864; x_wconf 89' lang='lat' dir='ltr'>potestatem</span> 
     </span>
     <span class='ocr_line' id='line_1_54' title="bbox 1430 865 2501 916; baseline 0.007 -16"><span class='ocrx_word' id='word_1_367' title='bbox 1430 865 1636 913; x_wconf 85' lang='lat' dir='ltr'>operandi,</span> <span class='ocrx_word' id='word_1_368' title='bbox 1679 873 1720 901; x_wconf 89' lang='lat' dir='ltr'>ut</span> <span class='ocrx_word' id='word_1_369' title='bbox 1760 865 1901 902; x_wconf 90' lang='lat' dir='ltr'>scilicet</span> <span class='ocrx_word' id='word_1_370' title='bbox 1940 866 2078 903; x_wconf 89' lang='lat' dir='ltr'>virtute</span> <span class='ocrx_word' id='word_1_371' title='bbox 2120 868 2298 916; x_wconf 90' lang='lat' dir='ltr'>propriae</span> <span class='ocrx_word' id='word_1_372' title='bbox 2343 877 2501 906; x_wconf 88' lang='lat' dir='ltr'>naturae</span> 
     </span>
     <span class='ocr_line' id='line_1_55' title="bbox 1429 918 2501 968; baseline 0.007 -15"><span class='ocrx_word' id='word_1_373' title='bbox 1429 926 1652 966; x_wconf 87' lang='lat' dir='ltr'>operaretur</span> <span class='ocrx_word' id='word_1_374' title='bbox 1672 919 1719 954; x_wconf 89' lang='lat' dir='ltr'>ad</span> <span class='ocrx_word' id='word_1_375' title='bbox 1741 918 2014 956; x_wconf 87' lang='lat' dir='ltr'>beatitudinem</span> <span class='ocrx_word' id='word_1_376' title='bbox 2035 922 2366 968; x_wconf 87' lang='lat' dir='ltr'>consequendam:</span> <span class='ocrx_word' id='word_1_377' title='bbox 2396 923 2501 959; x_wconf 91' lang='lat' dir='ltr'>unde</span> 
     </span>
     <span class='ocr_line' id='line_1_56' title="bbox 1428 971 2678 1024; baseline 0.004 -18"><span class='ocrx_word' id='word_1_378' title='bbox 1428 971 1663 1018; x_wconf 86' lang='lat' dir='ltr'>Augustinus</span> <span class='ocrx_word' id='word_1_379' title='bbox 1693 971 1792 1017; x_wconf 89' lang='lat' dir='ltr'>dicit,</span> <span class='ocrx_word' id='word_1_380' title='bbox 1824 972 1875 1008; x_wconf 87' lang='lat' dir='ltr'>XI</span> <span class='ocrx_word' id='word_1_381' title='bbox 1903 984 2017 1021; x_wconf 86' lang='lat' dir='ltr'>super</span> <span class='ocrx_word' id='word_1_382' title='bbox 2048 973 2141 1009; x_wconf 89' lang='lat' dir='ltr'>Gen.</span> <span class='ocrx_word' id='word_1_383' title='bbox 2171 975 2222 1011; x_wconf 84' lang='lat' dir='ltr'>ad</span> <span class='ocrx_word' id='word_1_384' title='bbox 2248 975 2312 1012; x_wconf 88' lang='lat' dir='ltr'>litt.</span> <span class='ocrx_word' id='word_1_385' title='bbox 2332 975 2364 1022; x_wconf 78' lang='lat'>*‚</span> <span class='ocrx_word' id='word_1_386' title='bbox 2395 977 2498 1024; x_wconf 93' lang='lat' dir='ltr'>quod</span> <span class='ocrx_word' id='word_1_387' title='bbox 2528 983 2678 1011; x_wconf 69' lang='lat' dir='ltr'>·cap.m</span> 
     </span>
     <span class='ocr_line' id='line_1_57' title="bbox 1429 1024 2500 1076; baseline 0.007 -16"><span class='ocrx_word' id='word_1_388' title='bbox 1429 1025 1545 1061; x_wconf 88' lang='lat' dir='ltr'>menti</span> <span class='ocrx_word' id='word_1_389' title='bbox 1563 1024 1730 1061; x_wconf 88' lang='lat' dir='ltr'>mulieris</span> <span class='ocrx_word' id='word_1_390' title='bbox 1749 1025 1909 1062; x_wconf 84' lang='lat' dir='ltr'>inhaesit</span> <span class='ocrx_word' id='word_1_391' title='bbox 1925 1037 2037 1062; x_wconf 90' lang='lat' dir='ltr'>amor</span> <span class='ocrx_word' id='word_1_392' title='bbox 2049 1027 2233 1074; x_wconf 83' lang='lat' dir='ltr'>propriae</span> <span class='ocrx_word' id='word_1_393' title='bbox 2249 1030 2455 1076; x_wconf 85' lang='lat' dir='ltr'>potestatis.</span> <span class='ocrx_word' id='word_1_394' title='bbox 2475 1050 2500 1058; x_wconf 92' lang='lat'>-</span> 
     </span>
     <span class='ocr_line' id='line_1_58' title="bbox 1429 1077 2499 1128; baseline 0.005 -14"><span class='ocrx_word' id='word_1_395' title='bbox 1429 1077 1505 1114; x_wconf 89' lang='lat' dir='ltr'>Sed</span> <span class='ocrx_word' id='word_1_396' title='bbox 1542 1077 1717 1114; x_wconf 87' lang='lat' dir='ltr'>diabolus</span> <span class='ocrx_word' id='word_1_397' title='bbox 1754 1078 1928 1127; x_wconf 88' lang='lat' dir='ltr'>peccavit</span> <span class='ocrx_word' id='word_1_398' title='bbox 1962 1080 2180 1128; x_wconf 87' lang='lat' dir='ltr'>appetendo</span> <span class='ocrx_word' id='word_1_399' title='bbox 2214 1080 2499 1119; x_wconf 88' lang='lat' dir='ltr'>similitudinem</span> 
     </span>
     <span class='ocr_line' id='line_1_59' title="bbox 1427 1131 2501 1182; baseline 0.005 -15"><span class='ocrx_word' id='word_1_400' title='bbox 1427 1131 1499 1167; x_wconf 91' lang='lat' dir='ltr'>Dei</span> <span class='ocrx_word' id='word_1_401' title='bbox 1529 1139 1715 1179; x_wconf 87' lang='lat' dir='ltr'>quantum</span> <span class='ocrx_word' id='word_1_402' title='bbox 1749 1131 1798 1169; x_wconf 87' lang='lat' dir='ltr'>ad</span> <span class='ocrx_word' id='word_1_403' title='bbox 1836 1139 2085 1180; x_wconf 88' lang='lat' dir='ltr'>potestatem:</span> <span class='ocrx_word' id='word_1_404' title='bbox 2123 1133 2227 1171; x_wconf 86' lang='lat' dir='ltr'>unde</span> <span class='ocrx_word' id='word_1_405' title='bbox 2265 1135 2501 1182; x_wconf 88' lang='lat' dir='ltr'>Augustinus</span> 
     </span>
     <span class='ocr_line' id='line_1_60' title="bbox 1429 1184 2673 1237; baseline 0.005 -16"><span class='ocrx_word' id='word_1_406' title='bbox 1429 1184 1528 1231; x_wconf 83' lang='lat' dir='ltr'>dicit,</span> <span class='ocrx_word' id='word_1_407' title='bbox 1550 1185 1588 1221; x_wconf 93' lang='lat' dir='ltr'>in</span> <span class='ocrx_word' id='word_1_408' title='bbox 1609 1184 1706 1221; x_wconf 91' lang='lat' dir='ltr'>libro</span> <span class='ocrx_word' id='word_1_409' title='bbox 1726 1185 1772 1221; x_wconf 87' lang='lat' dir='ltr'>de</span> <span class='ocrx_word' id='word_1_410' title='bbox 1793 1186 1891 1223; x_wconf 88' lang='lat' dir='ltr'>Vera</span> <span class='ocrx_word' id='word_1_411' title='bbox 1910 1186 2036 1235; x_wconf 85' lang='lat' dir='ltr'>Relig.</span> <span class='ocrx_word' id='word_1_412' title='bbox 2052 1185 2084 1231; x_wconf 82' lang='grc'>*,</span> <span class='ocrx_word' id='word_1_413' title='bbox 2106 1187 2212 1235; x_wconf 93' lang='lat' dir='ltr'>quod</span> <span class='ocrx_word' id='word_1_414' title='bbox 2236 1188 2363 1237; x_wconf 82' lang='lat' dir='ltr'>magis</span> <span class='ocrx_word' id='word_1_415' title='bbox 2384 1189 2506 1225; x_wconf 78' lang='lat' dir='ltr'>voluit</span> <span class='ocrx_word' id='word_1_416' title='bbox 2527 1199 2538 1209; x_wconf 74' lang='lat'>⁸</span> <span class='ocrx_word' id='word_1_417' title='bbox 2551 1198 2609 1227; x_wconf 72' lang='lat' dir='ltr'>enp-</span> <span class='ocrx_word' id='word_1_418' title='bbox 2624 1205 2673 1222; x_wconf 72' lang='lat'>¹1¹¹-</span> 
     </span>
     <span class='ocr_line' id='line_1_61' title="bbox 1426 1238 2500 1289; baseline 0.004 -15"><span class='ocrx_word' id='word_1_419' title='bbox 1426 1250 1495 1275; x_wconf 89' lang='lat' dir='ltr'>sua</span> <span class='ocrx_word' id='word_1_420' title='bbox 1517 1238 1687 1286; x_wconf 85' lang='lat' dir='ltr'>potentia</span> <span class='ocrx_word' id='word_1_421' title='bbox 1704 1238 1796 1287; x_wconf 90' lang='lat' dir='ltr'>frui</span> <span class='ocrx_word' id='word_1_422' title='bbox 1813 1250 1928 1286; x_wconf 87' lang='lat' dir='ltr'>quam</span> <span class='ocrx_word' id='word_1_423' title='bbox 1948 1239 2032 1276; x_wconf 91' lang='lat' dir='ltr'>Dei.</span> <span class='ocrx_word' id='word_1_424' title='bbox 2054 1259 2078 1266; x_wconf 95' lang='lat'><em>-</em></span> <span class='ocrx_word' id='word_1_425' title='bbox 2098 1240 2359 1278; x_wconf 86' lang='lat' dir='ltr'>Veruntamen</span> <span class='ocrx_word' id='word_1_426' title='bbox 2379 1253 2500 1289; x_wconf 89' lang='lat' dir='ltr'>quan-</span> 
     </span>
     <span class='ocr_line' id='line_1_62' title="bbox 1426 1291 2500 1343; baseline 0.004 -15"><span class='ocrx_word' id='word_1_427' title='bbox 1426 1299 1508 1328; x_wconf 90' lang='lat' dir='ltr'>tum</span> <span class='ocrx_word' id='word_1_428' title='bbox 1529 1291 1579 1328; x_wconf 91' lang='lat' dir='ltr'>ad</span> <span class='ocrx_word' id='word_1_429' title='bbox 1601 1291 1743 1340; x_wconf 87' lang='lat' dir='ltr'>aliquid</span> <span class='ocrx_word' id='word_1_430' title='bbox 1772 1299 1932 1340; x_wconf 91' lang='lat' dir='ltr'>uterque</span> <span class='ocrx_word' id='word_1_431' title='bbox 1952 1293 2038 1329; x_wconf 92' lang='lat' dir='ltr'>Deo</span> <span class='ocrx_word' id='word_1_432' title='bbox 2067 1293 2309 1342; x_wconf 42' lang='lat' dir='ltr'>aequiparari*</span> <span class='ocrx_word' id='word_1_433' title='bbox 2326 1295 2500 1343; x_wconf 88' lang='lat' dir='ltr'>appetiit:</span> 
     </span>
    </p>
   </div>
   <div class='ocr_carea' id='block_1_13' title="bbox 1400 1343 2698 1588">
    <p class='ocr_par' dir='ltr' id='par_1_14' title="bbox 1400 1343 2698 1588">
     <span class='ocr_line' id='line_1_63' title="bbox 1426 1343 2647 1395; baseline 0.004 -14"><span class='ocrx_word' id='word_1_434' title='bbox 1426 1345 1655 1392; x_wconf 89' lang='lat' dir='ltr'>inquantum</span> <span class='ocrx_word' id='word_1_435' title='bbox 1693 1344 1835 1381; x_wconf 87' lang='lat' dir='ltr'>scilicet</span> <span class='ocrx_word' id='word_1_436' title='bbox 1861 1343 1874 1367; x_wconf 64' lang='grc' dir='ltr'>δ</span> <span class='ocrx_word' id='word_1_437' title='bbox 1912 1353 2074 1395; x_wconf 89' lang='lat' dir='ltr'>uterque</span> <span class='ocrx_word' id='word_1_438' title='bbox 2107 1346 2179 1384; x_wconf 87' lang='lat' dir='ltr'>sibi</span> <span class='ocrx_word' id='word_1_439' title='bbox 2216 1347 2324 1385; x_wconf 90' lang='lat' dir='ltr'>inniti</span> <span class='ocrx_word' id='word_1_440' title='bbox 2358 1348 2501 1395; x_wconf 89' lang='lat' dir='ltr'>voluit,</span> <span class='ocrx_word' id='word_1_441' title='bbox 2624 1350 2647 1378; x_wconf 62' lang='lat'>³-</span> 
     </span>
     <span class='ocr_line' id='line_1_64' title="bbox 1400 1397 2185 1447; baseline 0.003 -13"><span class='ocrx_word' id='word_1_442' title='bbox 1400 1406 1401 1412; x_wconf 62' lang='lat'><em>*</em></span> <span class='ocrx_word' id='word_1_443' title='bbox 1428 1405 1652 1446; x_wconf 90' lang='lat' dir='ltr'>contempto</span> <span class='ocrx_word' id='word_1_444' title='bbox 1682 1397 1836 1435; x_wconf 86' lang='lat' dir='ltr'>divinae</span> <span class='ocrx_word' id='word_1_445' title='bbox 1856 1400 2007 1447; x_wconf 91' lang='lat' dir='ltr'>regulae</span> <span class='ocrx_word' id='word_1_446' title='bbox 2039 1399 2185 1437; x_wconf 88' lang='lat' dir='ltr'>ordine.</span> 
     </span>
     <span class='ocr_line' id='line_1_65' title="bbox 1480 1453 2500 1503; baseline 0.003 -15"><span class='ocrx_word' id='word_1_447' title='bbox 1480 1453 1540 1488; x_wconf 87' lang='grc' dir='ltr'>Αι)</span> <span class='ocrx_word' id='word_1_448' title='bbox 1569 1462 1708 1489; x_wconf 69' lang='grc' dir='ltr'>ΡκιΜυΜ</span> <span class='ocrx_word' id='word_1_449' title='bbox 1727 1463 1827 1488; x_wconf 82' lang='lat' dir='ltr'>ERGO</span> <span class='ocrx_word' id='word_1_450' title='bbox 1856 1464 2043 1490; x_wconf 65' lang='lat' dir='ltr'>mesanum</span> <span class='ocrx_word' id='word_1_451' title='bbox 2072 1453 2178 1501; x_wconf 92' lang='lat' dir='ltr'>quod</span> <span class='ocrx_word' id='word_1_452' title='bbox 2208 1453 2302 1490; x_wconf 88' lang='lat' dir='ltr'>ratio</span> <span class='ocrx_word' id='word_1_453' title='bbox 2323 1453 2384 1491; x_wconf 91' lang='lat' dir='ltr'>illa</span> <span class='ocrx_word' id='word_1_454' title='bbox 2412 1467 2500 1503; x_wconf 92' lang='lat' dir='ltr'>pro-</span> 
     </span>
     <span class='ocr_line' id='line_1_66' title="bbox 1428 1504 2511 1560; baseline 0.004 -19"><span class='ocrx_word' id='word_1_455' title='bbox 1428 1504 1527 1542; x_wconf 91' lang='lat' dir='ltr'>cedit</span> <span class='ocrx_word' id='word_1_456' title='bbox 1556 1506 1603 1542; x_wconf 92' lang='lat' dir='ltr'>de</span> <span class='ocrx_word' id='word_1_457' title='bbox 1633 1504 1876 1542; x_wconf 89' lang='lat' dir='ltr'>similitudine</span> <span class='ocrx_word' id='word_1_458' title='bbox 1905 1513 2085 1543; x_wconf 86' lang='lat' dir='ltr'>naturae:</span> <span class='ocrx_word' id='word_1_459' title='bbox 2119 1519 2165 1544; x_wconf 89' lang='lat' dir='ltr'>ex</span> <span class='ocrx_word' id='word_1_460' title='bbox 2195 1507 2301 1544; x_wconf 87' lang='lat' dir='ltr'>cuius</span> <span class='ocrx_word' id='word_1_461' title='bbox 2329 1508 2511 1560; x_wconf 58' lang='lat' dir='ltr'>appetitu,</span> 
     </span>
     <span class='ocr_line' id='line_1_67' title="bbox 2527 1559 2698 1588; baseline 0.012 -7"><span class='ocrx_word' id='word_1_462' title='bbox 2527 1559 2698 1588; x_wconf 68' lang='grc' dir='ltr'>Ἰιιοοι-ροω.</span> 
     </span>
    </p>
   </div>
   <div class='ocr_carea' id='block_1_14' title="bbox 1426 1558 2741 1980">
    <p class='ocr_par' dir='ltr' id='par_1_15' title="bbox 1426 1558 2493 1607">
     <span class='ocr_line' id='line_1_68' title="bbox 1426 1558 2493 1607; baseline 0.005 -13"><span class='ocrx_word' id='word_1_463' title='bbox 1426 1559 1547 1595; x_wconf 91' lang='lat' dir='ltr'>homo</span> <span class='ocrx_word' id='word_1_464' title='bbox 1577 1570 1655 1595; x_wconf 92' lang='lat' dir='ltr'>non</span> <span class='ocrx_word' id='word_1_465' title='bbox 1684 1558 1869 1607; x_wconf 84' lang='lat' dir='ltr'>peccavit,</span> <span class='ocrx_word' id='word_1_466' title='bbox 1899 1567 1941 1595; x_wconf 92' lang='lat' dir='ltr'>ut</span> <span class='ocrx_word' id='word_1_467' title='bbox 1968 1559 2111 1596; x_wconf 91' lang='lat' dir='ltr'>dictum</span> <span class='ocrx_word' id='word_1_468' title='bbox 2142 1568 2198 1597; x_wconf 89' lang='lat' dir='ltr'>est</span> <span class='ocrx_word' id='word_1_469' title='bbox 2210 1559 2247 1598; x_wconf 64' lang='grc'>’*.</span> <span class='ocrx_word' id='word_1_470' title='bbox 2490 1587 2493 1590; x_wconf 29' lang='grc' dir='ltr'>ι</span> 
     </span>
    </p>

    <p class='ocr_par' dir='ltr' id='par_1_16' title="bbox 1426 1613 2741 1980">
     <span class='ocr_line' id='line_1_69' title="bbox 1481 1613 2501 1663; baseline 0.003 -15"><span class='ocrx_word' id='word_1_471' title='bbox 1481 1614 1539 1648; x_wconf 83' lang='grc' dir='ltr'>Αι)</span> <span class='ocrx_word' id='word_1_472' title='bbox 1563 1623 1756 1649; x_wconf 76' lang='lat' dir='ltr'>SECUNDUM</span> <span class='ocrx_word' id='word_1_473' title='bbox 1775 1623 1962 1650; x_wconf 66' lang='lat' dir='ltr'>memnon</span> <span class='ocrx_word' id='word_1_474' title='bbox 1987 1614 2092 1661; x_wconf 91' lang='lat' dir='ltr'>quod</span> <span class='ocrx_word' id='word_1_475' title='bbox 2122 1621 2303 1663; x_wconf 87' lang='lat' dir='ltr'>appetere</span> <span class='ocrx_word' id='word_1_476' title='bbox 2331 1613 2501 1652; x_wconf 88' lang='lat' dir='ltr'>similitu—</span> 
     </span>
     <span class='ocr_line' id='line_1_70' title="bbox 1428 1664 2499 1714; baseline 0.003 -12"><span class='ocrx_word' id='word_1_477' title='bbox 1428 1664 1557 1702; x_wconf 91' lang='lat' dir='ltr'>dinem</span> <span class='ocrx_word' id='word_1_478' title='bbox 1587 1664 1661 1702; x_wconf 90' lang='lat' dir='ltr'>Dei</span> <span class='ocrx_word' id='word_1_479' title='bbox 1690 1666 1863 1702; x_wconf 90' lang='lat' dir='ltr'>absolute</span> <span class='ocrx_word' id='word_1_480' title='bbox 1892 1673 2080 1714; x_wconf 89' lang='lat' dir='ltr'>quantum</span> <span class='ocrx_word' id='word_1_481' title='bbox 2109 1666 2158 1704; x_wconf 88' lang='lat' dir='ltr'>ad</span> <span class='ocrx_word' id='word_1_482' title='bbox 2187 1666 2399 1714; x_wconf 86' lang='lat' dir='ltr'>scientiam,</span> <span class='ocrx_word' id='word_1_483' title='bbox 2419 1677 2499 1706; x_wconf 88' lang='lat' dir='ltr'>non</span> 
     </span>
     <span class='ocr_line' id='line_1_71' title="bbox 1428 1719 2498 1768; baseline 0.006 -15"><span class='ocrx_word' id='word_1_484' title='bbox 1428 1726 1483 1754; x_wconf 89' lang='lat' dir='ltr'>est</span> <span class='ocrx_word' id='word_1_485' title='bbox 1510 1726 1725 1767; x_wconf 85' lang='lat' dir='ltr'>peccatum.</span> <span class='ocrx_word' id='word_1_486' title='bbox 1763 1719 1840 1756; x_wconf 90' lang='lat' dir='ltr'>Sed</span> <span class='ocrx_word' id='word_1_487' title='bbox 1869 1727 2050 1768; x_wconf 88' lang='lat' dir='ltr'>appetere</span> <span class='ocrx_word' id='word_1_488' title='bbox 2077 1719 2300 1758; x_wconf 86' lang='lat' dir='ltr'>huiusmodi</span> <span class='ocrx_word' id='word_1_489' title='bbox 2330 1720 2498 1759; x_wconf 85' lang='lat' dir='ltr'>similitu-</span> 
     </span>
     <span class='ocr_line' id='line_1_72' title="bbox 1427 1771 2498 1823; baseline 0.005 -16"><span class='ocrx_word' id='word_1_490' title='bbox 1427 1771 1557 1808; x_wconf 90' lang='lat' dir='ltr'>dinem</span> <span class='ocrx_word' id='word_1_491' title='bbox 1577 1775 1589 1792; x_wconf 83' lang='lat'>⁸</span> <span class='ocrx_word' id='word_1_492' title='bbox 1617 1771 1843 1818; x_wconf 89' lang='lat' dir='ltr'>inordinate,</span> <span class='ocrx_word' id='word_1_493' title='bbox 1874 1772 1971 1810; x_wconf 86' lang='lat' dir='ltr'>idest</span> <span class='ocrx_word' id='word_1_494' title='bbox 1999 1785 2114 1822; x_wconf 87' lang='lat' dir='ltr'>supra</span> <span class='ocrx_word' id='word_1_495' title='bbox 2133 1785 2243 1811; x_wconf 88' lang='lat' dir='ltr'>suam</span> <span class='ocrx_word' id='word_1_496' title='bbox 2261 1786 2498 1823; x_wconf 87' lang='lat' dir='ltr'>mensuram,</span> 
     </span>
     <span class='ocr_line' id='line_1_73' title="bbox 1427 1825 2737 1874; baseline 0.005 -14"><span class='ocrx_word' id='word_1_497' title='bbox 1427 1831 1627 1873; x_wconf 85' lang='lat' dir='ltr'>peccatum</span> <span class='ocrx_word' id='word_1_498' title='bbox 1657 1832 1723 1861; x_wconf 88' lang='lat' dir='ltr'>est.</span> <span class='ocrx_word' id='word_1_499' title='bbox 1763 1825 1874 1862; x_wconf 91' lang='lat' dir='ltr'>Unde</span> <span class='ocrx_word' id='word_1_500' title='bbox 1902 1838 2018 1874; x_wconf 88' lang='lat' dir='ltr'>super</span> <span class='ocrx_word' id='word_1_501' title='bbox 2046 1826 2139 1864; x_wconf 91' lang='lat' dir='ltr'>illud</span> <span class='ocrx_word' id='word_1_502' title='bbox 2166 1826 2309 1865; x_wconf 88' lang='lat' dir='ltr'>Psalmi</span> <span class='ocrx_word' id='word_1_503' title='bbox 2333 1826 2364 1873; x_wconf 72' lang='lat'>⁸¹³,</span> <span class='ocrx_word' id='word_1_504' title='bbox 2393 1829 2499 1866; x_wconf 85' lang='lat' dir='ltr'>Deus</span> <span class='ocrx_word' id='word_1_505' title='bbox 2526 1833 2587 1856; x_wconf 75' lang='lat'>⁸¹²·-</span> <span class='ocrx_word' id='word_1_506' title='bbox 2606 1840 2661 1860; x_wconf 54' lang='grc' dir='ltr'>ψ’</span> <span class='ocrx_word' id='word_1_507' title='bbox 2679 1840 2737 1857; x_wconf 68' lang='lat'>”¹⁸-</span> 
     </span>
     <span class='ocr_line' id='line_1_74' title="bbox 1427 1865 2741 1936; baseline 0.005 -22"><span class='ocrx_word' id='word_1_508' title='bbox 1427 1878 1509 1926; x_wconf 84' lang='lat' dir='ltr'>quis</span> <span class='ocrx_word' id='word_1_509' title='bbox 1536 1877 1668 1915; x_wconf 88' lang='lat' dir='ltr'>similis</span> <span class='ocrx_word' id='word_1_510' title='bbox 1693 1878 1764 1914; x_wconf 89' lang='lat' dir='ltr'>erit</span> <span class='ocrx_word' id='word_1_511' title='bbox 1789 1878 1866 1924; x_wconf 81' lang='lat' dir='ltr'>tibi,</span> <span class='ocrx_word' id='word_1_512' title='bbox 1887 1878 1976 1916; x_wconf 87' lang='lat' dir='ltr'>dicit</span> <span class='ocrx_word' id='word_1_513' title='bbox 2003 1879 2238 1927; x_wconf 85' lang='lat' dir='ltr'>Augustinus</span> <span class='ocrx_word' id='word_1_514' title='bbox 2257 1879 2296 1917; x_wconf 77' lang='grc' dir='ltr'>*τ</span> <span class='ocrx_word' id='word_1_515' title='bbox 2330 1880 2405 1923; x_wconf 86' lang='lat' dir='ltr'>Qui</span> <span class='ocrx_word' id='word_1_516' title='bbox 2425 1893 2499 1932; x_wconf 82' lang='lat' dir='ltr'>per</span> <span class='ocrx_word' id='word_1_517' title='bbox 2523 1865 2630 1936; x_wconf 48' lang='lat' dir='ltr'>&amp;gg-⁰·</span> <span class='ocrx_word' id='word_1_518' title='bbox 2645 1887 2702 1910; x_wconf 65' lang='grc' dir='ltr'>ΟΝ·</span> <span class='ocrx_word' id='word_1_519' title='bbox 2717 1891 2741 1910; x_wconf 67' lang='lat'>01</span> 
     </span>
     <span class='ocr_line' id='line_1_75' title="bbox 1426 1930 2609 1980; baseline 0.004 -13"><span class='ocrx_word' id='word_1_520' title='bbox 1426 1943 1466 1968; x_wconf 89' lang='lat' dir='ltr'>se</span> <span class='ocrx_word' id='word_1_521' title='bbox 1495 1931 1574 1968; x_wconf 81' lang='lat' dir='ltr'>vult</span> <span class='ocrx_word' id='word_1_522' title='bbox 1600 1942 1680 1968; x_wconf 87' lang='lat' dir='ltr'>esse</span> <span class='ocrx_word' id='word_1_523' title='bbox 1706 1931 1822 1978; x_wconf 86' lang='lat' dir='ltr'>Deus,</span> <span class='ocrx_word' id='word_1_524' title='bbox 1847 1943 2028 1980; x_wconf 86' lang='lat' dir='ltr'>perverse</span> <span class='ocrx_word' id='word_1_525' title='bbox 2050 1933 2130 1969; x_wconf 82' lang='lat' dir='ltr'>vult</span> <span class='ocrx_word' id='word_1_526' title='bbox 2148 1944 2227 1970; x_wconf 85' lang='lat' dir='ltr'>esse</span> <span class='ocrx_word' id='word_1_527' title='bbox 2244 1933 2376 1970; x_wconf 86' lang='lat' dir='ltr'>similis</span> <span class='ocrx_word' id='word_1_528' title='bbox 2394 1935 2498 1973; x_wconf 86' lang='lat' dir='ltr'>Deo.-</span> <span class='ocrx_word' id='word_1_529' title='bbox 2603 1930 2609 1935; x_wconf 79' lang='grc'><strong>”</strong></span> 
     </span>
    </p>
   </div>
   <div class='ocr_carea' id='block_1_15' title="bbox 1398 1984 2502 2039">
    <p class='ocr_par' dir='ltr' id='par_1_17' title="bbox 1398 1984 2502 2039">
     <span class='ocr_line' id='line_1_76' title="bbox 1398 1984 2502 2039; baseline 0.004 -18"><span class='ocrx_word' id='word_1_530' title='bbox 1398 1989 1400 1997; x_wconf 68' lang='lat'><strong><em>¹</em></strong></span> <span class='ocrx_word' id='word_1_531' title='bbox 1428 1990 1470 2021; x_wconf 88' lang='lat' dir='ltr'>ut</span> <span class='ocrx_word' id='word_1_532' title='bbox 1494 1984 1684 2030; x_wconf 80' lang='lat' dir='ltr'>diabolus,</span> <span class='ocrx_word' id='word_1_533' title='bbox 1713 1985 1780 2033; x_wconf 87' lang='lat' dir='ltr'>qui</span> <span class='ocrx_word' id='word_1_534' title='bbox 1806 1985 1926 2022; x_wconf 87' lang='lat' dir='ltr'>noluit</span> <span class='ocrx_word' id='word_1_535' title='bbox 1941 1986 2010 2022; x_wconf 88' lang='lat' dir='ltr'>sub</span> <span class='ocrx_word' id='word_1_536' title='bbox 2029 1997 2073 2022; x_wconf 92' lang='lat' dir='ltr'>eo</span> <span class='ocrx_word' id='word_1_537' title='bbox 2093 1997 2190 2032; x_wconf 89' lang='lat' dir='ltr'>esse;</span> <span class='ocrx_word' id='word_1_538' title='bbox 2218 1991 2253 2023; x_wconf 90' lang='lat' dir='ltr'>et</span> <span class='ocrx_word' id='word_1_539' title='bbox 2278 1987 2405 2034; x_wconf 85' lang='lat' dir='ltr'>homo,</span> <span class='ocrx_word' id='word_1_540' title='bbox 2433 1987 2502 2039; x_wconf 80' lang='lat' dir='ltr'>qui</span> 
     </span>
    </p>
   </div>
   <div class='ocr_carea' id='block_1_16' title="bbox 1428 2037 2500 2142">
    <p class='ocr_par' dir='ltr' id='par_1_18' title="bbox 1428 2037 2500 2142">
     <span class='ocr_line' id='line_1_77' title="bbox 1428 2037 2195 2088; baseline 0.004 -14"><span class='ocrx_word' id='word_1_541' title='bbox 1428 2043 1469 2075; x_wconf 91' lang='lat' dir='ltr'>ut</span> <span class='ocrx_word' id='word_1_542' title='bbox 1493 2049 1625 2075; x_wconf 81' lang='lat' dir='ltr'>servus</span> <span class='ocrx_word' id='word_1_543' title='bbox 1653 2037 1774 2075; x_wconf 86' lang='lat' dir='ltr'>noluit</span> <span class='ocrx_word' id='word_1_544' title='bbox 1799 2043 1926 2076; x_wconf 86' lang='lat' dir='ltr'>tenere</span> <span class='ocrx_word' id='word_1_545' title='bbox 1946 2045 2153 2088; x_wconf 84' lang='lat' dir='ltr'>praecepta</span> <span class='ocrx_word' id='word_1_546' title='bbox 2171 2037 2195 2076; x_wconf 67' lang='lat'>².</span> 
     </span>
     <span class='ocr_line' id='line_1_78' title="bbox 1480 2092 2500 2142; baseline 0.004 -14"><span class='ocrx_word' id='word_1_547' title='bbox 1480 2095 1539 2128; x_wconf 85' lang='grc' dir='ltr'>Αι)</span> <span class='ocrx_word' id='word_1_548' title='bbox 1567 2103 1729 2128; x_wconf 70' lang='lat' dir='ltr'>Tem-rum</span> <span class='ocrx_word' id='word_1_549' title='bbox 1757 2103 1942 2130; x_wconf 64' lang='lat' dir='ltr'>memnon</span> <span class='ocrx_word' id='word_1_550' title='bbox 1979 2092 2084 2142; x_wconf 91' lang='lat' dir='ltr'>quod</span> <span class='ocrx_word' id='word_1_551' title='bbox 2113 2092 2206 2130; x_wconf 87' lang='lat' dir='ltr'>ratio</span> <span class='ocrx_word' id='word_1_552' title='bbox 2235 2093 2297 2130; x_wconf 90' lang='lat' dir='ltr'>illa</span> <span class='ocrx_word' id='word_1_553' title='bbox 2325 2093 2500 2142; x_wconf 88' lang='lat' dir='ltr'>procedit</span> 
     </span>
    </p>
   </div>
   <div class='ocr_carea' id='block_1_17' title="bbox 1398 2145 2100 2199">
    <p class='ocr_par' dir='ltr' id='par_1_19' title="bbox 1398 2141 2100 2199">
     <span class='ocr_line' id='line_1_79' title="bbox 1398 2145 2100 2199; baseline 0 -16"><span class='ocrx_word' id='word_1_554' title='bbox 1398 2145 1400 2199; x_wconf 92' lang='lat' dir='ltr'>J</span> <span class='ocrx_word' id='word_1_555' title='bbox 1426 2145 1474 2183; x_wconf 92' lang='lat' dir='ltr'>de</span> <span class='ocrx_word' id='word_1_556' title='bbox 1503 2145 1749 2182; x_wconf 89' lang='lat' dir='ltr'>similitudine</span> <span class='ocrx_word' id='word_1_557' title='bbox 1778 2145 2100 2195; x_wconf 87' lang='lat' dir='ltr'>aequiparantiae.</span> 
     </span>
    </p>
   </div>
   <div class='ocr_carea' id='block_1_18' title="bbox 1479 2313 2224 2381">
    <p class='ocr_par' dir='ltr' id='par_1_20' title="bbox 1479 2313 2224 2381">
     <span class='ocr_line' id='line_1_80' title="bbox 1481 2313 2224 2345; baseline 0.001 -7"><span class='ocrx_word' id='word_1_558' title='bbox 1481 2313 1503 2345; x_wconf 91' lang='grc' dir='ltr'>ε)</span> <span class='ocrx_word' id='word_1_559' title='bbox 1525 2313 1578 2338; x_wconf 79' lang='lat' dir='ltr'>Dei</span> <span class='ocrx_word' id='word_1_560' title='bbox 1595 2313 1741 2338; x_wconf 77' lang='lat' dir='ltr'>absolute...</span> <span class='ocrx_word' id='word_1_561' title='bbox 1760 2313 1974 2339; x_wconf 76' lang='lat' dir='ltr'>similitudinem.</span> <span class='ocrx_word' id='word_1_562' title='bbox 1986 2327 2005 2333; x_wconf 95' lang='lat'>—</span> <span class='ocrx_word' id='word_1_563' title='bbox 2023 2313 2177 2339; x_wconf 74' lang='lat' dir='ltr'>huiusmodi</span> <span class='ocrx_word' id='word_1_564' title='bbox 2196 2314 2224 2339; x_wconf 84' lang='grc' dir='ltr'>Ρ.</span> 
     </span>
     <span class='ocr_line' id='line_1_81' title="bbox 1479 2348 2145 2381; baseline 0.003 -8"><span class='ocrx_word' id='word_1_565' title='bbox 1479 2348 1504 2381; x_wconf 87' lang='grc' dir='ltr'>ζ)</span> <span class='ocrx_word' id='word_1_566' title='bbox 1525 2352 1615 2374; x_wconf 80' lang='lat' dir='ltr'>tenere</span> <span class='ocrx_word' id='word_1_567' title='bbox 1629 2351 1785 2380; x_wconf 75' lang='lat' dir='ltr'>praecepta.</span> <span class='ocrx_word' id='word_1_568' title='bbox 1798 2362 1817 2368; x_wconf 95' lang='lat'>-</span> <span class='ocrx_word' id='word_1_569' title='bbox 1836 2348 1922 2373; x_wconf 73' lang='lat' dir='ltr'>teneri</span> <span class='ocrx_word' id='word_1_570' title='bbox 1935 2352 2082 2381; x_wconf 71' lang='lat' dir='ltr'>praecepto</span> <span class='ocrx_word' id='word_1_571' title='bbox 2101 2349 2145 2375; x_wconf 87' lang='lat' dir='ltr'>sC.</span> 
     </span>
    </p>
   </div>
   <div class='ocr_carea' id='block_1_19' title="bbox 979 2498 1822 2532">
    <p class='ocr_par' dir='ltr' id='par_1_21' title="bbox 979 2498 1822 2532">
     <span class='ocr_line' id='line_1_82' title="bbox 979 2498 1822 2532; baseline -0.001 0"><span class='ocrx_word' id='word_1_572' title='bbox 979 2499 1316 2532; x_wconf 76' lang='lat' dir='ltr'>commentaria</span> <span class='ocrx_word' id='word_1_573' title='bbox 1338 2498 1594 2532; x_wconf 69' lang='lat' dir='ltr'>cardinalis</span> <span class='ocrx_word' id='word_1_574' title='bbox 1615 2498 1822 2532; x_wconf 75' lang='lat' dir='ltr'>Caietam</span> 
     </span>
    </p>
   </div>
   <div class='ocr_carea' id='block_1_20' title="bbox 300 2578 1398 2887">
    <p class='ocr_par' dir='ltr' id='par_1_22' title="bbox 300 2578 1398 2887">
     <span class='ocr_line' id='line_1_83' title="bbox 331 2578 1372 2620; baseline -0.003 -9"><span class='ocrx_word' id='word_1_575' title='bbox 331 2592 348 2611; x_wconf 77' lang='lat' dir='ltr'>N</span> <span class='ocrx_word' id='word_1_576' title='bbox 374 2580 505 2611; x_wconf 85' lang='lat' dir='ltr'>articulo</span> <span class='ocrx_word' id='word_1_577' title='bbox 530 2580 671 2610; x_wconf 89' lang='lat' dir='ltr'>secundo</span> <span class='ocrx_word' id='word_1_578' title='bbox 695 2579 840 2610; x_wconf 83' lang='lat' dir='ltr'>eiusdem</span> <span class='ocrx_word' id='word_1_579' title='bbox 863 2579 1060 2620; x_wconf 86' lang='lat' dir='ltr'>quaestionis</span> <span class='ocrx_word' id='word_1_580' title='bbox 1092 2578 1372 2610; x_wconf 85' lang='lat' dir='ltr'>centesimaesexa—</span> 
     </span>
     <span class='ocr_line' id='line_1_84' title="bbox 304 2594 1371 2666; baseline -0.001 -12"><span class='ocrx_word' id='word_1_581' title='bbox 304 2594 586 2666; x_wconf 84' lang='lat' dir='ltr'>Igesimaetertiae,</span> <span class='ocrx_word' id='word_1_582' title='bbox 603 2624 738 2654; x_wconf 91' lang='lat' dir='ltr'>dubium</span> <span class='ocrx_word' id='word_1_583' title='bbox 763 2623 900 2654; x_wconf 88' lang='lat' dir='ltr'>occurrit</span> <span class='ocrx_word' id='word_1_584' title='bbox 924 2623 1005 2654; x_wconf 84' lang='lat' dir='ltr'>circa</span> <span class='ocrx_word' id='word_1_585' title='bbox 1028 2623 1117 2660; x_wconf 90' lang='lat' dir='ltr'>illud,</span> <span class='ocrx_word' id='word_1_586' title='bbox 1143 2623 1274 2654; x_wconf 90' lang='lat' dir='ltr'>scilicet:</span> <span class='ocrx_word' id='word_1_587' title='bbox 1300 2623 1371 2653; x_wconf 82' lang='lat' dir='ltr'>Pri-</span> 
     </span>
     <span class='ocr_line' id='line_1_85' title="bbox 301 2668 1398 2711; baseline -0.002 -11"><span class='ocrx_word' id='word_1_588' title='bbox 301 2681 372 2701; x_wconf 89' lang='lat' dir='ltr'>mus</span> <span class='ocrx_word' id='word_1_589' title='bbox 393 2671 485 2700; x_wconf 86' lang='lat' dir='ltr'>homo</span> <span class='ocrx_word' id='word_1_590' title='bbox 509 2671 540 2700; x_wconf 88' lang='lat' dir='ltr'>in</span> <span class='ocrx_word' id='word_1_591' title='bbox 564 2678 625 2700; x_wconf 85' lang='lat' dir='ltr'>sua</span> <span class='ocrx_word' id='word_1_592' title='bbox 645 2670 808 2700; x_wconf 85' lang='lat' dir='ltr'>creatione</span> <span class='ocrx_word' id='word_1_593' title='bbox 829 2669 1071 2699; x_wconf 83' lang='lat' dir='ltr'>similitudinem</span> <span class='ocrx_word' id='word_1_594' title='bbox 1095 2668 1237 2699; x_wconf 85' lang='lat' dir='ltr'>divinam</span> <span class='ocrx_word' id='word_1_595' title='bbox 1268 2677 1371 2709; x_wconf 81' lang='lat' dir='ltr'>quan·</span> <span class='ocrx_word' id='word_1_596' title='bbox 1396 2682 1398 2711; x_wconf 57' lang='lat'>,¹</span> 
     </span>
     <span class='ocr_line' id='line_1_86' title="bbox 301 2712 1369 2754; baseline -0.003 -9"><span class='ocrx_word' id='word_1_597' title='bbox 301 2720 366 2745; x_wconf 85' lang='lat' dir='ltr'>tum</span> <span class='ocrx_word' id='word_1_598' title='bbox 390 2715 433 2745; x_wconf 84' lang='lat' dir='ltr'>ad</span> <span class='ocrx_word' id='word_1_599' title='bbox 455 2715 620 2745; x_wconf 85' lang='lat' dir='ltr'>scientiam</span> <span class='ocrx_word' id='word_1_600' title='bbox 645 2713 785 2745; x_wconf 87' lang='lat' dir='ltr'>nondum</span> <span class='ocrx_word' id='word_1_601' title='bbox 810 2718 885 2743; x_wconf 85' lang='lat' dir='ltr'>actu</span> <span class='ocrx_word' id='word_1_602' title='bbox 915 2714 1050 2754; x_wconf 79' lang='lat' dir='ltr'>adeptus</span> <span class='ocrx_word' id='word_1_603' title='bbox 1073 2718 1162 2751; x_wconf 84' lang='lat' dir='ltr'>erat,</span> <span class='ocrx_word' id='word_1_604' title='bbox 1187 2712 1245 2743; x_wconf 85' lang='lat' dir='ltr'>sed</span> <span class='ocrx_word' id='word_1_605' title='bbox 1266 2712 1369 2743; x_wconf 82' lang='lat' dir='ltr'>sotum</span> 
     </span>
     <span class='ocr_line' id='line_1_87' title="bbox 301 2757 1372 2799; baseline -0.003 -9"><span class='ocrx_word' id='word_1_606' title='bbox 301 2761 332 2789; x_wconf 88' lang='lat' dir='ltr'>in</span> <span class='ocrx_word' id='word_1_607' title='bbox 352 2760 505 2799; x_wconf 85' lang='lat' dir='ltr'>potentia.</span> <span class='ocrx_word' id='word_1_608' title='bbox 535 2759 703 2799; x_wconf 81' lang='lat' dir='ltr'>Repugnat</span> <span class='ocrx_word' id='word_1_609' title='bbox 736 2757 894 2799; x_wconf 87' lang='lat' dir='ltr'>siquidem</span> <span class='ocrx_word' id='word_1_610' title='bbox 924 2758 985 2788; x_wconf 91' lang='lat' dir='ltr'>hoc</span> <span class='ocrx_word' id='word_1_611' title='bbox 1017 2758 1177 2788; x_wconf 88' lang='lat' dir='ltr'>doctrinae</span> <span class='ocrx_word' id='word_1_612' title='bbox 1205 2757 1237 2787; x_wconf 90' lang='lat' dir='ltr'>in</span> <span class='ocrx_word' id='word_1_613' title='bbox 1266 2757 1372 2787; x_wconf 84' lang='lat' dir='ltr'>Prima</span> 
     </span>
     <span class='ocr_line' id='line_1_88' title="bbox 300 2801 1372 2843; baseline -0.002 -9"><span class='ocrx_word' id='word_1_614' title='bbox 300 2805 389 2834; x_wconf 82' lang='lat' dir='ltr'>Parte</span> <span class='ocrx_word' id='word_1_615' title='bbox 413 2804 548 2841; x_wconf 85' lang='lat' dir='ltr'>habitae,</span> <span class='ocrx_word' id='word_1_616' title='bbox 567 2803 619 2834; x_wconf 87' lang='lat' dir='ltr'>ubi</span> <span class='ocrx_word' id='word_1_617' title='bbox 645 2803 767 2843; x_wconf 88' lang='lat' dir='ltr'>primus</span> <span class='ocrx_word' id='word_1_618' title='bbox 791 2802 892 2832; x_wconf 91' lang='lat' dir='ltr'>homo</span> <span class='ocrx_word' id='word_1_619' title='bbox 922 2810 1044 2833; x_wconf 81' lang='lat' dir='ltr'>creatus</span> <span class='ocrx_word' id='word_1_620' title='bbox 1067 2802 1182 2833; x_wconf 86' lang='lat' dir='ltr'>dicitur</span> <span class='ocrx_word' id='word_1_621' title='bbox 1214 2801 1372 2842; x_wconf 85' lang='lat' dir='ltr'>perfectus</span> 
     </span>
     <span class='ocr_line' id='line_1_89' title="bbox 302 2846 1371 2887; baseline -0.002 -9"><span class='ocrx_word' id='word_1_622' title='bbox 302 2848 390 2878; x_wconf 91' lang='lat' dir='ltr'>omni</span> <span class='ocrx_word' id='word_1_623' title='bbox 414 2848 541 2878; x_wconf 82' lang='lat' dir='ltr'>scientia</span> <span class='ocrx_word' id='word_1_624' title='bbox 565 2848 720 2878; x_wconf 89' lang='lat' dir='ltr'>humana:</span> <span class='ocrx_word' id='word_1_625' title='bbox 748 2854 783 2878; x_wconf 92' lang='lat' dir='ltr'>ut</span> <span class='ocrx_word' id='word_1_626' title='bbox 806 2853 891 2887; x_wconf 91' lang='lat' dir='ltr'>patet</span> <span class='ocrx_word' id='word_1_627' title='bbox 914 2847 1032 2878; x_wconf 90' lang='lat' dir='ltr'>ibidem</span> <span class='ocrx_word' id='word_1_628' title='bbox 1053 2846 1084 2877; x_wconf 91' lang='lat' dir='ltr'>in</span> <span class='ocrx_word' id='word_1_629' title='bbox 1109 2854 1164 2877; x_wconf 90' lang='lat' dir='ltr'>art.</span> <span class='ocrx_word' id='word_1_630' title='bbox 1185 2847 1201 2877; x_wconf 82' lang='lat'>3</span> <span class='ocrx_word' id='word_1_631' title='bbox 1219 2856 1274 2887; x_wconf 89' lang='lat' dir='ltr'>qu.</span> <span class='ocrx_word' id='word_1_632' title='bbox 1290 2856 1371 2877; x_wconf 83' lang='lat' dir='ltr'>xctv.</span> 
     </span>
    </p>
   </div>
   <div class='ocr_carea' id='block_1_21' title="bbox 357 2891 1399 2932">
    <p class='ocr_par' dir='ltr' id='par_1_23' title="bbox 357 2891 1399 2932">
     <span class='ocr_line' id='line_1_90' title="bbox 357 2891 1399 2932; baseline -0.002 -9"><span class='ocrx_word' id='word_1_633' title='bbox 357 2893 407 2922; x_wconf 90' lang='lat' dir='ltr'>Ad</span> <span class='ocrx_word' id='word_1_634' title='bbox 430 2893 491 2923; x_wconf 92' lang='lat' dir='ltr'>hoc</span> <span class='ocrx_word' id='word_1_635' title='bbox 515 2892 628 2923; x_wconf 86' lang='lat' dir='ltr'>dicitur</span> <span class='ocrx_word' id='word_1_636' title='bbox 652 2893 740 2932; x_wconf 92' lang='lat' dir='ltr'>quod</span> <span class='ocrx_word' id='word_1_637' title='bbox 764 2893 858 2922; x_wconf 83' lang='lat' dir='ltr'>verba</span> <span class='ocrx_word' id='word_1_638' title='bbox 886 2892 1035 2922; x_wconf 88' lang='lat' dir='ltr'>Auctoris</span> <span class='ocrx_word' id='word_1_639' title='bbox 1059 2891 1109 2922; x_wconf 90' lang='lat' dir='ltr'>hic</span> <span class='ocrx_word' id='word_1_640' title='bbox 1140 2901 1213 2921; x_wconf 88' lang='lat' dir='ltr'>vera</span> <span class='ocrx_word' id='word_1_641' title='bbox 1235 2898 1310 2921; x_wconf 89' lang='lat' dir='ltr'>sunt</span> <span class='ocrx_word' id='word_1_642' title='bbox 1333 2891 1371 2921; x_wconf 93' lang='lat' dir='ltr'>de</span> <span class='ocrx_word' id='word_1_643' title='bbox 1397 2897 1399 2929; x_wconf 65' lang='grc' dir='ltr'><strong>ᾗ</strong></span> 
     </span>
    </p>
   </div>
   <div class='ocr_carea' id='block_1_22' title="bbox 302 2935 1371 2977">
    <p class='ocr_par' dir='ltr' id='par_1_24' title="bbox 302 2935 1371 2977">
     <span class='ocr_line' id='line_1_91' title="bbox 302 2935 1371 2977; baseline 0 -10"><span class='ocrx_word' id='word_1_644' title='bbox 302 2937 406 2977; x_wconf 87' lang='lat' dir='ltr'>primo</span> <span class='ocrx_word' id='word_1_645' title='bbox 430 2937 559 2967; x_wconf 84' lang='lat' dir='ltr'>homine</span> <span class='ocrx_word' id='word_1_646' title='bbox 588 2944 745 2977; x_wconf 84' lang='lat' dir='ltr'>quantum</span> <span class='ocrx_word' id='word_1_647' title='bbox 780 2944 826 2967; x_wconf 87' lang='lat' dir='ltr'>est</span> <span class='ocrx_word' id='word_1_648' title='bbox 850 2946 886 2966; x_wconf 87' lang='lat' dir='ltr'>ex</span> <span class='ocrx_word' id='word_1_649' title='bbox 910 2935 1094 2967; x_wconf 88' lang='lat' dir='ltr'>conditione</span> <span class='ocrx_word' id='word_1_650' title='bbox 1126 2945 1201 2966; x_wconf 85' lang='lat' dir='ltr'>suae</span> <span class='ocrx_word' id='word_1_651' title='bbox 1231 2942 1371 2967; x_wconf 86' lang='lat' dir='ltr'>naturae.</span> 
     </span>
    </p>
   </div>
   <div class='ocr_carea' id='block_1_23' title="bbox 303 2975 1399 3022">
    <p class='ocr_par' dir='ltr' id='par_1_25' title="bbox 303 2975 1399 3022">
     <span class='ocr_line' id='line_1_92' title="bbox 303 2975 1399 3022; baseline -0.001 -11"><span class='ocrx_word' id='word_1_652' title='bbox 303 2982 347 3011; x_wconf 88' lang='lat' dir='ltr'>Ita</span> <span class='ocrx_word' id='word_1_653' title='bbox 371 2982 459 3022; x_wconf 94' lang='lat' dir='ltr'>quod</span> <span class='ocrx_word' id='word_1_654' title='bbox 481 2982 562 3012; x_wconf 91' lang='lat' dir='ltr'>inter</span> <span class='ocrx_word' id='word_1_655' title='bbox 577 2982 726 3021; x_wconf 81' lang='lat' dir='ltr'>angelum</span> <span class='ocrx_word' id='word_1_656' title='bbox 750 2988 781 3012; x_wconf 90' lang='lat' dir='ltr'>et</span> <span class='ocrx_word' id='word_1_657' title='bbox 804 2981 970 3011; x_wconf 87' lang='lat' dir='ltr'>hominem</span> <span class='ocrx_word' id='word_1_658' title='bbox 991 2981 1067 3011; x_wconf 83' lang='lat' dir='ltr'>haec</span> <span class='ocrx_word' id='word_1_659' title='bbox 1090 2980 1253 3011; x_wconf 86' lang='lat' dir='ltr'>verissima</span> <span class='ocrx_word' id='word_1_660' title='bbox 1269 2979 1372 3021; x_wconf 84' lang='lat' dir='ltr'>posita</span> <span class='ocrx_word' id='word_1_661' title='bbox 1397 2975 1399 2986; x_wconf 90' lang='lat'>&#39;</span> 
     </span>
    </p>
   </div>
   <div class='ocr_carea' id='block_1_24' title="bbox 303 3024 1373 3234">
    <p class='ocr_par' dir='ltr' id='par_1_26' title="bbox 303 3024 1373 3234">
     <span class='ocr_line' id='line_1_93' title="bbox 304 3024 1372 3066; baseline -0.001 -10"><span class='ocrx_word' id='word_1_662' title='bbox 304 3026 342 3055; x_wconf 85' lang='lat' dir='ltr'>sit</span> <span class='ocrx_word' id='word_1_663' title='bbox 366 3025 547 3061; x_wconf 84' lang='lat' dir='ltr'>differentia,</span> <span class='ocrx_word' id='word_1_664' title='bbox 565 3027 653 3066; x_wconf 89' lang='lat' dir='ltr'>quod</span> <span class='ocrx_word' id='word_1_665' title='bbox 677 3027 808 3066; x_wconf 80' lang='lat' dir='ltr'>angelus</span> <span class='ocrx_word' id='word_1_666' title='bbox 832 3035 868 3056; x_wconf 87' lang='lat' dir='ltr'>ex</span> <span class='ocrx_word' id='word_1_667' title='bbox 893 3025 1026 3056; x_wconf 82' lang='lat' dir='ltr'>naturali</span> <span class='ocrx_word' id='word_1_668' title='bbox 1051 3024 1235 3056; x_wconf 87' lang='lat' dir='ltr'>conditione</span> <span class='ocrx_word' id='word_1_669' title='bbox 1251 3031 1372 3055; x_wconf 81' lang='lat' dir='ltr'>creatus</span> 
     </span>
     <span class='ocr_line' id='line_1_94' title="bbox 303 3069 1372 3110; baseline -0.001 -10"><span class='ocrx_word' id='word_1_670' title='bbox 303 3077 349 3100; x_wconf 89' lang='lat' dir='ltr'>est</span> <span class='ocrx_word' id='word_1_671' title='bbox 373 3070 485 3110; x_wconf 81' lang='lat' dir='ltr'>plenus</span> <span class='ocrx_word' id='word_1_672' title='bbox 509 3070 653 3101; x_wconf 87' lang='lat' dir='ltr'>scientia:</span> <span class='ocrx_word' id='word_1_673' title='bbox 682 3071 782 3101; x_wconf 91' lang='lat' dir='ltr'>horno</span> <span class='ocrx_word' id='word_1_674' title='bbox 807 3078 915 3101; x_wconf 84' lang='lat' dir='ltr'>autem</span> <span class='ocrx_word' id='word_1_675' title='bbox 948 3077 1069 3101; x_wconf 82' lang='lat' dir='ltr'>creatus</span> <span class='ocrx_word' id='word_1_676' title='bbox 1094 3077 1152 3104; x_wconf 87' lang='lat' dir='ltr'>est,</span> <span class='ocrx_word' id='word_1_677' title='bbox 1176 3079 1213 3100; x_wconf 85' lang='lat' dir='ltr'>ex</span> <span class='ocrx_word' id='word_1_678' title='bbox 1237 3069 1372 3100; x_wconf 87' lang='lat' dir='ltr'>naturali</span> 
     </span>
     <span class='ocr_line' id='line_1_95' title="bbox 304 3114 1372 3155; baseline 0 -11"><span class='ocrx_word' id='word_1_679' title='bbox 304 3124 360 3144; x_wconf 83' lang='lat' dir='ltr'>sua</span> <span class='ocrx_word' id='word_1_680' title='bbox 385 3114 577 3150; x_wconf 87' lang='lat' dir='ltr'>conditione,</span> <span class='ocrx_word' id='word_1_681' title='bbox 594 3115 625 3145; x_wconf 93' lang='lat' dir='ltr'>in</span> <span class='ocrx_word' id='word_1_682' title='bbox 651 3115 802 3155; x_wconf 79' lang='lat' dir='ltr'>potentia,</span> <span class='ocrx_word' id='word_1_683' title='bbox 830 3125 896 3145; x_wconf 90' lang='lat' dir='ltr'>non</span> <span class='ocrx_word' id='word_1_684' title='bbox 920 3114 951 3145; x_wconf 92' lang='lat' dir='ltr'>in</span> <span class='ocrx_word' id='word_1_685' title='bbox 976 3122 1061 3151; x_wconf 84' lang='lat' dir='ltr'>actu,</span> <span class='ocrx_word' id='word_1_686' title='bbox 1086 3115 1200 3154; x_wconf 90' lang='lat' dir='ltr'>plenus</span> <span class='ocrx_word' id='word_1_687' title='bbox 1224 3114 1372 3150; x_wconf 84' lang='lat' dir='ltr'>scientia;</span> 
     </span>
     <span class='ocr_line' id='line_1_96' title="bbox 303 3158 1373 3200; baseline 0.001 -12"><span class='ocrx_word' id='word_1_688' title='bbox 303 3159 448 3199; x_wconf 88' lang='lat' dir='ltr'>quamvis</span> <span class='ocrx_word' id='word_1_689' title='bbox 465 3169 501 3189; x_wconf 88' lang='lat' dir='ltr'>ex</span> <span class='ocrx_word' id='word_1_690' title='bbox 515 3159 643 3199; x_wconf 81' lang='lat' dir='ltr'>speciali</span> <span class='ocrx_word' id='word_1_691' title='bbox 660 3160 758 3200; x_wconf 86' lang='lat' dir='ltr'>gratia</span> <span class='ocrx_word' id='word_1_692' title='bbox 775 3159 900 3190; x_wconf 79' lang='lat' dir='ltr'>divinae</span> <span class='ocrx_word' id='word_1_693' title='bbox 924 3159 1151 3199; x_wconf 88' lang='lat' dir='ltr'>providentiae,</span> <span class='ocrx_word' id='word_1_694' title='bbox 1168 3158 1291 3200; x_wconf 88' lang='lat' dir='ltr'>primus</span> <span class='ocrx_word' id='word_1_695' title='bbox 1307 3159 1373 3199; x_wconf 90' lang='lat' dir='ltr'>ple-</span> 
     </span>
     <span class='ocr_line' id='line_1_97' title="bbox 306 3203 643 3234; baseline 0.003 -2"><span class='ocrx_word' id='word_1_696' title='bbox 306 3213 365 3233; x_wconf 88' lang='lat' dir='ltr'>nus</span> <span class='ocrx_word' id='word_1_697' title='bbox 388 3203 481 3234; x_wconf 85' lang='lat' dir='ltr'>fuerit</span> <span class='ocrx_word' id='word_1_698' title='bbox 504 3203 643 3234; x_wconf 86' lang='lat' dir='ltr'>scientia.</span> 
     </span>
    </p>
   </div>
   <div class='ocr_carea' id='block_1_25' title="bbox 1396 2577 2499 2620">
    <p class='ocr_par' dir='ltr' id='par_1_27' title="bbox 1396 2577 2499 2620">
     <span class='ocr_line' id='line_1_98' title="bbox 1396 2577 2499 2620; baseline 0.003 -12"><span class='ocrx_word' id='word_1_699' title='bbox 1396 2579 1399 2583; x_wconf 79' lang='grc'>’</span> <span class='ocrx_word' id='word_1_700' title='bbox 1425 2588 1491 2609; x_wconf 90' lang='lat' dir='ltr'>non</span> <span class='ocrx_word' id='word_1_701' title='bbox 1520 2579 1653 2619; x_wconf 85' lang='lat' dir='ltr'>adeptus</span> <span class='ocrx_word' id='word_1_702' title='bbox 1685 2577 1927 2609; x_wconf 85' lang='lat' dir='ltr'>similitudinem</span> <span class='ocrx_word' id='word_1_703' title='bbox 1961 2577 2103 2609; x_wconf 76' lang='lat' dir='ltr'>divinam</span> <span class='ocrx_word' id='word_1_704' title='bbox 2134 2578 2243 2620; x_wconf 86' lang='lat' dir='ltr'>quoad</span> <span class='ocrx_word' id='word_1_705' title='bbox 2270 2579 2436 2611; x_wconf 82' lang='lat' dir='ltr'>scientiam</span> <span class='ocrx_word' id='word_1_706' title='bbox 2464 2579 2499 2611; x_wconf 84' lang='lat' dir='ltr'>in</span> 
     </span>
    </p>
   </div>
   <div class='ocr_carea' id='block_1_26' title="bbox 1424 2623 2500 2709">
    <p class='ocr_par' dir='ltr' id='par_1_28' title="bbox 1424 2623 2500 2709">
     <span class='ocr_line' id='line_1_99' title="bbox 1424 2623 2499 2665; baseline 0.002 -12"><span class='ocrx_word' id='word_1_707' title='bbox 1424 2630 1506 2659; x_wconf 88' lang='lat' dir='ltr'>actu,</span> <span class='ocrx_word' id='word_1_708' title='bbox 1523 2623 1577 2653; x_wconf 86' lang='lat' dir='ltr'>sed</span> <span class='ocrx_word' id='word_1_709' title='bbox 1602 2623 1633 2654; x_wconf 87' lang='lat' dir='ltr'>in</span> <span class='ocrx_word' id='word_1_710' title='bbox 1659 2623 1811 2663; x_wconf 83' lang='lat' dir='ltr'>potentia.</span> <span class='ocrx_word' id='word_1_711' title='bbox 1835 2623 1876 2654; x_wconf 90' lang='lat' dir='ltr'>Et</span> <span class='ocrx_word' id='word_1_712' title='bbox 1892 2623 1969 2654; x_wconf 85' lang='lat' dir='ltr'>haec</span> <span class='ocrx_word' id='word_1_713' title='bbox 1986 2623 2142 2665; x_wconf 80' lang='lat' dir='ltr'>expositio</span> <span class='ocrx_word' id='word_1_714' title='bbox 2167 2630 2323 2655; x_wconf 80' lang='lat' dir='ltr'>consonat</span> <span class='ocrx_word' id='word_1_715' title='bbox 2345 2623 2499 2655; x_wconf 86' lang='lat' dir='ltr'>Auctori:</span> 
     </span>
     <span class='ocr_line' id='line_1_100' title="bbox 1424 2667 2500 2709; baseline 0.002 -11"><span class='ocrx_word' id='word_1_716' title='bbox 1424 2677 1491 2698; x_wconf 90' lang='lat' dir='ltr'>non</span> <span class='ocrx_word' id='word_1_717' title='bbox 1516 2667 1628 2708; x_wconf 81' lang='lat' dir='ltr'>prima.</span> <span class='ocrx_word' id='word_1_718' title='bbox 1654 2667 1739 2705; x_wconf 85' lang='lat' dir='ltr'>Quia</span> <span class='ocrx_word' id='word_1_719' title='bbox 1758 2667 1931 2708; x_wconf 78' lang='lat' dir='ltr'>praemittit</span> <span class='ocrx_word' id='word_1_720' title='bbox 1946 2667 2036 2709; x_wconf 91' lang='lat' dir='ltr'>quod</span> <span class='ocrx_word' id='word_1_721' title='bbox 2059 2669 2220 2709; x_wconf 77' lang='lat' dir='ltr'>appetitus</span> <span class='ocrx_word' id='word_1_722' title='bbox 2230 2669 2365 2709; x_wconf 78' lang='lat' dir='ltr'>proprie</span> <span class='ocrx_word' id='word_1_723' title='bbox 2387 2673 2434 2700; x_wconf 78' lang='lat' dir='ltr'>est</span> <span class='ocrx_word' id='word_1_724' title='bbox 2449 2669 2500 2700; x_wconf 76' lang='lat' dir='ltr'>rei</span> 
     </span>
    </p>
   </div>
   <div class='ocr_carea' id='block_1_27' title="bbox 1397 2711 2498 2886">
    <p class='ocr_par' dir='ltr' id='par_1_29' title="bbox 1396 2711 2498 2886">
     <span class='ocr_line' id='line_1_101' title="bbox 1397 2711 2498 2754; baseline 0.002 -12"><span class='ocrx_word' id='word_1_725' title='bbox 1397 2716 1398 2727; x_wconf 67' lang='lat'>¹</span> <span class='ocrx_word' id='word_1_726' title='bbox 1425 2722 1488 2743; x_wconf 88' lang='lat' dir='ltr'>non</span> <span class='ocrx_word' id='word_1_727' title='bbox 1505 2713 1650 2743; x_wconf 85' lang='lat' dir='ltr'>habitae:</span> <span class='ocrx_word' id='word_1_728' title='bbox 1669 2712 1792 2751; x_wconf 86' lang='lat' dir='ltr'>primus</span> <span class='ocrx_word' id='word_1_729' title='bbox 1808 2719 1917 2743; x_wconf 86' lang='lat' dir='ltr'>autem</span> <span class='ocrx_word' id='word_1_730' title='bbox 1932 2711 2044 2748; x_wconf 87' lang='lat' dir='ltr'>hom0‚</span> <span class='ocrx_word' id='word_1_731' title='bbox 2061 2722 2248 2754; x_wconf 78' lang='lat' dir='ltr'>quanquam</span> <span class='ocrx_word' id='word_1_732' title='bbox 2264 2723 2330 2744; x_wconf 88' lang='lat' dir='ltr'>non</span> <span class='ocrx_word' id='word_1_733' title='bbox 2347 2712 2498 2744; x_wconf 76' lang='lat' dir='ltr'>naturali-</span> 
     </span>
     <span class='ocr_line' id='line_1_102' title="bbox 1424 2757 2498 2798; baseline 0.001 -10.975"><span class='ocrx_word' id='word_1_734' title='bbox 1424 2764 1481 2794; x_wconf 86' lang='lat' dir='ltr'>ter,</span> <span class='ocrx_word' id='word_1_735' title='bbox 1498 2757 1634 2788; x_wconf 84' lang='lat' dir='ltr'>habebat</span> <span class='ocrx_word' id='word_1_736' title='bbox 1657 2764 1762 2788; x_wconf 82' lang='lat' dir='ltr'>tamen</span> <span class='ocrx_word' id='word_1_737' title='bbox 1787 2757 1949 2788; x_wconf 82' lang='lat' dir='ltr'>scientiam</span> <span class='ocrx_word' id='word_1_738' title='bbox 1965 2757 2062 2788; x_wconf 88' lang='lat' dir='ltr'>illam.</span> <span class='ocrx_word' id='word_1_739' title='bbox 2087 2757 2128 2788; x_wconf 88' lang='lat' dir='ltr'>Et</span> <span class='ocrx_word' id='word_1_740' title='bbox 2150 2763 2319 2798; x_wconf 84' lang='lat' dir='ltr'>propterea</span> <span class='ocrx_word' id='word_1_741' title='bbox 2334 2766 2400 2788; x_wconf 85' lang='lat' dir='ltr'>non</span> <span class='ocrx_word' id='word_1_742' title='bbox 2423 2757 2498 2788; x_wconf 85' lang='lat' dir='ltr'>inde</span> 
     </span>
     <span class='ocr_line' id='line_1_103' title="bbox 1397 2801 2498 2842; baseline 0 -10"><span class='ocrx_word' id='word_1_743' title='bbox 1397 2811 1398 2814; x_wconf 53' lang='lat'>¹</span> <span class='ocrx_word' id='word_1_744' title='bbox 1424 2801 1583 2842; x_wconf 87' lang='lat' dir='ltr'>appetitus</span> <span class='ocrx_word' id='word_1_745' title='bbox 1607 2801 1726 2832; x_wconf 86' lang='lat' dir='ltr'>sciendi</span> <span class='ocrx_word' id='word_1_746' title='bbox 1749 2801 1920 2833; x_wconf 86' lang='lat' dir='ltr'>evenisset:</span> <span class='ocrx_word' id='word_1_747' title='bbox 1945 2801 2027 2833; x_wconf 82' lang='lat' dir='ltr'>sicut</span> <span class='ocrx_word' id='word_1_748' title='bbox 2049 2801 2135 2833; x_wconf 85' lang='lat' dir='ltr'>iuxta</span> <span class='ocrx_word' id='word_1_749' title='bbox 2165 2802 2337 2833; x_wconf 86' lang='lat' dir='ltr'>secundam</span> <span class='ocrx_word' id='word_1_750' title='bbox 2365 2811 2498 2842; x_wconf 73' lang='lat' dir='ltr'>respon-</span> 
     </span>
     <span class='ocr_line' id='line_1_104' title="bbox 1397 2845 2497 2886; baseline 0.003 -10"><span class='ocrx_word' id='word_1_751' title='bbox 1397 2849 1398 2856; x_wconf 64' lang='lat'><em>*</em></span> <span class='ocrx_word' id='word_1_752' title='bbox 1424 2846 1558 2877; x_wconf 90' lang='lat' dir='ltr'>sionem.</span> <span class='ocrx_word' id='word_1_753' title='bbox 1585 2845 1670 2884; x_wconf 88' lang='lat' dir='ltr'>Quia</span> <span class='ocrx_word' id='word_1_754' title='bbox 1686 2846 1780 2886; x_wconf 89' lang='lat' dir='ltr'>primi</span> <span class='ocrx_word' id='word_1_755' title='bbox 1804 2846 1944 2877; x_wconf 76' lang='lat' dir='ltr'>hominis</span> <span class='ocrx_word' id='word_1_756' title='bbox 1966 2846 2017 2877; x_wconf 86' lang='lat' dir='ltr'>via</span> <span class='ocrx_word' id='word_1_757' title='bbox 2041 2846 2142 2877; x_wconf 86' lang='lat' dir='ltr'>multa</span> <span class='ocrx_word' id='word_1_758' title='bbox 2158 2847 2265 2878; x_wconf 71' lang='lat' dir='ltr'>futur·</span> <span class='ocrx_word' id='word_1_759' title='bbox 2281 2852 2360 2877; x_wconf 81' lang='lat' dir='ltr'>erat:</span> <span class='ocrx_word' id='word_1_760' title='bbox 2386 2853 2418 2876; x_wconf 88' lang='lat' dir='ltr'>et</span> <span class='ocrx_word' id='word_1_761' title='bbox 2431 2845 2497 2879; x_wconf 75' lang='lat' dir='ltr'>iam</span> 
     </span>
    </p>
   </div>
   <div class='ocr_carea' id='block_1_28' title="bbox 1423 2890 2495 2932">
    <p class='ocr_par' dir='ltr' id='par_1_30' title="bbox 1423 2890 2495 2932">
     <span class='ocr_line' id='line_1_105' title="bbox 1423 2890 2495 2932; baseline 0 -11"><span class='ocrx_word' id='word_1_762' title='bbox 1423 2891 1595 2923; x_wconf 87' lang='lat' dir='ltr'>instructus</span> <span class='ocrx_word' id='word_1_763' title='bbox 1619 2897 1685 2921; x_wconf 86' lang='lat' dir='ltr'>erat</span> <span class='ocrx_word' id='word_1_764' title='bbox 1707 2891 1739 2921; x_wconf 90' lang='lat' dir='ltr'>in</span> <span class='ocrx_word' id='word_1_765' title='bbox 1768 2890 1951 2922; x_wconf 82' lang='lat' dir='ltr'>naturaliter</span> <span class='ocrx_word' id='word_1_766' title='bbox 1978 2891 2156 2927; x_wconf 81' lang='lat' dir='ltr'>scibilibus,</span> <span class='ocrx_word' id='word_1_767' title='bbox 2181 2897 2212 2922; x_wconf 90' lang='lat' dir='ltr'>et</span> <span class='ocrx_word' id='word_1_768' title='bbox 2240 2890 2274 2921; x_wconf 85' lang='lat' dir='ltr'>in</span> <span class='ocrx_word' id='word_1_769' title='bbox 2303 2890 2495 2932; x_wconf 74' lang='lat' dir='ltr'>quibusdam</span> 
     </span>
    </p>
   </div>
   <div class='ocr_carea' id='block_1_29' title="bbox 1397 2934 2498 2976">
    <p class='ocr_par' dir='ltr' id='par_1_31' title="bbox 1397 2934 2498 2976">
     <span class='ocr_line' id='line_1_106' title="bbox 1397 2934 2498 2976; baseline -0.001 -10"><span class='ocrx_word' id='word_1_770' title='bbox 1397 2939 1399 2959; x_wconf 77' lang='grc' dir='ltr'>ἰ</span> <span class='ocrx_word' id='word_1_771' title='bbox 1424 2935 1716 2976; x_wconf 82' lang='lat' dir='ltr'>supernaturalibus</span> <span class='ocrx_word' id='word_1_772' title='bbox 1741 2936 1915 2976; x_wconf 83' lang='lat' dir='ltr'>praeceptis</span> <span class='ocrx_word' id='word_1_773' title='bbox 1938 2935 2012 2972; x_wconf 88' lang='lat' dir='ltr'>Dei,</span> <span class='ocrx_word' id='word_1_774' title='bbox 2037 2942 2068 2966; x_wconf 88' lang='lat' dir='ltr'>et</span> <span class='ocrx_word' id='word_1_775' title='bbox 2089 2935 2221 2966; x_wconf 85' lang='lat' dir='ltr'>luminis</span> <span class='ocrx_word' id='word_1_776' title='bbox 2249 2934 2498 2976; x_wconf 83' lang='lat' dir='ltr'>supernaturalis</span> 
     </span>
    </p>
   </div>
   <div class='ocr_carea' id='block_1_30' title="bbox 1424 2979 2551 3145">
    <p class='ocr_par' dir='ltr' id='par_1_32' title="bbox 1424 2979 2693 3146">
     <span class='ocr_line' id='line_1_107' title="bbox 1424 2979 2496 3020; baseline 0 -10"><span class='ocrx_word' id='word_1_777' title='bbox 1424 2980 1607 3020; x_wconf 84' lang='lat' dir='ltr'>imperfecte</span> <span class='ocrx_word' id='word_1_778' title='bbox 1633 2979 1788 3020; x_wconf 78' lang='lat' dir='ltr'>particeps</span> <span class='ocrx_word' id='word_1_779' title='bbox 1812 2986 1893 3017; x_wconf 81' lang='lat' dir='ltr'>erat;</span> <span class='ocrx_word' id='word_1_780' title='bbox 1918 2987 1950 3011; x_wconf 88' lang='lat' dir='ltr'>et</span> <span class='ocrx_word' id='word_1_781' title='bbox 1968 2987 2075 3011; x_wconf 86' lang='lat' dir='ltr'>tamen</span> <span class='ocrx_word' id='word_1_782' title='bbox 2100 2980 2314 3020; x_wconf 84' lang='lat' dir='ltr'>cognoscebat</span> <span class='ocrx_word' id='word_1_783' title='bbox 2336 2979 2426 3020; x_wconf 91' lang='lat' dir='ltr'>quod</span> <span class='ocrx_word' id='word_1_784' title='bbox 2450 2989 2496 3010; x_wconf 82' lang='lat' dir='ltr'>se-</span> 
     </span>
     <span class='ocr_line' id='line_1_108' title="bbox 1424 3023 2496 3065; baseline -0.002 -9"><span class='ocrx_word' id='word_1_785' title='bbox 1424 3026 1567 3056; x_wconf 90' lang='lat' dir='ltr'>cundum</span> <span class='ocrx_word' id='word_1_786' title='bbox 1583 3025 1663 3055; x_wconf 92' lang='lat' dir='ltr'>illud</span> <span class='ocrx_word' id='word_1_787' title='bbox 1679 3024 1848 3065; x_wconf 89' lang='lat' dir='ltr'>oportebat</span> <span class='ocrx_word' id='word_1_788' title='bbox 1871 3034 1904 3056; x_wconf 83' lang='lat' dir='ltr'>se</span> <span class='ocrx_word' id='word_1_789' title='bbox 1921 3024 2053 3064; x_wconf 83' lang='lat' dir='ltr'>dirigere</span> <span class='ocrx_word' id='word_1_790' title='bbox 2072 3024 2105 3055; x_wconf 86' lang='lat' dir='ltr'>in</span> <span class='ocrx_word' id='word_1_791' title='bbox 2129 3023 2267 3064; x_wconf 81' lang='lat' dir='ltr'>agendis,</span> <span class='ocrx_word' id='word_1_792' title='bbox 2284 3031 2315 3054; x_wconf 90' lang='lat' dir='ltr'>et</span> <span class='ocrx_word' id='word_1_793' title='bbox 2338 3023 2371 3054; x_wconf 88' lang='lat' dir='ltr'>in</span> <span class='ocrx_word' id='word_1_794' title='bbox 2386 3023 2496 3054; x_wconf 86' lang='lat' dir='ltr'>huius-</span> 
     </span>
     <span class='ocr_line' id='line_1_109' title="bbox 1424 3068 2498 3110; baseline -0.002 -10"><span class='ocrx_word' id='word_1_795' title='bbox 1424 3070 1513 3100; x_wconf 89' lang='lat' dir='ltr'>modi</span> <span class='ocrx_word' id='word_1_796' title='bbox 1538 3069 1658 3100; x_wconf 89' lang='lat' dir='ltr'>lumine</span> <span class='ocrx_word' id='word_1_797' title='bbox 1682 3068 1876 3110; x_wconf 79' lang='lat' dir='ltr'>proficiebat.</span> <span class='ocrx_word' id='word_1_798' title='bbox 1902 3068 1976 3100; x_wconf 85' lang='lat' dir='ltr'>Ideo</span> <span class='ocrx_word' id='word_1_799' title='bbox 1999 3068 2132 3110; x_wconf 86' lang='lat' dir='ltr'>appetiit</span> <span class='ocrx_word' id='word_1_800' title='bbox 2154 3068 2394 3099; x_wconf 82' lang='lat' dir='ltr'>similitudinem</span> <span class='ocrx_word' id='word_1_801' title='bbox 2419 3068 2498 3098; x_wconf 87' lang='lat' dir='ltr'>divi-</span> 
     </span>
     <span class='ocr_line' id='line_1_110' title="bbox 1425 3113 2551 3145; baseline -0.004 0"><span class='ocrx_word' id='word_1_802' title='bbox 1425 3124 1499 3145; x_wconf 82' lang='lat' dir='ltr'>nam</span> <span class='ocrx_word' id='word_1_803' title='bbox 1522 3113 1555 3144; x_wconf 89' lang='lat' dir='ltr'>in</span> <span class='ocrx_word' id='word_1_804' title='bbox 1579 3113 1709 3145; x_wconf 84' lang='lat' dir='ltr'>scientia</span> <span class='ocrx_word' id='word_1_805' title='bbox 1742 3113 1891 3144; x_wconf 88' lang='lat' dir='ltr'>directiva</span> <span class='ocrx_word' id='word_1_806' title='bbox 1913 3114 1953 3144; x_wconf 91' lang='lat' dir='ltr'>ad</span> <span class='ocrx_word' id='word_1_807' title='bbox 1977 3113 2100 3144; x_wconf 88' lang='lat' dir='ltr'>bonum</span> <span class='ocrx_word' id='word_1_808' title='bbox 2124 3119 2156 3144; x_wconf 89' lang='lat' dir='ltr'>et</span> <span class='ocrx_word' id='word_1_809' title='bbox 2184 3113 2324 3144; x_wconf 81' lang='lat' dir='ltr'>malum:</span> <span class='ocrx_word' id='word_1_810' title='bbox 2356 3119 2392 3144; x_wconf 88' lang='lat' dir='ltr'>ut</span> <span class='ocrx_word' id='word_1_811' title='bbox 2413 3113 2498 3145; x_wconf 73' lang='lat' dir='ltr'>sicus</span> <span class='ocrx_word' id='word_1_812' title='bbox 2548 3134 2551 3145; x_wconf 49' lang='lat'>1</span> 
     </span>
    </p>
   </div>
   <div class='ocr_carea' id='block_1_31' title="bbox 1398 3152 2496 3200">
    <p class='ocr_par' dir='ltr' id='par_1_33' title="bbox 1398 3152 2496 3200">
     <span class='ocr_line' id='line_1_111' title="bbox 1398 3152 2496 3200; baseline -0.001 -10"><span class='ocrx_word' id='word_1_813' title='bbox 1398 3166 1399 3171; x_wconf 61' lang='lat'>¹</span> <span class='ocrx_word' id='word_1_814' title='bbox 1424 3159 1515 3190; x_wconf 83' lang='lat' dir='ltr'>Deus</span> <span class='ocrx_word' id='word_1_815' title='bbox 1530 3168 1610 3190; x_wconf 86' lang='lat' dir='ltr'>suae</span> <span class='ocrx_word' id='word_1_816' title='bbox 1629 3163 1768 3190; x_wconf 79' lang='lat' dir='ltr'>naturae</span> <span class='ocrx_word' id='word_1_817' title='bbox 1782 3159 1904 3189; x_wconf 86' lang='lat' dir='ltr'>lumine</span> <span class='ocrx_word' id='word_1_818' title='bbox 1925 3158 2034 3189; x_wconf 84' lang='lat' dir='ltr'>omnia</span> <span class='ocrx_word' id='word_1_819' title='bbox 2057 3157 2154 3198; x_wconf 68' lang='lat' dir='ltr'>regit,</span> <span class='ocrx_word' id='word_1_820' title='bbox 2170 3158 2215 3188; x_wconf 86' lang='lat' dir='ltr'>ita</span> <span class='ocrx_word' id='word_1_821' title='bbox 2235 3158 2328 3188; x_wconf 79' lang='lat' dir='ltr'>homo</span> <span class='ocrx_word' id='word_1_822' title='bbox 2343 3166 2424 3189; x_wconf 85' lang='lat' dir='ltr'>suae</span> <span class='ocrx_word' id='word_1_823' title='bbox 2438 3152 2496 3200; x_wconf 66' lang='lat' dir='ltr'>mi-v</span> 
     </span>
    </p>
   </div>
   <div class='ocr_carea' id='block_1_32' title="bbox 359 3247 1400 3289">
    <p class='ocr_par' dir='ltr' id='par_1_34' title="bbox 359 3247 1400 3289">
     <span class='ocr_line' id='line_1_112' title="bbox 359 3247 1400 3289; baseline 0.001 -12"><span class='ocrx_word' id='word_1_824' title='bbox 359 3247 417 3277; x_wconf 87' lang='lat' dir='ltr'>Vel</span> <span class='ocrx_word' id='word_1_825' title='bbox 440 3247 609 3278; x_wconf 87' lang='lat' dir='ltr'>dicendum</span> <span class='ocrx_word' id='word_1_826' title='bbox 626 3249 725 3288; x_wconf 82' lang='lat' dir='ltr'>quod,</span> <span class='ocrx_word' id='word_1_827' title='bbox 742 3247 817 3289; x_wconf 89' lang='lat' dir='ltr'>quia</span> <span class='ocrx_word' id='word_1_828' title='bbox 841 3248 945 3288; x_wconf 85' lang='lat' dir='ltr'>primo</span> <span class='ocrx_word' id='word_1_829' title='bbox 970 3247 1093 3279; x_wconf 86' lang='lat' dir='ltr'>homini</span> <span class='ocrx_word' id='word_1_830' title='bbox 1110 3247 1214 3278; x_wconf 78' lang='lat' dir='ltr'>adhuc</span> <span class='ocrx_word' id='word_1_831' title='bbox 1237 3247 1373 3278; x_wconf 84' lang='lat' dir='ltr'>restabat</span> <span class='ocrx_word' id='word_1_832' title='bbox 1398 3270 1400 3277; x_wconf 71' lang='grc'>,</span> 
     </span>
    </p>
   </div>
   <div class='ocr_carea' id='block_1_33' title="bbox 307 3291 1371 3333">
    <p class='ocr_par' dir='ltr' id='par_1_35' title="bbox 307 3291 1371 3333">
     <span class='ocr_line' id='line_1_113' title="bbox 307 3291 1371 3333; baseline 0.002 -13"><span class='ocrx_word' id='word_1_833' title='bbox 307 3291 424 3331; x_wconf 88' lang='lat' dir='ltr'>aliquid</span> <span class='ocrx_word' id='word_1_834' title='bbox 447 3292 610 3322; x_wconf 85' lang='lat' dir='ltr'>sciendum</span> <span class='ocrx_word' id='word_1_835' title='bbox 633 3299 803 3333; x_wconf 87' lang='lat' dir='ltr'>antequam</span> <span class='ocrx_word' id='word_1_836' title='bbox 828 3293 867 3323; x_wconf 92' lang='lat' dir='ltr'>ad</span> <span class='ocrx_word' id='word_1_837' title='bbox 895 3293 1013 3333; x_wconf 82' lang='lat' dir='ltr'>patriae</span> <span class='ocrx_word' id='word_1_838' title='bbox 1037 3292 1178 3323; x_wconf 87' lang='lat' dir='ltr'>caelestis</span> <span class='ocrx_word' id='word_1_839' title='bbox 1207 3292 1371 3322; x_wconf 86' lang='lat' dir='ltr'>scientiam</span> 
     </span>
    </p>
   </div>
   <div class='ocr_carea' id='block_1_34' title="bbox 1426 3198 2735 3331">
    <p class='ocr_par' dir='ltr' id='par_1_36' title="bbox 1426 3198 2735 3331">
     <span class='ocr_line' id='line_1_114' title="bbox 1426 3198 2494 3245; baseline -0.003 -11"><span class='ocrx_word' id='word_1_840' title='bbox 1426 3209 1522 3234; x_wconf 85' lang='lat' dir='ltr'>turae</span> <span class='ocrx_word' id='word_1_841' title='bbox 1544 3203 1676 3241; x_wconf 80' lang='lat' dir='ltr'>lumine,</span> <span class='ocrx_word' id='word_1_842' title='bbox 1694 3203 1813 3245; x_wconf 83' lang='lat' dir='ltr'>absque</span> <span class='ocrx_word' id='word_1_843' title='bbox 1827 3203 1999 3234; x_wconf 80' lang='lat' dir='ltr'>exterioris</span> <span class='ocrx_word' id='word_1_844' title='bbox 2013 3201 2144 3232; x_wconf 82' lang='lat' dir='ltr'>luminis</span> <span class='ocrx_word' id='word_1_845' title='bbox 2165 3201 2339 3238; x_wconf 81' lang='lat' dir='ltr'>adiutorio,</span> <span class='ocrx_word' id='word_1_846' title='bbox 2356 3198 2494 3243; x_wconf 70' lang='lat' dir='ltr'>seipsum</span> 
     </span>
     <span class='ocr_line' id='line_1_115' title="bbox 1427 3245 2735 3288; baseline -0.002 -10"><span class='ocrx_word' id='word_1_847' title='bbox 1427 3253 1457 3278; x_wconf 88' lang='lat' dir='ltr'>et</span> <span class='ocrx_word' id='word_1_848' title='bbox 1472 3252 1578 3278; x_wconf 87' lang='lat' dir='ltr'>cetera</span> <span class='ocrx_word' id='word_1_849' title='bbox 1595 3253 1724 3288; x_wconf 77' lang='lat' dir='ltr'>regeret</span> <span class='ocrx_word' id='word_1_850' title='bbox 1730 3254 1743 3284; x_wconf 85' lang='lat'>,·</span> <span class='ocrx_word' id='word_1_851' title='bbox 1763 3254 1798 3278; x_wconf 91' lang='lat' dir='ltr'>ut</span> <span class='ocrx_word' id='word_1_852' title='bbox 1809 3249 1930 3278; x_wconf 76' lang='lat' dir='ltr'>Auctor</span> <span class='ocrx_word' id='word_1_853' title='bbox 1945 3245 2081 3287; x_wconf 84' lang='lat' dir='ltr'>explicat</span> <span class='ocrx_word' id='word_1_854' title='bbox 2094 3245 2125 3276; x_wconf 89' lang='lat' dir='ltr'>in</span> <span class='ocrx_word' id='word_1_855' title='bbox 2143 3245 2168 3276; x_wconf 90' lang='lat' dir='ltr'>ll</span> <span class='ocrx_word' id='word_1_856' title='bbox 2184 3245 2284 3284; x_wconf 66' lang='lat' dir='ltr'>Sem„</span> <span class='ocrx_word' id='word_1_857' title='bbox 2299 3246 2369 3277; x_wconf 85' lang='lat' dir='ltr'>dist.</span> <span class='ocrx_word' id='word_1_858' title='bbox 2386 3245 2495 3287; x_wconf 47' lang='lat' dir='ltr'>xan&#39;}</span> <span class='ocrx_word' id='word_1_859' title='bbox 2524 3249 2534 3259; x_wconf 77' lang='lat'>⁸</span> <span class='ocrx_word' id='word_1_860' title='bbox 2547 3248 2595 3276; x_wconf 78' lang='lat' dir='ltr'>Qu.</span> <span class='ocrx_word' id='word_1_861' title='bbox 2616 3254 2633 3276; x_wconf 75' lang='lat'>¹.</span> <span class='ocrx_word' id='word_1_862' title='bbox 2650 3251 2693 3270; x_wconf 76' lang='lat' dir='ltr'>m·</span> <span class='ocrx_word' id='word_1_863' title='bbox 2714 3254 2735 3275; x_wconf 68' lang='grc' dir='ltr'>ι,</span> 
     </span>
     <span class='ocr_line' id='line_1_116' title="bbox 1427 3275 2688 3331; baseline -0.002 -9"><span class='ocrx_word' id='word_1_864' title='bbox 1427 3298 1457 3323; x_wconf 88' lang='lat' dir='ltr'>et</span> <span class='ocrx_word' id='word_1_865' title='bbox 1478 3291 1529 3322; x_wconf 84' lang='lat' dir='ltr'>hic</span> <span class='ocrx_word' id='word_1_866' title='bbox 1554 3301 1620 3322; x_wconf 91' lang='lat' dir='ltr'>uno</span> <span class='ocrx_word' id='word_1_867' title='bbox 1636 3292 1733 3322; x_wconf 87' lang='lat' dir='ltr'>verbo</span> <span class='ocrx_word' id='word_1_868' title='bbox 1756 3291 1850 3322; x_wconf 86' lang='lat' dir='ltr'>dicit:</span> <span class='ocrx_word' id='word_1_869' title='bbox 1874 3296 1910 3322; x_wconf 80' lang='lat' dir='ltr'>ut</span> <span class='ocrx_word' id='word_1_870' title='bbox 1929 3291 2048 3321; x_wconf 71' lang='lat' dir='ltr'>virtute</span> <span class='ocrx_word' id='word_1_871' title='bbox 2064 3291 2221 3331; x_wconf 79' lang='lat' dir='ltr'>propriae</span> <span class='ocrx_word' id='word_1_872' title='bbox 2240 3295 2380 3323; x_wconf 82' lang='lat' dir='ltr'>naturae</span> <span class='ocrx_word' id='word_1_873' title='bbox 2393 3281 2496 3321; x_wconf 62' lang='lat' dir='ltr'>deul*—</span> <span class='ocrx_word' id='word_1_874' title='bbox 2523 3275 2650 3326; x_wconf 35' lang='lat' dir='ltr'>&#39;⁶⁴³‘122&#39;fl</span> <span class='ocrx_word' id='word_1_875' title='bbox 2686 3315 2688 3319; x_wconf 79' lang='grc'>,</span> 
     </span>
    </p>
   </div>
   <div class='ocr_carea' id='block_1_35' title="bbox 306 3334 2495 3377">
    <p class='ocr_par' dir='ltr' id='par_1_37' title="bbox 306 3334 2495 3377">
     <span class='ocr_line' id='line_1_117' title="bbox 306 3334 2495 3377; baseline 0.001 -13"><span class='ocrx_word' id='word_1_876' title='bbox 306 3335 488 3374; x_wconf 85' lang='lat' dir='ltr'>perveniret,</span> <span class='ocrx_word' id='word_1_877' title='bbox 505 3337 616 3376; x_wconf 78' lang='lat' dir='ltr'>angelo</span> <span class='ocrx_word' id='word_1_878' title='bbox 641 3344 747 3368; x_wconf 84' lang='lat' dir='ltr'>autem</span> <span class='ocrx_word' id='word_1_879' title='bbox 771 3346 855 3373; x_wconf 88' lang='lat' dir='ltr'>non;</span> <span class='ocrx_word' id='word_1_880' title='bbox 879 3337 952 3367; x_wconf 90' lang='lat' dir='ltr'>ideo</span> <span class='ocrx_word' id='word_1_881' title='bbox 983 3337 1105 3377; x_wconf 83' lang='lat' dir='ltr'>primus</span> <span class='ocrx_word' id='word_1_882' title='bbox 1128 3337 1228 3367; x_wconf 90' lang='lat' dir='ltr'>homo</span> <span class='ocrx_word' id='word_1_883' title='bbox 1259 3336 1374 3368; x_wconf 85' lang='lat' dir='ltr'>dicitur</span> <span class='ocrx_word' id='word_1_884' title='bbox 1398 3334 1400 3339; x_wconf 63' lang='lat'><strong>⁴</strong></span> <span class='ocrx_word' id='word_1_885' title='bbox 1427 3337 1567 3367; x_wconf 84' lang='lat' dir='ltr'>minaret</span> <span class='ocrx_word' id='word_1_886' title='bbox 1580 3337 1640 3368; x_wconf 78' lang='lat' dir='ltr'>sibi</span> <span class='ocrx_word' id='word_1_887' title='bbox 1654 3336 1732 3377; x_wconf 79' lang='lat' dir='ltr'>quid</span> <span class='ocrx_word' id='word_1_888' title='bbox 1746 3340 1828 3367; x_wconf 80' lang='lat' dir='ltr'>esset</span> <span class='ocrx_word' id='word_1_889' title='bbox 1846 3334 1962 3366; x_wconf 82' lang='lat' dir='ltr'>bonum</span> <span class='ocrx_word' id='word_1_890' title='bbox 1979 3339 2009 3365; x_wconf 84' lang='lat' dir='ltr'>et</span> <span class='ocrx_word' id='word_1_891' title='bbox 2024 3334 2101 3375; x_wconf 83' lang='lat' dir='ltr'>quid</span> <span class='ocrx_word' id='word_1_892' title='bbox 2116 3335 2237 3365; x_wconf 88' lang='lat' dir='ltr'>malum</span> <span class='ocrx_word' id='word_1_893' title='bbox 2261 3334 2306 3366; x_wconf 83' lang='lat' dir='ltr'>ad</span> <span class='ocrx_word' id='word_1_894' title='bbox 2320 3334 2495 3376; x_wconf 63' lang='lat' dir='ltr'>agendum.</span> 
     </span>
    </p>
   </div>
  </div>
 </body>
</html>
