<?xml version="1.0" encoding="UTF-8"?>
<!DOCTYPE html PUBLIC "-//W3C//DTD XHTML 1.0 Transitional//EN"
    "http://www.w3.org/TR/xhtml1/DTD/xhtml1-transitional.dtd">
<html xmlns="http://www.w3.org/1999/xhtml" xml:lang="en" lang="en">
 <head>
  <title>
</title>
<meta http-equiv="Content-Type" content="text/html;charset=utf-8" />
  <meta name='ocr-system' content='tesseract 3.04.00' />
  <meta name='ocr-capabilities' content='ocr_page ocr_carea ocr_par ocr_line ocrx_word'/>
</head>
<body>
  <div class='ocr_page' id='page_1' title='image "./operaomniaiussui10thom_0458.png"; bbox 0 0 2768 4198; ppageno 0'>
   <div class='ocr_carea' id='block_1_1' title="bbox 300 304 379 350">
    <p class='ocr_par' dir='ltr' id='par_1_1' title="bbox 300 304 379 350">
     <span class='ocr_line' id='line_1_1' title="bbox 300 304 379 350; baseline -0.013 -10"><span class='ocrx_word' id='word_1_1' title='bbox 300 304 379 350; x_wconf 86' lang='lat'>416</span> 
     </span>
    </p>
   </div>
   <div class='ocr_carea' id='block_1_2' title="bbox 302 378 1367 533">
    <p class='ocr_par' dir='ltr' id='par_1_2' title="bbox 302 378 1367 533">
     <span class='ocr_line' id='line_1_2' title="bbox 354 378 1363 429; baseline -0.006 -9"><span class='ocrx_word' id='word_1_2' title='bbox 354 384 414 419; x_wconf 85' lang='lat' dir='ltr'>AD</span> <span class='ocrx_word' id='word_1_3' title='bbox 441 394 602 420; x_wconf 78' lang='lat' dir='ltr'>TERTtUM</span> <span class='ocrx_word' id='word_1_4' title='bbox 635 393 820 419; x_wconf 66' lang='lat' dir='ltr'>memnona</span> <span class='ocrx_word' id='word_1_5' title='bbox 852 381 955 429; x_wconf 91' lang='lat' dir='ltr'>quod</span> <span class='ocrx_word' id='word_1_6' title='bbox 988 379 1148 427; x_wconf 87' lang='lat' dir='ltr'>gratiam</span> <span class='ocrx_word' id='word_1_7' title='bbox 1183 378 1363 415; x_wconf 90' lang='lat' dir='ltr'>divinitus</span> 
     </span>
     <span class='ocr_line' id='line_1_3' title="bbox 302 432 1364 485; baseline -0.006 -12"><span class='ocrx_word' id='word_1_8' title='bbox 302 442 499 485; x_wconf 86' lang='lat' dir='ltr'><strong>acceptam</strong></span> <span class='ocrx_word' id='word_1_9' title='bbox 529 434 786 473; x_wconf 88' lang='lat' dir='ltr'>diversimode</span> <span class='ocrx_word' id='word_1_10' title='bbox 806 433 918 481; x_wconf 84' lang='lat' dir='ltr'>aliqui</span> <span class='ocrx_word' id='word_1_11' title='bbox 936 432 1209 478; x_wconf 84' lang='lat' dir='ltr'>administrant,</span> <span class='ocrx_word' id='word_1_12' title='bbox 1231 443 1364 468; x_wconf 89' lang='lat' dir='ltr'>secun-</span> 
     </span>
     <span class='ocr_line' id='line_1_4' title="bbox 303 484 1367 533; baseline -0.006 -7"><span class='ocrx_word' id='word_1_13' title='bbox 303 489 395 526; x_wconf 88' lang='lat' dir='ltr'>dum</span> <span class='ocrx_word' id='word_1_14' title='bbox 417 489 672 527; x_wconf 84' lang='lat' dir='ltr'><strong>diversitatem</strong></span> <span class='ocrx_word' id='word_1_15' title='bbox 695 486 919 523; x_wconf 90' lang='lat' dir='ltr'>conditionis</span> <span class='ocrx_word' id='word_1_16' title='bbox 938 485 1122 533; x_wconf 89' lang='lat' dir='ltr'>ipsorum.</span> <span class='ocrx_word' id='word_1_17' title='bbox 1153 484 1264 522; x_wconf 88' lang='lat' dir='ltr'>Unde</span> <span class='ocrx_word' id='word_1_18' title='bbox 1283 496 1367 521; x_wconf 92' lang='lat' dir='ltr'>mu-</span> 
     </span>
    </p>
   </div>
   <div class='ocr_carea' id='block_1_3' title="bbox 938 299 1855 348">
    <p class='ocr_par' dir='ltr' id='par_1_3' title="bbox 938 299 1855 348">
     <span class='ocr_line' id='line_1_5' title="bbox 938 299 1855 348; baseline -0.002 -10"><span class='ocrx_word' id='word_1_19' title='bbox 938 300 1205 348; x_wconf 89' lang='lat' dir='ltr'><strong>QUAESTIO</strong></span> <span class='ocrx_word' id='word_1_20' title='bbox 1235 299 1464 345; x_wconf 86' lang='lat' dir='ltr'>CLXXVII,</span> <span class='ocrx_word' id='word_1_21' title='bbox 1494 299 1793 337; x_wconf 91' lang='lat' dir='ltr'><strong>ARTICULUS</strong></span> <span class='ocrx_word' id='word_1_22' title='bbox 1824 301 1855 336; x_wconf 91' lang='grc' dir='ltr'>ΙΙ</span> 
     </span>
    </p>
   </div>
   <div class='ocr_carea' id='block_1_4' title="bbox 1418 378 2490 482">
    <p class='ocr_par' dir='ltr' id='par_1_4' title="bbox 1418 378 2490 482">
     <span class='ocr_line' id='line_1_6' title="bbox 1418 378 2490 430; baseline 0.004 -15"><span class='ocrx_word' id='word_1_23' title='bbox 1418 378 1541 426; x_wconf 85' lang='lat' dir='ltr'>lieres,</span> <span class='ocrx_word' id='word_1_24' title='bbox 1562 379 1592 416; x_wconf 92' lang='lat' dir='ltr'>si</span> <span class='ocrx_word' id='word_1_25' title='bbox 1615 379 1774 427; x_wconf 89' lang='lat' dir='ltr'>gratiam</span> <span class='ocrx_word' id='word_1_26' title='bbox 1795 378 2001 428; x_wconf 89' lang='lat' dir='ltr'>sapientiae</span> <span class='ocrx_word' id='word_1_27' title='bbox 2022 386 2086 416; x_wconf 91' lang='lat' dir='ltr'>aut</span> <span class='ocrx_word' id='word_1_28' title='bbox 2109 379 2287 417; x_wconf 85' lang='lat' dir='ltr'>scientiae</span> <span class='ocrx_word' id='word_1_29' title='bbox 2310 381 2490 430; x_wconf 84' lang='lat' dir='ltr'>habeant,</span> 
     </span>
     <span class='ocr_line' id='line_1_7' title="bbox 1418 432 2490 482; baseline 0.004 -14"><span class='ocrx_word' id='word_1_30' title='bbox 1418 440 1580 480; x_wconf 89' lang='lat' dir='ltr'>possunt</span> <span class='ocrx_word' id='word_1_31' title='bbox 1617 445 1702 469; x_wconf 89' lang='lat' dir='ltr'>eam</span> <span class='ocrx_word' id='word_1_32' title='bbox 1740 432 2004 470; x_wconf 88' lang='lat' dir='ltr'>administrare</span> <span class='ocrx_word' id='word_1_33' title='bbox 2043 433 2258 470; x_wconf 87' lang='lat' dir='ltr'>secundum</span> <span class='ocrx_word' id='word_1_34' title='bbox 2299 433 2490 482; x_wconf 89' lang='lat' dir='ltr'>privatam</span> 
     </span>
    </p>
   </div>
   <div class='ocr_carea' id='block_1_5' title="bbox 1422 485 2396 536">
    <p class='ocr_par' dir='ltr' id='par_1_5' title="bbox 1422 485 2396 536">
     <span class='ocr_line' id='line_1_8' title="bbox 1422 485 2396 536; baseline 0.002 -14"><span class='ocrx_word' id='word_1_35' title='bbox 1422 485 1647 532; x_wconf 83' lang='lat' dir='ltr'>doctrinam,</span> <span class='ocrx_word' id='word_1_36' title='bbox 1678 498 1756 523; x_wconf 93' lang='lat' dir='ltr'>non</span> <span class='ocrx_word' id='word_1_37' title='bbox 1785 493 1915 523; x_wconf 89' lang='lat' dir='ltr'>autern</span> <span class='ocrx_word' id='word_1_38' title='bbox 1944 486 2158 524; x_wconf 89' lang='lat' dir='ltr'>secundum</span> <span class='ocrx_word' id='word_1_39' title='bbox 2187 486 2396 536; x_wconf 86' lang='lat' dir='ltr'>publicam.</span> 
     </span>
    </p>
   </div>
   <div class='ocr_carea' id='block_1_6' title="bbox 975 599 1810 633">
    <p class='ocr_par' dir='ltr' id='par_1_6' title="bbox 975 599 1810 633">
     <span class='ocr_line' id='line_1_9' title="bbox 975 599 1810 633; baseline -0.001 0"><span class='ocrx_word' id='word_1_40' title='bbox 975 599 1311 633; x_wconf 66' lang='lat' dir='ltr'>Commentario.</span> <span class='ocrx_word' id='word_1_41' title='bbox 1332 599 1585 632; x_wconf 74' lang='lat' dir='ltr'>cardinalis</span> <span class='ocrx_word' id='word_1_42' title='bbox 1607 599 1810 632; x_wconf 74' lang='lat' dir='ltr'>Caietam</span> 
     </span>
    </p>
   </div>
   <div class='ocr_carea' id='block_1_7' title="bbox 298 697 1371 1095">
    <p class='ocr_par' dir='ltr' id='par_1_7' title="bbox 298 697 1371 1095">
     <span class='ocr_line' id='line_1_10' title="bbox 333 697 1367 739; baseline -0.009 -4"><span class='ocrx_word' id='word_1_43' title='bbox 333 714 353 734; x_wconf 81' lang='lat' dir='ltr'>N</span> <span class='ocrx_word' id='word_1_44' title='bbox 376 704 508 734; x_wconf 85' lang='lat' dir='ltr'>articulo</span> <span class='ocrx_word' id='word_1_45' title='bbox 532 701 671 733; x_wconf 89' lang='lat' dir='ltr'>secundo</span> <span class='ocrx_word' id='word_1_46' title='bbox 695 699 838 731; x_wconf 88' lang='lat' dir='ltr'>eiusdem</span> <span class='ocrx_word' id='word_1_47' title='bbox 865 697 1071 739; x_wconf 86' lang='lat' dir='ltr'>quaestionis,</span> <span class='ocrx_word' id='word_1_48' title='bbox 1096 703 1173 727; x_wconf 85' lang='lat' dir='ltr'>nota</span> <span class='ocrx_word' id='word_1_49' title='bbox 1196 697 1276 727; x_wconf 92' lang='lat' dir='ltr'>illud</span> <span class='ocrx_word' id='word_1_50' title='bbox 1300 706 1367 727; x_wconf 90' lang='lat' dir='ltr'>ver-</span> 
     </span>
     <span class='ocr_line' id='line_1_11' title="bbox 305 716 1369 787; baseline -0.005 -11"><span class='ocrx_word' id='word_1_51' title='bbox 305 716 429 778; x_wconf 83' lang='lat' dir='ltr'>Ibum:</span> <span class='ocrx_word' id='word_1_52' title='bbox 456 747 585 787; x_wconf 85' lang='lat' dir='ltr'>publice</span> <span class='ocrx_word' id='word_1_53' title='bbox 619 743 811 785; x_wconf 82' lang='lat' dir='ltr'>alloquendo</span> <span class='ocrx_word' id='word_1_54' title='bbox 846 748 943 773; x_wconf 85' lang='lat' dir='ltr'>totam</span> <span class='ocrx_word' id='word_1_55' title='bbox 976 742 1167 772; x_wconf 84' lang='lat' dir='ltr'>Ecclesiam.</span> <span class='ocrx_word' id='word_1_56' title='bbox 1204 740 1369 782; x_wconf 86' lang='lat' dir='ltr'>Apposuit</span> 
     </span>
     <span class='ocr_line' id='line_1_12' title="bbox 302 786 1369 832; baseline -0.008 -9"><span class='ocrx_word' id='word_1_57' title='bbox 302 792 386 823; x_wconf 89' lang='lat' dir='ltr'>enim</span> <span class='ocrx_word' id='word_1_58' title='bbox 406 792 438 832; x_wconf 93' lang='lat' dir='ltr'>ly</span> <span class='ocrx_word' id='word_1_59' title='bbox 453 796 562 827; x_wconf 86' lang='lat' dir='ltr'>totam,</span> <span class='ocrx_word' id='word_1_60' title='bbox 581 799 646 819; x_wconf 91' lang='lat' dir='ltr'>non</span> <span class='ocrx_word' id='word_1_61' title='bbox 662 789 701 818; x_wconf 91' lang='lat' dir='ltr'>ad</span> <span class='ocrx_word' id='word_1_62' title='bbox 719 786 1056 827; x_wconf 90' lang='lat' dir='ltr'>comprehendendum</span> <span class='ocrx_word' id='word_1_63' title='bbox 1080 786 1191 816; x_wconf 87' lang='lat' dir='ltr'>orbern</span> <span class='ocrx_word' id='word_1_64' title='bbox 1214 791 1369 815; x_wconf 87' lang='lat' dir='ltr'>terrarum</span> 
     </span>
     <span class='ocr_line' id='line_1_13' title="bbox 300 829 1369 873; baseline -0.007 -7"><span class='ocrx_word' id='word_1_65' title='bbox 300 836 436 871; x_wconf 86' lang='lat' dir='ltr'>fidelem,</span> <span class='ocrx_word' id='word_1_66' title='bbox 454 835 508 865; x_wconf 90' lang='lat' dir='ltr'>sed</span> <span class='ocrx_word' id='word_1_67' title='bbox 527 834 567 864; x_wconf 86' lang='lat' dir='ltr'>ad</span> <span class='ocrx_word' id='word_1_68' title='bbox 587 832 923 873; x_wconf 89' lang='lat' dir='ltr'>comprehendendum</span> <span class='ocrx_word' id='word_1_69' title='bbox 947 837 1050 871; x_wconf 90' lang='lat' dir='ltr'>partes</span> <span class='ocrx_word' id='word_1_70' title='bbox 1074 829 1165 871; x_wconf 89' lang='lat' dir='ltr'>quasi</span> <span class='ocrx_word' id='word_1_71' title='bbox 1189 830 1369 860; x_wconf 84' lang='lat' dir='ltr'>essentiales</span> 
     </span>
     <span class='ocr_line' id='line_1_14' title="bbox 301 874 1367 918; baseline -0.006 -8"><span class='ocrx_word' id='word_1_72' title='bbox 301 879 473 915; x_wconf 83' lang='lat' dir='ltr'>Ecclesiae,</span> <span class='ocrx_word' id='word_1_73' title='bbox 505 884 583 918; x_wconf 88' lang='lat' dir='ltr'>puta</span> <span class='ocrx_word' id='word_1_74' title='bbox 613 877 733 908; x_wconf 88' lang='lat' dir='ltr'>clerum</span> <span class='ocrx_word' id='word_1_75' title='bbox 763 883 794 907; x_wconf 90' lang='lat' dir='ltr'>et</span> <span class='ocrx_word' id='word_1_76' title='bbox 826 875 997 916; x_wconf 88' lang='lat' dir='ltr'>populum.</span> <span class='ocrx_word' id='word_1_77' title='bbox 1031 875 1072 905; x_wconf 93' lang='lat' dir='ltr'>Et</span> <span class='ocrx_word' id='word_1_78' title='bbox 1100 874 1237 905; x_wconf 90' lang='lat' dir='ltr'>intendit</span> <span class='ocrx_word' id='word_1_79' title='bbox 1268 874 1367 915; x_wconf 89' lang='lat' dir='ltr'>quod,</span> 
     </span>
     <span class='ocr_line' id='line_1_15' title="bbox 299 919 1369 962; baseline -0.005 -8"><span class='ocrx_word' id='word_1_80' title='bbox 299 924 371 954; x_wconf 87' lang='lat' dir='ltr'>licet</span> <span class='ocrx_word' id='word_1_81' title='bbox 395 922 580 953; x_wconf 89' lang='lat' dir='ltr'>mulieribus</span> <span class='ocrx_word' id='word_1_82' title='bbox 611 921 804 962; x_wconf 88' lang='lat' dir='ltr'>permissum</span> <span class='ocrx_word' id='word_1_83' title='bbox 827 920 875 956; x_wconf 89' lang='lat' dir='ltr'>sit,</span> <span class='ocrx_word' id='word_1_84' title='bbox 900 919 1002 949; x_wconf 88' lang='lat' dir='ltr'>immo</span> <span class='ocrx_word' id='word_1_85' title='bbox 1027 919 1231 955; x_wconf 87' lang='lat' dir='ltr'>mandatum,</span> <span class='ocrx_word' id='word_1_86' title='bbox 1256 919 1369 950; x_wconf 90' lang='lat' dir='ltr'>docere</span> 
     </span>
     <span class='ocr_line' id='line_1_16' title="bbox 301 963 1370 1008; baseline -0.004 -11"><span class='ocrx_word' id='word_1_87' title='bbox 301 967 425 1008; x_wconf 91' lang='lat' dir='ltr'>publice</span> <span class='ocrx_word' id='word_1_88' title='bbox 448 976 540 997; x_wconf 89' lang='lat' dir='ltr'>suam</span> <span class='ocrx_word' id='word_1_89' title='bbox 564 965 728 997; x_wconf 87' lang='lat' dir='ltr'>ecclesiam</span> <span class='ocrx_word' id='word_1_90' title='bbox 752 964 930 995; x_wconf 89' lang='lat' dir='ltr'>secundum</span> <span class='ocrx_word' id='word_1_91' title='bbox 953 964 1041 1005; x_wconf 92' lang='lat' dir='ltr'>quid,</span> <span class='ocrx_word' id='word_1_92' title='bbox 1063 970 1099 994; x_wconf 92' lang='lat' dir='ltr'>ut</span> <span class='ocrx_word' id='word_1_93' title='bbox 1122 963 1296 994; x_wconf 81' lang='lat' dir='ltr'>abbatissae</span> <span class='ocrx_word' id='word_1_94' title='bbox 1319 963 1370 994; x_wconf 86' lang='lat' dir='ltr'>vel</span> 
     </span>
     <span class='ocr_line' id='line_1_17' title="bbox 300 1008 1370 1051; baseline -0.003 -10"><span class='ocrx_word' id='word_1_95' title='bbox 300 1011 466 1051; x_wconf 86' lang='lat' dir='ltr'>priorissae</span> <span class='ocrx_word' id='word_1_96' title='bbox 497 1020 594 1041; x_wconf 90' lang='lat' dir='ltr'>suum</span> <span class='ocrx_word' id='word_1_97' title='bbox 623 1009 869 1045; x_wconf 88' lang='lat' dir='ltr'>monasterium,</span> <span class='ocrx_word' id='word_1_98' title='bbox 895 1015 931 1039; x_wconf 94' lang='lat' dir='ltr'>ut</span> <span class='ocrx_word' id='word_1_99' title='bbox 954 1015 1040 1049; x_wconf 85' lang='lat' dir='ltr'>patet</span> <span class='ocrx_word' id='word_1_100' title='bbox 1070 1008 1150 1039; x_wconf 94' lang='lat' dir='ltr'>dum</span> <span class='ocrx_word' id='word_1_101' title='bbox 1181 1014 1370 1049; x_wconf 89' lang='lat' dir='ltr'>proponunt</span> 
     </span>
     <span class='ocr_line' id='line_1_18' title="bbox 298 1052 1371 1095; baseline -0.003 -9"><span class='ocrx_word' id='word_1_102' title='bbox 298 1056 430 1086; x_wconf 89' lang='lat' dir='ltr'>verbum</span> <span class='ocrx_word' id='word_1_103' title='bbox 459 1055 518 1085; x_wconf 94' lang='lat' dir='ltr'>Dei</span> <span class='ocrx_word' id='word_1_104' title='bbox 541 1055 574 1085; x_wconf 90' lang='lat' dir='ltr'>in</span> <span class='ocrx_word' id='word_1_105' title='bbox 598 1054 739 1095; x_wconf 88' lang='lat' dir='ltr'>capitulo</span> <span class='ocrx_word' id='word_1_106' title='bbox 771 1053 836 1084; x_wconf 91' lang='lat' dir='ltr'>suis</span> <span class='ocrx_word' id='word_1_107' title='bbox 865 1053 1074 1090; x_wconf 87' lang='lat' dir='ltr'>monialibus;</span> <span class='ocrx_word' id='word_1_108' title='bbox 1100 1059 1131 1083; x_wconf 91' lang='lat' dir='ltr'>et</span> <span class='ocrx_word' id='word_1_109' title='bbox 1154 1062 1273 1091; x_wconf 85' lang='lat' dir='ltr'>rursus,</span> <span class='ocrx_word' id='word_1_110' title='bbox 1298 1052 1371 1083; x_wconf 90' lang='lat' dir='ltr'>licet</span> 
     </span>
    </p>
   </div>
   <div class='ocr_carea' id='block_1_8' title="bbox 1421 696 2499 1083">
    <p class='ocr_par' dir='ltr' id='par_1_8' title="bbox 1421 696 2499 1083">
     <span class='ocr_line' id='line_1_19' title="bbox 1421 696 2496 740; baseline 0.005 -14"><span class='ocrx_word' id='word_1_111' title='bbox 1421 696 1612 736; x_wconf 83' lang='lat' dir='ltr'>permissum</span> <span class='ocrx_word' id='word_1_112' title='bbox 1636 696 1676 728; x_wconf 93' lang='lat' dir='ltr'>sit</span> <span class='ocrx_word' id='word_1_113' title='bbox 1696 698 1786 738; x_wconf 89' lang='lat' dir='ltr'>quod</span> <span class='ocrx_word' id='word_1_114' title='bbox 1804 708 1860 738; x_wconf 89' lang='lat' dir='ltr'>per</span> <span class='ocrx_word' id='word_1_115' title='bbox 1878 698 2015 730; x_wconf 87' lang='lat' dir='ltr'>modum</span> <span class='ocrx_word' id='word_1_116' title='bbox 2039 700 2178 739; x_wconf 84' lang='lat' dir='ltr'>privatae</span> <span class='ocrx_word' id='word_1_117' title='bbox 2202 710 2356 740; x_wconf 80' lang='lat' dir='ltr'>personae</span> <span class='ocrx_word' id='word_1_118' title='bbox 2380 700 2496 731; x_wconf 88' lang='lat' dir='ltr'>mulier</span> 
     </span>
     <span class='ocr_line' id='line_1_20' title="bbox 1421 741 2496 786; baseline 0.005 -15"><span class='ocrx_word' id='word_1_119' title='bbox 1421 741 1604 781; x_wconf 81' lang='lat' dir='ltr'>alloquatur</span> <span class='ocrx_word' id='word_1_120' title='bbox 1632 747 1734 772; x_wconf 86' lang='lat' dir='ltr'>totam</span> <span class='ocrx_word' id='word_1_121' title='bbox 1763 742 1954 779; x_wconf 86' lang='lat' dir='ltr'>Ecclesiam,</span> <span class='ocrx_word' id='word_1_122' title='bbox 1985 743 2182 775; x_wconf 61' lang='lat' dir='ltr'>exhortando</span> <span class='ocrx_word' id='word_1_123' title='bbox 2215 755 2271 776; x_wconf 92' lang='lat' dir='ltr'>eos</span> <span class='ocrx_word' id='word_1_124' title='bbox 2299 745 2339 775; x_wconf 83' lang='lat' dir='ltr'>ad</span> <span class='ocrx_word' id='word_1_125' title='bbox 2374 745 2496 786; x_wconf 86' lang='lat' dir='ltr'>aliquid</span> 
     </span>
     <span class='ocr_line' id='line_1_21' title="bbox 1422 785 2497 826; baseline 0.005 -11"><span class='ocrx_word' id='word_1_126' title='bbox 1422 785 1583 825; x_wconf 87' lang='lat' dir='ltr'>spirituale</span> <span class='ocrx_word' id='word_1_127' title='bbox 1611 785 1699 826; x_wconf 92' lang='lat' dir='ltr'>quod</span> <span class='ocrx_word' id='word_1_128' title='bbox 1727 793 1803 816; x_wconf 90' lang='lat' dir='ltr'>tunc</span> <span class='ocrx_word' id='word_1_129' title='bbox 1834 793 2027 818; x_wconf 90' lang='lat' dir='ltr'>occurreret:</span> <span class='ocrx_word' id='word_1_130' title='bbox 2060 787 2139 819; x_wconf 81' lang='lat' dir='ltr'>haec</span> <span class='ocrx_word' id='word_1_131' title='bbox 2167 789 2233 820; x_wconf 91' lang='lat' dir='ltr'>duo</span> <span class='ocrx_word' id='word_1_132' title='bbox 2259 796 2366 820; x_wconf 86' lang='lat' dir='ltr'>tamen</span> <span class='ocrx_word' id='word_1_133' title='bbox 2400 789 2497 820; x_wconf 86' lang='lat' dir='ltr'>simul</span> 
     </span>
     <span class='ocr_line' id='line_1_22' title="bbox 1421 829 2494 874; baseline 0.005 -14"><span class='ocrx_word' id='word_1_134' title='bbox 1421 829 1538 866; x_wconf 88' lang='lat' dir='ltr'>iuncta,</span> <span class='ocrx_word' id='word_1_135' title='bbox 1564 829 1680 860; x_wconf 90' lang='lat' dir='ltr'>scilicet</span> <span class='ocrx_word' id='word_1_136' title='bbox 1703 830 1792 871; x_wconf 94' lang='lat' dir='ltr'>quod</span> <span class='ocrx_word' id='word_1_137' title='bbox 1815 831 1961 871; x_wconf 80' lang='lat' dir='ltr'>publice,</span> <span class='ocrx_word' id='word_1_138' title='bbox 1987 831 2049 862; x_wconf 91' lang='lat' dir='ltr'>hoc</span> <span class='ocrx_word' id='word_1_139' title='bbox 2078 839 2124 863; x_wconf 89' lang='lat' dir='ltr'>est</span> <span class='ocrx_word' id='word_1_140' title='bbox 2152 843 2189 863; x_wconf 88' lang='lat' dir='ltr'>ex</span> <span class='ocrx_word' id='word_1_141' title='bbox 2217 834 2347 874; x_wconf 91' lang='lat' dir='ltr'>publico</span> <span class='ocrx_word' id='word_1_142' title='bbox 2376 833 2494 870; x_wconf 87' lang='lat' dir='ltr'>officio,</span> 
     </span>
     <span class='ocr_line' id='line_1_23' title="bbox 1423 874 2499 916; baseline 0.005 -12"><span class='ocrx_word' id='word_1_143' title='bbox 1423 881 1458 905; x_wconf 91' lang='lat' dir='ltr'>ut</span> <span class='ocrx_word' id='word_1_144' title='bbox 1493 874 1723 915; x_wconf 84' lang='lat' dir='ltr'>praedicatores</span> <span class='ocrx_word' id='word_1_145' title='bbox 1753 874 1890 912; x_wconf 81' lang='lat' dir='ltr'>faciunt,</span> <span class='ocrx_word' id='word_1_146' title='bbox 1923 881 1954 906; x_wconf 86' lang='lat' dir='ltr'>et</span> <span class='ocrx_word' id='word_1_147' title='bbox 1989 881 2089 906; x_wconf 79' lang='lat' dir='ltr'>totam</span> <span class='ocrx_word' id='word_1_148' title='bbox 2123 876 2321 916; x_wconf 77' lang='lat' dir='ltr'>Ecclesiam,</span> <span class='ocrx_word' id='word_1_149' title='bbox 2351 878 2414 909; x_wconf 91' lang='lat' dir='ltr'>hoc</span> <span class='ocrx_word' id='word_1_150' title='bbox 2450 884 2499 909; x_wconf 89' lang='lat' dir='ltr'>est</span> 
     </span>
     <span class='ocr_line' id='line_1_24' title="bbox 1422 919 2497 960; baseline 0.005 -11"><span class='ocrx_word' id='word_1_151' title='bbox 1422 919 1583 959; x_wconf 87' lang='lat' dir='ltr'>populum</span> <span class='ocrx_word' id='word_1_152' title='bbox 1607 919 1821 951; x_wconf 87' lang='lat' dir='ltr'>communiter</span> <span class='ocrx_word' id='word_1_153' title='bbox 1843 919 1883 950; x_wconf 86' lang='lat' dir='ltr'>ad</span> <span class='ocrx_word' id='word_1_154' title='bbox 1906 919 2157 960; x_wconf 84' lang='lat' dir='ltr'>praedicationes</span> <span class='ocrx_word' id='word_1_155' title='bbox 2181 929 2433 959; x_wconf 86' lang='lat' dir='ltr'>concurrentem,</span> <span class='ocrx_word' id='word_1_156' title='bbox 2464 922 2497 953; x_wconf 90' lang='lat' dir='ltr'>in</span> 
     </span>
     <span class='ocr_line' id='line_1_25' title="bbox 1423 963 2497 1008; baseline 0.005 -15"><span class='ocrx_word' id='word_1_157' title='bbox 1423 973 1489 1004; x_wconf 93' lang='lat' dir='ltr'>quo</span> <span class='ocrx_word' id='word_1_158' title='bbox 1514 963 1706 994; x_wconf 84' lang='lat' dir='ltr'>clauduntur</span> <span class='ocrx_word' id='word_1_159' title='bbox 1730 963 1832 995; x_wconf 91' lang='lat' dir='ltr'>clerici</span> <span class='ocrx_word' id='word_1_160' title='bbox 1857 970 1887 995; x_wconf 91' lang='lat' dir='ltr'>et</span> <span class='ocrx_word' id='word_1_161' title='bbox 1910 964 1982 995; x_wconf 91' lang='lat' dir='ltr'>laici</span> <span class='ocrx_word' id='word_1_162' title='bbox 2007 964 2173 1006; x_wconf 85' lang='lat' dir='ltr'>utriusque</span> <span class='ocrx_word' id='word_1_163' title='bbox 2197 975 2303 1003; x_wconf 87' lang='lat' dir='ltr'>sexus,</span> <span class='ocrx_word' id='word_1_164' title='bbox 2329 977 2497 1008; x_wconf 83' lang='lat' dir='ltr'>nunquam</span> 
     </span>
     <span class='ocr_line' id='line_1_26' title="bbox 1424 1008 2498 1050; baseline 0.003 -12"><span class='ocrx_word' id='word_1_165' title='bbox 1424 1008 1635 1049; x_wconf 87' lang='lat' dir='ltr'>permittenda</span> <span class='ocrx_word' id='word_1_166' title='bbox 1664 1015 1740 1039; x_wconf 91' lang='lat' dir='ltr'>sunt</span> <span class='ocrx_word' id='word_1_167' title='bbox 1773 1008 1899 1039; x_wconf 89' lang='lat' dir='ltr'>mulieri</span> <span class='ocrx_word' id='word_1_168' title='bbox 1913 1032 1920 1045; x_wconf 95' lang='lat'><strong><em>‚</em></strong></span> <span class='ocrx_word' id='word_1_169' title='bbox 1945 1015 2076 1050; x_wconf 89' lang='lat' dir='ltr'>propter</span> <span class='ocrx_word' id='word_1_170' title='bbox 2099 1009 2237 1041; x_wconf 84' lang='lat' dir='ltr'>rationes</span> <span class='ocrx_word' id='word_1_171' title='bbox 2259 1010 2293 1040; x_wconf 90' lang='lat' dir='ltr'>in</span> <span class='ocrx_word' id='word_1_172' title='bbox 2326 1011 2429 1043; x_wconf 83' lang='lat' dir='ltr'>littera</span> <span class='ocrx_word' id='word_1_173' title='bbox 2452 1011 2498 1042; x_wconf 87' lang='lat' dir='ltr'>al-</span> 
     </span>
     <span class='ocr_line' id='line_1_27' title="bbox 1423 1052 1512 1083; baseline 0 0"><span class='ocrx_word' id='word_1_174' title='bbox 1423 1052 1512 1083; x_wconf 86' lang='lat' dir='ltr'>latas.</span> 
     </span>
    </p>
   </div>
   <div class='ocr_carea' id='block_1_9' title="bbox 985 2018 1793 2432">
    <p class='ocr_par' dir='ltr' id='par_1_9' title="bbox 985 2018 1793 2432">
     <span class='ocr_line' id='line_1_28' title="bbox 985 2018 1793 2432; baseline 0 1766"><span class='ocrx_word' id='word_1_175' title='bbox 985 2018 1793 2432; x_wconf 95' lang='lat' dir='ltr'> </span> 
     </span>
    </p>
   </div>
  </div>
 </body>
</html>
