2768 4198
41 902 51 911 ⁸
58 901 94 922 Cf.

41 929 105 950 Intro
124 943 129 947 .

76 1545 177 1566 Interlin.
207 1549 227 1566 et

75 1572 121 1592 mb.

41 2032 48 2039 ·
66 2029 134 2051 Num,
151 2035 171 2057 7.

83 2199 94 2213 a
160 2197 248 2239 mne-243
278 2183 490 2220 lectationes
510 2181 699 2226 ludorum,
721 2188 762 2216 ut
782 2180 918 2217 dicitur
938 2179 974 2216 in
996 2179 1046 2215 IV
1065 2179 1186 2216 Ethic.
1202 2179 1222 2201 ’¹‘
1251 2180 1354 2228 Ergo

123 907 145 922 u.
153 906 252 926 cxxxvii,

97 2353 110 2373 Ρ
131 2353 252 2395 ”grmw-,ss
278 2343 398 2380 Ethic.
415 2342 446 2390 ²¹⁶,
477 2343 582 2392 quod
612 2341 719 2378 molli
744 2341 946 2390 opponitur
968 2340 1286 2388 perseverativus.

290 295 362 332 114
919 281 1188 329 QUAESTIO
1219 258 1468 330 CXXXVIII,
1498 283 1797 321 ARTICULUS
1815 285 1840 320 Ἰ

511 501 920 580 QUAESTIO
967 498 2251 558 CENTESIMATRIGESIMAOCTAVA

762 621 844 661 DE
878 619 1057 660 VITIIS
1092 619 1404 661 opposms
1438 619 1996 663 PERSEVERANTIAE

1106 736 1140 761 IN
1171 735 1265 761 DUOS
1293 735 1498 761 ARTICULOS
1526 736 1642 761 DIVISA

365 847 471 872 E1NDE
510 832 831 870 considerandum
869 838 925 867 est
953 831 1000 868 de
1029 830 1129 867 vitiis
1166 829 1380 888 oppositis}

282 846 668 937 Dperseverantiae
688 885 719 922 ²¹².

280 943 328 978 Et
358 942 455 978 circa
484 941 559 977 hoc
589 947 824 988 quaeruntur
853 938 942 975 duo.
1378 949 1380 986 ι

1462 830 1608 867 Primo:
1640 831 1687 868 de
1717 830 1885 869 mollitie.

1464 884 1664 921 Secundo:
1695 884 1743 922 de
1770 884 1988 934 pertinacia.

1099 1047 1418 1090 ARTICULUS
1452 1048 1658 1090 PRIMUS

826 1144 981 1174 UTRUM
1007 1142 1241 1174 MOLLITIES
1266 1142 1534 1174 OPPONATUR
1558 1143 1946 1175 PERSEVERANTIAE

1119 1230 1193 1261 Infra,
1215 1235 1262 1256 art.
1283 1238 1312 1261 2;
1333 1230 1377 1255 VII
1400 1230 1496 1259 Ethic„
1517 1231 1576 1256 lect.
1595 1239 1640 1256 vu.

312 1340 372 1382 ἢ,
394 1342 469 1391 sa«
492 1335 514 1360 D
535 1334 674 1359 PRlMUM
693 1333 747 1359 sm
777 1332 1019 1358 PROCEDlTUR.
1057 1320 1218 1358 Videtur
1247 1320 1353 1370 quod
1403 1321 1578 1370 piditate;
1606 1333 1676 1358 nec
1693 1322 1760 1370 qui
1777 1322 1957 1359 invictum
1979 1334 2020 1359 se
2047 1334 2071 1359 a
2098 1322 2229 1360 labore
2243 1324 2484 1372 praestiterit,

304 1366 463 1436 ‘wisan
493 1376 669 1413 mollities
693 1388 772 1412 non
793 1382 1012 1424 opponatur
1032 1374 1351 1424 perseverantiae.
1380 1378 1382 1410 ῖ
1407 1375 1510 1412 vinci
1527 1387 1552 1412 a
1570 1375 1772 1424 voluptate.
1804 1375 1891 1424 Ipsa
1912 1375 2027 1413 etiam
2046 1377 2226 1425 voluptas
2249 1377 2382 1415 fortius
2400 1390 2484 1415 mo·

429 1416 594 1477 ''Quia
613 1442 728 1478 super
748 1429 839 1466 illud
867 1429 879 1465 I
905 1429 958 1466 ad
979 1427 1067 1465 Cor.
1096 1440 1132 1466 νι
1151 1428 1188 1474 *,
1217 1429 1355 1477 Neque
1380 1425 1381 1469 J
1408 1435 1475 1465 vet
1508 1429 1734 1466 attrahendo
1771 1441 1887 1478 quam
1924 1429 2069 1467 tristitia
2099 1430 2146 1467 de
2176 1430 2342 1468 carentia
2375 1433 2485 1469 volu·

302 1522 306 1526 ,
336 1461 435 1527 ξ’-
450 1478 655 1531 adulteri
691 1494 811 1532 neque
845 1482 976 1519 molles
1014 1494 1134 1531 neque
1167 1482 1381 1522 masculo·
1408 1482 1520 1531 ptatis
1560 1483 1811 1520 retrahendo:
1852 1483 1943 1531 quia
1979 1483 2147 1521 carentia
2182 1485 2392 1534 voluptatis
2429 1493 2487 1523 est

279 1551 365 1575 rum
395 1538 665 1584 concubitores,
696 1537 834 1574 Glossa
852 1535 873 1557 ’¹‘
902 1536 1058 1585 exponit
1085 1536 1234 1582 molles,
1264 1536 1356 1573 idest
1380 1549 1381 1559 ¹
1408 1548 1527 1584 purus
1547 1535 1728 1573 defectus.
1751 1537 1800 1573 Et
1819 1536 1906 1574 ideo
1927 1537 2484 1588 secundumPhilosophutnffi

272 1592 430 1642 pathici,
450 1592 526 1628 hoc
555 1599 610 1628 est
638 1590 842 1628 muliebria
859 1590 1059 1639 patientes.
1092 1590 1168 1627 Sed
1190 1590 1266 1628 hoc
1286 1602 1353 1639 op·
1380 1616 1381 1652 1
1408 1589 1563 1639 proprie
1593 1589 1719 1627 mollis
1740 1590 1876 1628 dicitur
1895 1590 1960 1640 qui
1989 1591 2132 1629 recedit
2151 1603 2174 1628 a
2193 1591 2300 1630 bono
2329 1600 2487 1642 propter

278 1646 432 1696 ponitur
462 1645 630 1682 castitati.
670 1646 773 1692 Ergo
807 1643 984 1681 mollities
1022 1656 1101 1680 non
1135 1651 1190 1680 est
1217 1643 1353 1680 vitium
1380 1654 1381 1677 ἑ
1409 1643 1777 1681 tristitias-causatas
1798 1656 1843 1680 ex
1863 1644 2013 1682 defectu
2043 1645 2353 1692 delectationum,
2375 1646 2483 1696 quasi

279 1700 500 1749 oppositum
531 1698 852 1747 perseverantiae.
1380 1696 1381 1751 ᾗ
1410 1697 1553 1734 cedens
1582 1697 1696 1734 debili
1725 1698 1908 1734 moventi.

334 1765 368 1790 2.
391 1755 627 1798 PRAETEREA,
645 1752 903 1800 Philosophus
925 1750 1023 1797 dicit,
1046 1750 1083 1786 in
1099 1750 1167 1787 Vll
1184 1751 1304 1787 Ethic.
1320 1751 1352 1796 *,
1380 1755 1381 1786 3

360 1448 412 1466 *³ae-

1464 1752 1523 1787 Αι)
1553 1762 1690 1788 Palmum
1710 1762 1810 1788 ERGO
1830 1762 2016 1789 DicENDUM
2037 1753 2142 1800 quod
2163 1752 2358 1801 praedicta
2387 1753 2484 1790 mol-

210 1789 248 1803 ω’
278 1807 383 1857 quod
413 1806 545 1843 delicia
575 1805 747 1842 mollities
775 1805 962 1853 quaedam
992 1809 1056 1840 est.
1088 1804 1165 1840 Sed
1187 1816 1269 1840 esse
1291 1803 1355 1840 de·
1380 1790 1381 1838 i
1409 1803 1504 1840 lities
1534 1811 1710 1841 causatur
1739 1804 1949 1853 dupliciter.
1979 1805 2066 1843 Uno
2096 1805 2229 1853 modo,
2253 1818 2296 1843 ex
2323 1818 2484 1844 consue-

278 1861 450 1898 liciosum
493 1859 645 1896 videtur
686 1858 876 1907 pertinere
919 1858 966 1894 ad
1006 1857 1352 1906 intemperantiam.
1409 1857 1561 1894 tudine:
1592 1869 1681 1894 cum
1712 1857 1816 1895 enim
1836 1857 1972 1907 aliquis
1992 1867 2199 1896 consuetus
2227 1867 2284 1898 est
2309 1860 2485 1910 volupta-

278 1915 380 1962 Ergo
412 1913 588 1950 mollities
609 1924 686 1949 non
707 1911 915 1960 opponitur
943 1910 1265 1960 perseverantiae,
1287 1910 1354 1948 sed
1380 1909 1382 1921 ’
1409 1910 1510 1948 tibus
1538 1910 1623 1956 frui,
1644 1909 1834 1948 difficilius
1854 1919 1979 1960 potest
2007 1924 2142 1949 earum
2161 1913 2375 1951 absentiam
2403 1926 2485 1952 sus-

278 1967 398 2015 magis
427 1966 714 2014 temperantiae.
1381 2009 1382 2013 ¹
1410 1964 1540 2001 tinere.
1571 1964 1657 2001 Alio
1678 1964 1811 2009 modo,
1835 1976 1879 2001 ex
1909 1964 2070 2002 naturali
2092 1965 2365 2015 dispositione:
2395 1967 2484 2016 quia

334 2023 367 2058 3.
389 2021 625 2066 PRAETEREA,
642 2019 911 2068 Philosophus,
932 2017 1075 2054 ibidem
1091 2018 1122 2064 *,
1141 2017 1228 2055 dicit
1247 2018 1355 2066 quod
1381 2018 1382 2031 ³
1409 2018 1589 2056 videlicet
1625 2018 1770 2055 habent
1794 2016 1810 2047 β
1848 2017 2021 2055 animum
2058 2018 2187 2056 minus
2225 2028 2484 2068 constantem,

276 2075 418 2112 lusivus
446 2080 500 2111 est
526 2073 660 2110 mollis.
692 2073 769 2110 Sed
799 2083 883 2109 esse
904 2071 1157 2108 immoderate
1188 2072 1353 2109 lusivum
1381 2108 1382 2118 ,
1410 2079 1567 2122 propter
1594 2071 1834 2120 fragilitatem
1864 2072 2152 2122 complexionis.
2184 2073 2233 2110 Et
2261 2074 2337 2111 hoc
2365 2073 2486 2112 modo

278 2129 486 2178 opponitur
506 2127 736 2176 eutrapeliae
757 2131 786 2173 α,
816 2138 915 2174 quae
947 2133 1002 2162 est
1028 2125 1146 2162 virtus
1167 2126 1266 2163 circa
1294 2126 1356 2163 de-
1380 2124 1383 2198 l
1411 2134 1682 2176 comparantur
1720 2124 1884 2163 feminae
1923 2126 1972 2164 ad
2003 2127 2214 2175 masculos,
2243 2134 2285 2164 ut
2313 2127 2486 2166 Philoso-

1380 2200 1383 2243 ἱ
1409 2181 1510 2229 phus
1539 2179 1646 2225 dicit,
1678 2179 1714 2216 in
1743 2180 1812 2216 Vll
1841 2179 1962 2217 Ethic.
1986 2181 2004 2201 ²¹²
2034 2181 2083 2218 Et
2110 2180 2199 2218 ideo
2229 2181 2278 2218 illi
2307 2181 2373 2231 qui
2401 2194 2487 2220 mu-

278 2236 453 2273 mollities
483 2247 562 2271 non
591 2234 799 2284 opponitur
827 2233 1147 2282 perseverantiae.
1381 2245 1383 2279 3
1409 2233 1542 2270 liebria
1579 2233 1774 2282 patiuntur
1809 2234 1946 2270 molles
1983 2233 2176 2281 dicuntur,
2206 2235 2315 2284 quasi
2354 2236 2487 2273 mulie-

334 2290 408 2326 SED
438 2300 585 2326 CONTRA
606 2299 672 2325 EST
691 2287 797 2335 quod
828 2286 1087 2335 Philosophus
1108 2285 1206 2333 dicit,
1228 2286 1265 2322 in
1285 2287 1352 2323 VII
1381 2293 1383 2317 :
1411 2288 1498 2324 bres
1517 2292 1532 2315 Υ
1562 2286 1698 2323 effecti.

1465 2342 1524 2378 Ao
1544 2351 1736 2378 SECUNDUM
1756 2350 1943 2378 memnon
1966 2340 2073 2391 quod
2092 2341 2279 2391 voluptati
2298 2342 2486 2392 corporali

333 2398 561 2434 Rssponnsso
582 2407 768 2433 mcENDUM
788 2393 906 2444 quod,
923 2394 1019 2430 sicut
1038 2405 1153 2442 supra
1171 2394 1190 2414 *
1211 2393 1354 2431 dictum
1382 2392 1383 2444 J
1411 2393 1618 2444 opponitur
1647 2394 1776 2431 labor:
1814 2402 1851 2430 et
1878 2393 1966 2431 ideo
2002 2406 2061 2431 res
2094 2394 2308 2432 laboriosae
2337 2404 2486 2435 tantum

282 2459 348 2494 est,
369 2451 451 2487 laus
479 2449 788 2499 perseverantiae
808 2448 846 2485 in
866 2448 941 2485 hoc
961 2447 1131 2484 consistit
1159 2448 1266 2496 quod
1292 2447 1355 2484 ali·
1382 2446 1384 2526 h
1411 2448 1626 2498 impediunt
1657 2447 1885 2496 voluptates.
1923 2447 2106 2485 Deliciosi
2140 2458 2270 2487 autem
2309 2449 2487 2488 dicuntur

281 2504 364 2553 quis
393 2516 471 2541 non
501 2503 642 2540 recedit
661 2515 683 2539 a
704 2503 809 2539 bono
838 2509 995 2550 propter
1024 2501 1242 2538 diuturnam
1262 2502 1355 2538 tole·
1411 2502 1475 2552 qui
1505 2514 1583 2539 non
1621 2508 1782 2550 possunt
1810 2501 1997 2539 sustinere
2029 2501 2178 2551 aliquos
2211 2503 2384 2551 labores,
2412 2515 2487 2542 nec

282 2558 441 2595 rantiam
463 2556 673 2594 difficilium
696 2564 731 2593 et
751 2555 1033 2592 laboriosorum
1053 2554 1084 2592 *.
1116 2555 1189 2592 Cui
1214 2555 1355 2592 directe
1382 2531 1384 2578 l
1410 2555 1552 2605 aliquid
1582 2555 1688 2604 quod
1716 2554 1955 2604 voluptatem
1984 2554 2190 2593 diminuat:
2218 2556 2322 2594 unde
2351 2556 2488 2595 dicitur

281 2611 424 2661 opponi
452 2610 605 2648 videtur
634 2610 740 2659 quod
777 2609 912 2658 aliquis
943 2609 989 2646 de
1019 2608 1116 2645 facili
1154 2608 1306 2646 recedat
1333 2621 1355 2646 a
1382 2583 1384 2662 l

281 2667 385 2703 bono
414 2673 570 2714 propter
598 2664 725 2714 aliqua
746 2663 922 2709 difficilia,
943 2674 1042 2711 quae
1071 2662 1256 2700 sustinere
1276 2675 1356 2700 non
1382 2663 1383 2726 l
1408 2675 1522 2712 super
1550 2669 1692 2700 terram
1722 2662 1875 2712 ingredi
1901 2674 1976 2700 non
2005 2662 2167 2710 valebat,
2197 2675 2266 2701 nec
2287 2664 2397 2713 pedis
2423 2676 2486 2702 ve—

280 2727 415 2768 potest.
458 2719 507 2756 Et
542 2719 618 2755 hoc
655 2717 817 2767 pertinet
852 2718 900 2755 ad
944 2717 1131 2754 rationem
1162 2716 1353 2754 mollitiei:
1382 2737 1383 2769 5
1408 2718 1563 2768 stigium
1581 2718 1724 2767 figere,
1745 2722 1903 2765 propter
1930 2716 2136 2755 mollitiem.
2166 2717 2215 2755 Et
2243 2717 2332 2755 ideo
2352 2717 2488 2756 delicia

282 2785 371 2810 nam
391 2773 506 2810 molle
527 2771 663 2809 dicitur
690 2772 792 2818 quod
815 2771 920 2807 facile
942 2771 1042 2807 cedit
1067 2770 1245 2819 tangenti.
1382 2773 1383 2822 J
1410 2771 1603 2819 quaedam
1634 2769 1812 2807 mollities
1841 2777 1907 2807 est.
1938 2770 2017 2808 Sed
2046 2770 2223 2808 mollities
2246 2771 2400 2821 proprie
2429 2783 2486 2809 re-

336 2827 425 2863 Non
446 2834 574 2863 autem
597 2825 783 2862 iudicatur
798 2824 939 2873 aliquid
961 2825 1077 2860 molle
1095 2836 1138 2861 ex
1159 2825 1234 2861 hoc
1249 2825 1354 2872 quod
1410 2825 1519 2874 spicit
1556 2824 1748 2862 defectum
1793 2824 2112 2862 delectationum:
2157 2824 2315 2862 deliciae
2358 2832 2486 2862 autem

1410 2611 1522 2647 Deut.
1552 2620 1661 2646 xxviii
1681 2607 1718 2645 *ε
1760 2609 1796 2646 T
1791 2619 1907 2646 enera
1945 2608 2082 2646 mulier
2113 2615 2150 2647 et
2179 2610 2360 2657 delicata,
2389 2621 2488 2660 quae
2515 2622 2524 2630 ·
2561 2626 2574 2642 e

282 2879 380 2917 cedit
409 2879 551 2917 fortiter
580 2878 807 2928 impellenti:
839 2890 928 2915 nam
960 2886 996 2914 et
1023 2877 1186 2927 parietes
1215 2878 1356 2916 cedunt
1381 2895 1382 2900 ¹

282 2934 484 2971 machinae
513 2932 748 2982 percutienti.
779 2932 828 2969 Et
848 2932 935 2969 ideo
966 2944 1044 2968 non
1074 2939 1267 2980 reputatur
1290 2932 1354 2968 ali·
1381 2938 1382 2972 ζ

282 2987 366 3037 quis
396 2987 521 3024 mollis
551 2986 580 3023 si
601 2986 711 3023 cedat
740 2986 930 3034 aliquibus
950 2985 1062 3023 valde
1091 2985 1256 3034 graviter
1285 2985 1354 3022 im-

152 3058 200 3099 ιιέη
214 3052 254 3100 v‘l-l-
282 3041 524 3090 pellentibus:
545 3040 648 3076 unde
666 3039 923 3088 Philosophus
940 3039 1039 3083 dicit,
1057 3039 1094 3076 in
1105 3039 1172 3076 Vll
1189 3038 1353 3084 Ethic.*,

250 3096 253 3099 '
283 3095 388 3144 quod
417 3095 451 3131 si
477 3094 559 3143 quis
586 3106 610 3131 a
626 3093 798 3142 fortibus
827 3099 861 3130 et
887 3093 1266 3142 superexcellentibus
1294 3093 1355 3129 de-

284 3148 540 3186 lectationibus
567 3147 731 3184 vincitur
758 3147 818 3184 vel
845 3146 1018 3192 tristitiis,
1048 3158 1123 3183 non
1157 3152 1210 3183 est
1237 3146 1355 3184 admi-

285 3202 414 3248 rabile,
434 3202 500 3239 sed
522 3200 780 3246 condonabile,
810 3200 843 3237 si
869 3205 1001 3237 contra
1031 3200 1165 3237 tendat.

340 3255 585 3292 Manifestum
617 3262 672 3291 est
707 3262 836 3291 autem
867 3254 972 3303 quod
1011 3253 1164 3302 gravius
1200 3253 1384 3303 impellit}

287 3316 411 3345 metus
427 3309 684 3357 periculorum
701 3320 816 3356 quam
840 3307 1026 3356 cupiditas
1042 3307 1356 3344 delectationum:

285 3362 388 3398 unde
417 3362 565 3398 Tullius
590 3361 689 3407 dicit,
713 3362 750 3398 in
772 3363 783 3398 1
805 3362 850 3398 de
874 3361 982 3409 Osfic.
1004 3360 1038 3397 ³¹⁸:
1073 3361 1165 3398 Non
1194 3367 1246 3398 est
1270 3373 1358 3398 con·
1383 3360 1385 3376 ³

285 3420 502 3451 sentaneum
519 3416 583 3463 qui
601 3422 700 3452 metu
717 3427 790 3452 non
798 3416 1030 3464 frangatur,
1047 3427 1132 3451 eum
1137 3415 1283 3465 frangi
1295 3427 1359 3452 cu·
1383 3408 1386 3454 l

404 3530 558 3562 utrapeliae.
571 3544 589 3548 -
607 3530 755 3561 eutrapelia
775 3531 941 3561 ABCEFKL,
961 3531 1091 3562 eutrapeli
1112 3532 1128 3554 l.

341 3532 368 3598 gi
385 3538 491 3591 liabent.
503 3579 521 3584 —
540 3565 617 3590 habet
636 3565 711 3590 PCG.
1384 3529 1387 3581 Ι

1408 2890 1563 2916 causam
1595 2877 1861 2927 impeditivam
1891 2877 2164 2926 delectationis,
2191 2874 2284 2928 puta
2311 2878 2484 2916 laborem

1408 2933 1471 2970 vel
1500 2931 1641 2981 aliquid
1671 2931 1907 2969 huiusmodi.

1464 2989 1523 3023 AD
1551 2997 1713 3023 Ti-:Rrium
1751 2997 1936 3023 οιοεΝῡυΜ
1975 2985 2080 3035 quod
2114 2985 2152 3023 in
2188 2985 2281 3022 ludo
2317 2985 2394 3023 duo
2430 2994 2487 3023 est

1411 3039 1666 3076 considerare.
1702 3039 1790 3077 Uno
1820 3039 1976 3087 quidem
2006 3038 2144 3085 modo,
2174 3038 2483 3076 delectationem:

1412 3101 1446 3130 et
1476 3093 1529 3130 sic
1563 3093 1776 3130 inordinate
1815 3092 1960 3130 lusivus
1997 3091 2204 3142 opponitur
2241 3092 2484 3142 eutrapeliae.

1411 3146 1496 3184 Alio
1527 3146 1647 3183 modo
1668 3145 1707 3184 in
1726 3146 1817 3184 ludo
1844 3145 2106 3183 consideratur
2133 3145 2323 3195 quaedam
2355 3145 2487 3184 remis-

1382 3230 1383 3234 ,
1412 3200 1466 3238 sio
1496 3200 1577 3238 sive
1615 3200 1745 3250 quies,
1775 3212 1875 3249 quae
1904 3198 2112 3249 opponitur
2147 3198 2280 3236 labori.
2319 3198 2368 3237 Et
2397 3198 2486 3238 ideo

1412 3254 1508 3291 sicut
1537 3266 1615 3291 non
1644 3266 1758 3303 posse
1795 3253 1980 3290 sustinere
2017 3251 2208 3290 laboriosa
2247 3253 2410 3302 pertinet
2436 3253 2487 3292 ad

1411 3307 1621 3354 mollitiem,
1643 3306 1694 3344 ita
1723 3306 1836 3344 etiam
1866 3305 1979 3343 nimis
2008 3313 2189 3354 appetere
2218 3306 2485 3344 remissionem

1413 3361 1502 3407 ludi.
1533 3361 1594 3398 vel
1625 3371 1910 3408 quamcumque
1940 3358 2053 3396 aliam
2083 3359 2264 3408 quietem.

1468 3537 1493 3561 γ,
1515 3529 1663 3553 muliebres.
1676 3541 1693 3546 —
1713 3528 1837 3552 mulieres
1852 3527 1954 3552 ΑΒΗΚ.

1255 3630 1417 3637 ΛΝκψ-,ς-,ΑΑ
1428 3630 1439 3635 2
1455 3632 1459 3634 .
1466 3630 1484 3635 ..-
1492 3631 1504 3635 ..

2513 1542 2589 1591 ἔιιοο.
2600 1542 2727 1570 pmu't„

2515 2193 2524 2200 ·
2539 2189 2610 2218 lud„
2621 2196 2644 2213 n.
2655 2190 2678 2212 6.
