2768 4198
65 1236 73 1244 ·
88 1234 195 1255 conclus.
210 1239 229 1261 3.

67 2252 76 2262 ·
93 2251 128 2273 Cf.
144 2251 273 2274 Commeat.

66 2283 129 2299 num.
146 2284 168 2299 n.

73 3302 81 3311 ·
101 3300 150 3321 Lib.
170 3300 212 3326 111,
232 3306 281 3327 cap.

72 3333 135 3348 xvm.

73 3453 83 3463 ⁴
97 3451 162 3474 Vers.
178 3458 207 3474 ιι.

307 305 382 341 260

358 384 417 419 AD
446 392 636 418 SECUNDUM
660 390 844 416 D1CENDUM
864 376 969 425 quod
992 387 1036 411 ex
1063 375 1207 423 impetu
1226 373 1370 422 passio-

305 435 362 472 nis
392 434 571 482 contingit
599 433 704 481 quod
733 431 866 479 aliquis
903 428 1027 466 statim
1062 427 1283 476 passionem
1313 438 1370 463 se—

306 495 462 536 quatur,
493 495 580 524 ante
609 485 808 522 consilium
837 481 1003 519 rationis.
1043 482 1212 529 Impetus
1241 487 1369 516 autem

305 540 489 590 passionis
509 538 710 588 provenire
730 541 883 586 potest⁷¹
902 534 964 571 vel
985 545 1027 570 ex
1043 533 1255 580 velocitate,
1276 532 1371 569 sicut

304 594 342 630 in
371 592 586 637 cholericis;
616 592 677 627 vel
707 603 751 626 ex
770 586 1026 633 vehementia,
1048 586 1142 623 sicut
1170 586 1207 622 in
1227 587 1370 622 melan-

306 646 469 692 cholicis,
491 645 555 692 qui
574 651 728 692 propter
745 649 960 678 terrestrem
981 639 1289 688 complexionem
1305 651 1371 676 ve-

304 698 588 736 hementissime
618 696 914 733 inflammantur.
946 693 1050 730 Sicut
1078 700 1115 729 et
1139 705 1160 729 e
1181 692 1369 729 contrario

305 751 484 799 contingit
512 751 615 799 quod
650 748 784 796 aliquis
813 759 891 783 non
919 745 1093 794 persistat
1120 745 1158 782 in
1190 758 1236 782 eo
1265 746 1370 794 quod

305 804 539 842 consiliatum
578 809 652 848 est,
683 813 727 837 ex
766 812 812 836 eo
847 799 952 848 quod
981 798 1152 836 debiliter
1180 798 1370 844 inhaeret,

302 864 457 907 propter
476 855 671 892 mollitiem
697 852 992 902 complexionis:
1022 859 1063 888 ut
1083 851 1129 888 de
1151 851 1371 888 mulieribus

353 983 380 1015 η)
396 985 494 1014 potest.
506 995 525 1001 -
542 981 610 1006 solet
629 981 674 1005 Pa.

986 295 1254 343 QUAESTIO
1287 295 1422 341 CLVI,
1452 289 1750 332 ARTICULUS
1781 296 1812 332 ΙΙ

1427 373 1569 410 dictum
1592 381 1647 410 est
1665 374 1696 411 *.
1727 374 1845 421 Quod
1865 374 1979 412 etiam
1998 375 2151 413 videtur
2170 375 2207 412 in
2232 375 2496 424 phlegmaticis

1427 426 1663 474 contingere,
1693 435 1849 476 propter
1878 428 2042 465 eandem
2072 441 2228 465 causam
2258 429 2353 465 sicut
2381 429 2494 465 etiam

1426 479 1465 516 in
1493 479 1727 517 mulieribus.
1757 481 1865 517 Haec
1884 489 2012 518 autem
2033 482 2209 519 accidunt
2227 479 2240 502 θ
2268 482 2495 530 inquantum

1427 544 1472 568 ex
1502 533 1769 581 complexione
1789 534 1960 582 corporis
1988 536 2099 572 datur
2117 535 2244 584 aliqua
2261 535 2497 572 incontinen-

1426 585 1500 622 tiae
1530 586 1702 622 occasio:
1734 598 1813 623 non
1842 595 1971 624 autem
2006 600 2120 625 causa
2149 588 2354 636 sufficiens,
2374 596 2416 625 ut
2445 589 2498 626 di-

1427 646 1529 675 ctum
1560 646 1616 675 est
1634 638 1664 675 *.

1479 694 1538 729 An
1558 703 1720 729 TERTIUM
1748 703 1935 730 morannum
1955 694 2060 742 quod
2081 694 2390 743 concupiscentia
2418 707 2497 732 car-

1426 745 1483 781 nis
1512 745 1549 781 in
1579 757 1625 781 eo
1655 745 1720 793 qui
1754 753 1809 781 est
1845 745 2104 793 incontinens,
2134 755 2287 796 superat
2323 747 2496 797 spiritum

1426 810 1505 835 non
1535 810 1579 834 ex
1608 797 1850 845 necessitate,
1880 799 1947 837 sed
1976 812 2044 849 per
2073 801 2269 848 quandam
2306 802 2496 850 negligen—

1425 851 1516 888 tiam
1546 851 1696 900 spiritus
1724 863 1804 888 non
1833 852 2038 889 resistentis
2066 853 2220 891 fortiter.

1479 973 1503 1007 0)
1524 976 1600 1000 Haec
1616 978 1707 1000 autem
1725 975 1860 1000 accidunt.
1873 989 1891 994 -
1910 976 1970 1001 Hoc
1987 979 2078 1001 autem
2097 976 2196 1002 accidit
2213 976 2308 1003 PDKa.

984 1056 1323 1090 Commentariis
1344 1055 1599 1088 cardinalis
1620 1055 1826 1088 Caietam

331 1152 351 1172 N
376 1140 507 1171 articulo
531 1139 636 1180 primo
661 1137 857 1179 quaestionis
882 1136 1372 1177 centesimaequinquagesimae-

304 1154 445 1221 Isenae,
464 1184 600 1215 dubium
624 1193 661 1213 ex
684 1182 821 1213 Martino
852 1181 1005 1217 occurrit,
1031 1181 1063 1211 in
1090 1191 1146 1221 qu.
1171 1181 1210 1211 de
1235 1179 1372 1211 Inconti-

301 1230 407 1261 nentia
421 1229 454 1266 ³¹¹,
480 1234 630 1268 arguente
654 1233 764 1258 contra
787 1228 962 1257 Auctorem
993 1225 1044 1256 hic
1068 1235 1127 1266 pro
1153 1231 1274 1266 quanto
1298 1224 1373 1255 dicit

300 1275 390 1316 quod
414 1273 519 1314 passio
544 1282 610 1303 non
627 1278 673 1302 est
691 1281 754 1311 per
776 1280 811 1301 se
833 1280 945 1308 causa,
962 1270 1016 1300 sed
1032 1271 1157 1300 occasio
1171 1269 1372 1301 incontinen-

300 1319 371 1350 tiae.
396 1318 494 1354 Tum,
519 1317 634 1357 primo,
655 1315 730 1357 quia
753 1315 860 1356 passio
885 1321 931 1346 est
954 1324 1049 1345 causa
1072 1324 1129 1354 per
1152 1324 1184 1345 se
1205 1313 1372 1354 impellens

301 1370 331 1394 et
353 1362 508 1393 inclinans
532 1361 571 1392 ad
595 1367 702 1391 actum
725 1358 982 1390 incontinentiae.
1007 1358 1092 1398 Ergo
1116 1368 1182 1389 non
1209 1365 1255 1389 est
1279 1368 1374 1389 causa

301 1406 519 1438 occasionalis.
542 1423 563 1429 —
587 1405 743 1436 Probatur
762 1403 906 1445 sequela:
931 1403 1006 1444 quia
1029 1412 1145 1443 magna
1168 1410 1215 1434 est
1231 1402 1373 1433 differen-

301 1452 343 1483 tia
366 1451 446 1482 inter
473 1459 601 1481 causam
630 1449 848 1489 impellentem
877 1454 907 1479 et
936 1447 1158 1484 inclinantem,
1184 1454 1215 1478 et
1245 1457 1373 1478 causam

302 1495 544 1527 occasionalem.
569 1512 590 1517 -
612 1493 811 1524 Antecedens
829 1502 905 1523 vero
925 1492 1161 1523 manifestatur:
1187 1491 1262 1532 quia
1285 1499 1373 1523 actus

302 1538 549 1571 incontinentiae
573 1545 619 1569 est
642 1536 750 1578 ipsum
773 1537 856 1568 vinci
881 1544 911 1568 et
934 1536 1085 1577 superari,
1102 1536 1193 1577 quod
1216 1542 1262 1567 est
1285 1543 1373 1567 actus

302 1585 380 1615 liber
402 1583 574 1614 voluntatis
604 1582 742 1623 potentis
766 1582 906 1612 resistere
930 1589 960 1612 et
991 1591 1057 1611 non
1080 1580 1261 1611 resistentis.
1296 1581 1373 1611 Pro-

303 1630 395 1660 batur
417 1635 534 1659 autem.
559 1627 657 1663 Tum,
675 1627 790 1667 primo,
807 1625 883 1666 quia
906 1625 938 1655 in
955 1635 993 1655 eo
1018 1625 1050 1655 in
1070 1635 1136 1666 quo
1160 1635 1226 1655 non
1251 1631 1298 1655 est
1319 1635 1373 1665 ge-

303 1673 368 1704 nita
384 1672 487 1703 adhuc
506 1671 733 1702 incontinentia
752 1670 928 1706 habitualis,
945 1670 1094 1700 voluntas
1117 1679 1184 1699 non
1204 1675 1250 1700 est
1269 1669 1373 1700 totalis

304 1727 398 1749 causa
419 1726 476 1757 per
498 1726 531 1746 se
555 1723 643 1747 actus
666 1714 924 1746 incontinentiae.
956 1714 1052 1754 Ergo,
1076 1721 1199 1754 praeter
1222 1723 1302 1750 earn,
1328 1721 1374 1744 est

303 1762 409 1802 aliqua
432 1760 492 1791 alia
516 1770 610 1791 causa
633 1770 689 1800 per
712 1769 755 1790 se.
770 1776 791 1783 ··
811 1759 910 1795 Tum,
930 1759 1083 1794 secundo,
1099 1757 1174 1798 quia
1197 1767 1295 1788 omne
1318 1767 1374 1798 per

303 1816 336 1837 se
360 1814 511 1845 superans
535 1811 565 1835 et
587 1803 715 1834 vincens
739 1809 785 1833 est
809 1813 902 1833 causa
918 1812 974 1842 per
997 1812 1030 1832 se
1054 1802 1121 1832 eius
1145 1802 1235 1842 quod
1259 1809 1306 1832 est
1320 1813 1371 1832 su-

303 1850 403 1891 perari
427 1856 457 1879 et
479 1848 574 1887 vinci.v
598 1847 658 1879 Sed
683 1847 789 1888 passio
814 1853 860 1878 est
883 1856 939 1886 per
962 1856 995 1876 se
1015 1856 1167 1886 superans
1192 1852 1221 1876 et
1244 1846 1372 1877 vincens

302 1894 499 1925 voluntatem
523 1902 604 1933 quae
628 1898 737 1922 contra
761 1891 870 1921 tendit.
895 1890 990 1930 Ergo.

358 1938 399 1968 Et
414 1947 469 1977 per
483 1936 577 1972 istud,
593 1935 702 1977 inquit·
711 1935 875 1970 Martinus,
893 1941 979 1974 patet
994 1934 1084 1975 quod
1101 1943 1165 1964 non
1184 1933 1373 1964 sufficienter

302 1982 414 2023 probat
438 1980 677 2011 conclusionem
701 1979 791 2015 hanc,
809 1978 925 2009 scilicet
948 1979 1037 2019 quod
1054 1978 1281 2009 incontinentia
1305 1988 1371 2009 non

302 2033 348 2057 est
371 2025 512 2066 corporis
535 2025 589 2055 sed
613 2024 747 2060 animae,
764 2023 918 2060 Thomas,
936 2032 992 2063 per
1014 2023 1094 2053 illud
1111 2022 1264 2060 medium,
1281 2023 1371 2064 quod

301 2070 406 2111 passio
431 2080 496 2100 non
521 2076 567 2099 est
589 2078 683 2099 causa
705 2078 761 2109 per
785 2078 818 2098 se
841 2067 897 2098 sed
920 2067 1046 2098 occasio
1070 2074 1205 2099 tantum.

356 2115 394 2145 11.
419 2114 468 2144 Ad
494 2113 570 2144 haec
598 2112 711 2144 dicitur
734 2112 840 2153 quod,
865 2112 891 2142 si
915 2111 986 2152 quis
1021 2118 1163 2152 penetrat
1186 2121 1252 2152 quo
1277 2118 1371 2152 pacto

301 2158 458 2200 appetitus
474 2157 641 2188 sensitivus
654 2163 700 2188 est
715 2156 856 2187 motivus
867 2156 1051 2192 voluntatis,
1064 2155 1154 2186 facile
1170 2155 1247 2186 haec
1259 2155 1371 2187 solvet.

301 2203 479 2234 Penetrabit
498 2209 606 2233 autem
620 2202 681 2232 hoc
697 2201 752 2242 qui
768 2200 902 2232 intuitus
920 2200 1012 2232 fuerit
1029 2200 1206 2231 doctrinam
1223 2200 1373 2231 Auctoris

302 2248 334 2278 in
350 2246 547 2288 praecedenti
562 2246 669 2283 Libro,
683 2256 738 2286 qu.
755 2256 796 2282 1x,
812 2251 868 2276 art.
889 2255 906 2275 2
919 2245 947 2282 ⁴⁸,
965 2245 1019 2276 ubi
1035 2245 1189 2276 docemur
1204 2245 1294 2286 quod
1313 2244 1373 2276 sic-

303 2299 338 2323 ut
353 2292 454 2322 homo
479 2291 604 2331 frigens,
621 2300 658 2321 ex
674 2290 735 2321 hoc
754 2290 826 2330 ipso
842 2290 932 2331 quod
959 2289 1066 2330 friget,
1083 2296 1230 2320 movetur
1253 2289 1293 2320 ad
1316 2299 1372 2320 vo-

303 2337 434 2367 lendum
458 2336 569 2366 locum
593 2335 746 2371 calidum;
771 2335 814 2366 ita
837 2335 937 2365 homo
954 2334 987 2365 in
1004 2334 1151 2375 passione
1175 2333 1319 2371 existens,
1337 2344 1374 2365 ex

303 2381 365 2411 hoc
388 2381 459 2421 ipso
483 2379 572 2421 quod
595 2387 640 2410 est
664 2379 708 2410 sic
732 2379 904 2420 dispositus
938 2379 1116 2410 secundum
1139 2378 1227 2409 illam
1251 2378 1372 2420 passio-

303 2435 388 2462 nem,
406 2431 552 2455 movetur
569 2424 607 2454 ad
624 2423 797 2454 volendum
812 2424 901 2464 quod
926 2430 1081 2454 consonat
1103 2423 1228 2454 homini
1251 2423 1295 2454 sic
1313 2423 1374 2454 dis—

304 2468 427 2510 posito;
452 2475 528 2510 puta
552 2469 591 2499 ad
615 2468 831 2509 puniendum,
856 2468 881 2498 si
906 2475 952 2498 est
975 2468 1092 2504 iratus,
1117 2468 1156 2498 ad
1179 2477 1323 2504 venerea,
1348 2468 1373 2499 si

305 2520 350 2544 est
374 2514 494 2550 ardens,
519 2520 576 2544 etc.
601 2513 641 2543 Et
665 2512 743 2543 ratio
766 2512 809 2543 ibi
833 2512 1024 2552 assignatur:
1050 2512 1126 2554 quia
1149 2511 1232 2549 hinc,
1257 2512 1375 2544 scilicet

305 2568 342 2588 ex
357 2557 565 2598 dispositione
581 2557 720 2587 hominis
736 2567 792 2588 seu
808 2557 949 2594 subiecti,
966 2556 1001 2588 fit
1017 2564 1051 2589 ut
1067 2556 1188 2598 aliquid
1205 2557 1245 2588 sit
1259 2557 1309 2588 vel
1322 2567 1375 2598 ap-

304 2609 410 2642 pareat
427 2602 618 2633 conveniens
634 2601 678 2632 illi
702 2602 808 2642 quod,
827 2609 967 2633 cessante
988 2602 1042 2632 illa
1071 2601 1290 2643 dispositione,
1308 2612 1374 2632 non

305 2652 350 2677 est
373 2653 427 2677 aut
451 2656 518 2676 non
542 2653 672 2687 apparet
697 2646 898 2677 conveniens.
929 2646 1095 2684 Quoniam
1119 2646 1312 2677 conveniens
1337 2656 1374 2677 ex

304 2697 391 2731 parte
415 2691 579 2732 utriusque
603 2697 708 2731 potest
731 2690 805 2721 oriri
829 2691 975 2721 extremi:
1001 2690 1118 2721 scilicet
1133 2691 1183 2722 vel
1207 2700 1244 2721 ex
1267 2691 1373 2732 dispo-

304 2734 419 2766 sitione
436 2734 578 2772 subiecti,
595 2735 645 2765 vel
662 2745 699 2765 ex
722 2742 834 2766 natura
851 2735 978 2766 obiecti.
1002 2735 1043 2766 Et
1066 2735 1120 2772 sic,
1138 2742 1174 2766 ut
1189 2734 1233 2765 ibi
1250 2735 1374 2772 dicitur,

305 2778 471 2819 dispositio
500 2779 631 2810 subiecti
662 2780 818 2810 redundat
841 2779 873 2810 in
899 2780 1072 2816 obiectum,
1090 2779 1237 2810 faciendo
1267 2779 1375 2820 ipsum

1064 2931 1384 2974 ARTICULUS

1423 1145 1491 1166 esse
1516 1135 1566 1166 vel
1590 1145 1741 1176 apparere
1765 1145 1823 1176 pro
1847 1142 1924 1166 tunc
1948 1135 2151 1167 conveniens.
2175 1136 2217 1167 Et
2239 1136 2284 1168 sic
2298 1144 2386 1177 patet
2409 1138 2499 1179 quod

1424 1180 1530 1220 passio
1553 1180 1645 1211 valde
1661 1187 1783 1211 remote
1800 1187 1908 1212 movet
1923 1180 2140 1212 voluntatem:
2165 1180 2283 1212 scilicet
2298 1181 2499 1222 disponendo

1425 1225 1615 1261 subiectum,
1633 1231 1663 1255 et
1681 1224 1755 1255 inde
1772 1231 1983 1265 consurgente
1998 1225 2219 1256 convenientia
2234 1226 2268 1256 in
2287 1226 2414 1257 obiecto
2430 1236 2500 1257 mo-

1424 1269 1490 1300 tivo
1514 1268 1698 1306 voluntatis,
1723 1279 1789 1299 non
1814 1269 2032 1300 necessitando
2053 1276 2159 1301 tamen
2182 1269 2296 1311 ipsam.
2322 1271 2415 1301 Unde
2434 1281 2500 1302 me-

1425 1313 1485 1344 rito
1509 1323 1576 1344 non
1600 1323 1656 1354 per
1679 1323 1712 1344 se
1736 1323 1839 1350 causa,
1864 1314 1919 1344 sed
1943 1313 2069 1345 occasio
2094 1314 2208 1345 dicitur
2234 1314 2341 1356 passio
2364 1314 2500 1347 inconti-

1426 1358 1561 1395 nentiae,
1586 1367 1668 1399 quae
1693 1365 1739 1389 est
1762 1365 1850 1389 actus
1873 1358 2058 1390 voluntatis.

1482 1402 1534 1433 III.
1560 1402 1602 1433 Et
1624 1412 1698 1433 cum
1732 1402 1861 1439 dicitur,
1889 1402 1998 1434 Causa
2021 1413 2086 1444 per
2107 1413 2142 1434 se
2168 1403 2334 1444 impellens
2357 1409 2388 1435 et
2410 1403 2501 1436 incli-

1427 1456 1510 1478 nans
1522 1453 1592 1483 etc.‚
1606 1447 1817 1487 respondetur
1833 1447 1979 1488 negando
1995 1447 2166 1484 minorem,
2179 1448 2308 1488 proprie
2322 1448 2500 1491 loquendo.

1426 1491 1511 1528 Quia
1534 1491 1640 1532 passio
1663 1491 1799 1532 impellit
1821 1492 1954 1533 quidem
1976 1499 2007 1523 et
2029 1492 2173 1529 inclinat,
2197 1502 2263 1523 non
2288 1502 2345 1534 per
2370 1503 2422 1530 se,
2446 1493 2502 1525 sed

1426 1535 1586 1567 mediante
1609 1536 1752 1567 subiecto
1776 1537 1866 1577 quod
1890 1536 2040 1576 disponit,
2061 1544 2092 1568 et
2116 1537 2335 1568 convenientia
2358 1547 2441 1579 quae
2463 1547 2502 1570 ex

1427 1580 1571 1612 subiecto
1594 1581 1659 1611 iam
1683 1581 1840 1621 disposito
1862 1581 2039 1621 consurgit:
2074 1581 2155 1612 sicut
2170 1581 2269 1622 frigus
2291 1581 2428 1623 impellit
2442 1581 2502 1613 ho-

1427 1625 1548 1655 minem
1572 1625 1612 1656 ad
1636 1625 1774 1656 eundem
1799 1626 1839 1655 ad
1863 1625 2018 1664 calidum,
2043 1636 2110 1656 non
2133 1635 2190 1667 per
2213 1636 2255 1663 se,
2282 1626 2337 1657 sed
2361 1626 2501 1658 occasio-

1427 1669 1547 1701 naliter.

1482 1714 1533 1744 Ad
1557 1713 1848 1744 manifestationem
1872 1721 1980 1745 autem
2000 1714 2214 1745 antecedentis
2238 1714 2300 1746 hoc
2323 1715 2431 1746 solum
2455 1714 2501 1746 di-

1427 1758 1525 1794 citur,
1551 1758 1640 1799 quod
1664 1758 1759 1788 etiam
1792 1758 1986 1798 incomplete
2018 1758 2199 1790 manifestat
2226 1766 2334 1790 actum
2362 1759 2500 1792 inconti-

1427 1802 1561 1834 nentiae.
1586 1802 1752 1839 Quoniam
1768 1812 1835 1833 non
1859 1809 1906 1833 est
1923 1802 2151 1844 imputandum
2173 1803 2264 1845 quod
2286 1803 2320 1834 in
2335 1804 2501 1836 voluntate

1425 1846 1652 1877 incontinentis
1676 1846 1716 1877 sit
1729 1845 1812 1877 vinci
1832 1853 1863 1877 et
1879 1847 2020 1887 superari
2044 1847 2111 1878 sine
2127 1857 2285 1879 consensu
2308 1847 2343 1878 in
2365 1848 2446 1879 illud
2460 1849 2501 1880 ad

1426 1891 1515 1931 quod
1540 1890 1646 1931 passio
1670 1889 1810 1926 inclinat,
1835 1897 1871 1921 ut
1893 1890 2048 1922 Martinus
2071 1890 2190 1931 fingere
2212 1891 2350 1923 videtur:
2375 1893 2441 1929 sed,
2466 1899 2503 1924 ut

1425 1938 1546 1966 Auctor
1569 1934 1646 1965 dixit
1660 1934 1687 1970 ¹⁸,
1710 1940 1757 1964 est
1779 1934 1822 1964 ibi
1849 1934 1979 1971 electio,
2000 1945 2037 1966 ac
2060 1945 2116 1975 per
2146 1935 2210 1966 hoc
2233 1945 2425 1972 consensus:
2458 1936 2502 1969 ita

1425 1979 1515 2020 quod
1538 1979 1600 2010 hoc
1623 1985 1670 2009 est
1691 1978 1786 2015 vinci,
1810 1978 1923 2018 eligere
1947 1989 1984 2010 ex
2006 1979 2206 2011 vehementia
2229 1979 2397 2020 passionis.

1482 2023 1532 2054 Ad
1555 2023 1694 2064 primam
1725 2022 1966 2063 probationem,
1991 2031 2124 2064 negatur
2146 2024 2237 2065 quod
2258 2024 2410 2055 voluntas
2434 2034 2502 2056 non

1426 2068 1466 2099 sit
1489 2077 1545 2108 per
1567 2077 1600 2099 se
1624 2066 1785 2098 sufficiens
1816 2077 1910 2099 causa
1940 2067 2191 2100 incontinentiae
2212 2068 2246 2099 in
2269 2078 2336 2100 non
2367 2068 2503 2101 habente

1425 2112 1621 2143 habitualem
1637 2111 1912 2144 incontinentiam.
1937 2112 2021 2143 Nam
2041 2112 2123 2144 sicut
2137 2113 2286 2145 voluntas
2310 2113 2504 2154 frigescentis

1426 2156 1567 2188 hominis
1591 2163 1638 2187 est
1661 2155 1821 2187 sufficiens
1844 2163 1875 2188 et
1891 2166 1947 2198 per
1970 2167 2003 2188 se
2027 2167 2122 2188 causa
2145 2157 2242 2188 eundi
2258 2157 2298 2189 ad
2313 2157 2422 2198 ignem
2445 2167 2502 2190 seu

1426 2202 1539 2238 solem,
1563 2201 1607 2232 ita
1628 2201 1778 2232 voluntas
1802 2200 1962 2232 existentis
1984 2201 2017 2232 in
2040 2201 2188 2243 passione
2211 2208 2259 2234 est
2280 2211 2337 2243 per
2360 2212 2393 2234 se
2416 2201 2503 2234 suffi-

1427 2246 1512 2277 ciens
1536 2255 1631 2277 causa
1646 2245 1776 2276 volendi
1792 2245 1854 2277 tale
1869 2246 2064 2278 delectabile.
2088 2246 2213 2278 Causae
2228 2246 2315 2278 enim
2330 2246 2502 2288 disponen-

1426 2298 1472 2323 tes
1487 2290 1667 2322 subiectum
1683 2290 1867 2322 occasiones
1881 2297 1957 2322 sunt
1969 2290 2116 2322 volendi:
2140 2301 2208 2323 non
2226 2301 2283 2333 per
2298 2301 2331 2322 se
2351 2301 2503 2324 con-cau·

1427 2345 1480 2367 sae
1502 2334 1643 2366 volendi.
1673 2334 1767 2366 Unde
1791 2341 1822 2366 et
1844 2337 1968 2366 Auctor
1990 2335 2022 2366 in
2046 2335 2148 2367 littera
2180 2337 2295 2377 probat
2318 2335 2391 2373 hoc,
2415 2336 2502 2378 quia,

1427 2379 1571 2422 quandiu
1599 2385 1708 2410 manet
1735 2389 1814 2411 usus
1847 2379 1994 2416 rationis,
2024 2379 2173 2412 voluntas
2204 2379 2301 2412 libere
2334 2387 2440 2422 potest
2467 2381 2502 2413 in

1427 2431 1601 2466 utrumque
1625 2423 1862 2465 oppositorum.

1484 2469 1535 2500 Ad
1558 2469 1742 2506 secundam,
1759 2475 1893 2509 negatur
1916 2468 2031 2499 minor.
2062 2468 2147 2506 Quia
2162 2468 2269 2509 passio
2286 2478 2353 2500 non
2377 2475 2424 2500 est
2446 2477 2503 2509 per

1427 2523 1460 2544 se
1476 2513 1606 2544 vincens
1623 2520 1653 2544 et
1669 2523 1832 2554 superans,
1847 2513 1902 2544 sed
1919 2512 2168 2551 occasionaliter,
2183 2513 2398 2544 voluntatem:
2418 2522 2502 2555 quae

1427 2568 1495 2589 non
1518 2557 1607 2589 aliter
1625 2564 1793 2598 superatur
1816 2557 1876 2588 nisi
1899 2557 1975 2599 quia
1997 2557 2095 2589 libere
2117 2557 2187 2589 vult
2209 2558 2250 2589 ad
2280 2557 2369 2599 quod
2392 2557 2502 2590 volen-

1428 2603 1508 2634 dum
1531 2602 1638 2643 passio
1662 2602 1813 2643 disponit.

1484 2647 1578 2678 Unde
1602 2654 1687 2687 patet
1709 2647 1799 2688 quod
1822 2648 1945 2678 Auctor
1979 2645 2170 2678 sufficienter
2191 2646 2338 2687 probavit
2364 2645 2500 2679 inconti—

2525 386 2533 395 ·
2549 384 2576 406 In
2591 390 2651 412 resp.
2663 385 2691 406 ad
2706 391 2722 406 ι.

2525 642 2535 652 ·
2550 641 2575 663 ln
2591 647 2696 670 corpore.

2529 1943 2539 1955 ⁸
2549 1942 2586 1966 ef.
2605 1949 2644 1972 qn.
2653 1949 2704 1971 αν,
2711 1947 2746 1966 ast

1428 2691 1570 2723 nentiam
1594 2701 1661 2722 esse
1685 2701 1750 2722 non
1776 2690 1918 2732 corporis
1943 2691 1998 2722 sed
2014 2691 2150 2730 animae,
2167 2700 2223 2732 per
2243 2690 2322 2722 illud
2346 2690 2500 2728 medium,
2555 2693 2557 2695 '

1428 2735 1503 2777 quia
1526 2735 1633 2777 passio
1657 2743 1704 2767 est
1727 2735 1870 2772 occasio,
1895 2742 1926 2766 et
1949 2735 2097 2766 voluntas
2124 2741 2171 2766 est
2200 2745 2257 2776 per
2279 2745 2312 2766 se
2336 2744 2430 2767 causa
2453 2734 2500 2766 in-

1428 2780 1652 2812 continentiae.

1428 2931 1732 2975 SECUNDUS

960 3026 1117 3057 UTRUM
1142 3026 1491 3058 INCONTlNENTlA
1514 3027 1581 3058 SIT
1605 3026 1845 3058 PECCATUM

1253 3105 1298 3130 Vll
1320 3105 1416 3136 Echio„
1436 3106 1495 3131 lect.
1513 3113 1548 3132 tv.

347 3200 385 3237 ᾖ»
428 3200 495 3245 fif<
518 3195 540 3220 D
556 3195 745 3220 sacunoum
760 3196 813 3221 stc
829 3197 1070 3223 Paoczmrua.
1092 3185 1253 3223 Videtur
1267 3186 1374 3233 quod
1398 3186 1402 3226 Ι
1428 3186 1538 3223 detur
1567 3186 1784 3224 consistere.
1819 3186 1898 3224 Sed
1925 3186 1964 3224 in
1991 3198 2039 3224 eo
2067 3185 2133 3236 qui
2162 3193 2219 3224 est
2246 3186 2497 3235 incontinens,

360 3284 361 3287 Ἰ
519 3236 788 3275 incontinentia
808 3250 887 3275 non
903 3239 949 3275 sit
967 3246 1181 3287 peccatum.
1204 3239 1318 3286 Quia,
1333 3246 1374 3276 ut

327 3286 350 3337 ᾖ
368 3300 447 3362 ἐς,
466 3290 490 3326 ’6
519 3290 750 3338 Augustinus
766 3290 864 3338 dicit,
882 3291 919 3328 in
939 3292 1034 3329 libro
1055 3293 1100 3329 de
1110 3293 1192 3330 Lib.
1207 3293 1328 3330 Arbit.
1340 3292 1372 3340 ¹¹⁶,

319 3347 328 3357 ¹
346 3336 350 3343 ⁷
370 3354 377 3361 =
401 3333 464 3368 ⁷⁴⁴³)
479 3330 642 3379 nullus
652 3349 785 3391 peccat
798 3344 835 3381 in
851 3356 894 3381 eo
910 3345 1011 3393 quod
1024 3345 1145 3383 vitare
1155 3358 1229 3384 non
1239 3351 1372 3394 potest.

313 3392 388 3428 Sed
408 3392 713 3432 incontinentiam
736 3397 859 3433 nullus
878 3406 1004 3446 potest
1023 3411 1068 3435 ex
1089 3398 1214 3447 seipso
1232 3399 1372 3437 vitare:

312 3445 521 3487 secundum
543 3447 631 3484 illud
652 3449 738 3496 Sap.
758 3461 817 3485 vn1
837 3449 874 3485 *ε
904 3451 988 3488 Scio
1009 3453 1110 3499 quod
1127 3463 1202 3489 non
1216 3464 1373 3500 possum

312 3509 389 3533 esse
417 3499 606 3535 continens
638 3501 709 3536 nisi
734 3502 837 3538 Deus
870 3503 940 3541 det.
971 3505 1073 3552 Ergo
1103 3505 1372 3543 incontinentia

313 3562 390 3586 non
420 3558 474 3587 est
501 3560 711 3599 peccatum.

368 3615 401 3639 2.
423 3604 661 3651 PRAETEREA,
692 3617 805 3642 omne
843 3616 1042 3654 peccatum
1072 3609 1110 3647 in
1146 3610 1290 3648 ratione
1319 3611 1374 3647 vi-

438 3221 490 3292 21319
520 3237 526 3243 ·

1426 3239 1588 3277 vincitur
1607 3239 1790 3277 iudicium
1810 3239 1974 3278 rationis.
2004 3240 2107 3287 Ergo
2127 3238 2400 3278 incontinentia
2418 3252 2498 3279 non

1428 3301 1483 3330 est
1511 3301 1726 3342 peccatum.

1483 3347 1517 3383 3.
1539 3347 1775 3392 Pmrem,
1803 3346 1928 3384 nullus
1955 3352 2089 3394 peccat
2110 3357 2155 3382 ex
2185 3357 2231 3382 eo
2256 3346 2362 3395 quod
2380 3346 2498 3384 vehe-

1428 3406 1576 3436 menter
1603 3400 1731 3436 Deum
1769 3406 1884 3436 amat.
1923 3398 2000 3436 Sed
2029 3410 2075 3435 ex
2101 3399 2345 3436 vehementia
2382 3399 2497 3437 divini

1428 3452 1572 3489 amoris
1600 3451 1735 3500 aliquis
1763 3451 1807 3488 fit
1834 3451 2090 3488 incontinens:
2122 3451 2210 3489 dicit
2229 3452 2331 3489 enim
2351 3452 2497 3501 Diony-

1427 3505 1517 3552 sius,
1548 3516 1583 3541 1v
1612 3516 1693 3554 cap.
1723 3505 1769 3541 de
1795 3504 1883 3541 Div.
1912 3504 2029 3542 Nom.
2050 3504 2087 3552 ³¹⁸,
2119 3505 2224 3554 quod
2257 3505 2398 3543 Paulus
2424 3517 2498 3555 per

1428 3557 1732 3595 incontinentiam
1752 3557 1871 3594 divini
1891 3558 2034 3595 amoris
2061 3558 2177 3596 dixit.-
2202 3559 2294 3596 Vivo
2313 3570 2398 3609 ego,
2419 3558 2495 3595 iam

1428 3623 1502 3648 non
1532 3621 1615 3660 ego.
1656 3611 1758 3658 Ergo
1787 3610 2056 3648 incontinentia
2086 3624 2165 3649 non
2194 3620 2249 3649 est
2281 3618 2493 3661 peccatum.

2524 3514 2734 3538 ·s.·rt=.1eet.x.
