2768 4198
282 258 354 294 536
914 256 1182 303 QUAESTIO
1213 254 1464 302 CLXXXIX,
1497 254 1797 311 ARTICULUS
1827 255 1840 290 I

531 492 948 566 QUAESTIO
989 489 2233 546 CENTESIMAOCTOGESIMANONA

975 612 1059 652 DE
1093 610 1398 651 INGRESSU
1432 610 1781 651 RELIGIONIS

1099 728 1132 752 IN
1162 727 1284 752 DECEM
1313 726 1518 752 ARTICULOS
1548 726 1665 752 DIVISA

363 835 471 860 ElNDE
512 823 837 860 considerandum
880 830 936 859 est
969 822 1017 859 de
1053 822 1224 870 ingressu
1266 820 1377 871 reli-l
1460 820 1628 868 Quinto:
1667 829 1796 858 utrum
1833 820 1942 870 pueri
1980 821 2054 858 sint
2086 821 2294 870 recipiendi
2327 821 2366 859 in
2400 822 2483 859 reli-

39 895 92 942 ἰαί.
115 898 251 919 u.cr.xxxv1,
281 841 484 932 Dgionis
503 883 534 920 ²¹²,
1512 874 1638 922 gione.
2403 929 2411 936 .

66 925 75 943 ¹
280 947 327 983 Et
356 945 455 982 circa
480 946 556 981 hoc
585 951 822 991 quaeruntur
852 943 1000 980 decem·
1377 975 1378 978 Ἰ
1460 928 1597 987 Sexto:
1620 935 1770 988 ‘utrum
1807 935 2211 988 propter-parentum
2235 929 2484 988 *ob-sequium

332 1003 485 1040 Primo:
521 1010 648 1039 utrum
682 1001 732 1038 illi
767 1001 833 1050 qui
867 1014 945 1038 non
974 1010 1061 1038 sunt
1090 1001 1280 1039 exercitati
1314 1001 1352 1038 in
1513 982 1630 1041 aliqm
1659 981 1826 1019 debeant
1854 982 1993 1018 tetram
2022 994 2055 1042 a.
2074 983 2265 1043 re¹¹g¹9m⁵
2297 994 2483 1044 mgr‘ffsffu'

386 1060 629 1098 observantia
656 1068 976 1109 praeceptorum,
1010 1060 1176 1097 debeam
1205 1059 1353 1108 religio·
1461 1036 1656 1084 Septimo:
1687 1043 1816 1072 utrum
1845 1035 2058 1084 presbyten
2078 1043 2196 1073 curati
2215 1036 2279 1073 vel
2300 1037 2486 1075 archidia-

1515 1089 1601 1126 coni
1630 1089 1780 1137 possint
1807 1089 1857 1126 ad
1885 1088 2109 1137 religionem
2137 1090 2310 1127 transire.

1462 1143 1636 1180 Octavo:
1666 1150 1795 1180 utrum
1827 1143 1875 1180 de
1904 1154 1980 1179 una
2000 1144 2184 1192 religione
2205 1145 2326 1193 possit
2346 1143 2486 1192 aliquis

1514 1196 1672 1233 transire
1702 1196 1751 1234 ad
1779 1196 1906 1234 aliam.

1462 1250 1601 1287 Nono:
1632 1258 1760 1287 utrum
1790 1250 1925 1299 aliquis
1955 1251 2094 1288 debeat
2118 1251 2212 1289 alios
2232 1251 2416 1289 inducere
2435 1252 2484 1289 ad

385 1132 475 1156 nem
506 1119 663 1167 ingredi.

333 1177 533 1215 Secundo:
573 1184 700 1213 utrum
736 1177 844 1213 liceat
877 1177 1025 1226 aliquos
1055 1184 1148 1213 voto
1184 1177 1352 1225 obligare

386 1235 434 1272 ad
464 1235 654 1282 religionis
684 1235 910 1283 ingressum.

332 1289 486 1326 Tertio:
520 1296 648 1326 utrum
679 1288 728 1325 illi
757 1289 821 1337 qui
849 1296 943 1325 voto
974 1288 1190 1336 obligantur
1218 1289 1266 1326 ad
1297 1301 1354 1326 re·
1516 1304 1706 1352 religionis
1736 1304 1962 1352 ingressum·

385 1347 533 1395 ligionis
553 1347 780 1395 ingressum›
802 1354 1004 1384 teneantur
1022 1355 1158 1384 ‘'01¹³OE
1180 1347 1352 1396 implere·
1461 1357 1647 1394 Decimo:
1685 1365 1813 1395 utrum
1849 1358 2062 1407 requiratur
2090 1370 2230 1407 magna
2260 1359 2485 1397 deliberatio

333 1406 499 1453 Quarto:
534 1413 662 1442 utrum
691 1405 741 1442 illi
779 1405 844 1454 qui
871 1413 1018 1442 vovent
1046 1405 1268 1453 religionem
1298 1405 1353 1442 in-
1516 1423 1604 1448 cum
1636 1412 1930 1460 consanguineis
1964 1420 2001 1449 et
2029 1412 2164 1450 amicis
2207 1413 2255 1451 ad
2293 1413 2486 1462 religionis

386 1472 498 1505 trare,
528 1471 730 1500 teneantur
758 1463 810 1500 ibi
839 1471 1028 1512 perpetuo
1059 1475 1284 1500 remanere.
1380 1507 1382 1513 ζ
1517 1464 1744 1513 ingressum.

1099 1574 1421 1616 ARTICULUS
1452 1575 1663 1618 PRIMUS

386 1668 542 1700 UTRUM
566 1668 658 1699 NoN
682 1666 888 1698 DEBEANT
912 1667 1185 1698 RELIGIONEM
1209 1667 1385 1698 1NGRED1
1410 1668 1491 1699 NISI
1517 1669 1592 1706 Qui
1617 1669 1732 1700 SUNT
1757 1670 1799 1701 IN
1824 1670 2089 1703 PRAECEPTIS
2112 1670 2381 1716 EXERCJTATI

793 1746 890 1777 Quodl.
910 1746 954 1777 lv,
973 1754 1019 1779 qu.
1038 1754 1083 1778 xn,
1103 1752 1150 1773 art.
1174 1755 1201 1777 1;
1225 1747 1302 1773 Cant.
1322 1747 1471 1773 retrahent.
1490 1748 1524 1773 ab
1545 1748 1659 1782 ingres-5.
1679 1749 1778 1783 Relig„
1799 1757 1855 1783 cap.
1874 1758 1894 1776 u
1913 1757 1974 1783 sqq.

408 1871 572 1948 ἓέιωη
602 1882 770 1918 debeant
790 1880 1011 1929 religionem
1032 1880 1180 1928 ingredi
1199 1880 1271 1918 nisi
1291 1880 1357 1929 qui
1382 1892 1384 1930 ξ
1409 1886 1529 1918 ctatus
1556 1893 1671 1930 super
1699 1888 1822 1920 matre
1848 1895 1932 1930 sua,
1962 1883 2051 1921 dicit
2080 1884 2219 1922 Glossa
2238 1884 2279 1922 *ε
2309 1886 2356 1923 In
2379 1891 2487 1925 utero

304 1876 313 1894 l

298 1966 309 1980 ,
342 1976 344 1981 y
403 1955 409 1959 ι
438 1940 460 1977 (1
494 1942 581 1972 sunt
609 1935 646 1971 in
675 1934 890 1984 praeceptis
919 1934 1123 1972 exercitati.
1162 1934 1357 1972 Dominus
1410 1935 1544 1972 matris
1562 1936 1757 1974 Ecclesiae
1769 1937 1899 1986 primo
1919 1938 2168 1987 concipimur,
2197 1939 2288 1976 dum
2311 1940 2407 1986 fidei
2421 1952 2487 1978 ru-

297 1982 311 1995 *
336 2004 345 2015 »
449 1980 599 2026 enim
629 1989 831 2026 consilium
859 1988 1104 2038 perfectionis
1133 1988 1237 2026 dedit
1263 1988 1357 2026 ado·
1410 1989 1584 2027 dimentis
1603 1990 1850 2036 instruimur,·
1868 1991 2002 2028 deinde
2020 1992 2058 2029 in
2077 1992 2200 2030 lucem
2215 1993 2376 2040 edimur,
2395 1994 2487 2032 dum

281 2042 435 2081 lescenti
465 2043 530 2092 qui
552 2042 698 2080 dixerat
726 2056 766 2080 se
795 2051 1000 2092 praecepta
1019 2055 1043 2080 a
1063 2043 1254 2080 iuventute
1279 2054 1357 2080 ser·
1383 2068 1385 2079 .
1405 2054 1479 2091 per
1506 2044 1734 2092 baptismum
1763 2056 2065 2094 regeneramur;
2101 2046 2237 2084 deinde
2268 2047 2381 2096 quasi
2405 2059 2487 2086 ma-

40 2107 137 2129 ‘Mann-
147 2113 196 2134 0⁶1³-
206 2113 253 2134 nx,
281 2109 389 2134 vasse
411 2096 443 2133 *.
488 2097 566 2134 Sed
602 2109 624 2134 a
659 2097 810 2134 Christo
848 2097 1010 2146 sumpsit
1045 2097 1195 2134 initium
1230 2096 1357 2134 omnis
1412 2097 1521 2134 nibus
1547 2097 1742 2135 Ecclesiae
1762 2104 1968 2147 portamur
1994 2105 2032 2136 et
2057 2099 2154 2138 lacte
2176 2101 2380 2148 nutrimur,
2399 2113 2489 2140 cum

39 2140 149 2160 '³⁸⁴⁰’
166 2139 196 2155 ²¹'
282 2151 424 2199 religi0.
461 2151 563 2199 Ergo
593 2150 746 2188 videtur
773 2151 880 2200 quod
909 2163 988 2188 non
1017 2159 1105 2188 sunt
1133 2151 1181 2188 ad
1211 2149 1358 2199 religio·
1406 2156 1494 2199 post
1529 2151 1756 2200 baptismum
1794 2152 1902 2190 bonis
1939 2153 2117 2202 operibus
2154 2154 2415 2202 informamur
2453 2161 2491 2194 et

283 2217 372 2243 nem
402 2204 626 2242 admittendi
657 2204 727 2242 nisi
756 2205 929 2253 quisunt
957 2204 995 2242 in
1020 2204 1233 2254 praeceptis
1253 2216 1358 2242 exer·
1411 2204 1506 2242 lacte
1540 2205 1746 2254 spiritualis
1782 2206 1977 2244 doctrinae
2014 2207 2218 2254 nutrimur,
2247 2209 2488 2257 proficiendo

285 2258 396 2297 citati.
719 2286 721 2289 s
1411 2258 1546 2304 donec,
1576 2259 1654 2296 iam
1681 2260 1965 2309 grandiusculi,
1995 2272 2019 2296 a
2047 2260 2144 2298 lacte
2171 2262 2304 2299 matris
2330 2263 2488 2301 acceda-

89 2319 255 2368 ⁰1¹¹}W2'-
339 2325 374 2349 2.
396 2313 632 2358 PRAETEREA,
664 2311 872 2359 Gregorius
902 2311 1003 2358 dicit,
1031 2324 1146 2360 super
1163 2312 1300 2360 Ezech.
1316 2310 1357 2348 *ε
1412 2323 1497 2348 mus
1524 2312 1576 2348 ad
1598 2324 1769 2349 mensam
1782 2315 1906 2362 patris
1914 2326 1928 2358 ,·
1956 2314 2059 2360 idest,
2079 2326 2103 2351 a
2121 2315 2286 2364 simplici
2301 2316 2488 2364 doctrina,

118 2363 123 2373 '
150 2352 255 2368 ‘'m‘m'
284 2367 411 2404 Nemo
441 2371 592 2414 repente
608 2366 662 2413 fit
686 2376 879 2401 summus:
913 2365 980 2402 sed
1007 2365 1044 2402 in
1074 2366 1174 2402 bona
1202 2375 1359 2402 conver·
1413 2365 1478 2402 ubi
1490 2365 1738 2414 praedicatur
1763 2367 1927 2404 Verbum
1947 2378 2038 2404 caro
2052 2368 2202 2415 factum
2213 2367 2240 2415 β,
2261 2369 2489 2409 accedamus

284 2420 429 2458 satione
452 2431 475 2456 a
495 2419 662 2456 minimis
681 2418 763 2467 quis
783 2418 945 2464 inchoat,
976 2424 1015 2455 ut
1033 2418 1085 2455 ad
1102 2430 1247 2468 magna
1273 2430 1359 2467 per·
1412 2418 1464 2455 ad
1497 2419 1661 2456 Verbum
1693 2419 1818 2457 Patris
1845 2420 1883 2457 in
1906 2420 2097 2470 principio
2131 2422 2236 2470 apud
2259 2423 2399 2461 Deum.
2439 2424 2490 2461 Et

285 2474 422 2512 veniat.
454 2472 532 2510 Sed
561 2484 707 2522 magna
736 2479 823 2509 sunt
851 2472 1021 2519 consilia,
1043 2484 1141 2521 quae
1170 2471 1361 2521 pertinent
1412 2480 1547 2521 postea
1582 2472 1710 2510 subdit
1747 2475 1851 2522 quod
1890 2486 2011 2523 nuper
2047 2475 2225 2524 baptizati
2255 2476 2293 2513 in
2322 2477 2488 2515 Sabbata

286 2527 334 2566 ad
364 2526 638 2575 perfectionem
662 2525 785 2562 vitae:
816 2526 968 2562 minora
987 2533 1116 2562 autem
1137 2533 1225 2563 sunt
1251 2537 1360 2574 prae·
1413 2526 1564 2572 Sancto,
1592 2526 1703 2574 quasi
1719 2527 1895 2564 manibus
1913 2527 2107 2565 Ecclesiae
2123 2534 2323 2578 gestantur
2340 2535 2378 2567 et
2393 2529 2490 2568 lacte

287 2589 416 2629 cepta,
454 2591 553 2629 quae
583 2579 773 2628 pertinent
806 2578 856 2616 ad
885 2591 1136 2617 communem
1165 2579 1358 2617 iustitiam.
1413 2580 1633 2616 nutriuntur
1670 2591 1787 2628 usque
1817 2581 1870 2618 ad
1904 2581 2166 2628 Pentecosten,
2205 2594 2280 2631 quo
2320 2588 2490 2635 tempore

287 2636 389 2683 Ergo
419 2633 571 2671 videtur
598 2632 706 2681 quod
735 2644 813 2669 non
833 2632 976 2670 debent
1003 2633 1130 2682 aliqui,
1161 2634 1208 2670 ad
1229 2633 1361 2670 obser·
1385 2645 1388 2708 Ι
1414 2633 1518 2670 nulla
1546 2633 1717 2682 difficilia
1746 2634 1974 2681 indicuntur,
1997 2646 2072 2672 non
2092 2635 2294 2683 ieiunatur,
2316 2649 2391 2674 non
2412 2649 2490 2675 me-

286 2688 457 2726 vantiam
479 2686 739 2733 consiliorum,
761 2685 984 2734 religionem
1000 2686 1151 2734 intrare,
1167 2687 1237 2724 nisi
1255 2687 1360 2736 prius
1414 2687 1476 2724 dia
1505 2692 1613 2724 nocte
1639 2688 1830 2738 surgitur:
1852 2693 1999 2737 postea,
2029 2689 2171 2737 Spiritu
2189 2690 2382 2728 Paraclito
2401 2702 2490 2729 con-

288 2742 426 2779 fuerint
454 2741 490 2777 in
520 2740 734 2789 praeceptis
764 2739 965 2778 exercitati.
1410 2740 1568 2787 firmati,
1598 2741 1709 2790 quasi
1733 2741 1923 2788 ablactati,
1952 2741 2136 2791 incipiunt
2156 2743 2328 2780 ieiunare
2352 2749 2390 2782 et
2411 2743 2490 2783 alia

343 2797 378 2833 3.
399 2796 635 2841 PRAETEREA,
656 2793 752 2830 sicut
771 2793 867 2830 sacri
887 2793 1040 2831 ordines
1069 2793 1213 2831 habent
1241 2806 1360 2844 quan·
1414 2794 1585 2843 dffficilia
1611 2806 1778 2832 servare.
1814 2795 1934 2832 Multi
1958 2807 2050 2833 vero
2078 2797 2180 2834 hunc
2207 2797 2378 2834 ordinem
2399 2809 2490 2847 per-

290 2849 380 2887 dam
409 2847 668 2886 excellentiam
699 2847 736 2884 in
768 2847 958 2894 Ecclesia,
988 2847 1038 2884 ita
1067 2855 1103 2884 et
1131 2855 1249 2884 status
1278 2847 1360 2884 reli·
1414 2854 1575 2894 vertunt,
1606 2854 1646 2885 ut
1662 2849 1844 2886 haeretici
1859 2854 1895 2886 et
1910 2850 2150 2897 schismatici,
2177 2862 2218 2887 se
2240 2856 2328 2888 ante
2345 2855 2491 2900 tempus

148 2918 166 2935 α
289 2902 422 2951 gionis.
455 2903 531 2939 Sed
561 2901 656 2938 sicut
677 2901 886 2948 Gregorius
915 2900 1042 2938 scribit
1063 2900 1209 2949 Siagrio
1227 2906 1244 2922 ‘²
1273 2901 1363 2950 Epi·
1414 2914 1439 2938 a
1458 2902 1554 2938 lacte
1570 2907 1810 2950 separantes:
1839 2903 1938 2940 unde
1956 2903 2261 2954 exstinguuntur.
2288 2903 2366 2941 Sed
2385 2904 2490 2941 hunc

53 2966 261 3005 ‘Epistolar-Jib-
290 2968 410 3004 scopo
429 2955 461 3001 *,
484 2963 520 2992 et
548 2955 712 2991 habetur
739 2954 777 2990 in
806 2954 990 3000 Decretis,
1014 2954 1098 2991 dist.
1119 2954 1278 2991 XLVIII
1299 2954 1360 2991 *ἦ
1416 2955 1594 2992 ordinem
1629 2963 1848 3004 pervertere
1882 2955 2060 2993 videntur
2092 2957 2142 2994 illi
2170 2955 2237 3005 qui
2266 2956 2489 3005 religionem

51 2993 262 3058 ῗῑῖῑξῧῧῖξέἶὸῧῖἶ
295 3010 475 3047 ordinate
492 3009 544 3045 ad
562 3008 713 3045 ordines
731 3007 985 3044 accedendum
1012 3013 1085 3044 est.-
1116 3019 1206 3045 nam
1231 3019 1362 3045 casum
1416 3008 1576 3054 intrant,
1605 3009 1668 3045 vel
1701 3009 1796 3046 alios
1829 3010 1877 3047 ad
1906 3009 2126 3048 intrandum
2154 3009 2358 3058 inducunt,
2388 3018 2491 3048 ante—

50 3046 265 3101 nh‘jii'e'fmmw'
291 3064 430 3111 appetit
449 3063 515 3110 qui
531 3062 583 3099 ad
599 3061 741 3098 summi
758 3060 832 3098 loci
836 3061 1016 3111 fastigia,
1041 3061 1254 3110 postpositis
1271 3073 1363 3112 gra·
1416 3074 1535 3110 quam
1565 3061 1638 3099 sint
1666 3062 1703 3099 in
1730 3062 1888 3099 faciliori
1917 3063 2163 3100 observantia
2190 3071 2488 3113 praeceptorum

54 3121 263 3170 'mii’idffl'stiii'u‘ss'
292 3117 418 3162 dibus,
444 3127 516 3164 per
547 3116 709 3164 abrupta
745 3114 894 3163 quaerit
924 3126 1133 3152 ascensum.
1172 3115 1320 3152 Scimus
1343 3114 1364 3137 '⁸'
1417 3115 1620 3153 exercitati.
1660 3116 1762 3164 Ergo
1795 3115 1947 3154 videtur
1980 3115 2085 3165 quod
2114 3115 2188 3153 sint
2220 3116 2399 3154 haeretici
2427 3118 2491 3155 vel

54 3164 265 3223 ffiss‘g'ffl'i'ss'*
292 3170 392 3207 enim
412 3169 514 3218 quod
538 3168 728 3217 aedificati
748 3167 912 3216 parietes
942 3180 1015 3205 non
1038 3168 1149 3216 prius
1167 3168 1363 3218 tignorum
1417 3168 1659 3206 schismatici.

142 3208 158 3229 Ρ
195 3215 201 3223 ’
288 3222 438 3271 pondus
475 3222 684 3271 accipiunt,
715 3221 788 3258 nisi
818 3233 842 3258 a
871 3221 1046 3258 novitatis
1080 3233 1173 3259 suae
1204 3222 1366 3259 humore
1475 3223 1508 3260 5.
1538 3220 1788 3270 palmeam,
1822 3234 1845 3259 a
1881 3221 2071 3271 prioribus
2106 3222 2155 3260 ad
2188 3223 2402 3272 posteriora
2435 3232 2492 3262 est

293 3277 497 3314 siccentur:
520 3288 578 3321 ne,
598 3276 632 3312 si
649 3280 736 3312 ante
749 3275 922 3323 pondera
943 3287 1057 3323 quam
1077 3275 1284 3312 solidentur
1302 3287 1364 3313 ac·
1418 3275 1708 3313 transeundum.
1738 3275 1815 3312 Sed
1833 3283 2038 3324 praecepta
2057 3284 2145 3313 sunt
2163 3276 2291 3325 priora
2311 3277 2490 3326 consiliis,

295 3330 445 3378 cipiant,
471 3335 645 3366 cunctam
673 3328 786 3366 simul
802 3329 1001 3376 fabricam
1029 3329 1229 3377 deponant.
1259 3329 1363 3378 Ergo
1418 3329 1508 3378 quia
1536 3337 1624 3366 sunt
1648 3327 1928 3374 communiora,
1949 3336 2081 3377 utpote
2100 3341 2124 3366 a
2144 3330 2279 3378 quibus
2305 3342 2380 3368 non
2400 3342 2490 3368 con-

310 1886 351 1980 {b

296 3383 447 3420 videtur
484 3384 589 3431 quod
625 3394 702 3419 non
740 3381 881 3419 debent
909 3381 1025 3430 aliqui
1063 3382 1111 3419 ad
1141 3382 1363 3430 religionem
1418 3382 1577 3419 vertitur
1594 3382 1859 3430 consequentia
1878 3382 2025 3419 essendi
2042 3382 2107 3420 I’¹⁸2
2135 3384 2370 3433 quicumque
2386 3383 2490 3421 enirn

297 3435 454 3473 transire
483 3435 552 3472 nisi
582 3436 620 3472 in
649 3435 862 3484 praeceptis
892 3435 1094 3472 exercitati.
1419 3442 1546 3472 servat
1574 3433 1746 3480 consilia,
1781 3441 1907 3471 servat
1936 3443 2139 3485 praecepta
2151 3465 2160 3483 ,
2195 3436 2262 3474 sed
2292 3449 2371 3474 non
2400 3449 2491 3474 con-

352 3567 378 3595 α)
399 3566 519 3599 Siagrio.
530 3580 549 3585 -
567 3566 590 3591 si
608 3573 689 3599 agere
708 3567 741 3597 H,
760 3570 858 3599 stagno
877 3567 894 3596 Ι,
913 3567 1063 3599 Anglorum
1083 3567 1129 3592 Pa.
1391 3567 1395 3631 Ι
1473 3566 1501 3599 γ)
1519 3565 1707 3598 consequentia
1726 3565 1838 3591 essendi.
1850 3580 1870 3585 -
1888 3566 2025 3591 existendi
2042 3567 2230 3600 consequentia
2249 3567 2295 3594 Pa.

353 3600 377 3635 β)
391 3602 537 3636 sactum-
555 3604 595 3627 est
613 3602 711 3626 addunt
729 3602 877 3634 PDHszK
896 3607 921 3627 et
940 3610 965 3627 a.

314 1847 319 1863 >
363 1847 370 1860 ι
392 1846 430 1873 5,
462 1851 465 1854 ι
493 1839 515 1864 D
545 1838 683 1864 PthJM
711 1838 765 1864 sic
789 1837 1032 1864 PROCEmTUR.
1062 1826 1224 1864 Videtur
1250 1826 1357 1876 quod
1462 1839 1500 1875 4.
1529 1828 1767 1876 Praemium,
1788 1841 1905 1879 super
1923 1829 2016 1868 illud
2041 1831 2185 1868 Psalmi
2203 1831 2235 1879 ⁸,
2257 1832 2363 1869 Sicut
2381 1832 2487 1871 abla-
2513 1840 2525 1852 ·

2514 1867 2597 1916 3'8'r‘d.
2608 1896 2631 1916 et
2642 1893 2729 1916 Lomh.

2520 3391 2530 3401 ⁸
2542 3389 2642 3413 Arinen.
2659 3389 2730 3413 cate-

2515 3422 2572 3446 gor.
2581 3422 2671 3479 οιργᾼι,
2680 3423 2702 3439 n.
2710 3423 2731 3446 3.
2761 3429 2768 3435 -
