2768 4198
62 925 71 933 ⁴·
87 925 121 945 Cf.

61 951 147 972 Introd.

143 931 180 951 qu.
199 930 273 950 ccxxi,

306 309 383 344 410

958 295 1227 342 QUAESTIO
1259 295 1470 341 CLXXVI,
1499 296 1797 334 ARTICULUS
1829 298 1842 333 1

467 527 878 606 QUAESTIO
920 525 2274 583 CENTESIMASEPTUAGESIMASEXT
2277 529 2336 583 A

940 645 1034 685 DE
1078 645 1356 685 GRATIA

1399 644 1849 686 LINGUARUM

1132 762 1166 786 IN
1194 761 1290 787 DUOS
1318 761 1523 786 ARTICULOS
1550 761 1668 786 DIVISA

385 871 493 896 ΕιΝῡΕ
509 857 832 895 considerandum
859 864 915 893 est
936 856 983 894 de
1008 856 1134 904 gratiis
1150 856 1262 903 gratis
1278 855 1374 892 datis
1399 869 1401 886 ι

304 871 483 960 unae
521 911 710 960 pertinent
745 911 792 948 ad
830 910 1064 947 locutionem
1085 909 1117 947 ²³⁶.
1157 910 1206 946 Et
1232 909 1371 958 primo,
1399 915 1400 934 i

302 968 348 1004 de
368 966 484 1014 gratia
518 965 753 1013 linguarum3
793 963 977 1011 secundo,
1001 964 1046 1001 de
1077 963 1194 1011 gratia
1228 975 1372 1000 sermo·
1398 960 1400 978 ³

193 1035 244 1050 xvn-
301 1020 358 1056 nis
388 1018 592 1068 sapientiae
623 1031 690 1056 seu
720 1018 895 1055 scientiae
917 1019 948 1054 ⁵⁵.
1398 1015 1399 1021 ’

301 1073 412 1110 Circa
439 1072 608 1121 primum
638 1080 873 1121 quaeruntur
901 1070 990 1108 duo.

1482 856 1632 895 Primo:
1671 864 1799 893 utrum
1835 866 1905 903 per
1937 857 2096 905 gratiam
2125 858 2342 906 linguarum
2375 860 2496 896 homo

1536 909 1807 958 adipisceretur
1841 912 1858 928 ‘²
1896 910 2094 948 scientiam
2137 912 2311 949 omnium
2353 913 2498 962 lingua·
2624 927 2642 945 α

1534 975 1632 1000 rum.

1482 1016 1681 1053 Secundo:
1714 1017 1760 1054 de
1785 1017 2075 1066 comparatione
2093 1017 2206 1055 huius
2227 1018 2319 1056 doni
2347 1019 2396 1056 ad
2415 1032 2497 1068 gra-

1534 1069 1626 1107 tiam
1656 1071 1892 1119 prophetiae.
2267 1096 2271 1098 v

1118 1194 1438 1236 ARTICULUS
1469 1194 1677 1236 PRIMUS

383 1292 540 1323 UTRUM
565 1291 647 1321 ILLI
673 1290 747 1327 QUI
774 1288 1191 1326 CONSEQUEBANTUR
1216 1287 1374 1318 DONUM

968 1368 1000 1392 111
1023 1368 1100 1393 Cont.
1122 1368 1209 1395 Gent„
1230 1375 1286 1399 cap.
1306 1374 1378 1398 cmv;

482 1467 487 1477 ι
510 1460 532 1484 n
562 1458 700 1484 PRIMUM
729 1458 782 1482 sm
812 1456 1054 1482 PROCEDITUR.
1081 1444 1241 1481 Videtur
1265 1445 1399 1493 quod

511 1501 560 1538 illi
590 1500 655 1548 qui
686 1499 1019 1547 consequebantur
1053 1498 1199 1535 donum
1228 1497 1397 1546 lingua-

513 1566 611 1600 rum,
637 1565 714 1590 non
744 1554 999 1602 loquebantur
1019 1552 1200 1588 omnibus
1220 1550 1367 1599 linguis.

342 1557 609 1648 ffi‘lllud
631 1607 730 1644 enim
754 1606 859 1655 quod
881 1605 1009 1642 divina
1025 1605 1162 1642 virtute
1182 1605 1369 1653 aliquibus

302 1618 336 1648 A

299 1662 529 1708 conceditur,
553 1661 743 1710 optimum
766 1668 820 1696 est
839 1659 877 1695 in
899 1672 970 1695 suo
991 1671 1149 1707 genere:
1174 1658 1270 1696 sicut
1289 1659 1368 1696 Do·
1393 1684 1397 1708 3

298 1716 424 1752 minus
453 1727 595 1762 aquam
625 1713 812 1750 convertit
841 1713 878 1748 in
907 1713 1041 1748 vinum
1072 1713 1237 1758 bonum,
1273 1711 1368 1748 sicut

298 1769 431 1806 dicitur
461 1767 658 1804 Ioan.11⁹¹‘.
695 1767 771 1803 Sed
801 1765 851 1801 illi
879 1765 944 1812 qui
974 1765 1190 1801 habuerunt
1219 1764 1366 1801 donum

296 1822 523 1870 linguarum,
546 1820 680 1856 melius
710 1819 967 1867 loquebantur
987 1817 1023 1854 in
1044 1817 1198 1866 propria
1217 1817 1366 1865 lingua:

219 1886 233 1900 0
262 1897 265 1900 -
296 1875 384 1911 dicit
420 1874 521 1910 enim
556 1874 693 1910 Glossa
711 1872 743 1919 ²⁸,
773 1872 824 1909 ad
851 1872 951 1908 Heb.
978 1870 1058 1918 1**,
1089 1882 1163 1907 non
1193 1882 1271 1907 esse
1299 1870 1366 1907 mi-

218 1939 265 1954 m·
294 1929 456 1965 randum
491 1927 592 1975 quod
617 1926 787 1974 Epistola
820 1925 872 1962 ad
897 1925 1099 1961 Hebraeos
1133 1924 1281 1960 maiore
1308 1936 1365 1960 re-

294 1982 389 2018 lucet
411 1980 596 2028 facundia
625 1991 739 2028 quam
769 1979 889 2015 aliae:
919 1990 1005 2014 cum
1027 1977 1201 2014 naturale
1219 1978 1267 2014 sit
1285 1978 1365 2014 uni-

294 2036 427 2083 cuique
449 2034 536 2082 plus
565 2034 601 2070 in
632 2045 702 2069 sua
731 2044 846 2080 quam
867 2032 903 2068 in
925 2031 1050 2068 aliena
1071 2031 1204 2081 lingua
1223 2030 1365 2069 valere.

298 2090 449 2125 Ceteras
478 2088 577 2124 enim
596 2086 784 2135 Epistolas
808 2086 1009 2134 Apostolus
1027 2085 1248 2135 peregrino,
1277 2085 1369 2122 idest
1393 2097 1394 2100 ¹

291 2153 433 2192 graeco
461 2153 636 2178 sermone
665 2140 894 2187 composuit:
932 2140 1032 2175 hanc
1059 2144 1184 2175 autem
1220 2139 1370 2186 scripsit

292 2196 469 2232 hebraica
506 2194 650 2244 lingua.
691 2194 782 2230 Non
820 2205 909 2240 ergo
948 2204 1016 2241 per
1053 2192 1213 2240 gratiam
1252 2192 1394 2241 gratis,

292 2250 420 2286 datam
437 2248 611 2297 Apostoli
632 2254 862 2295 acceperunt
882 2245 1079 2283 scientiam
1102 2246 1276 2283 omnium
1297 2246 1365 2283 lin-

293 2314 466 2351 guarum.

349 2368 383 2393 2.
406 2357 640 2401 PRAETEREA,
671 2361 806 2390 natura
827 2365 905 2389 non
926 2353 1014 2389 facit
1034 2364 1101 2401 per
1121 2353 1240 2389 multa
1260 2353 1364 2400 quod

293 2417 418 2458 potest
446 2408 528 2446 fieri
557 2420 626 2456 per
646 2419 784 2444 unum:
816 2415 851 2443 et
872 2407 992 2443 multo
1014 2406 1141 2443 minus
1161 2407 1278 2452 Deus,
1300 2406 1365 2454 qui

295 2462 503 2499 ordinatius
542 2473 659 2510 quam
697 2469 831 2497 natura
869 2467 1061 2509 operatur.
1102 2459 1179 2497 Sed
1217 2467 1367 2508 poterat

294 2518 399 2553 Deus
428 2516 552 2552 facere
581 2514 698 2564 quod,
724 2526 840 2550 unam
862 2514 1030 2562 linguam
1050 2514 1264 2561 loquentes,
1287 2513 1366 2550 eius

295 2569 467 2618 discipuli
495 2569 543 2605 ab
565 2568 744 2604 omnibus
773 2567 1089 2616 intelligerentur:
1119 2567 1222 2604 unde
1252 2578 1367 2616 super

294 2623 384 2660 illud
399 2624 481 2659 Act.
493 2634 514 2659 11
525 2621 555 2668 ²⁸,
568 2622 758 2658 Audiebat
773 2621 1027 2670 unusquisque
1041 2620 1215 2671 linguam
1229 2618 1366 2658 suamf‘

239 2695 265 2709 u·
293 2677 374 2713 illos
389 2677 589 2725 loquentes,
607 2675 694 2712 dicit
710 2674 894 2712 Glossa*:
921 2675 1018 2717 Quia
1037 2674 1179 2724 linguis
1193 2674 1367 2711 omnibus

292 2731 565 2779 loquebantur.-
598 2729 658 2766 vel
684 2741 775 2774 sua,
805 2729 898 2765 idest
930 2728 1109 2766 hebraica
1142 2727 1276 2778 lingua
1311 2721 1395 2764 lo-

294 2790 456 2832 quentes,
476 2784 525 2820 ab
545 2783 719 2819 omnibus
738 2782 1054 2832 intelligebantur,
1080 2793 1127 2818 ac
1144 2780 1179 2818 si
1198 2781 1366 2830 propriis

292 2837 531 2887 singulorum
560 2836 814 2884 loquerentur.
845 2836 947 2883 Ergo
973 2834 1124 2872 videtur
1152 2835 1257 2883 quod
1287 2846 1365 2871 non

294 2892 511 2928 habuerunt
547 2889 743 2926 seientiam
781 2888 963 2936 loquendi
1002 2888 1182 2925 omnibus
1217 2887 1364 2936 linguis.

350 2946 383 2982 3.
406 2945 641 2984 PRAETEREA,
664 2955 800 2979 omnes
820 2942 961 2990 gratiae
983 2941 1204 2979 derivantur
1219 2954 1240 2978 a
1257 2941 1365 2978 Chri-

216 3011 241 3026 σε
262 3022 264 3025 -
294 3006 351 3034 sto
377 2998 414 3034 in
436 3009 574 3045 corpus
595 2996 687 3042 eius,
709 2996 810 3045 quod
829 3001 883 3032 est
899 2996 1068 3033 Ecclesia
1084 2995 1121 3032 *ε
1152 2995 1364 3032 secundum

294 3051 386 3088 illud
415 3052 519 3088 Ioan.
543 3063 551 3087 1
575 3049 614 3086 *ε
644 3050 704 3086 De
733 3049 966 3098 plenitudine
995 3050 1074 3086 eius
1102 3061 1232 3086 omnes
1259 3060 1364 3086 acce-

290 3106 428 3153 pimus.
469 3104 546 3141 Sed
580 3102 754 3140 Christus
791 3115 868 3140 non
905 3102 1039 3150 legitur
1074 3102 1187 3139 fuisse
1216 3103 1365 3139 locutus

296 3158 365 3194 nisi
395 3170 470 3194 una
499 3157 638 3205 lingua.
677 3157 760 3193 Nec
789 3156 905 3193 etiam
937 3168 1038 3193 nunc
1067 3156 1200 3193 fideles
1229 3156 1365 3204 singuli

296 3211 365 3247 nisi
402 3224 479 3248 una
512 3210 639 3258 lingua
674 3210 893 3259 loquuntur.
934 3210 1036 3258 Ergo
1074 3209 1223 3247 videtur
1259 3210 1365 3259 quod

297 3264 467 3313 discipuli
493 3263 630 3301 Christi
660 3275 738 3300 non
761 3271 990 3312 acceperunt
1019 3263 1068 3300 ad
1097 3264 1171 3300 hoc
1192 3263 1363 3311 gratiam,

297 3326 337 3354 ut
366 3318 544 3354 omnibus
571 3316 707 3365 linguis
736 3318 993 3366 loquerentur.

352 3371 425 3407 SED
454 3382 600 3408 CONTRA
630 3382 695 3407 Esr
733 3371 838 3418 quod
877 3370 1011 3407 dicitur
1037 3370 1120 3407 Act.
1146 3369 1225 3416 11²¹²⁷
1260 3370 1365 3419 quod

298 3423 427 3471 repleti
459 3430 547 3460 sunt
578 3436 707 3461 omnes
740 3425 880 3472 Spiritu
910 3425 1068 3469 Sancto,
1099 3429 1133 3460 et
1165 3429 1393 3472 coeperunt}

1399 1287 1668 1324 LINGUARUM,
1686 1287 2018 1325 LOQUEBANTUR
2041 1288 2234 1321 OMNIBUS
2258 1289 2430 1322 LINGUIS

1399 1367 1408 1391 1
1428 1367 1465 1392 ad
1487 1367 1557 1396 Cor„
1578 1375 1633 1399 cap.
1652 1375 1702 1397 xrv.
1722 1368 1781 1393 lect.
1804 1375 1826 1393 ι.

1425 1445 1528 1493 loqui
1553 1445 1670 1481 variis
1694 1445 1846 1495 linguis,
1871 1451 1990 1494 prout
2016 1446 2176 1495 Spiritus
2194 1447 2354 1484 Sanctus
2382 1447 2500 1485 dabat

1424 1498 1550 1546 eloqui
1567 1497 1655 1535 illis:
1686 1498 1751 1535 ubi
1777 1498 1866 1535 dicit
1894 1500 2020 1547 glossa
2038 1498 2059 1521 ’¹‘
2086 1499 2262 1548 Gregorii
2290 1500 2396 1549 quod
2416 1501 2498 1550 Spt'-
2523 1505 2618 1562 2⁶0¹*
2635 1511 2707 1535 ἀνα·

1423 1552 1515 1588 ritus
1544 1552 1704 1588 Sanctus
1721 1564 1835 1600 super
1854 1553 2054 1601 discipulos
2074 1553 2111 1590 in
2132 1554 2254 1603 igneis
2271 1554 2414 1604 linguis
2430 1565 2497 1603 ap-

1395 1608 1397 1629 ²
1417 1605 1560 1654 paruit,
1591 1611 1627 1642 et
1653 1605 1705 1642 eis
1733 1606 1903 1642 omnium
1930 1606 2151 1656 linguarum
2171 1608 2365 1645 scientiam
2385 1608 2494 1645 dedit.

1477 1660 1703 1696 REsponmzo
1723 1671 1910 1697 mcENDUM
1933 1660 2039 1708 quod
2060 1659 2173 1708 primi
2194 1661 2366 1709 discipuli
2386 1661 2495 1698 Chri-

1422 1712 1466 1748 sti
1495 1712 1545 1748 ad
1573 1713 1647 1748 hoc
1677 1712 1830 1749 fuerunt
1858 1713 2010 1762 abipso
2031 1713 2140 1750 electi
2168 1721 2221 1761 ut,
2250 1726 2319 1762 per
2342 1714 2495 1752 univer—

1422 1776 1508 1800 sum
1529 1765 1665 1801 orbem
1693 1765 1959 1813 discurrentes,
1981 1767 2100 1804 fidem
2121 1766 2203 1804 eius
2221 1767 2313 1817 ubiq
2317 1778 2366 1805 ue
2384 1774 2495 1818 prae-

1394 1827 1395 1832 ¹
1422 1817 1610 1854 dicarent:
1649 1818 1862 1856 secundum
1891 1819 1984 1856 illud
2014 1820 2149 1860 Matth.
2178 1821 2245 1869 ult.
2265 1780 2313 1857 *εει
2332 1819 2500 1871 Euntes,

1394 1882 1395 1890 ¹
1421 1871 1549 1908 docete
1572 1882 1702 1908 omnes
1719 1877 1862 1920 gentes.
1892 1871 1985 1910 Non
2005 1880 2136 1910 autern
2157 1871 2236 1911 erat
2257 1870 2514 1924 convenietis,

1421 1932 1463 1960 ut
1491 1923 1554 1972 qui
1582 1923 1831 1962 mittebantur
1858 1925 1906 1962 ad
1936 1925 2030 1962 alios
2058 1925 2321 1974 instruendos,
2349 1927 2511 1976 tndigffi.
2636 1950 2654 1969 ·›.

1421 1985 1504 2014 rent
1532 1977 1581 2014 ab
1611 1977 1689 2014 aliis
1718 1976 1851 2015 instrui
1886 1979 2051 2026 qualiter
2082 1978 2163 2016 aliis
2182 1984 2198 2008 ἵ
2226 1981 2501 2028 loquerentum,
2576 1976 2590 1990 '¹
2615 1975 2668 2016 *¹¹¹*
2690 2005 2699 2011 -

1419 2031 1482 2068 vel
1521 2030 1681 2079 qualiter
1713 2043 1812 2080 quae
1849 2032 1910 2068 alii
1943 2033 2200 2080 loquebantur
2233 2034 2494 2083 intelligerent.

1422 2084 1650 2121 Praesertim
1679 2085 1769 2132 quia
1798 2084 1857 2122 isti
1887 2086 1949 2134 qui
1973 2086 2221 2123 mittebantur
2249 2095 2355 2125 erant
2381 2087 2496 2126 unius

1393 2138 1562 2186 gentis,
1598 2137 1739 2175 scilicet
1774 2140 1958 2176 Iudaeae:
1999 2140 2212 2177 secundum
2248 2140 2338 2179 illud
2376 2141 2495 2179 Isaiae

1420 2203 1516 2228 xxvu
1536 2191 1575 2228 *ε
1610 2191 1686 2234 Qui
1711 2193 1954 2242 egredientur
1981 2193 2119 2242 impetu
2148 2205 2172 2230 a
2199 2195 2334 2241 Iacob,
2364 2195 2493 2245 imple-

1421 2246 1514 2282 bunt
1532 2245 1680 2294 faciem
1715 2246 1817 2282 orbis
1848 2247 2001 2283 semine.
2042 2247 2094 2284 llli
2132 2247 2247 2285 etiam
2276 2248 2342 2297 qui
2372 2248 2495 2286 mitte-

1421 2299 1559 2335 bantur
1586 2311 1775 2348 pauperes
1806 2306 1842 2336 et
1865 2299 2094 2349 impotentes
2115 2309 2233 2348 erant,
2265 2314 2336 2339 nec
2365 2301 2413 2339 de
2441 2302 2494 2340 fa-

1421 2351 1479 2389 cili
1509 2364 1530 2389 a
1558 2352 1745 2401 principio
1775 2353 2004 2401 reperissent
2031 2354 2095 2402 qui
2117 2365 2252 2392 eorum
2272 2355 2394 2392 verba
2413 2355 2494 2394 aliis

1420 2405 1582 2442 fideliter
1615 2405 1969 2455 interpretarentur,
1999 2408 2061 2444 vel
2096 2408 2216 2445 verba
2249 2408 2410 2446 aliorum
2441 2409 2494 2447 eis

1393 2470 1394 2474 ¹
1421 2467 1675 2508 exponerent:
1706 2459 1873 2496 maxime
1903 2461 1992 2509 quia
2021 2461 2068 2498 ad
2089 2460 2262 2498 infideles
2292 2462 2493 2500 mitteban-

1419 2520 1491 2549 tur.
1531 2513 1580 2549 Et
1612 2513 1698 2550 ideo
1735 2513 1992 2551 necessarium
2030 2514 2097 2551 fuit
2124 2522 2166 2551 ut
2194 2527 2308 2564 super
2335 2516 2410 2553 hoc
2440 2517 2493 2554 eis

1420 2565 1600 2604 divinitus
1629 2566 1897 2615 provideretur
1924 2579 1992 2616 per
2021 2569 2168 2605 donum
2189 2569 2423 2616 linguarum:
2452 2577 2494 2607 ut

1420 2620 1528 2666 sicut,
1558 2620 1731 2668 gentibus
1761 2621 1810 2657 ad
1838 2621 2092 2658 idololatriam
2123 2621 2412 2682 declinantibus,
2438 2622 2494 2661 in-

1391 2643 1594 2720 ltroducta
1630 2681 1686 2711 est
1722 2673 1922 2711 diversitas
1958 2674 2194 2723 linguarum,
2229 2675 2326 2713 sicut
2360 2676 2494 2714 dicitur

1424 2727 1517 2765 Gen.
1538 2726 1613 2764 xi*
1621 2739 1629 2773 ;
1660 2726 1710 2764 ita
1729 2726 1857 2774 etiam,
1887 2728 2044 2777 quando
2065 2736 2172 2766 erant
2194 2737 2325 2777 gentes
2345 2729 2395 2767 ad
2415 2730 2492 2768 cul-

1419 2788 1502 2818 tum
1540 2780 1653 2817 unius
1692 2781 1763 2817 Dei
1798 2781 2062 2827 revocandae,
2099 2789 2230 2820 contra
2267 2782 2491 2821 huiusmodi

1392 2833 1679 2872 diversitatem
1714 2834 1929 2872 remedium
1967 2835 2210 2873 adhiberetur
2237 2848 2306 2886 per
2343 2836 2490 2874 donum

1392 2893 1394 2910 ⁴
1420 2887 1646 2936 linguarum.

1474 2944 1533 2978 An
1563 2953 1700 2978 ptumum
1733 2952 1833 2978 ERGO
1862 2953 2049 2979 monimum
2082 2941 2204 2991 quod,
2234 2941 2330 2979 sicut
2358 2942 2492 2980 dicitur

1422 2995 1434 3030 I
1465 2995 1516 3031 ad
1539 2995 1625 3031 Cor.
1647 3007 1694 3031 xn
1713 2994 1745 3041 ¹⁸,
1771 2996 2024 3043 manifestatio
2043 2995 2202 3044 Spiritus
2221 2995 2334 3032 datur
2351 2996 2404 3033 ad
2423 2997 2491 3034 uti-

1420 3047 1571 3085 litatem.
1603 3049 1651 3085 Et
1679 3048 1765 3085 ideo
1788 3049 2021 3086 sufficienter
2035 3056 2072 3085 et
2090 3049 2232 3086 Paulus
2251 3057 2288 3086 et
2307 3049 2368 3086 alii
2386 3052 2491 3099 Apo-

1420 3101 1503 3138 stoli
1533 3102 1684 3139 fuerunt
1703 3101 1872 3139 instructi
1901 3101 2080 3139 divinitus
2101 3101 2139 3139 in
2158 3101 2292 3150 linguis
2312 3103 2490 3141 omnium

1392 3167 1393 3170 ¹
1418 3155 1608 3203 gentium,
1640 3163 1829 3203 quantum
1863 3155 2129 3204 requirebatur
2157 3155 2206 3192 ad
2233 3156 2324 3193 fidei
2353 3156 2490 3194 doctri·

1392 3206 1393 3214 *
1419 3221 1521 3245 narn.
1560 3208 1638 3246 Sed
1665 3216 1851 3258 quantum
1881 3209 1931 3246 ad
1959 3207 2150 3257 quaedam
2178 3220 2278 3257 quae
2306 3210 2488 3259 superad-

1420 3262 1561 3299 duntur
1597 3262 1767 3299 humana
1800 3270 1879 3298 arte
1911 3261 1964 3300 adv
1990 3269 2166 3298 ornatum
2196 3269 2232 3299 et
2261 3263 2488 3311 elegantiam

1419 3315 1640 3362 locutionis,
1670 3315 1878 3364 Apostolus
1911 3314 2115 3352 instructus
2150 3323 2230 3352 erat
2261 3316 2298 3353 in
2334 3316 2489 3366 propria

1392 3379 1393 3390 ³
1419 3369 1566 3418 lingua,
1597 3380 1675 3406 non
1704 3375 1831 3405 autem
1861 3367 1899 3404 in
1928 3367 2061 3405 aliena.
2101 3368 2207 3406 Sicut
2235 3369 2348 3407 etiam
2382 3378 2419 3407 et
2451 3371 2488 3408 in

1420 3421 1604 3471 sapientia
1633 3429 1670 3458 et
1697 3420 1852 3458 scientia
1884 3420 2033 3458 fuerunt
2061 3422 2291 3460 sufficienter
2318 3423 2488 3461 instructi

2525 1828 2616 1852 ‘Vera
2631 1835 2662 1858 ¹9.

2521 2200 2614 2224 ‘veru-
2629 2200 2651 2223 ⁶.

2521 2733 2612 2757 'Vtra
2626 2740 2640 2763 7
2653 2740 2704 2764 sqq.

1392 2760 1395 2795 l

2518 3000 2528 3010 ⁸
2544 2998 2612 3022 Vm.
2625 3004 2647 3028 7.

351 3555 378 3586 α)
398 3554 599 3586 adipisceretur.
612 3567 630 3573 ·—
648 3554 815 3586 adipiscatur
836 3555 930 3580 ΡΗΚα.

352 3589 377 3622 β)
398 3589 517 3623 linguam
542 3596 626 3615 suam.
645 3603 664 3609 -
687 3590 779 3622 lingua
804 3597 854 3614 sua
880 3590 914 3620 Ρ;

298 3625 427 3658 BDEFpC
446 3630 471 3650 et
488 3632 514 3654 a,
534 3624 611 3649 habet
629 3624 661 3650 G.

941 3590 999 3614 illos
1024 3598 1077 3615 om.
1101 3598 1128 3616 a.
1147 3603 1165 3608 -
1191 3590 1288 3615 Glossa
1312 3596 1370 3615 orn.'

1391 3568 1393 3622 >
1473 3555 1501 3587 γ)
1521 3553 1592 3579 aliis.
1607 3566 1623 3572 ·
1642 3552 1704 3578 Om.
1724 3553 1752 3578 Ρ.
1764 3566 1783 3572 -
1802 3554 1852 3577 Pro
1871 3553 2057 3586 loquebantur,
2076 3554 2251 3586 loquerentur
2270 3554 2316 3580 Pa.

1391 3629 1393 3657 l
