2768 4198
0 1169 1 1172 ’
46 1163 199 1224 ὲῗςῑῗισῒ
213 1172 259 1214 .⁴.;.·

0 1649 9 1746 “-=-—p÷
0 1498 9 1629 w‘v-<vv
0 1442 7 1463 „⁷
0 1371 6 1430 --vv
0 1320 2 1334 ν-
0 1279 2 1303 -
0 1231 4 1239 «,
0 1210 2 1214 -

46 1300 132 1324 ‘Nam
138 1301 260 1330 μριανιο.

45 1386 56 1397 ·
69 1385 143 1408 Nam.
160 1391 202 1413 ιιι;

44 1470 85 1493 Vl,

44 1521 68 1603 i-g·

60 1521 124 1544 ἔ

74 1537 212 1598 r

99 1527 210 1576 ..ἐι-ω.

100 1470 128 1501 ,ξ

195 1391 251 1463 Su}

160 1521 259 1551 ,Ξ

215 1552 259 1572 m.

957 246 1227 293 QUAESTIO
1257 245 1434 292 CXXIV,
1464 246 1763 284 ARTICULUS
1794 249 1824 284 ΙΙ

292 328 322 352 ει
344 321 384 353 sit
407 322 573 353 manifeste
597 322 675 353 falsa
699 323 738 353 ad
762 333 893 354 sensum
917 324 1095 364 arguentis;
1127 325 1293 366 loquendo
1318 331 1364 354 ta·
1391 332 1393 365 ¹:

292 375 365 396 men
389 366 573 407 simpliciter
596 374 627 398 et
650 367 805 404 absolute,
831 368 1054 408 distinguenda
1071 377 1126 406 est,
1144 370 1234 410 quod
1259 369 1364 410 dupli-
1391 369 1393 389 :

290 410 366 441 citer
389 418 495 451 potest
517 411 665 451 intelligi:
690 411 807 452 primo,
831 413 964 453 quando
982 413 1037 443 illa
1060 413 1138 450 duo,
1159 414 1277 446 scilicet
1292 413 1364 445 finis

291 461 321 485 et
343 454 376 484 id
399 455 490 496 quod
513 462 560 487 est
583 455 623 486 ad
646 454 755 492 finem,
780 457 958 487 secundum
982 467 1015 487 se
1035 467 1102 488 non
1125 466 1200 490 sunt
1222 459 1362 489 diverso-

289 508 363 529 rum
385 509 539 539 generum
555 500 745 537 moralium;
770 501 924 538 secund0,
948 502 1078 542 quando
1102 502 1154 533 illa
1170 504 1237 534 duo
1253 513 1364 534 secun-

290 543 369 573 dum
393 553 426 574 se
449 551 525 575 sunt
547 544 747 576 diversorum
769 555 934 585 generum.
959 546 992 577 Si
1017 546 1103 577 enim
1126 547 1181 578 illa
1206 548 1272 578 duo
1297 558 1364 579 non

289 594 365 618 sunt
387 588 566 619 secundum
589 599 622 619 se
639 588 839 620 diversorum
854 600 1019 630 generum,
1043 591 1148 622 maior
1162 599 1208 623 est
1231 601 1320 623 vera:
1338 592 1364 623 si

289 639 399 663 autem
421 640 498 664 sunt
519 633 721 665 diversorum
737 643 903 673 generum,
920 636 1024 666 maior
1047 643 1094 667 est
1117 636 1206 668 falsa.
1229 637 1271 668 Et
1289 637 1365 678 quia

289 676 321 706 in
347 677 515 718 proposito
542 677 663 709 iustitia
686 686 718 710 et
741 679 897 710 sustinere
925 687 1064 712 mortem
1088 689 1163 713 sunt
1186 682 1364 713 secundum

289 730 322 751 se
346 720 546 753 diversorum
568 732 734 762 generum,
758 723 832 755 ideo
848 724 961 760 maior,
986 732 1022 756 ut
1041 732 1088 756 est
1102 726 1143 756 ad
1158 726 1364 767 propositum
1391 743 1392 762 ἢ

288 765 459 816 arguentis,
484 773 532 797 est
555 765 740 798 falsissima:
765 778 840 799 nam
862 769 896 799 in
920 779 1015 800 sensu
1032 780 1109 801 vero
1133 771 1228 802 habet
1251 771 1364 802 falsam

289 809 458 847 minorem,
482 820 542 851 pro
566 819 689 852 quanto
713 812 889 844 includeret
912 814 1003 855 quod
1026 814 1103 845 haec
1128 815 1195 846 duo
1216 825 1282 846 non
1303 816 1366 846 sint

289 854 489 886 diversorum
513 865 677 908 generum.
701 857 910 889 Probationes
935 866 1043 890 autem
1067 859 1107 890 ab
1131 860 1284 910 exemplis
1308 860 1363 891 fal-

288 908 361 930 sum
384 907 570 931 assumunt:
599 901 660 932 nisi
684 902 863 934 meretrices
887 903 958 944 quis
982 910 1073 944 putet
1096 913 1164 935 esse
1187 904 1232 935 sic
1255 915 1364 935 avaras

290 951 324 975 ut
348 955 414 975 non
438 952 572 986 peccent
594 954 725 986 peccato
749 947 1025 988 intemperantiae;
1057 955 1088 979 et
1111 948 1255 979 similiter
1278 948 1363 980 fures

288 999 324 1020 ac
347 989 487 1021 latrones
511 997 547 1021 ut
569 990 783 1027 luxurientur,
814 999 904 1032 putet
926 993 999 1033 quis
1022 992 1066 1023 sic
1089 1002 1158 1023 esse
1180 993 1363 1023 luxuriosos

289 1041 325 1065 ut
348 1044 406 1066 nec
430 1034 516 1066 fures
546 1034 609 1066 sint
632 1046 691 1067 nec
713 1036 868 1072 latrones;
899 1037 990 1078 quod
1021 1044 1145 1067 constat
1168 1038 1207 1067 ad
1231 1046 1362 1068 sensum

288 1089 356 1110 esse
383 1078 512 1110 falsum.
537 1079 602 1111 Nec
627 1087 674 1111 est
695 1090 809 1111 verum
832 1081 922 1121 quod
946 1081 1132 1112 Aristoteles
1155 1081 1188 1112 in
1212 1081 1240 1112 V
1256 1081 1362 1112 Ethic.

288 1123 371 1154 dicat
395 1124 484 1154 illam
507 1124 675 1161 maiorem,
700 1132 736 1156 ut
758 1124 816 1156 iste
839 1125 983 1156 assumit.
1009 1125 1114 1156 Immo
1139 1125 1214 1156 dicit
1230 1125 1363 1166 opposi-

288 1175 370 1204 tum,
395 1169 475 1199 dum
497 1167 573 1199 dicit
587 1169 604 1188 *
627 1170 717 1210 quod
739 1171 796 1210 qui
807 1169 955 1210 furatur
977 1175 1014 1200 ut
1036 1170 1231 1206 moechetur,
1255 1171 1363 1211 magis

287 1218 335 1244 est
349 1213 499 1244 moechus
514 1223 610 1253 quam
618 1213 695 1255 ffir·
711 1213 769 1244 Est
792 1223 878 1253 ergo,
896 1214 1075 1245 secundum
1098 1213 1322 1252 Aristotelem,
1332 1221 1363 1245 et

288 1257 340 1288 fur
363 1265 394 1289 et
417 1257 585 1299 moechus,
607 1258 662 1288 sed
687 1257 788 1298 magis
812 1258 978 1289 moechus.
1003 1258 1044 1289 Et
1067 1257 1144 1289 haec
1168 1265 1215 1289 est
1238 1258 1360 1290 veritas.

304 1302 568 1342 ,anaqam-tum
579 1301 607 1339 *,
632 1308 765 1342 negatur
781 1302 898 1339 minor,
915 1302 1052 1334 scilicet:
1077 1302 1220 1343 Aliquod
1245 1309 1360 1344 marty-

287 1346 372 1377 rium
395 1355 463 1376 non
486 1352 534 1376 est
561 1345 649 1380 aliud
677 1355 776 1387 quam
805 1345 924 1378 iustitia
953 1347 1074 1378 elevata
1103 1357 1200 1388 super
1228 1357 1360 1378 omnem

286 1389 450 1426 iustitiam,
481 1396 540 1421 etc.
574 1390 670 1422 lam*
693 1390 779 1421 enim
811 1391 934 1422 dictum
963 1398 1011 1422 est
1033 1390 1150 1422 falsum
1180 1401 1248 1422 esse
1272 1392 1361 1433 quod

287 1434 394 1465 omnis
423 1434 524 1465 virtus
546 1434 580 1464 in
602 1435 703 1476 gradu
726 1435 857 1466 heroico
881 1443 928 1467 est
952 1446 1008 1476 per
1032 1435 1169 1476 seipsam
1197 1436 1361 1468 tolerativa

287 1478 411 1510 mortis.
422 1479 496 1510 Hoc
507 1478 594 1510 enim
606 1490 672 1511 non
686 1479 746 1511 nisi
759 1480 919 1511 mediante
932 1480 1118 1512 fortitudine
1131 1480 1232 1512 facere
1244 1487 1359 1521 potest.

341 1523 392 1554 Ad
415 1523 595 1565 quintum*
617 1524 743 1562 dicitur,
769 1531 804 1556 ut
827 1522 1018 1565 superius**
1041 1525 1163 1556 dictum
1184 1524 1254 1561 fuit,
1271 1526 1361 1567 quod

286 1568 411 1600 vincere
433 1568 664 1609 impedimenta
679 1569 820 1610 propria,
843 1579 927 1611 quae
942 1569 1060 1601 scilicet
1079 1580 1116 1601 ex
1132 1570 1270 1611 propriis
1285 1581 1361 1602 con-

286 1612 388 1644 trariis
405 1619 582 1654 emergunt,
598 1620 718 1655 spectat
741 1614 780 1645 ad
797 1614 930 1646 eandem
946 1614 1097 1646 virtutem
1120 1615 1159 1645 ad
1177 1625 1275 1656 quam
1291 1625 1360 1656 spe-

171 1675 190 1685 »·
227 1668 229 1670 ·
250 1668 255 1674 ’
286 1663 351 1689 ctat
378 1666 467 1690 actus
490 1658 547 1699 qui
569 1657 770 1699 impediturz‘
790 1659 876 1690 verbi
900 1659 1016 1699 gratia,
1049 1660 1088 1689 ad
1117 1659 1360 1699 temperantiam

42 2413 215 2441 ·eonctun.4.

43 2908 54 2918 ·
65 2906 138 2929 Num.
151 2912 168 2929 ι.

43 3216 53 3224 ·
68 3215 139 3237 Νιιιιι.
154 3221 187 3237 ιιι.

43 3394 54 3404 ’
67 3393 138 3416 Num.
155 3400 186 3416 tv.

285 1709 408 1742 spectat
429 1702 555 1734 vincere
577 1703 806 1744 impedimenta
829 1713 867 1734 ex
889 1704 1128 1736 insensibilitate
1151 1711 1183 1735 et
1204 1704 1360 1745 intempe-

285 1746 405 1784 rantia;
427 1747 470 1778 ad
492 1747 657 1785 iustitiam,
674 1758 711 1779 ex
726 1747 896 1785 iniustitia;
921 1749 961 1779 ad
983 1748 1214 1785 liberalitatem,
1235 1759 1272 1780 ex
1287 1759 1360 1780 ava·
1386 1773 1388 1786 ι

285 1791 357 1824 titia
378 1799 411 1824 et
433 1792 669 1833 prodigalitate3
694 1800 725 1824 et
749 1793 793 1824 sic
816 1793 856 1824 de
879 1793 958 1825 aliis.
991 1793 1053 1824 Sed
1076 1793 1201 1824 vincere
1223 1793 1359 1834 impedi-

286 1843 394 1868 menta
417 1843 573 1873 extranea,
590 1837 652 1868 hoc
667 1844 715 1868 est
730 1838 770 1868 ab
785 1837 924 1868 aliorum
947 1837 1112 1869 contrariis
1133 1837 1270 1878 propriis
1287 1848 1359 1878 pro-

284 1880 456 1920 venientia,
468 1891 536 1912 non
551 1888 673 1922 spectat
687 1882 728 1912 ad
744 1881 832 1912 illam
844 1881 1005 1918 virtutem,
1022 1882 1077 1913 sed
1094 1882 1132 1912 ad
1149 1882 1254 1918 aliam,
1272 1881 1359 1913 illam

284 1923 405 1956 scilieet
433 1934 516 1966 quae
546 1925 692 1956 medium
721 1925 804 1957 inter
832 1926 887 1957 illa
910 1926 1065 1958 contraria
1089 1933 1183 1957 tenet.
1215 1927 1257 1957 Et
1278 1927 1359 1958 ratio

286 1969 383 2000 huius
406 1969 594 2001 diversitatis
617 1977 664 2001 est
678 1970 747 2010 ipsa
764 1970 927 2002 diversitas
943 1970 1098 2002 virtutum
1117 1971 1296 2002 secundum
1312 1971 1360 2002 di-

285 2014 466 2045 versitatem
485 2014 690 2055 propriarum
714 2015 929 2046 materiarum.
953 2015 995 2047 Et
1017 2015 1092 2046 hinc
1107 2015 1255 2055 provenit
1270 2016 1360 2056 quod

285 2058 447 2100 quaelibet
469 2058 568 2090 virtus
591 2066 662 2099 eget
684 2059 760 2096 alia,
786 2067 822 2091 ut
844 2059 961 2091 scilicet
983 2060 1023 2091 ab
1047 2060 1200 2091 extraneis
1224 2060 1359 2100 impedi-

286 2103 402 2136 mentis
417 2110 565 2145 protegat
579 2113 660 2135 eam.
681 2104 815 2145 Propter
830 2105 920 2145 quod
937 2111 1064 2145 oportet
1080 2105 1171 2145 quod
1187 2104 1244 2145 qui
1260 2115 1358 2135 unam

286 2149 380 2180 habet
398 2148 549 2179 virtutem
564 2147 712 2189 perfecte,
729 2158 843 2179 omnes
866 2149 990 2180 habeat.
1014 2149 1050 2180 In
1065 2149 1234 2190 proposito
1250 2156 1358 2180 autem

285 2193 515 2234 impedimenta
526 2192 639 2223 mortis
655 2199 799 2234 respectu
816 2193 1045 2233 temperantiae
1059 2200 1115 2224 aut
1129 2193 1267 2224 iustitiae
1284 2200 1359 2224 sunt

283 2237 515 2279 impedimenta
538 2244 700 2268 extranea:
725 2243 756 2268 et
779 2247 846 2268 non
869 2244 990 2278 spectat
1013 2237 1054 2268 ad
1076 2237 1231 2268 iustitiam
1253 2237 1358 2268 heroi-

285 2292 366 2319 cam,
389 2291 448 2313 nec
471 2282 511 2312 ad
529 2281 774 2322 temperantiam
788 2281 962 2318 heroicam,
986 2281 1110 2313 vincere
1126 2281 1201 2313 talia
1223 2282 1358 2322 impedi·
1384 2287 1386 2324 ξ

284 2336 320 2358 m
361 2333 403 2358 ta.

319 2335 392 2402 enn-
417 2370 453 2401 ln
476 2370 592 2402 eodem
615 2371 758 2402 secundo
781 2370 926 2408 articulo,
950 2371 984 2401 in
999 2370 1208 2411 responsione
1230 2371 1270 2401 ad
1294 2371 1356 2412 pn’-

282 2425 387 2453 mum,
403 2415 542 2446 occurrit
557 2415 694 2446 dubium
709 2425 747 2446 ex
766 2415 914 2453 Martino,
931 2415 1051 2446 ibidem
1062 2415 1090 2452 *,
1115 2415 1232 2446 directe
1248 2422 1357 2447 contra

282 2460 366 2491 hanc
387 2459 632 2500 responsionem
657 2467 808 2500 arguente
831 2470 890 2500 pro
914 2466 1037 2501 quanto
1060 2460 1112 2491 hic
1131 2460 1246 2491 dicitur
1267 2460 1357 2501 quod

280 2504 408 2536 firmare
432 2504 579 2535 animum
609 2505 643 2535 in
666 2505 755 2536 bono
779 2504 916 2536 iustitiae
947 2511 1058 2536 contra
1081 2504 1220 2545 pericula
1243 2505 1356 2536 mortis

280 2555 404 2590 spectat
417 2549 458 2580 ad
474 2548 707 2580 fortitudinem.
732 2549 818 2587 Quia
833 2549 878 2580 sic
893 2556 1079 2591 sequeretur
1093 2549 1182 2590 quod
1199 2549 1355 2582 fortitudo

282 2593 412 2625 haberet
433 2603 547 2624 omnes
571 2593 718 2624 materias
742 2593 898 2625 virtutum
917 2604 976 2635 pro
991 2594 1118 2625 obiecto
1142 2594 1309 2625 communi
1326 2602 1357 2626 et

282 2638 460 2679 principali.
475 2655 498 2661 -
514 2638 671 2669 Probatur
686 2638 826 2679 sequela.
839 2638 1052 2670 Confirmatio
1068 2638 1210 2670 hominis
1221 2638 1254 2670 in
1267 2640 1355 2671 bono

281 2682 419 2713 iustitiae
434 2689 489 2714 aut
507 2681 582 2713 fidei
597 2689 707 2714 contra
721 2682 863 2723 pericula
879 2683 991 2715 mortis
1008 2693 1075 2714 non
1091 2690 1138 2714 est
1153 2683 1241 2714 aliud
1257 2694 1355 2725 quam
1382 2705 1384 2710 -

281 2726 395 2758 volitio
410 2727 548 2758 iustitiae
564 2737 630 2758 non
647 2728 792 2758 obstante
810 2727 976 2768 proposita
997 2728 1056 2759 sibi
1071 2727 1255 2759 conditione
1271 2739 1355 2760 mor-

282 2771 331 2802 tis.
363 2771 426 2803 Sed
449 2771 527 2802 haec
548 2771 661 2803 volitio
686 2771 891 2803 directissime
910 2772 1046 2813 pertinet
1068 2773 1108 2803 ad
1131 2772 1301 2810 iustitiam,
1325 2781 1357 2805 et

282 2816 396 2847 mortis
419 2816 561 2847 conditio
585 2827 651 2847 non
675 2826 708 2847 se
732 2816 826 2848 habet
849 2817 909 2848 nisi
933 2824 1087 2858 tanquam
1110 2817 1355 2850 circumstantia.

283 2860 380 2902 Ergo.

335 2905 460 2936 Deinde
483 2905 588 2945 arguit
607 2906 804 2946 argumentis
826 2905 928 2937 allatis
944 2906 977 2936 in
993 2906 1192 2946 praecedenti
1215 2907 1315 2938 dubio
1326 2907 1354 2944 *,

281 2949 483 2990 praesertim:
517 2949 634 2981 Omnis
662 2950 762 2981 virtus
784 2950 916 2982 inclinat
939 2951 979 2980 ad
1009 2951 1190 2982 tollendum
1220 2951 1356 2992 impedi-

282 3001 390 3026 menta
414 3001 502 3025 actus
526 2994 591 3025 sui:
616 2994 692 3035 quia
714 3002 873 3036 quantum
903 2994 1034 3026 inclinat
1058 2995 1091 3026 in
1114 3002 1223 3027 actum
1246 3006 1353 3034 suum,

281 3045 408 3070 tantum
422 3038 554 3070 inclinat
569 3039 610 3070 ad
625 3039 806 3070 tollendum
821 3039 1051 3080 impedimenta
1065 3040 1161 3071 illius.
1182 3040 1244 3071 Sed
1258 3041 1356 3072 timor

282 3083 395 3114 mortis
417 3083 552 3124 impedit
574 3090 683 3114 actum
705 3084 852 3115 iustitiae.

336 3128 406 3159 Vll.
428 3128 478 3158 Ad
501 3128 653 3169 primum,
678 3136 811 3169 negatur
834 3128 973 3169 sequela.
1002 3129 1044 3159 Et
1066 3129 1107 3159 ad
1130 3129 1354 3169 probationem

281 3171 367 3203 illius
391 3172 506 3204 dicitur
528 3173 645 3213 primo,
662 3173 753 3214 quod
770 3173 873 3204 maior
896 3180 942 3204 est
957 3173 1046 3204 falsa.
1071 3173 1246 3211 Quoniam,
1267 3181 1302 3206 ut
1317 3185 1353 3205 ex

283 3216 373 3247 dictis
387 3216 405 3236 *
428 3224 528 3257 patet,
558 3217 758 3249 confirmatio
784 3217 923 3249 hominis
946 3218 980 3248 in
1004 3218 1091 3248 bono
1114 3218 1254 3249 iustitiae
1277 3229 1352 3250 con-

282 3267 329 3291 tra
347 3260 487 3301 pericula
515 3262 627 3293 mortis
651 3263 766 3293 directe
791 3269 837 3293 est
859 3262 940 3293 velle
964 3262 1118 3293 sustinere
1142 3270 1297 3300 mortem,
1322 3271 1354 3295 et
1380 3274 1381 3287 ³

282 3304 401 3335 iustitia
424 3315 458 3336 se
480 3305 575 3338 habet
597 3314 633 3338 ut
655 3307 907 3338 circumstantia:
933 3307 1024 3337 cuius
1048 3307 1240 3347 oppositum
1261 3318 1353 3348 argu-

284 3356 430 3380 mentum
453 3351 596 3382 assumit.

339 3393 463 3424 Dicitur
485 3396 643 3432 secundo,
668 3402 704 3427 ut
726 3396 823 3427 etiam
853 3395 974 3427 dictum
997 3402 1044 3427 est
1058 3395 1085 3432 *,
1105 3396 1196 3437 quod
1218 3396 1294 3437 quia
1317 3396 1350 3428 in
1378 3400 1380 3424 ἱ

283 3438 346 3468 hoc
369 3448 466 3478 opere
489 3438 692 3479 implicantur
715 3441 781 3471 duo
804 3450 920 3480 genera
943 3440 1143 3472 obiectorum
1167 3441 1349 3478 moralium,
1378 3455 1379 3475 ;

1378 3482 1379 3497 ³
1407 3493 1495 3516 ctum
1519 3484 1684 3520 iudicium,
1709 3483 1881 3514 consilium
1904 3493 1940 3514 ac
1963 3490 2171 3523 praeceptum
2191 3483 2271 3514 circa
2294 3483 2480 3513 huiusmodi

283 3482 514 3523 quodcumque
543 3493 657 3514 eorum
690 3492 830 3524 ponatur
858 3492 894 3515 ut
925 3485 1176 3521 circumstantia,
1205 3485 1379 3516 transfert

2439 250 2482 285 31

1419 325 1531 356 volitio
1551 333 1632 356 esset
1655 326 1687 356 in
1712 326 1839 357 duobus
1855 325 2023 366 generibus
2047 326 2232 362 moralibus,
2249 326 2370 357 ratione
2389 327 2489 357 diver·

1419 380 1527 400 sarum
1550 370 1774 401 conditionum
1797 370 1874 402 eius.
1900 370 1998 408 Quod
2023 370 2149 400 nullum
2174 380 2241 401 esse
2264 370 2490 401 inconveniens

1419 422 1634 446 monstratum
1658 422 1714 446 est.

1474 459 1526 489 Ad
1549 459 1737 496 secundum,
1754 467 1784 490 et
1807 459 1938 501 reliqua,
1956 468 2022 489 non
2046 466 2174 499 oportet
2197 466 2336 499 repetere
2360 469 2490 500 respon-

1419 502 1539 534 siones:
1563 503 1628 534 iam
1644 504 1662 523 *
1678 504 1763 534 enim
1787 504 1972 535 distinctum
1996 510 2042 534 est
2065 504 2104 534 de
2125 503 2372 543 impedimentis.
2388 521 2409 527 -
2425 505 2491 535 Nec

1391 556 1393 569 ¹
1419 547 1567 587 probatio
1584 548 1687 584 allata,
1705 548 1839 580 scilicet:
1868 548 2035 586 Quantum
2053 548 2189 579 inclinat
2207 549 2311 579 virtus
2326 549 2369 579 ad
2384 554 2490 579 actum

1391 593 1600 632 proprium,
1630 598 1756 624 tantum
1787 593 1831 623 ad
1859 593 2034 624 tollendum
2063 593 2152 623 illius
2182 593 2426 633 impedimenta,
2451 593 2491 623 ad

1391 645 1393 672 ,ῑ
1419 636 1506 667 aliud
1523 637 1605 668 valet
1621 637 1680 667 nisi
1697 638 1736 667 ad
1756 637 1986 678 impedimenta
2001 637 2144 668 eiusdem
2169 637 2303 677 generis.
2327 637 2491 675 Quoniam

1419 680 1500 711 sicut
1522 681 1622 712 virtus
1651 692 1717 712 non
1746 682 1876 713 inclinat
1900 682 1939 712 ad
1962 688 2070 712 actum
2097 691 2194 712 suum
2219 681 2278 712 nisi
2306 682 2339 712 in
2362 682 2492 723 propria

1419 725 1564 762 materia,
1589 726 1632 757 ita
1656 736 1714 757 nec
1737 727 1777 756 ad
1800 726 1979 757 tollendum
2009 726 2239 767 impedimenta
2262 725 2322 756 nisi
2346 736 2492 757 commu-

1419 769 1556 801 nicantia
1578 770 1611 801 in
1635 771 1782 802 materia:
1807 771 1914 812 qualia
1930 781 1997 801 non
2021 777 2096 802 sunt
2119 781 2202 812 quae
2218 780 2255 801 ex
2273 771 2426 801 extraneis
2442 771 2491 801 sui

1390 820 1392 837 ³
1418 814 1540 853 generis
1564 815 1766 856 proveniunt.
1801 815 1892 853 Quae
1916 822 2023 846 autem
2047 825 2113 846 non
2145 815 2341 846 conveniunt
2367 815 2400 846 in
2424 825 2494 846 ma—

1418 858 1568 895 teria,-ab
1591 859 1643 890 illa
1667 859 1807 890 tollenda
1831 866 1906 890 sunt
1929 859 2044 890 virtute
2067 869 2150 901 quae
2173 859 2254 890 circa
2276 859 2364 890 illam
2389 870 2491 890 versa-

1390 901 1391 906 ’
1417 910 1469 933 tur
1484 904 1659 934 materiam.
1684 904 1724 934 Et
1740 904 1896 944 quoniam
1913 904 2009 934 timor
2035 904 2146 935 mortis
2162 911 2208 935 est
2223 904 2492 945 impedimentum

1389 945 1391 976 l
1417 946 1450 977 in
1474 948 1605 978 materia
1629 948 1750 978 diversa
1774 958 1792 978 a
1816 948 1953 978 materiis
1977 948 2111 978 aliarum
2134 948 2299 984 virtutum,
2324 949 2490 990 quoniam,

1389 986 1391 993 '
1418 997 1454 1021 ut
1477 998 1563 1031 patet
1586 992 1627 1022 111
1646 992 1750 1023 Ethic.
1767 991 1794 1028 *,
1819 999 1865 1023 est
1889 991 2017 1032 propria
2033 992 2226 1024 fortitudinis
2250 993 2394 1030 materia;
2418 993 2491 1024 ideo

1417 1035 1528 1066 tollere
1553 1036 1614 1066 hoc
1637 1035 1916 1076 impedimentum,
1933 1043 2076 1076 respectu
2101 1037 2332 1078 cuiuscumque
2356 1037 2490 1074 virtutis,

1417 1086 1537 1120 spectat
1569 1080 1610 1110 ad
1633 1080 1855 1111 fortitudinem
1885 1087 2039 1121 tanquam
2067 1081 2212 1112 habitum
2236 1081 2427 1119 elicientem,
2452 1083 2492 1113 ad

1417 1123 1493 1154 alias
1516 1131 1624 1155 autem
1648 1124 1779 1155 virtutes
1803 1131 1957 1165 tanquam
1982 1125 2021 1154 ad
2045 1124 2143 1155 finem
2166 1125 2326 1156 materiae.

1459 1168 1514 1199 .Et
1537 1168 1563 1198 si
1591 1169 1672 1199 bene
1701 1169 1913 1205 advertamus,
1938 1178 2057 1209 ponere
2087 1170 2176 1210 quod
2206 1169 2367 1210 quaelibet
2392 1171 2492 1202 virtus

1416 1212 1500 1244 tollit
1529 1212 1640 1243 omnia
1668 1213 1896 1254 impedimenta
1927 1213 1976 1243 sui
2004 1221 2110 1250 actus,
2136 1220 2183 1244 est
2206 1213 2402 1245 confundere
2426 1225 2491 1246 ma-

1416 1256 1509 1288 terias
1539 1257 1710 1294 virtutum,
1739 1257 1867 1288 cuilibet
1899 1257 2007 1288 virtuti
2036 1258 2237 1288 attribuendo
2268 1259 2432 1290 materiam
2457 1270 2492 1290 o-

1416 1301 1500 1332 mnis
1523 1301 1658 1333 virtutis.
1682 1302 1723 1333 Et
1746 1302 1800 1338 sic,
1821 1302 1897 1342 quia
1924 1302 2151 1342 temperantiae
2179 1310 2267 1333 actus
2299 1309 2403 1343 potest
2433 1304 2492 1334 im-

1416 1346 1516 1386 pediri
1540 1356 1596 1386 per
1620 1346 1805 1386 pecuniam,
1831 1356 1887 1387 per
1910 1347 2086 1383 honorem,
2112 1356 2168 1387 per
2191 1347 2341 1377 timorem
2371 1349 2491 1385 mortis,

1416 1400 1472 1431 per
1494 1390 1651 1421 vindictae
1675 1390 1843 1427 affectum,
1868 1398 1943 1427 etc.,
1969 1391 2007 1421 ad
2033 1391 2260 1432 temperantiae
2290 1399 2397 1422 actum
2422 1403 2493 1433 spe-

1416 1441 1512 1466 ctaret
1536 1435 1680 1466 medium
1697 1443 1808 1466 contra
1823 1435 1997 1472 avaritiam,
2018 1443 2128 1466 contra
2144 1435 2363 1473 ambitionem,
2383 1445 2492 1468 contra

1415 1479 1630 1517 timiditatem,
1649 1487 1758 1511 contra
1782 1480 1872 1517 iram,
1890 1487 1959 1517 etc„
1980 1480 2108 1520 eligere.
2134 1481 2224 1531 quod
2248 1488 2294 1511 est
2310 1481 2491 1519 ridiculum,

1387 1547 1388 1561 ¹
1415 1525 1502 1565 apud
1518 1524 1748 1565 distinguentes
1763 1524 1895 1556 virtutes
1916 1535 2014 1565 penes
2038 1525 2195 1575 materias,
2211 1525 2297 1555 iuxta
2313 1525 2493 1557 Aristotelis

1415 1569 1604 1605 doctrinam,
1628 1569 1661 1600 in
1686 1569 1711 1599 11
1735 1569 1840 1600 Ethic.
1855 1569 1872 1588 *

1470 1614 1614 1645 V111.Et
1628 1614 1653 1644 si
1670 1621 1780 1645 contra
1799 1614 1876 1645 haec
1896 1613 2063 1645 obiiciatur
2081 1614 2172 1655 quod
2191 1613 2396 1645 adversantur
2415 1615 2492 1646 haec

1416 1659 1506 1690 dictis
1522 1658 1679 1699 superius,
1696 1658 1758 1689 hoc
1782 1665 1828 1689 est
1851 1658 1884 1689 in
1910 1669 1965 1699 qu.
1983 1669 2042 1689 va
2057 1658 2075 1678 *
2098 1658 2312 1699 praecedentis
2336 1659 2432 1696 Libri,
2453 1660 2492 1690 de

1415 1703 1614 1734 connexione
1637 1703 1794 1734 virtutum
1816 1703 1993 1743 loquendo,
2018 1703 2094 1744 quia
2118 1713 2154 1734 ex
2178 1703 2238 1734 hoc
2262 1703 2344 1743 ipso,
2375 1704 2492 1735 scilicet

1414 1749 1504 1789 quod
1535 1748 1762 1789 temperantiae
1786 1755 1832 1778 est
1856 1747 1967 1778 tollere
1992 1757 2215 1788 quaecumque
2245 1757 2366 1778 annexa
2389 1748 2489 1789 impe-

1386 1795 1388 1829 ζ
1415 1793 1566 1829 dimenta,
1590 1793 1716 1823 illatum
1734 1799 1780 1822 est
1803 1792 1892 1833 quod
1918 1792 2012 1832 exigit
2026 1792 2228 1833 prudentiam
2252 1793 2399 1823 totalem:
2425 1803 2490 1824 non

1386 1831 1388 1870 ἱ
1414 1845 1498 1868 stant
1521 1838 1607 1868 enim
1632 1837 1714 1867 dicta
1738 1836 1782 1867 ibi
1806 1846 1881 1867 cum
1912 1836 2002 1867 dictis
2026 1836 2093 1867 hic:
2118 1855 2138 1860 —
2162 1837 2373 1877 respondetur
2401 1839 2491 1878 quod

1413 1882 1513 1913 virtus
1529 1881 1659 1912 moralis
1675 1888 1782 1922 potest
1806 1881 1973 1922 dupliciter
1993 1881 2194 1912 considerari.
2226 1881 2344 1917 Primo,
2371 1889 2406 1912 ut
2430 1882 2490 1912 ele-

1414 1926 1495 1957 ctiva
1519 1926 1668 1966 praecise.
1692 1925 1733 1956 Et
1748 1925 1792 1956 sic
1809 1926 1921 1965 procul
1946 1925 2045 1956 dubio
2062 1935 2128 1956 non
2145 1936 2178 1956 se
2202 1926 2340 1957 extendit
2359 1926 2399 1956 ad
2415 1936 2490 1957 con-

1386 1978 1387 2004 }
1415 1980 1508 2001 nexas
1533 1970 1690 2006 materias,
1707 1980 1790 2011 quae
1814 1977 1889 2001 sunt
1914 1970 2061 2010 propriae
2085 1970 2219 2001 aliarum
2233 1970 2406 2001 moralium
2430 1971 2490 2002 vir-

1413 2022 1532 2046 tutum.
1566 2015 1606 2046 Et
1628 2015 1690 2045 hoc
1714 2022 1760 2045 est
1784 2015 1874 2055 quod
1898 2015 1948 2045 hic
1973 2014 2126 2045 dicimus:
2152 2015 2317 2055 loquimur
2341 2014 2425 2045 enim
2451 2017 2490 2046 de

1413 2060 1528 2090 virtute
1559 2059 1754 2090 fortitudinis
1786 2059 1963 2090 secundum
1994 2069 2041 2095 se,
2066 2066 2101 2090 ut
2132 2066 2178 2090 est
2206 2059 2337 2090 electiva
2366 2060 2489 2100 proprii

1414 2104 1522 2135 medii.
1547 2121 1568 2127 -
1591 2103 1665 2134 Alio
1691 2104 1791 2134 modo
1816 2103 2034 2134 consideratur
2057 2110 2092 2134 ut
2116 2111 2162 2134 est
2185 2104 2315 2134 electiva
2335 2111 2365 2134 et
2388 2104 2488 2145 impe-

1385 2153 1387 2155 ’
1413 2149 1512 2179 rativa
1531 2148 1679 2179 omnium
1703 2148 1743 2178 ad
1767 2148 1816 2178 sui
1840 2147 1976 2178 salutem
2001 2147 2262 2178 necessariorum.
2287 2148 2328 2179 Et
2351 2148 2395 2178 sic
2415 2159 2488 2189 pro-

1414 2193 1466 2223 cul
1489 2192 1590 2223 dubio
1615 2192 1703 2222 nulla
1726 2192 1857 2222 moralis
1876 2192 1976 2222 virtus
2001 2199 2047 2222 est
2071 2191 2208 2232 perfecta
2233 2192 2292 2222 nisi
2309 2192 2348 2222 sit
2372 2200 2402 2223 et
2425 2193 2487 2224 ele-

1413 2237 1495 2268 ctiva
1510 2236 1607 2267 medii
1625 2236 1823 2266 excludendo
1846 2236 2077 2276 impedimenta
2093 2236 2232 2276 propria,
2253 2244 2283 2268 et
2302 2236 2489 2278 imperativa

1413 2289 1543 2312 actuum
1568 2280 1806 2311 excludentium
1830 2281 2060 2321 impedimenta
2083 2281 2144 2311 alia
2158 2281 2197 2311 ab
2214 2288 2298 2312 extra
2322 2291 2488 2313 occurren-

1384 2327 1386 2350 ἲ
1413 2326 1508 2357 tibus.
1529 2326 1570 2357 Et
1587 2325 1630 2356 sic
1647 2325 1678 2355 in
1696 2325 1895 2366 praecedenti
1912 2325 2009 2356 Libro
2030 2326 2068 2356 de
2084 2325 2198 2356 virtute
2222 2326 2336 2356 morali
2352 2326 2489 2367 perfecta

1412 2378 1479 2402 tarn
1503 2370 1637 2401 elicitive
1661 2380 1759 2411 quam
1783 2369 1979 2411 imperative,
2003 2369 2205 2401 verificantur
2227 2370 2320 2402 dicta.
2351 2371 2489 2412 Tempe-

1412 2416 1513 2447 rantia
1537 2415 1633 2450 enim,
1657 2414 1739 2451 licet,
1764 2421 1800 2445 ut
1823 2414 1958 2446 elicitiva
1982 2421 2107 2445 tantum
2131 2422 2187 2452 est,
2204 2415 2244 2446 sit
2263 2415 2371 2446 solum
2388 2416 2490 2446 exclu-

1411 2460 1478 2491 siva
1500 2459 1808 2500 impedimentorum
1835 2469 1872 2490 ex
1895 2459 2138 2499 intemperantia
2167 2467 2223 2491 aut
2250 2459 2489 2491 insensibilitate

1411 2504 1688 2546 provenientium;
1713 2504 1789 2545 quia
1803 2511 1911 2535 tamen
1931 2504 2070 2535 exclusio
2085 2504 2203 2535 horum
2227 2514 2294 2535 non
2317 2504 2434 2535 sufficit
2449 2506 2488 2536 ad

1383 2550 1385 2587 ξ
1412 2549 1596 2580 salvandam
1625 2548 1868 2589 temperantiam
1898 2548 1932 2579 in
1964 2549 2083 2585 animo,
2109 2555 2144 2579 ut
2167 2556 2255 2589 patet
2284 2549 2323 2580 de
2354 2549 2487 2580 muliere

1383 2589 1384 2599 ¹
1411 2604 1494 2636 quae
1517 2604 1584 2625 non
1609 2594 1650 2624 ob
1672 2593 1926 2629 delectationem,
1943 2593 1999 2623 sed
2015 2592 2188 2630 avaritiam,
2206 2593 2380 2624 fornicatur
2404 2593 2488 2636 (cor-

1411 2638 1573 2680 rumpitur
1597 2638 1683 2669 enim
1699 2638 1784 2669 illius
1808 2637 2017 2678 temperantia
2033 2637 2070 2667 ab
2093 2644 2240 2668 extraneo
2265 2637 2434 2674 contrario,
2453 2645 2488 2669 ut

1411 2682 1528 2724 patet):
1554 2683 1627 2714 ideo
1644 2689 1772 2723 oportet
1795 2682 1835 2713 ad
1858 2682 1920 2713 hoc
1937 2689 1973 2713 ut
1988 2682 2197 2722 temperantia
2221 2682 2260 2712 sit
2283 2682 2326 2712 ita
2348 2682 2487 2722 perfecta

1411 2735 1447 2760 ut
1471 2729 1511 2759 sit
1534 2727 1694 2759 sufficiens
1721 2727 1840 2758 salvare
1864 2727 2020 2767 seipsam,
2045 2727 2135 2767 quod
2159 2727 2198 2757 sit
2226 2726 2322 2757 etiam
2350 2727 2487 2766 perfecta

1410 2772 1608 2814 imperative,
1632 2772 1694 2803 hoc
1718 2779 1764 2802 est
1788 2779 1823 2802 ut
1846 2772 1940 2802 habet
1964 2778 2071 2802 actum
2094 2771 2220 2811 imperii
2236 2771 2275 2801 ad
2293 2771 2373 2801 alios
2396 2778 2486 2802 actus

1411 2817 1589 2848 exclusivos
1604 2824 1827 2847 extraneorum
1843 2816 2087 2852 contrariorum,
2103 2823 2181 2856 puta
2202 2816 2241 2846 ad
2260 2815 2486 2856 imperandum

1410 2862 1494 2894 actui
1514 2861 1719 2897 fortitudinis,
1740 2871 1779 2891 ne
1796 2868 1927 2902 propter
1945 2860 2095 2891 timorem
2111 2860 2223 2891 mortis
2240 2861 2390 2901 perdatur
2406 2867 2486 2891 tem-

1410 2906 1563 2947 perantia,
1579 2906 1619 2937 ad
1634 2906 1860 2946 imperandum
1884 2905 1967 2936 actui
1991 2905 2195 2943 liberalitatis,
2213 2915 2252 2935 ne
2272 2904 2389 2936 scilicet
2412 2915 2486 2946 pro—

1409 2958 1480 2992 pter
1495 2949 1622 2982 lucrum
1638 2951 1789 2991 perdatur
1804 2949 2024 2990 temperantia,
2041 2956 2073 2980 et
2089 2949 2132 2980 sic
2149 2950 2187 2980 de
2204 2949 2282 2980 aliis.
2298 2949 2395 2980 Nulla
2410 2960 2485 2990 ergo

1409 3003 1457 3027 est
1479 2996 1561 3027 inter
1584 2995 1667 3026 dicta
1689 2995 1733 3025 ibi
1757 3001 1787 3025 et
1811 2994 1861 3025 hic
1885 2994 2097 3025 contrarietas.

1465 3041 1507 3071 Et
1528 3040 1608 3071 scito
1632 3040 1722 3081 quod
1746 3049 1783 3070 ex
1796 3039 1912 3070 virtute
1936 3039 2060 3074 morali,
2077 3046 2155 3079 puta
2171 3038 2390 3078 temperantia,
2415 3048 2485 3078 per-

1410 3084 1491 3116 fecta
1510 3084 1616 3125 primo
1633 3085 1744 3120 modo,
1760 3083 1868 3114 inferri
1889 3083 2011 3124 optime
2027 3090 2133 3124 potest
2149 3082 2306 3113 connexio
2323 3082 2390 3112 eius
2410 3092 2485 3113 cum

1408 3129 1578 3170 prudentia
1602 3129 1702 3160 totali.
1734 3129 1899 3166 Quoniam
1932 3127 2140 3168 temperantia
2164 3126 2258 3167 exigit
2281 3127 2484 3167 prudentiam

1408 3174 1618 3205 necessariam
1631 3174 1670 3203 ad
1688 3183 1780 3204 suam
1804 3173 1951 3209 salutem,
1967 3180 2003 3203 ut
2018 3179 2113 3212 patet.
2139 3171 2200 3202 Sed
2224 3171 2264 3201 ad
2288 3181 2380 3202 suam
2399 3171 2483 3202 salu-

1407 3225 1474 3250 tem
1490 3218 1624 3259 exigitur
1647 3218 1816 3258 prudentia
1840 3217 1956 3248 totalis.
1982 3217 2081 3254 Quod
2099 3216 2263 3256 probatur,
2280 3222 2310 3246 et
2333 3222 2429 3255 patet,
2447 3226 2484 3246 ex

1407 3263 1470 3294 hoc
1486 3263 1561 3304 quia
1578 3262 1786 3302 temperantia
1802 3269 1875 3292 nata
1891 3269 1938 3292 est
1954 3260 2117 3300 corrumpi
2134 3270 2151 3290 a
2168 3260 2332 3291 contrariis
2349 3260 2483 3291 aliarum

1380 3308 1381 3319 ³
1407 3307 1563 3338 virtutum
1593 3306 1818 3343 cardinalium,
1844 3306 1962 3336 scilicet
1994 3306 2032 3335 ab
2065 3304 2218 3335 iniustitia
2244 3311 2274 3335 et
2298 3304 2481 3336 timiditate:

1408 3359 1444 3382 ut
1467 3359 1553 3392 patet
1580 3352 1619 3381 de
1650 3351 1793 3381 adultera
1823 3361 1890 3380 non
1920 3356 2051 3390 propter
2079 3349 2339 3386 delectationem,
2365 3350 2418 3380 sed
2448 3356 2483 3380 ut

1406 3396 1505 3427 violet
1527 3395 1624 3426 fidem
1654 3395 1778 3431 marito,
1799 3402 1830 3425 et
1854 3395 1892 3425 de
1916 3393 2084 3425 fornicaria
2107 3404 2143 3424 ex
2162 3394 2276 3425 timore
2305 3394 2427 3430 mortis,
2452 3401 2483 3424 et

1407 3441 1551 3471 similiter
1575 3447 1621 3471 est
1645 3440 1683 3470 de
1708 3439 1875 3470 fornicaria
1898 3449 1935 3469 ex
1958 3438 2098 3469 avaritia.
2127 3438 2197 3468 Nisi
2221 3438 2307 3469 enim
2331 3439 2412 3469 adsit
2435 3448 2481 3468 re-

283 3534 389 3558 actum
412 3526 446 3557 in
462 3527 548 3557 aliud
572 3537 682 3567 genus.
706 3528 752 3559 Ita
775 3530 874 3569 quod,
892 3530 966 3560 dato
986 3530 1075 3580 quod
1093 3529 1174 3560 velle
1197 3530 1350 3561 sustinere
1377 3527 1379 3563 ἰ
1404 3529 1646 3570 impedimenta,
1664 3536 1787 3559 constat
1806 3528 1896 3569 quod
1911 3528 2053 3568 perditur
2067 3527 2276 3568 temperantia
2292 3527 2479 3557 declinando

283 3578 422 3602 mortem
437 3578 518 3602 esset
534 3571 777 3608 circumstantia,
794 3573 907 3604 dicitur
922 3574 1012 3615 quod
1028 3574 1262 3605 circumstantia
1281 3574 1350 3605 talis

1405 3585 1423 3604 a
1447 3574 1554 3605 medio
1579 3574 1611 3604 in
1635 3573 1776 3603 venereis
1802 3579 1832 3603 et
1860 3573 2006 3612 eligendo
2038 3573 2174 3603 alterum
2203 3579 2397 3608 extremum,
2422 3571 2478 3601 sci-

283 3616 409 3656 reponit
430 3616 619 3647 volitionem
650 3616 699 3647 sui
722 3616 755 3647 in
778 3627 891 3657 genere
919 3618 1123 3650 fortitudinis.
1157 3619 1198 3649 Et
1227 3619 1270 3650 sic
1297 3618 1350 3649 illa
1376 3633 1378 3660 g
1404 3618 1477 3649 licet
1501 3618 1790 3658 intemperantiam.
1821 3617 2027 3657 Perspicuum
2053 3624 2161 3647 autem
2186 3623 2231 3646 est
2255 3616 2367 3656 provid
2397 3625 2479 3655 quo·

2518 507 2527 517 ⁸
2549 506 2620 528 Num.
2645 514 2671 533 v,
2694 508 2732 529 Aa

2517 533 2627 561 quintum.

2518 999 2528 1009 ⁵
2548 999 2606 1027 Cap.
2626 1005 2657 1024 vt.
2678 1005 2699 1021 n.
2718 999 2732 1021 6

2518 1031 2570 1074 :⁴³2
2577 1036 2586 1041 -
2593 1025 2616 1048 S.
2625 1025 2670 1048 Th.
2680 1026 2732 1047 lect.

2520 1569 2593 1597 Ἔαρ.
2600 1569 2732 1591 vn.-s.·rn.

2519 1597 2570 1618 lect.
2586 1601 2633 1622 vm,
2650 1602 2681 1617 ix.

2520 1667 2527 1674 ·
2548 1665 2599 1687 Art.
2619 1671 2638 1691 ι,
2659 1665 2731 1687 Com-

2519 1695 2591 1713 ment.
2606 1698 2628 1713 n.
2642 1698 2664 1713 vr
2679 1698 2731 1720 sqq.
