2768 4198
18 345 27 354 ”
38 342 75 365 Cf.
94 347 160 363 num.
170 347 196 362 v.

19 475 30 487 ⁸
42 474 78 497 Cf.
94 480 159 496 num.
174 480 205 496 vr.

18 650 28 661 ⁸
43 649 80 672 ef.
95 649 154 672 ibid.

18 676 41 688 ⁸·
52 677 110 701 Cap.
125 682 157 702 ix,
173 681 196 697 n.
208 675 232 696 6.

19 744 29 755 ⁸
43 743 80 766 Cf.
95 749 160 770 nam.
174 748 206 765 vi.

19 956 31 975 ·’
38 954 79 988 ᾱ.
90 949 151 988 nisa.

21 1211 41 1226 ,ι
45 1210 108 1224 ⁴⁴⁴⁴⁴

20 1717 107 1772 2⁰8:
117 1722 238 1769 ⁸1:332?

24 1836 51 1857 ᾖ·
92 1838 138 1861 41149-
178 1839 190 1854 l-
200 1843 206 1853 Ι

21 1869 46 1884 ut
69 1862 137 1884 :aad
163 1868 210 1882 ‚un-

23 1890 103 1915 .·.1ea,(
119 1889 147 1909 ..aa
172 1892 201 1909 'nw
218 1898 219 1903 =

36 3397 48 3410 ⁸
61 3397 132 3420 Num.
148 3403 166 3419 ι.

963 254 1236 301 QUAESTIO
1267 254 1444 301 CXXIII,
1474 253 1777 291 ARTlCULUS
1808 253 1821 289 Ι
2462 251 2480 287 5

317 336 467 368 Secundo
477 336 504 367 *.
525 335 642 368 Omnis
655 345 750 366 causa
765 335 816 366 cui
832 335 983 366 convenit
998 335 1143 375 operatio
1160 341 1191 365 et
1207 333 1345 365 remotio

260 381 494 422 impedimenti,
519 381 621 421 magis
645 381 739 411 debet
754 380 956 411 denominari
972 381 1012 411 ab
1035 379 1223 420 operatione
1247 389 1346 420 quam

260 436 278 456 a
302 425 484 458 remotione
506 424 740 466 impedimenti.
763 425 873 456 Virtus
897 432 945 456 est
966 424 1165 456 huiusmodi.
1190 425 1287 464 Ergo.

317 470 429 503 Tertio
445 468 472 502 ¹⁸.
497 470 669 502 Rectitudo
689 469 822 501 rationis
837 477 945 510 potest
960 470 1039 510 poni
1062 470 1095 500 in
1111 470 1263 510 operibus
1287 469 1346 499 hu-

261 515 364 546 manis
388 522 454 546 tam
479 515 504 546 si
529 515 592 546 sint
615 515 655 545 ad
679 515 814 546 alterum
830 525 930 556 quam
954 515 980 546 si
997 515 1060 546 sint
1083 515 1124 545 ad
1145 525 1189 546 se.
1215 514 1277 546 Sed
1298 514 1345 544 iu—

261 560 344 591 stitia
361 561 454 601 ponit
472 560 698 592 rectitudinem
713 560 746 590 in
763 560 812 590 his
829 570 912 601 quae
937 567 1012 591 sunt
1031 561 1071 591 ad
1088 560 1235 590 alterum.
1259 559 1346 599 Ergo

259 605 340 636 aliae
363 605 496 637 virtutes
519 611 648 646 ponunt
669 605 895 636 rectitudinem
920 605 952 635 in
977 605 1026 636 his
1050 614 1133 646 quae
1148 611 1224 635 sunt
1239 605 1278 635 ad
1302 614 1345 634 se.

318 650 444 688 Quarto
457 650 484 681 *.
502 649 703 682 Auctoritate
718 650 911 686 Aristotelis,
924 650 957 680 in
975 650 1092 681 thet.
1104 649 1149 686 **‚
1163 649 1346 680 definiendo

261 694 413 735 virtutem
437 695 574 726 dicendo
597 695 689 736 quod
713 702 760 726 est
778 696 926 736 potentia
950 695 1178 737 beneffactiva.

320 739 445 777 Quimo
463 739 490 771 *.
515 740 626 772 Stante
658 740 785 781 aequali
815 740 980 781 periculo,
1005 747 1037 771 et
1060 739 1186 782 aequali
1217 746 1290 770 actu
1314 738 1347 769 in

262 785 502 816 contemnendo
526 785 718 826 periculum,
743 785 848 816 adhuc
872 795 958 816 unus
982 791 1089 826 potest
1105 784 1221 816 fortius
1243 783 1348 814 facere

261 839 361 870 quam
386 830 474 861 alter.
499 830 541 861 Et
557 840 624 861 non
641 830 701 861 nisi
717 830 841 861 ratione
863 837 952 861 actus
983 830 1116 861 humani
1144 830 1176 860 in
1197 839 1264 870 quo
1291 839 1348 869 po-

262 874 350 906 nitur
372 874 531 906 rectitudo
555 875 699 907 tationis.
723 875 810 916 Ergo
827 875 985 907 fortitudo
1001 875 1097 906 habet
1119 884 1241 916 ponere
1261 874 1350 905 recti—

262 919 410 951 tudinem
433 919 466 951 in
491 920 644 961 operibus
669 920 829 951 humanis.

322 964 418 996 Sexto
434 964 461 996 *.
494 965 628 997 Sublato
659 965 895 1006 impedimento
923 964 993 1002 tali,
1018 965 1151 1005 ponitur
1174 963 1346 1005 rectitudo:
1374 947 1376 999 l

263 1008 353 1040 aliter
376 1010 515 1042 sublatio
540 1010 762 1051 impedimenti
778 1017 860 1042 esset
876 1009 990 1041 otiosa.
1015 1009 1078 1041 Sed
1093 1008 1284 1039 huiusmodi
1301 1017 1348 1038 re-

263 1053 386 1086 ctitudo
411 1065 478 1086 non
495 1056 628 1097 ponitur
647 1066 704 1096 per
719 1055 966 1097 temperantiam
988 1064 1094 1095 neque
1109 1063 1167 1094 per
1182 1052 1348 1088 iustitiam,

264 1105 300 1130 ut
323 1107 418 1140 patet.
443 1101 529 1141 Ergo
554 1111 611 1141 per
635 1100 870 1132 fortitudinem.

321 1144 358 1175 11.
375 1145 427 1176 Ad
443 1145 563 1177 horum
579 1145 783 1182 evidentiam,
801 1144 970 1176 recolenda
989 1149 1037 1174 est
1051 1141 1196 1173 doctrina
1211 1141 1244 1171 in
1261 1150 1350 1182 prae-
1375 1155 1376 1174 1

264 1189 389 1221 cedenti
418 1190 516 1222 Libro
532 1191 550 1210 *
573 1190 690 1227 habita,
710 1190 829 1221 scilicet
851 1189 943 1230 quod
970 1188 1121 1218 voluntas
1144 1186 1288 1217 humana
1311 1195 1349 1216 ex

264 1244 323 1265 sua
347 1242 460 1266 nutura
483 1235 694 1267 determinata
717 1242 765 1266 eet
784 1235 826 1265 ad
848 1233 982 1264 rationis
1005 1233 1129 1263 bonum
1145 1231 1179 1262 in
1195 1230 1348 1271 operibus

262 1279 415 1319 humanis
533 1287 612 1312 sunt
631 1280 673 1311 ad
695 1289 739 1316 se,
754 1279 798 1310 ita
821 1278 912 1320 quod
932 1287 998 1309 non
1024 1284 1095 1318 eget
1110 1276 1143 1307 in
1159 1275 1263 1318 seipsa
1286 1275 1348 1306 vir-

259 1322 462 1367 tute‘ffffilua
479 1325 519 1356 ad
543 1325 616 1356 hoc.
642 1325 684 1356 Et
705 1323 786 1355 ratio
806 1330 854 1354 est
875 1322 953 1364 quia
975 1321 1148 1353 inclinatur
1163 1319 1350 1352 naturaliter

263 1368 298 1400 in
322 1370 493 1410 proprium
516 1370 642 1401 bonum
666 1368 826 1410 suppositi
850 1367 910 1399 sui.
934 1367 976 1398 Et
999 1366 1075 1408 quia
1090 1376 1157 1397 non
1179 1365 1351 1397 inclinatur
1376 1383 1377 1388 =

264 1415 450 1447 naturaliter
471 1415 505 1446 in
532 1415 659 1446 bonum
688 1413 832 1450 alterius,
857 1413 932 1444 ideo
961 1418 1031 1452 eget
1053 1411 1205 1442 voluntas
1233 1410 1350 1441 virtute
1376 1417 1377 1433 l

264 1458 373 1501 aliqua
396 1460 430 1492 in
453 1459 624 1500 semetipsa
640 1458 806 1490 voluntate
829 1457 870 1489 ad
893 1457 957 1488 hoc
979 1457 1071 1498 quod
1090 1463 1174 1488 recte
1193 1455 1270 1487 velit
1293 1456 1350 1486 bo-
1376 1455 1377 1477 ἶ

264 1514 346 1539 num
368 1504 510 1536 alterius.
540 1503 583 1536 Et
606 1510 777 1545 propterea
799 1502 936 1539 iustitia,
961 1512 1044 1543 quae
1069 1500 1192 1542 perficit
1215 1500 1248 1532 in
1273 1510 1351 1541 ope·
1377 1532 1379 1541 s

264 1548 354 1582 ribus
375 1549 416 1580 ad
431 1549 578 1586 alterum,
596 1548 690 1580 estin
706 1548 891 1580 voluntate:
916 1547 1074 1578 fortitudo
1091 1553 1200 1578 autem
1215 1554 1247 1578 et
1270 1552 1351 1577 tem·
1378 1553 1379 1587 ᾗ

264 1593 418 1636 perantia,
433 1603 519 1636 quae
535 1593 705 1635 perficiunt
719 1593 882 1625 humanos
897 1600 987 1624 actus
1004 1592 1037 1623 in
1052 1591 1165 1623 ordine
1181 1591 1221 1623 ad
1241 1591 1352 1632 ipsum
1378 1613 1379 1619 1

264 1645 465 1680 operantem,
483 1649 550 1670 non
567 1645 644 1670 sunt
657 1638 691 1670 in
708 1639 886 1674 voluntate,
902 1638 958 1669 sed
974 1637 1007 1668 in
1024 1637 1170 1678 appetitu
1188 1635 1351 1672 sensitivo‚

265 1691 302 1716 ut
324 1683 490 1716 rationalis
520 1691 628 1716 tamen
660 1690 707 1715 est
738 1693 795 1724 per
818 1682 1113 1725 participationem,
1140 1690 1176 1714 ut
1199 1688 1287 1722 patet
1315 1691 1351 1712 ex

264 1728 308 1760 111
331 1728 437 1761 Ethic.
461 1728 493 1766 *,
527 1729 561 1761 in
592 1728 752 1770 principio
782 1739 852 1771 cap.
881 1729 920 1759 de
944 1727 1186 1768 Temperantia.
1215 1726 1263 1757 Ex
1293 1726 1353 1758 hac

264 1783 408 1816 namque
435 1774 542 1806 radice
571 1774 710 1816 pullulat
738 1774 830 1815 quod
853 1773 1022 1810 voluntas,
1046 1779 1207 1814 quantum
1239 1778 1287 1802 est
1317 1781 1354 1802 ex
1380 1771 1381 1807 ξ

265 1825 356 1861 parte
377 1829 448 1856 sua,
472 1826 519 1851 est
542 1826 626 1851 recte
649 1819 783 1851 electiva
806 1825 874 1850 tam
898 1818 931 1849 in
955 1818 1004 1849 his
1028 1828 1112 1860 quae
1131 1824 1208 1848 sunt
1231 1823 1354 1857 tempe·
1380 1813 1381 1817 ’

264 1863 385 1896 tantiae
407 1874 508 1906 quam
532 1864 565 1896 in
589 1864 639 1896 his
653 1874 738 1906 quae
762 1871 838 1895 sunt
862 1862 1072 1895 fortitudinis.
1095 1862 1136 1893 Et
1156 1861 1215 1893 nisi
1233 1871 1271 1892 ex
1288 1871 1356 1892 mo·

264 1909 351 1942 tibus
374 1909 536 1951 appetitus
559 1909 717 1946 sensitivi,
743 1909 863 1940 scilicet
886 1908 1002 1940 timore
1026 1915 1058 1939 et
1081 1907 1231 1942 audacia,
1256 1907 1356 1947 impe—

265 1953 387 1987 diretur
409 1954 569 1990 voluntas,
587 1954 657 1995 ipsa
680 1954 843 1991 voluntas,
861 1960 945 1985 recta
969 1953 1092 1984 ratione
1117 1952 1269 1993 regulata,
1285 1952 1355 1982 abs-

266 2009 331 2041 que
355 1999 466 2031 habitu
490 1999 703 2036 fortitudinis,
729 1998 954 2031 rectitudinem
982 2005 1119 2039 poneret
1141 1997 1174 2028 in
1202 1996 1356 2038 operibus
1382 2015 1383 2019 =

266 2043 418 2079 humanis
441 2054 526 2086 quae
556 2051 632 2076 sunt
656 2043 872 2077 fortitudinis:
906 2043 961 2074 sed
990 2042 1149 2085 quoniam
1180 2042 1357 2082 impeditur

267 2099 306 2121 ax
328 2089 518 2121 huiusmodi
547 2089 768 2130 passionibus,
792 2089 866 2120 ideo
890 2098 976 2130 opus
999 2095 1047 2120 est
1079 2086 1278 2119 fortitudinis
1301 2087 1354 2118 ha-

266 2134 336 2167 bitu
359 2134 394 2166 in
417 2133 563 2176 appetitu
587 2134 752 2171 sensitivo‚

324 2178 372 2211 lta
393 2179 485 2221 quod
508 2179 638 2211 habitus
660 2178 859 2211 fortitudinis
881 2178 978 2209 habet
1001 2177 1068 2208 duo
1085 2176 1191 2207 officia
1214 2176 1355 2217 propria.

267 2224 416 2256 Alterum
438 2230 584 2266 respectu
608 2223 794 2264 superioris,
818 2222 939 2254 scilicet
961 2221 1148 2254 voluntatis.
1173 2221 1215 2252 Et
1230 2221 1294 2252 hoc
1309 2227 1357 2252 est

267 2269 381 2303 tollere
403 2268 638 2311 impedimenta
660 2275 763 2300 rectae
787 2267 963 2300 electionis.
992 2267 1083 2298 Tum
1106 2266 1183 2308 quia
1205 2266 1357 2297 voluntas

267 2323 412 2347 exercere
441 2314 536 2346 debet
566 2313 759 2345 electionem
788 2319 909 2344 rectam
940 2312 1089 2354 eligendo
1122 2311 1269 2343 medium
1298 2321 1355 2342 seu

267 2359 478 2392 moderamen
501 2358 536 2390 in
558 2358 764 2400 passionibus
780 2357 906 2390 timoris
921 2365 953 2389 et
969 2357 1120 2389 audaciae
1135 2363 1282 2398 respectu
1299 2366 1357 2397 pe-

267 2404 448 2438 riculorum
471 2403 595 2436 mortis.
619 2404 710 2436 Tum
729 2403 806 2446 quia
834 2403 1001 2445 passiones
1029 2402 1262 2434 immoderatae
1285 2411 1356 2432 mo-

268 2456 345 2482 vent
374 2449 578 2481 voluntatem
606 2449 647 2480 ad
675 2448 761 2480 male
791 2448 988 2490 eligendum.
1016 2448 1108 2479 Tum
1137 2446 1215 2488 quia
1242 2446 1357 2478 electio

268 2502 353 2530 reeta
375 2495 472 2527 debet
494 2493 676 2536 participari
698 2493 734 2525 in
756 2493 830 2535 ipso
854 2493 1000 2535 appetitu
1023 2491 1192 2524 sensitivo:
1221 2499 1253 2523 et
1281 2502 1358 2524 con-

269 2547 331 2573 stat
349 2539 441 2582 quod
460 2539 643 2582 participari
658 2538 772 2581 nequit
786 2538 821 2570 in
844 2538 1029 2580 susceptivo
1050 2537 1209 2579 impedito
1226 2546 1284 2578 per
1298 2537 1358 2568 im-

270 2585 453 2618 moderatas
480 2583 659 2626 passiones.
682 2601 705 2608 -
727 2583 877 2615 Alterum
906 2589 1052 2625 respectu
1085 2582 1136 2614 sui
1166 2581 1302 2613 subiecti
1325 2582 1358 2613 in

270 2640 339 2673 quo
363 2638 420 2662 est.
454 2630 495 2661 Et
519 2629 582 2661 hoc
605 2636 653 2660 est
675 2628 807 2660 reddere
829 2628 939 2670 ipsum
969 2628 1102 2660 firmum
1125 2637 1162 2658 ac
1191 2634 1359 2668 potentem

271 2676 312 2707 ad
336 2681 487 2716 prompte
511 2682 542 2706 et
558 2673 692 2706 faciliter
709 2673 947 2705 moderandum
961 2673 1113 2705 timorem
1133 2679 1165 2704 et
1180 2672 1359 2709 audaciam,

271 2719 464 2752 instantibus
487 2719 638 2760 periculis
661 2719 775 2750 mortis
798 2718 939 2750 bellicae.
963 2736 985 2742 -
1009 2718 1157 2749 Tertium
1174 2725 1283 2750 autem
1308 2717 1359 2749 of-

271 2765 393 2802 ficium,
417 2764 537 2796 scilicet
560 2764 677 2796 directe
700 2763 925 2795 rectitudinem
949 2773 1071 2804 ponere
1088 2763 1121 2793 in
1138 2762 1291 2804 operibus
1311 2773 1361 2794 ex-

271 2810 442 2843 terioribus
466 2809 681 2845 fortitudinis,
706 2808 851 2840 officium
875 2815 922 2840 est
945 2808 1162 2849 principaliter
1184 2808 1362 2839 voluntatis

272 2862 356 2888 recte
379 2855 526 2896 eligentis
549 2862 581 2886 et
604 2854 723 2885 utentis
740 2853 894 2884 omnibus
917 2853 1038 2884 viribus
1055 2853 1222 2884 humanis:
1248 2863 1359 2884 secun-

273 2900 364 2932 dario
388 2907 514 2937 autem,
540 2906 571 2930 et
594 2899 789 2940 inquantum
815 2898 958 2939 pendent
989 2897 1179 2929 huiusmodi
1209 2908 1307 2939 opera
1331 2905 1362 2929 et

273 2956 387 2978 earum
410 2945 570 2976 rectitudo
594 2954 632 2975 ex
654 2944 860 2985 passionibus
884 2942 1045 2984 appetitus
1069 2942 1222 2979 sensitivi,
1243 2942 1363 2974 scilicet

273 2990 400 3023 timoris
424 2997 456 3021 et
479 2989 642 3026 audaciae,
667 2996 715 3020 est
737 2996 828 3020 actus
852 2999 870 3019 a
895 2987 1084 3019 fortitudine
1107 2997 1271 3019 emanans.

332 3036 378 3068 lta
400 3035 491 3077 quod
513 3034 615 3065 virtus
639 3033 847 3070 fortitudinis,
868 3033 894 3064 si
914 3040 998 3064 recte
1022 3032 1242 3074 perspiciatur,
1263 3040 1310 3064 est
1329 3033 1361 3063 in

275 3081 388 3123 primis
412 3090 508 3112 causa
531 3086 635 3111 rectae
663 3079 845 3116 electionis,
870 3088 954 3120 quae
978 3085 1024 3109 est
1048 3088 1067 3108 a
1089 3078 1270 3114 voluntate,
1295 3087 1362 3108 non

275 3125 432 3159 eliciendo
457 3125 557 3162 illam,
575 3125 631 3156 sed
654 3124 886 3165 impedimenta
902 3123 988 3154 illius
1003 3122 1159 3154 tollendo.
1183 3140 1204 3146 -
1228 3122 1286 3154 Est
1309 3123 1362 3154 de-

275 3171 350 3203 inde
365 3181 462 3203 causa
478 3181 534 3212 per
550 3170 690 3201 modum
705 3169 846 3205 habitus,
863 3168 999 3200 elicitive
1023 3167 1152 3204 scilicet,
1169 3167 1202 3198 in
1218 3167 1362 3208 appetitu

277 3215 431 3247 sensitivo
461 3214 668 3256 participatae
697 3213 863 3245 electionis
894 3213 1059 3244 moderate
1087 3212 1222 3244 timendi
1252 3219 1283 3243 et
1306 3223 1363 3243 au-

278 3260 374 3292 dendi
397 3261 431 3292 in
454 3259 615 3302 periculis.
639 3277 661 3283 -
684 3259 743 3291 Est
766 3259 900 3290 demum
917 3268 954 3289 ex
978 3264 1118 3299 utroque
1134 3256 1242 3288 officio
1260 3257 1363 3287 diver-

279 3305 404 3336 simode
427 3315 523 3336 eausa
545 3304 745 3337 rectitudinis
767 3304 940 3345 ponendae
962 3303 996 3334 in
1020 3302 1229 3334 exterioribus
1259 3301 1364 3342 operi-

279 3352 352 3387 bus,
375 3349 568 3382 instantibus
593 3349 743 3391 periculis
761 3349 887 3380 mortis.

337 3395 390 3427 ΙΙΙ.
414 3394 467 3426 Ad
489 3395 633 3436 primurn
663 3405 739 3436 ergo
769 3400 998 3434 argumentum
1013 3393 1031 3413 *
1054 3393 1169 3424 dicitur
1199 3402 1274 3423 cum
1305 3392 1363 3422 du—

280 3440 355 3481 plici
379 3439 600 3476 distinctione,
625 3446 661 3470 ut
684 3439 798 3471 clarior
821 3439 862 3471 sit
878 3438 1033 3470 doctrina.
1062 3438 1170 3469 Prima
1199 3444 1247 3468 est
1273 3437 1363 3478 quod

280 3486 314 3527 ly
330 3493 458 3526 ponere
479 3483 703 3515 rectitudinem
719 3484 876 3524 contingit
900 3494 967 3515 non
985 3493 1052 3514 uno
1069 3483 1181 3519 modo,
1199 3482 1255 3513 sed
1279 3482 1364 3512 mul-

280 3531 337 3561 tis:
363 3529 481 3560 scilicet
502 3528 553 3559 vel
576 3528 693 3559 directe
717 3529 878 3560 causando
902 3527 1001 3565 illam,
1025 3528 1075 3559 vel
1098 3527 1243 3559 tollendo
1260 3527 1363 3567 impe-

282 3575 424 3606 dimenta
446 3573 549 3610 illius;
566 3579 597 3604 et
613 3583 723 3604 rursus
746 3573 973 3614 principaliter,
990 3573 1042 3604 vel
1058 3572 1258 3604 secundario.
1275 3590 1297 3595 -
1310 3572 1364 3603 Se-

283 3620 389 3652 cunda
413 3618 574 3650 distinctio
599 3625 646 3649 est
670 3618 761 3659 quod
783 3618 817 3659 ly
841 3619 874 3649 in
897 3618 1049 3659 operibus
1076 3618 1229 3649 humanis
1258 3623 1366 3658 potest

284 3664 454 3705 dupliciter
483 3662 636 3703 intelligi:
662 3662 787 3703 primo,
811 3672 871 3703 pro
896 3663 1050 3693 omnibus
1075 3662 1226 3703 operibus
1251 3662 1364 3692 huma-

1398 333 1448 364 nis
1465 332 1563 374 partis
1586 332 1777 373 appetitivae
1801 338 1832 362 et
1856 331 2039 362 executivae
2064 330 2247 362 necessariis
2271 330 2310 360 ad
2340 339 2424 370 opus
2448 329 2483 359 il-

1397 378 1460 408 lius
1475 377 1617 414 virtutis;
1642 377 1797 413 secundo,
1814 386 1874 418 pro
1898 376 2095 417 quibusdam
2119 382 2246 406 tantum
2269 374 2483 415 passionibus.

1457 423 1546 453 quta
1570 422 1628 453 has
1645 422 1877 458 distinctiones,
1895 421 2012 452 dicitur
2035 421 2152 462 primo,
2169 421 2259 461 quod
2283 429 2359 450 cum
2382 419 2415 449 in
2435 419 2485 450 lit-

1400 474 1465 498 tera
1477 470 1601 498 Auctor
1618 467 1711 508 ponit
1727 466 1936 497 differentiam
1952 466 2034 497 inter
2049 465 2194 496 officium
2210 464 2348 496 iustitiae
2362 471 2393 495 et
2409 463 2486 494 alio·

1400 522 1473 542 rum
1490 512 1675 548 moralium,
1694 511 1813 543 scilicet
1836 511 2033 543 fortitudinis
2050 518 2081 542 et
2100 510 2340 551 temperantiae,
2358 509 2487 539 locutus

1401 563 1448 588 est
1460 557 1499 587 de
1512 567 1633 597 ponere
1645 567 1702 588 seu
1715 556 1817 587 facere
1832 556 2057 588 rectitudinem
2074 555 2192 586 directe
2208 554 2371 586 causando
2387 553 2486 584 illam.

1400 602 1442 633 Et
1465 602 1611 633 similiter
1626 603 1756 633 locutus
1777 608 1824 632 est
1840 602 1879 632 de
1896 601 2048 642 operibus
2072 600 2223 631 humanis
2240 600 2403 634 omnibus,
2421 608 2487 629 non

1401 646 1450 677 his
1474 647 1524 677 vel
1547 646 1621 683 illis,
1639 657 1696 687 per
1712 657 1745 677 se
1762 654 1870 677 tamen
1894 645 2159 678 concurrentibus
2184 645 2224 675 ad
2248 655 2333 685 opus
2351 643 2486 674 virtutis.

1402 692 1447 722 lta
1471 692 1560 732 quod
1585 692 1654 722 sola
1676 691 1797 722 iustitia
1821 691 1904 722 inter
1927 691 2066 722 morales
2082 691 2215 722 virtutes
2235 698 2283 721 est
2301 690 2419 720 directe
2443 688 2488 719 ef-

1401 736 1514 768 fectiva
1527 736 1724 767 rectitudinis
1740 736 1773 767 in
1790 737 1944 767 omnibus
1957 735 2107 767 humanis
2124 735 2278 777 operibus
2295 743 2487 765 concurren-

1402 781 1486 812 tibus
1510 782 1550 812 ad
1575 791 1659 822 opus
1682 792 1759 812 suae
1777 781 1915 820 virtutis,
1939 781 2015 823 quia
2039 781 2108 822 ipsa
2129 780 2199 811 sola
2223 787 2270 811 est
2293 778 2428 810 elicitiva
2444 788 2490 808 re-

1373 844 1375 866 ἱ
1401 834 1469 857 ctae
1486 826 1650 857 electionis
1671 833 1701 857 et
1721 826 1818 857 medii
1834 826 1866 856 in
1882 826 2034 867 operibus
2050 825 2201 856 humanis
2217 823 2311 868 (haec
2326 823 2487 865 siquidem

1402 872 1469 901 duo
1486 878 1655 911 ponuntur
1677 871 1710 901 in
1728 870 1915 902 definitione
1938 871 2066 902 virtutis
2082 870 2226 909 moralis,
2241 870 2274 900 in
2292 870 2318 900 11
2334 869 2440 900 Ethic.
2458 868 2486 905 *,

1374 916 1375 945 l
1402 916 1482 946 dum
1507 915 1624 946 dicitur
1639 916 1731 956 quod
1747 917 1852 946 virtus
1871 921 1919 946 est
1940 916 2069 946 habitus
2084 916 2238 946 electivus
2261 916 2294 945 in
2319 914 2490 946 medietate

1403 959 1612 1002 consistens):
1646 960 1804 991 fortitudo
1828 967 1936 991 autem
1962 968 1992 990 et
2015 960 2226 1000 temperantia
2250 970 2317 990 non
2341 967 2417 990 sunt
2443 959 2489 989 di-

1374 1003 1376 1043 !
1402 1012 1486 1035 recte
1509 1004 1688 1036 causativae
1705 1005 1869 1035 electionis
1893 1012 2006 1041 rectae,
2024 1005 2099 1046 quia
2125 1005 2248 1036 suntin
2273 1004 2418 1045 appetitu
2443 1004 2490 1034 in-

1374 1048 1376 1088 ξ
1403 1049 1525 1084 feriori:
1556 1050 1612 1079 sed
1641 1050 1820 1080 causativae
1843 1049 1929 1079 illius
1959 1049 2023 1079 alio
2047 1050 2163 1086 modo,
2196 1049 2316 1080 scilicet
2345 1049 2490 1080 tollendo

1374 1091 1376 1138 l
1403 1094 1635 1134 impedimenta
1652 1093 1749 1125 illius.
1767 1094 1808 1124 Et
1820 1093 1872 1124 hic
1887 1101 1934 1124 est
1949 1103 2042 1124 verus
2058 1101 2089 1125 et
2101 1094 2216 1134 planus
2228 1093 2350 1125 litterae
2363 1102 2489 1125 sensus:

1403 1145 1515 1170 contra
1531 1148 1631 1180 quem
1644 1138 1670 1169 si
1685 1146 1874 1179 argumenta
1887 1139 2029 1174 tendant,
2044 1138 2134 1170 facile
2150 1139 2295 1169 ordinate
2310 1139 2490 1169 solvuntur.

1461 1183 1515 1214 lV.
1534 1184 1574 1214 Et
1591 1183 1685 1224 primi
1710 1183 1871 1224 siquidem
1896 1184 2086 1214 antecedens
2110 1183 2279 1223 distingue.
2304 1184 2388 1221 Quia
2404 1184 2430 1214 si
2446 1184 2491 1214 in-

1375 1263 1377 1267 ,
1401 1228 1514 1269 telligit
1533 1229 1572 1259 de
1597 1238 1718 1269 ponere
1742 1229 1967 1259 rectitudinem
1982 1228 2099 1270 quovis
2122 1229 2234 1264 modo,
2258 1238 2371 1259 verum
2388 1236 2444 1264 est,
2462 1235 2493 1260 et

1375 1292 1377 1309 1
1404 1273 1485 1304 nihil
1509 1281 1622 1304 contra
1646 1276 1823 1304 Auctorem
1849 1273 1940 1304 dicit:
1966 1273 2041 1314 quia
2066 1273 2223 1304 fortitudo
2249 1273 2341 1313 ponit
2365 1273 2491 1303 rectitu-

1375 1323 1377 1358 ζ
1404 1318 1515 1349 dinem
1537 1318 1570 1348 in
1595 1318 1748 1359 operibus
1779 1318 1931 1349 humanis
1962 1318 2108 1349 tollendo
2140 1318 2371 1359 impedimenta
2395 1318 2491 1354 illius,

1404 1370 1435 1394 et
1451 1363 1618 1404 passiones
1642 1363 1760 1395 directe
1783 1362 1984 1394 modificans.
2010 1363 2041 1394 Si
2066 1370 2176 1394 autem
2200 1363 2350 1404 intelligit
2372 1363 2412 1393 de
2435 1373 2494 1403 po·

1404 1418 1479 1439 nere
1495 1408 1723 1439 rectitudinem
1739 1416 1771 1440 et
1787 1409 1826 1439 de
1842 1408 1995 1449 operibus
2015 1408 2169 1439 omnibus
2187 1408 2338 1439 humanis
2359 1418 2494 1438 concur-

1405 1453 1559 1490 rentibus,
1578 1453 1696 1484 falsum
1722 1462 1780 1485 est.

1462 1499 1504 1530 Et
1527 1499 1567 1529 ad
1595 1498 1823 1539 probationem
1852 1498 2072 1536 inductivam,
2098 1508 2173 1528 cum
2209 1498 2339 1529 dicitur:
2371 1498 2494 1528 Ponere

1405 1543 1539 1575 rationis
1564 1543 1790 1575 rectitudinem
1810 1543 1843 1574 in
1859 1543 1923 1574 hoc
1939 1553 2048 1584 opere,
2072 1543 2293 1585 Pugnandum
2316 1547 2364 1574 est
2379 1546 2493 1573 contra

1406 1590 1528 1620 hostem
1564 1590 1725 1620 civitatem
1761 1594 2022 1630 oppugnantem,
2060 1598 2126 1619 non
2163 1588 2300 1629 pertinet
2333 1587 2373 1618 ad
2405 1587 2494 1618 iusti-

1378 1641 1380 1656 ³
1406 1634 1503 1670 tiam,
1525 1640 1604 1665 etc.:
1629 1652 1651 1657 -
1667 1635 1882 1674 respondetur
1906 1634 1996 1675 quod
2021 1633 2181 1664 rectitudo
2205 1633 2264 1664 ista
2281 1639 2403 1674 spectat
2426 1642 2492 1663 non

1379 1705 1381 1712 ,
1407 1679 1448 1710 ad
1462 1689 1572 1715 unam,
1589 1679 1645 1710 sed
1669 1680 1708 1710 ad
1734 1680 1842 1720 plures
1858 1679 1997 1710 morales
2021 1679 2165 1710 virtutes.
2192 1678 2276 1716 Quia
2297 1688 2357 1719 pro
2373 1685 2495 1719 quanto

1407 1734 1518 1766 pugna
1534 1731 1581 1755 est
1595 1731 1686 1755 actus
1701 1725 1741 1755 ad
1757 1724 1904 1760 alterum,
1925 1724 1988 1755 hoc
2004 1731 2051 1755 est
2070 1723 2110 1754 ad
2126 1723 2253 1755 hostem
2268 1730 2379 1754 contra
2396 1732 2493 1764 quem

1407 1768 1453 1806 fit,
1488 1768 1691 1800 rectificanda
1721 1777 1768 1800 est
1790 1780 1808 1800 a
1832 1769 1969 1800 iustitia:
2004 1776 2035 1799 et
2059 1775 2228 1810 propterea
2259 1774 2387 1809 oportet
2413 1768 2496 1798 bella

1409 1825 1477 1845 esse
1501 1814 1595 1846 iusta.
1630 1815 1692 1845 Pro
1717 1821 1840 1856 quanto
1864 1824 1942 1845 vero
1966 1814 2068 1844 homo
2093 1813 2188 1844 debet
2217 1814 2249 1844 in
2275 1813 2381 1854 seipso
2415 1814 2496 1844 bene

1380 1859 1382 1884 ἰ
1409 1859 1573 1890 moraliter
1597 1859 1742 1900 disponi,
1768 1859 1904 1900 pertinet
1927 1859 1967 1889 ad
1992 1858 2232 1890 fortitudinem:
2266 1859 2321 1889 sed
2349 1868 2415 1888 non
2438 1858 2495 1888 illo

1381 1902 1382 1907 ’
1409 1905 1520 1941 modo,
1542 1911 1578 1935 ut
1591 1904 1711 1935 scilicet
1726 1904 1843 1935 directe
1859 1911 1969 1935 causet
1985 1903 2209 1934 rectitudinem
2234 1903 2322 1934 illam
2342 1903 2375 1933 in
2391 1902 2497 1933 omni-

1408 1950 1468 1980 bus
1492 1949 1615 1980 actibus
1639 1949 1919 1986 concurrentibus;
1950 1949 2005 1979 sed
2031 1956 2066 1980 ut
2089 1948 2122 1979 in
2146 1949 2258 1989 aliquo
2276 1955 2384 1979 causet
2407 1947 2497 1979 recti-

1382 2034 1383 2039 1
1408 1994 1555 2026 tudinem
1580 1994 1725 2026 tollendo
1761 1994 2011 2034 impedimenta,
2036 2000 2115 2034 puta
2146 1993 2179 2024 in
2210 1993 2383 2028 electione;
2409 1999 2439 2024 et
2462 1992 2496 2023 in

1381 2056 1383 2084 ⁴]
1409 2039 1520 2080 aliquo
1545 2039 1672 2075 directe,
1698 2046 1776 2080 puta
1800 2039 1833 2070 in
1858 2038 2078 2079 passionibus3
2104 2045 2135 2069 et
2158 2037 2191 2068 in
2209 2038 2319 2079 aliquo
2343 2037 2497 2068 secunda-

1408 2084 1474 2121 rio,
1499 2092 1578 2125 puta
1601 2084 1634 2115 in
1660 2084 1904 2125 operationibus
1933 2083 2151 2115 exterioribus.
2176 2101 2195 2106 -
2219 2083 2260 2114 Et
2291 2083 2317 2114 si
2345 2083 2497 2114 instetur:

1408 2130 1531 2160 Ponere
1563 2128 1680 2160 directe
1704 2129 1894 2160 huiusmodi
1918 2127 2143 2160 rectitudinem
2167 2127 2353 2168 simpliciter
2377 2134 2499 2168 spectat

1409 2219 1667 2260 teremptionem.
1681 2218 1850 2256 Quoniam
1865 2225 1950 2250 recta
1966 2217 2080 2249 electio
2090 2217 2161 2249 talis
2178 2217 2284 2258 operis
2300 2227 2359 2258 pro
2375 2224 2499 2258 quanto

1409 2264 1493 2296 cedit
1516 2263 1549 2295 in
1574 2263 1742 2305 proprium
1768 2263 1931 2304 operantis
1955 2263 2080 2294 bonum
2106 2261 2165 2305 (sic
2189 2262 2276 2293 enim
2291 2263 2400 2293 solum
2417 2262 2500 2293 cadit

1409 2310 1470 2341 sub
1494 2308 1684 2341 fortitudine
1700 2307 1794 2351 sola),
1819 2308 1909 2340 nulla
1933 2315 2004 2349 eget
2018 2308 2134 2339 virtute
2158 2307 2273 2339 morali
2289 2307 2406 2339 directe
2426 2317 2499 2338 cau-

1409 2354 1509 2386 sativa
1533 2354 1636 2391 illius,
1660 2354 1716 2385 sed
1740 2353 1848 2385 solum
1874 2353 2009 2384 ablativa
2038 2352 2349 2394 impedimentorum
2378 2352 2446 2383 eius
2470 2359 2501 2384 et

1409 2398 1612 2431 rectificativa
1635 2399 1796 2430 inferioris
1820 2398 1992 2440 appetitus.

1466 2444 1638 2476 Falluntur
1660 2451 1771 2476 autem
1794 2451 1964 2485 arguentes
1987 2443 2020 2474 in
2045 2443 2109 2474 hoc
2132 2443 2223 2485 quod
2247 2449 2364 2484 putant
2391 2450 2498 2474 actum

1409 2490 1467 2532 qui
1490 2489 1682 2522 rectificatur
1705 2500 1764 2521 sua
1786 2489 1913 2526 virtute,
1938 2498 2007 2520 uno
2029 2494 2158 2520 tantum
2177 2488 2289 2525 modo,
2310 2487 2430 2519 scilicet
2453 2488 2499 2519 di-

1410 2542 1505 2572 recte,
1529 2534 1712 2567 rectificari:
1737 2544 1814 2566 cum
1837 2542 1946 2565 tamen
1971 2533 2035 2564 alio
2059 2534 2162 2565 modo
2186 2533 2363 2574 contingat,
2380 2533 2500 2565 scilicet

1411 2580 1558 2612 tollendo
1573 2580 1816 2621 impedimenta,
1834 2586 1870 2611 ut
1886 2585 2102 2610 monstratum
2121 2585 2167 2609 est
2179 2578 2207 2609 *.
2226 2578 2271 2609 Ita
2290 2579 2392 2619 quod,
2408 2578 2433 2608 si
2454 2589 2500 2609 re-

1413 2633 1461 2657 cte
1486 2625 1707 2667 perspiciatur,
1723 2635 1791 2656 non
1814 2631 1949 2665 negatur
1972 2630 2062 2655 actus
2079 2623 2266 2654 huiusmodi
2293 2622 2456 2654 rectificari
2482 2634 2499 2654 a

1413 2671 1602 2702 fortitudine
1627 2678 1658 2701 et
1682 2669 1909 2711 temperantia:
1935 2669 1991 2700 sed
2015 2668 2132 2700 dicitur
2147 2669 2236 2709 quod
2258 2678 2324 2698 non
2350 2678 2427 2704 uno,
2445 2669 2499 2698 sed

1413 2717 1545 2748 diversis
1569 2715 1676 2746 modis
1701 2715 1815 2745 diversi
1841 2721 1930 2745 actus
1956 2714 1995 2744 ad
2020 2714 2052 2744 id
2081 2720 2308 2744 concurrentes
2332 2723 2350 2743 a
2374 2713 2500 2744 fortitu-

1386 2780 1387 2798 ,
1413 2762 1488 2793 dine
1513 2760 1738 2793 rectificantur.
1763 2760 1850 2798 Quia
1874 2759 1999 2795 electio,
2025 2769 2108 2799 quae
2133 2766 2180 2789 est
2202 2759 2235 2788 in
2250 2758 2427 2794 voluntate,
2453 2768 2499 2788 re-

1386 2826 1388 2839 .
1414 2806 1588 2843 ctificatur,
1614 2813 1651 2837 ut
1682 2805 1804 2836 dictum
1830 2811 1894 2841 est,
1918 2815 1937 2835 a
1968 2803 2155 2835 fortitudine
2187 2803 2332 2834 tollendo
2363 2803 2500 2843 impedi-

1415 2859 1541 2888 menta;
1568 2850 1734 2892 passiones
1751 2858 1877 2885 autem,
1903 2859 1986 2890 quae
2011 2857 2086 2880 sunt
2110 2848 2143 2879 in
2167 2848 2311 2889 appetitu
2337 2848 2499 2884 sensitivo‚

1414 2896 1629 2929 rectificantur
1652 2906 1670 2926 a
1694 2894 1882 2926 fortitudine
1907 2894 2023 2926 directe
2049 2893 2212 2925 causando
2237 2903 2346 2924 earum
2373 2892 2500 2923 rectitu-

1416 2943 1544 2978 dinem;
1569 2951 1669 2982 opera
1693 2947 1802 2971 autem
1827 2939 1992 2975 exteriora,
2018 2949 2077 2979 pro
2101 2946 2225 2979 quanto
2242 2948 2279 2969 ex
2295 2938 2500 2978 passionibus

1415 2987 1567 3029 pendent,
1585 2985 1774 3017 secundario
1795 2983 1945 3016 rectificat
1961 2984 2128 3020 fortitudo,
2145 2984 2261 3014 directe
2276 2990 2384 3014 tamen
2394 2991 2402 3019 ;
2418 2993 2501 3023 quo-

1415 3033 1456 3064 ad
1480 3031 1655 3074 principale
1679 3040 1756 3061 vero
1781 3030 1959 3061 eorundem
1984 3028 2245 3066 rectificativum‚
2271 3029 2361 3069 quod
2385 3028 2500 3058 volun-

1414 3085 1462 3110 tas
1487 3085 1534 3109 est
1550 3077 1670 3116 eligens
1695 3082 1726 3106 et
1749 3082 1853 3109 utens,
1870 3074 2032 3106 concurrit
2055 3073 2211 3104 fortitudo
2236 3073 2380 3104 tollendo
2397 3072 2500 3113 impe-

1417 3122 1570 3154 dimenta.
1594 3121 1636 3152 Et
1659 3120 1703 3151 sic
1719 3120 1877 3152 fortitudo
1894 3119 2005 3150 omnia
2029 3118 2251 3150 concurrentia
2266 3116 2427 3154 rectificat,
2445 3117 2500 3148 sed

1417 3178 1484 3198 non
1509 3166 1620 3198 omnia
1636 3165 1764 3201 directe,
1782 3165 1858 3206 quia
1873 3175 1940 3195 non
1958 3171 2005 3195 est
2028 3172 2130 3204 opus:
2155 3163 2231 3204 quia
2254 3162 2424 3203 quaedam,
2442 3161 2501 3193 sci-

1415 3212 1489 3243 licet
1512 3219 1602 3242 actus
1626 3210 1802 3241 voluntatis
1822 3209 1976 3250 requisiti,
1994 3208 2112 3239 habent
2128 3207 2244 3238 directe
2261 3206 2502 3238 rectificativum

1417 3257 1595 3288 eorundem
1623 3256 1720 3295 longe
1744 3254 1966 3290 excellentius,
1992 3253 2111 3283 scilicet
2134 3252 2376 3283 inclinationem
2408 3258 2500 3282 natu-

1417 3302 1517 3332 ralem
1539 3300 1716 3331 voluntatis
1738 3299 1772 3330 in
1801 3299 1934 3330 rationis
1964 3299 2089 3329 bonum
2121 3297 2291 3338 proprium
2319 3297 2501 3338 supposito.

1417 3347 1465 3378 Ex
1487 3346 1550 3377 hoc
1574 3345 1661 3376 enim
1677 3345 1767 3387 quod
1792 3343 1919 3374 habitus
1936 3343 2079 3374 imitatur
2095 3349 2254 3379 naturam,
2272 3343 2352 3373 dum
2371 3341 2503 3372 inclinat

1417 3402 1474 3433 per
1490 3391 1628 3421 modum
1645 3396 1794 3426 naturae;
1815 3395 1846 3420 et
1861 3388 2064 3419 consuetudo
2081 3387 2197 3419 dicitur
2211 3387 2318 3418 altera
2335 3392 2456 3418 natura
2467 3386 2501 3416 *:

1419 3436 1582 3467 evidenter
1604 3441 1692 3475 patet
1714 3434 1805 3475 quod
1835 3432 2000 3464 inclinatio
2031 3439 2163 3463 naturae
2187 3432 2384 3472 praeeminet
2411 3431 2501 3462 omni

1418 3480 1552 3512 habitui.

1474 3526 1514 3557 V.
1532 3525 1583 3556 Ad
1598 3524 1779 3555 secundum
1792 3523 1811 3543 ‘¹‘
1829 3523 1945 3554 dicitur
1960 3523 2056 3554 etiam
2080 3532 2155 3553 cum
2180 3522 2394 3557 distinctione,
2412 3520 2502 3561 quod
2529 3526 2538 3535 ⁸

1418 3581 1514 3602 causa
1531 3577 1578 3601 est
1594 3569 1732 3610 duplicis
1756 3568 1894 3599 ordinis:
1921 3568 2081 3609 quaedam
2099 3567 2245 3598 ordinata
2260 3566 2446 3597 immediate
2462 3565 2502 3595 ad

1419 3616 1584 3657 propriam
1607 3613 1848 3655 operationem,
1872 3620 1909 3644 ut
1932 3613 2019 3644 calor
2042 3612 2082 3643 ad
2106 3611 2374 3647 calefaciendum;
2406 3619 2500 3651 quae-

1419 3662 1493 3692 dam
1510 3660 1694 3691 immediate
1719 3658 1864 3690 ordinata
1887 3658 1928 3688 ad
1951 3658 2111 3688 actionem
2131 3656 2305 3697 superioris
2330 3665 2454 3691 causae,
2472 3661 2503 3684 et

2517 863 2667 914 Sca'llli.vl3c¹i.
2682 870 2731 912 lviii:

1382 2185 1383 2199 π
1409 2174 1449 2205 ad
1473 2174 1618 2215 aliquam
1640 2174 1811 2210 virtutem,
1834 2174 1936 2214 Ergo:
1961 2191 1981 2196 -
2006 2173 2270 2214 respondendum
2294 2179 2342 2203 est
2365 2182 2422 2213 per
2445 2172 2495 2203 in·
2543 2169 2549 2174 '

2527 2585 2538 2596 ⁴
2552 2584 2624 2609 Num.
2639 2590 2675 2606 ιιι.

2530 3386 2539 3395 ·
2557 3384 2592 3406 ef.
2622 3384 2677 3410 Aug

2679 3399 2685 3405 .
2714 3383 2744 3404 de

2530 3411 2622 3433 Manca
2638 3410 2678 3431 lib.
2702 3410 2742 3436 νι,

2530 3444 2581 3466 cap.
2592 3443 2632 3459 vn.

2553 3525 2624 3547 Num.
