2768 4198
48 969 60 980 ⁸
72 967 183 998 conclu.
197 967 220 989 6.

5 1039 7 1042 Α
0 911 9 1022 n——gvv
0 886 5 904 a·
3 840 6 841 ,
0 796 3 799 -

48 3555 58 3564 ·
78 3554 126 3582 Qu.
150 3561 172 3578 v.
196 3558 249 3582 post

45 3581 148 3603 conclus.
163 3587 183 3610 3.

251 2795 257 2801 “
284 2795 337 2827 tia.
363 2795 411 2826 De
426 2793 545 2824 iustitia
559 2800 667 2824 autem
692 2802 722 2825 et
738 2793 907 2834 prudentia
931 2804 998 2824 non
1023 2801 1069 2824 est
1084 2794 1123 2824 ad
1139 2793 1362 2834 propositum:

964 243 1233 289 QUAESTIO
1264 244 1401 291 me,

345 327 404 362 An
437 334 611 366 QUARTUM
649 333 834 359 mesanum
864 322 969 371 quod
999 321 1269 359 delectationes
1289 323 1362 371 spi·

293 377 465 425 rituales,
496 376 563 414 etsi
593 375 804 413 secundum
835 387 946 412 suam
975 383 1151 412 naturam
1181 376 1254 412 sint
1283 388 1363 412 ma·
1388 377 1391 416 ἱ

290 432 391 471 iores
419 429 732 468 delectationibus
762 428 1037 478 corporalibus,
1064 437 1195 466 tamen
1214 441 1292 466 non
1313 429 1363 465 ita
1389 458 1390 471 ,

291 483 551 534 percipiuntur
584 494 710 520 sensu.
749 482 798 519 Et
825 494 894 531 per
927 494 1168 531 consequens
1206 495 1285 520 non
1313 482 1363 519 ita
1389 504 1391 511 »

289 539 540 576 vehementer
567 536 738 573 afficiunt
766 535 977 585 appetitum
1007 536 1245 583 sensitivum,
1274 548 1364 572 con·
1389 563 1391 576 ‚

290 600 347 629 tra
383 590 491 628 cuius
525 590 714 639 impetum
749 590 896 626 bonum
932 589 1086 627 rationis
1115 597 1391 645 conservatur}

290 657 359 694 per
385 644 573 681 moralem
601 643 795 680 virtutem.

343 698 413 735 Vel
443 697 651 736 dicendum
689 697 796 746 quod
830 696 1101 734 delectationes
1129 695 1365 746 spirituales,

1431 247 1729 285 ARTICULUS
1761 248 1812 285 lV

1416 336 1485 372 per
1505 338 1544 362 se
1573 327 1781 377 loquendo,
1803 336 1890 365 sunt
1909 329 2123 366 secundum
2145 329 2344 367 rationem.
2375 331 2488 368 Unde

1417 389 1496 415 non
1525 388 1611 416 sunt
1640 381 1900 428 refrenandae,
1923 381 1993 418 nisi
2013 394 2082 431 per
2102 382 2298 420 accidens:
2329 383 2489 432 inquan-

1417 438 1498 467 tum
1528 432 1667 470 scilicet
1696 447 1772 471 una
1801 435 2000 473 delectatio
2029 435 2230 485 spiritualis
2259 437 2413 474 retrahit
2442 438 2489 474 ab

1418 483 1490 520 alia
1518 486 1658 533 potiori
1688 495 1723 524 et
1752 489 1872 536 magis
1902 489 2041 526 debita.

1472 539 1530 596 ᾼι)
1560 550 1723 580 ρυιΝτυΜ
1752 553 1936 579 montanum
1970 542 2076 592 quod
2114 555 2192 580 non
2223 555 2359 580 omnes
2389 544 2489 580 dele-

1419 596 1602 628 ctationes
1631 600 1751 630 tactus
1779 596 1967 643 pertinent
1990 596 2039 633 ad
2060 604 2216 634 naturae
2233 597 2491 634 conservatio-

1419 655 1521 680 nem.
1552 645 1601 681 Et
1630 645 1717 683 ideo
1743 660 1821 685 non
1843 657 1993 698 oportet
2021 650 2128 698 quod
2149 650 2248 688 circa
2268 662 2405 687 omnes
2427 651 2492 688 de-

1418 696 1639 735 lectationes
1668 706 1789 737 tactus
1818 702 1864 739 sit
1891 704 2155 752 temperantia.

2417 263 2485 300 127

977 795 1312 827 Commentario,
1335 792 1587 826 cardinalis
1610 795 1811 830 Caietam

320 886 340 906 Ν
364 875 497 907 articulo
514 881 630 916 quarto
655 874 798 905 eiusdem
823 874 1020 916 quaestionis
1037 873 1366 914 centesimaequadra-

293 888 581 961 Igesimaeprimae
612 919 748 950 dubium
779 929 815 949 ex
843 919 982 950 Martino
1011 918 1167 955 occurrit,
1192 918 1225 948 in
1250 918 1365 948 eodem

288 972 421 997 tractatu
446 965 484 994 de
508 963 745 1005 Temperantia,
763 974 818 1005 qu.
835 974 865 994 tv
880 963 908 1002 *‚
926 970 1036 995 contra
1054 963 1211 994 rationem
1234 962 1267 993 in
1292 961 1365 998 arti,-

289 1010 363 1041 culo
387 1003 526 1040 allatam.
558 1008 674 1049 Arguit
697 1008 856 1050 siquidem
880 1008 1129 1049 quadrupliciter
1152 1014 1261 1038 contra
1284 1017 1366 1038 eam.

287 1054 408 1085 Primo.
432 1053 629 1090 Aristoteles,
646 1053 837 1094 investigans
861 1053 942 1084 circa
964 1063 1045 1094 quas
1073 1052 1297 1084 delectationes
1321 1057 1368 1082 est

287 1098 508 1139 temperantia,
526 1108 593 1128 non
609 1108 647 1128 ex
670 1107 708 1128 eo
725 1097 816 1138 quod
831 1103 907 1128 sunt
927 1097 1094 1132 maximae,
1111 1107 1166 1128 seu
1192 1107 1229 1128 ex
1244 1096 1366 1136 magni·
1392 1112 1394 1137 3

288 1143 409 1179 tudine,
426 1143 482 1174 sed
498 1153 535 1174 ex
558 1152 620 1173 usu
635 1142 841 1183 loquentium
856 1141 1038 1183 investigat:
1063 1141 1139 1182 quia
1156 1141 1274 1172 scilicet
1290 1141 1368 1172 tales
1392 1150 1394 1177 ζ

287 1188 490 1229 appellantur
512 1185 723 1227 intemperati.

343 1232 504 1269 Secundo,
521 1231 596 1272 quia
612 1230 858 1271 magnanimitas
881 1238 912 1261 et
936 1230 1092 1261 fortitudo
1117 1230 1282 1261 cardinalis
1306 1229 1368 1259 vir·
1393 1231 1394 1264 j

287 1284 338 1314 tus
362 1283 410 1307 est
429 1276 510 1315 circa
527 1275 691 1316 pericula:
717 1282 747 1306 et
763 1282 870 1306 tamen
888 1285 954 1305 non
971 1275 1052 1306 circa
1075 1275 1213 1305 maxima
1229 1281 1366 1306 tantum.
1392 1272 1394 1310 1

276 1320 330 1352 -Et
350 1319 496 1351 similiter
520 1319 735 1351 mansuetudo
760 1321 840 1352 circa
863 1319 940 1350 iras:
966 1327 996 1350 et
1019 1327 1126 1351 tamen
1151 1329 1217 1350 non
1241 1325 1367 1350 tantum

286 1365 368 1397 circa
391 1364 547 1396 maximas
569 1364 641 1395 iras.
666 1365 707 1395 Et
730 1364 875 1396 similiter
904 1363 1024 1396 iustitia
1048 1371 1079 1395 et
1108 1364 1277 1404 prudentia
1300 1374 1367 1394 non
1393 1388 1394 1401 2

286 1418 361 1441 sunt
377 1416 504 1441 tantum
520 1409 600 1440 circa
616 1409 765 1441 maxima.
789 1410 876 1449 Ergo
899 1418 958 1440 nec
975 1409 1184 1450 temperantia
1202 1409 1283 1439 circa
1300 1419 1366 1439 ma·
1391 1403 1394 1455 ξ

285 1454 387 1486 ximus
410 1453 636 1486 delectationes
659 1461 706 1485 est
729 1454 889 1494 ponenda.
1392 1461 1394 1487 ς

347 1499 464 1531 Tertio.
489 1499 723 1531 Delectationes
751 1499 891 1536 animae,
914 1498 1028 1530 saltem
1051 1498 1194 1539 aliquae,
1218 1497 1367 1528 videntur
1391 1509 1393 1542 3

286 1544 391 1575 multo
408 1543 546 1575 maiores
568 1553 669 1586 quam
688 1542 914 1575 delectationes
931 1544 1085 1584 corporis.
1104 1543 1146 1574 Et
1161 1549 1268 1574 tamen
1286 1541 1367 1573 circa
1391 1543 1393 1571 ,“

286 1598 339 1620 eas
362 1598 430 1620 non
454 1595 502 1620 est
524 1588 744 1630 temperantia.
761 1606 782 1612 -—
805 1589 1006 1620 Antecedens
1030 1595 1117 1629 patet
1140 1587 1179 1618 de
1209 1586 1366 1618 felicitatis
1391 1594 1392 1627 ζ

285 1632 507 1664 delectatione.
1390 1631 1392 1666 l

344 1677 483 1716 Quarto,
500 1677 576 1720 quia
595 1677 793 1715 Aristoteles,
810 1678 867 1709 VII
883 1677 988 1709 Ethic.
1004 1677 1031 1714 *,
1048 1677 1164 1718 probat
1182 1677 1271 1718 quod
1288 1677 1366 1707 tales
1390 1667 1392 1681 ¹

285 1732 353 1755 non
375 1729 452 1754 sunt
474 1722 700 1754 delectationes
724 1722 783 1753 nisi
808 1732 864 1764 per
887 1722 1042 1759 accidens,
1064 1722 1139 1764 quia
1163 1731 1366 1763 consequun-
1390 1736 1392 1742 v

284 1773 337 1800 mr
358 1766 587 1808 indigentiam:
610 1767 683 1798 illae
701 1777 778 1798 vero
794 1774 870 1799 sunt
891 1777 984 1798 verae
1007 1774 1039 1798 et
1054 1777 1110 1808 per
1126 1776 1159 1797 se
1183 1766 1366 1798 delectatio·
1390 1779 1392 1813 ζ

285 1822 342 1845 nes
363 1821 446 1854 quae
469 1812 592 1843 nullam
616 1812 825 1853 indigentiam
849 1818 1102 1853 consequuntur.

342 1857 379 1888 ll.
403 1857 455 1888 Ad
477 1857 597 1888 horum
621 1857 830 1894 evidentiam,
855 1857 982 1888 adverte
1011 1857 1090 1887 duo,
1122 1856 1250 1892 Primo,
1274 1856 1364 1896 quod

285 1901 451 1944 conclusio
474 1902 596 1932 litterae
612 1908 659 1932 est
682 1902 771 1943 quod
795 1901 1004 1942 temperantia
1021 1907 1068 1931 est
1083 1900 1191 1931 solum
1215 1899 1295 1930 circa
1312 1900 1365 1931 de-

283 1946 470 1978 lectationes
493 1953 596 1977 tactus
615 1946 845 1986 principaliter
867 1951 898 1977 et
915 1946 1070 1987 proprie:
1093 1952 1128 1976 ut
1151 1951 1238 1985 patet
1260 1954 1297 1975 ex
1321 1954 1365 1975 re-

285 1990 461 2031 sponsione
485 1991 525 2021 ad
548 1990 702 2031 primum,
727 1991 782 2021 ubi
806 1990 884 2021 istae
906 1990 1114 2021 limitationes
1145 1996 1365 2030 apponuntur.

285 2035 333 2066 Ex
356 2045 396 2065 eo
421 2034 507 2065 enim
530 2041 617 2075 patet
641 2035 730 2076 quod
754 2035 963 2076 temperantia
987 2034 1175 2066 secundario
1193 2041 1298 2074 potest
1314 2044 1364 2065 ex·
1389 2046 1392 2092 k

285 2080 414 2111 tendere
438 2089 471 2110 se
495 2080 534 2110 ad
558 2079 635 2110 alias
659 2079 893 2111 delectationes.

341 2124 502 2161 Secundo,
518 2125 608 2165 quod
625 2125 699 2165 quia
714 2125 923 2165 temperantia
947 2131 994 2155 est
1009 2124 1108 2155 virtus
1125 2123 1292 2154 cardinalis
1307 2133 1362 2154 seu

285 2168 485 2210 principalis;
510 2179 545 2200 ac
569 2179 625 2210 per
648 2169 719 2205 hoc,
736 2171 884 2200 omnium
906 2169 1079 2199 moralium
1103 2168 1256 2198 virtutum
1282 2178 1364 2208 quae

286 2213 464 2245 consistunt
486 2213 519 2244 in
544 2213 742 2245 moderando
767 2221 865 2254 caput
888 2221 949 2250 est,
973 2213 1056 2244 sicut
1079 2212 1235 2244 fortitudo
1259 2222 1363 2253 respe-

285 2265 339 2290 ctu
354 2258 509 2289 virtutum
527 2257 771 2289 consistentium
794 2258 826 2288 in
841 2257 989 2289 firmitate
1009 2257 1121 2288 animi:
1146 2257 1220 2287 ideo
1237 2264 1364 2297 oportet

284 2302 521 2344 temperantiae,
538 2309 693 2343 tanquam
717 2303 883 2343 principali
899 2302 1018 2338 virtuti,
1037 2301 1245 2343 principalem
1266 2309 1363 2332 mate-

283 2348 364 2378 riam
387 2347 589 2387 respondere.
615 2347 788 2388 Praecipua
810 2355 919 2379 autem
938 2347 1069 2378 materia
1091 2346 1174 2377 inter
1196 2346 1363 2377 delectabi-

283 2392 326 2424 lia
349 2399 396 2423 est
419 2391 604 2422 delectabile
619 2393 799 2423 secundum
822 2399 954 2430 tactum,
972 2399 1007 2423 ut
1030 2392 1063 2422 in
1079 2391 1182 2422 littera
1198 2392 1363 2432 probatur.

283 2437 326 2469 Et
347 2437 422 2468 ideo
445 2436 672 2477 temperantiae
695 2436 855 2468 tribuitur.

339 2482 392 2513 Ad
410 2482 554 2522 primum
583 2488 692 2512 autem
721 2482 948 2523 argumentum
978 2480 1107 2512 Martini
1131 2480 1246 2511 dicitur
1273 2481 1363 2522 quod

283 2527 376 2558 locus
406 2526 445 2556 ab
469 2525 656 2557 auctoritate
685 2527 830 2567 negative
860 2526 939 2557 nihil
962 2526 1056 2557 valet.
1089 2525 1172 2556 Male
1203 2525 1364 2566 siquidem

285 2581 360 2603 cum
384 2571 528 2601 humano
550 2570 680 2610 ingenio
704 2578 812 2602 actum
836 2578 927 2608 esset,
943 2571 969 2602 si
993 2570 1072 2601 nihil
1097 2569 1175 2601 scire
1194 2580 1364 2610 possemus

285 2616 345 2647 nisi
369 2625 452 2657 quae
475 2614 662 2646 Aristoteles
685 2615 772 2647 dixit.

341 2661 394 2691 Ad
416 2659 593 2691 secundum
625 2659 740 2690 dicitur
762 2660 853 2702 quod
886 2659 1042 2691 fortitudo
1066 2659 1165 2691 virtus
1197 2659 1364 2690 cardinalis

285 2712 332 2736 est
355 2706 436 2736 circa
460 2704 599 2734 maxima
623 2704 763 2744 pericula
787 2711 913 2735 tantum
932 2704 1147 2745 principaliter
1170 2710 1201 2734 et
1223 2704 1364 2745 proprie,

285 2757 322 2782 ut
344 2757 431 2791 patet
451 2749 485 2779 in
510 2749 551 2779 111
574 2749 680 2780 Ethic.
696 2749 713 2768 *
736 2750 777 2780 Et
800 2749 944 2780 similiter
966 2749 1104 2780 dicimus
1120 2750 1159 2780 de
1182 2755 1362 2789 temperan-

285 2840 361 2882 quia
383 2839 438 2870 illa
461 2845 508 2870 est
531 2838 612 2869 circa
636 2838 839 2879 operationes
865 2845 896 2869 et
919 2848 985 2868 non
1005 2838 1087 2869 circa
1110 2838 1286 2879 passiones,
1303 2838 1363 2870 ista

284 2891 393 2916 autem
417 2890 464 2914 est
487 2883 568 2914 circa
591 2893 690 2914 omne
713 2883 843 2923 agibile;
868 2893 974 2914 sermo
1006 2890 1113 2914 autem
1145 2893 1293 2923 praesens
1317 2890 1365 2914 est

284 2931 324 2961 de
347 2929 517 2960 virtutibus
540 2927 771 2968 principalibus
795 2928 876 2959 circa
897 2927 1062 2968 passiones
1085 2934 1122 2958 ut
1144 2927 1308 2968 propriam
1333 2935 1364 2959 et

284 2973 494 3015 principalem
517 2972 693 3004 materiam.
725 2973 766 3004 Et
789 2979 958 3013 propterea
987 2972 1083 3003 etiam
1107 2979 1193 3013 patet
1222 2972 1363 3003 exclusio

285 3018 551 3054 mansuetudinis,
567 3027 650 3058 quae
666 3027 732 3048 non
750 3024 796 3048 est
818 3017 917 3048 virtus
934 3017 1109 3048 cardinalis.
1135 3017 1291 3054 Quamvis
1307 3016 1363 3048 fal-

285 3074 358 3095 sum
382 3063 422 3094 sit
444 3063 535 3104 quod
558 3062 774 3093 mansuetudo
799 3072 864 3092 non
889 3061 930 3092 sit
944 3061 1160 3102 principaliter
1182 3068 1214 3092 et
1236 3061 1364 3102 proprie

286 3109 367 3140 circa
391 3108 530 3138 maxima
551 3107 637 3138 illius
659 3107 793 3147 generis,
810 3114 847 3138 ut
870 3116 907 3136 ex
930 3116 1026 3147 supra
1041 3106 1059 3125 *
1081 3105 1173 3137 dictis
1196 3113 1292 3146 patet.

343 3153 394 3183 Ad
418 3153 548 3183 tertium
572 3152 696 3189 dicitur,
722 3162 797 3183 cum
821 3153 962 3182 Auctore
985 3151 1018 3181 in
1040 3151 1159 3187 littera,
1182 3151 1271 3191 quod
1295 3160 1362 3181 non

279 3202 324 3227 'ex
346 3197 410 3227 hoc
432 3197 523 3237 quod
545 3197 712 3228 delectatio
736 3203 783 3227 est
806 3195 954 3232 maxima,
972 3196 1027 3226 sed
1051 3205 1088 3226 ex
1110 3195 1173 3226 hoc
1196 3195 1286 3236 quod
1309 3195 1363 3225 de-

285 3240 413 3272 lectatio
436 3240 469 3271 in
493 3241 548 3272 tali
571 3251 695 3282 genere,
712 3241 831 3272 scilicet
847 3240 1045 3271 sensibilium
1069 3250 1105 3271 ac
1128 3239 1361 3280 regulabilium,

286 3292 333 3316 est
355 3284 504 3322 maxima,
520 3286 652 3325 ponitur
674 3286 806 3317 materia
829 3284 1067 3326 temperantiae.

342 3329 383 3360 Et
405 3339 462 3369 per
484 3329 546 3360 hoc
570 3337 656 3370 patet
678 3330 845 3371 responsio
873 3330 914 3361 ad
937 3335 1099 3371 quartum.
1131 3328 1234 3360 Gratis
1263 3328 1362 3369 siqui-

286 3374 360 3404 dem
384 3373 591 3404 concedimus
614 3376 795 3415 corporales
811 3374 1035 3406 delectationes
1059 3383 1126 3404 esse
1149 3372 1360 3414 imperfectas,

286 3425 318 3450 et
340 3418 481 3449 minores
504 3419 683 3450 secundum
698 3429 732 3450 se
754 3419 980 3460 spiritualibus
1005 3419 1067 3450 Sed
1083 3418 1176 3449 nobis
1196 3425 1271 3448 sunt
1293 3428 1361 3448 ma-

285 3463 398 3499 ximae,
416 3470 447 3493 et
468 3462 560 3493 valde
584 3471 620 3493 ac
643 3464 752 3494 crebro
776 3474 794 3494 a
818 3465 905 3495 bono
929 3474 990 3495 nos
1014 3463 1189 3494 abducunt.

343 3508 395 3538 111.
420 3507 456 3537 In
479 3507 688 3547 responsione
704 3508 743 3538 ad
766 3508 895 3539 tertium
915 3508 1058 3539 eiusdem
1081 3507 1203 3538 articuli
1224 3507 1360 3538 dubium

287 3563 324 3583 ex
348 3552 496 3589 Martino,
521 3551 638 3582 ibidem
655 3551 682 3588 *,
707 3552 852 3589 occurrit,
877 3563 943 3583 non
972 3553 1094 3583 morale
1123 3553 1178 3583 sed
1207 3552 1359 3588 naturale,
1385 3584 1386 3588 ,

288 3597 368 3628 circa
392 3596 600 3627 differentiam
623 3596 656 3626 in
679 3595 782 3627 littera
805 3597 943 3636 positam
959 3596 1041 3628 inter
1062 3597 1230 3627 hominem
1254 3603 1285 3628 et
1299 3597 1360 3627 alia
1383 3611 1388 3629 a

1419 872 1568 903 animalia
1592 884 1664 914 erga
1687 876 1911 908 delectationes
1935 879 2031 909 trium
2055 890 2219 917 sensuum,
2237 881 2355 912 scilicet
2378 882 2493 912 odora-

1419 923 1481 967 tus,
1506 918 1634 949 auditus
1659 926 1689 950 et
1713 920 1808 952 visus.
1845 923 1958 962 Arguit
1987 923 2145 964 siquidem
2172 925 2389 967 multipliciter
2411 926 2494 956 Mar-

1418 968 1505 992 tinus
1530 963 1619 1003 quod
1644 965 1801 1004 quaedam
1819 965 1879 996 alia
1903 967 2051 998 animalia
2067 969 2262 1000 delectantur
2285 970 2317 1000 in
2341 970 2408 1001 istis
2424 980 2493 1000 sen-

1420 1006 1518 1043 sibus,
1536 1007 1662 1038 secluso
1686 1009 1798 1039 ordine
1822 1010 1860 1039 ad
1881 1019 2012 1049 gustum
2029 1020 2059 1043 et
2074 1019 2204 1045 tactum.
2230 1015 2271 1045 Et
2295 1014 2430 1055 primo*
2446 1014 2493 1044 in-

1419 1050 1490 1092 quit
1513 1061 1579 1082 non
1613 1052 1719 1083 haberi
1744 1054 1782 1084 ab
1814 1054 1982 1086 Aristotele
2015 1056 2225 1088 universalem
2249 1059 2353 1095 illam,
2378 1059 2496 1090 scilicet

1420 1096 1510 1136 quod
1535 1096 1663 1126 nullum
1686 1097 1773 1128 aliud
1797 1098 1914 1129 animal
1938 1100 2109 1131 delectetur
2131 1102 2164 1131 in
2187 1102 2249 1133 illis
2273 1104 2417 1134 sensibus
2441 1103 2494 1134 tri-

1420 1140 1480 1171 bus
1496 1141 1675 1171 secundum
1691 1150 1739 1172 se:
1761 1143 1907 1183 quamvis
1922 1144 2075 1175 habeatur
2087 1147 2176 1186 quod
2193 1147 2254 1177 hoc
2266 1157 2331 1177 non
2348 1158 2495 1178 commu-

1392 1189 1394 1226 }
1419 1184 1499 1215 niter
1523 1186 1692 1216 conveniat
1716 1186 1784 1216 aliis
1807 1187 2008 1220 animalibus.

1476 1229 1600 1261 Deinde
1624 1231 1739 1270 probat
1762 1231 1894 1263 ratione.
1919 1232 2035 1264 Omnis
2065 1234 2207 1275 potentia
2237 1236 2417 1276 perceptiva
2441 1236 2495 1266 ali-

1420 1274 1512 1305 cuius
1536 1274 1651 1306 obiecti
1668 1285 1750 1316 quae
1775 1276 1915 1307 tristatur
1931 1277 1963 1308 in
1983 1277 2240 1319 improportione
2264 1280 2349 1310 illius
2369 1281 2495 1316 obiecti,

1420 1319 1595 1350 delectatur
1617 1320 1796 1351 secundum
1827 1331 1859 1351 se
1883 1321 1915 1351 in
1947 1323 2156 1364 proportione
2186 1323 2255 1354 talis
2279 1325 2404 1355 obiecti.
2435 1324 2495 1355 Sed

1420 1363 1506 1394 visus
1531 1364 1700 1395 brutorum
1726 1371 1772 1396 est
1796 1365 1998 1397 huiusmodi:
2025 1368 2099 1409 quia
2116 1368 2319 1399 contristatur
2342 1369 2374 1399 in
2399 1369 2496 1400 excel-

1420 1408 1497 1439 lenti
1520 1409 1601 1440 luce.
1627 1409 1713 1450 Ergo
1737 1410 1911 1441 delectatur
1933 1412 2064 1443 brutum
2087 1413 2226 1444 videndo
2254 1414 2497 1444 convenientem

1419 1454 1536 1505 lucem.
1545 1471 1576 1505 .-
1600 1453 1641 1485 Et
1657 1454 1772 1485 eodem
1796 1456 1897 1486 modo
1914 1456 2002 1496 argui
2027 1464 2135 1498 potest
2152 1458 2190 1488 de
2210 1457 2321 1489 auditu
2347 1459 2498 1489 excellen-

1419 1506 1458 1530 tis
1482 1508 1565 1529 soni.

1476 1543 1590 1584 Arguit
1619 1553 1752 1585 quoque
1781 1545 1892 1575 multis
1915 1545 2012 1586 signis
2028 1545 2055 1576 *.
2081 1546 2199 1578 Primo.
2230 1549 2313 1577 Aves
2342 1547 2498 1579 delectan-

1418 1594 1471 1619 tur
1486 1587 1519 1618 in
1544 1595 1649 1625 cantu,
1667 1598 1733 1619 non
1750 1589 1857 1620 solum
1882 1600 1952 1627 suo,
1970 1591 2025 1620 sed
2041 1590 2137 1622 etiam
2153 1591 2269 1622 alieno.
2293 1592 2390 1633 Ergo.
2404 1610 2424 1615 —
2441 1593 2497 1623 Pa-

1418 1639 1462 1664 tet
1485 1633 1625 1674 sequela.
1649 1633 1739 1664 Tum
1762 1634 1837 1674 quia
1853 1641 1884 1665 et
1907 1634 1940 1665 in
1957 1642 2051 1666 cantu
2068 1645 2139 1672 suo,
2157 1643 2188 1667 et
2202 1636 2235 1666 in
2252 1643 2346 1667 cantu
2371 1637 2498 1668 alterius

1419 1678 1640 1714 con-masculi,
1669 1688 1733 1708 non
1759 1685 1889 1720 propter
1912 1686 2032 1710 tactum
2057 1690 2114 1711 nec
2137 1687 2269 1721 propter
2291 1689 2422 1721 gustum
2447 1683 2498 1712 de-

1417 1723 1583 1753 lectantur.
1600 1740 1621 1746 —
1645 1722 1734 1753 Tum
1751 1723 1826 1764 quia
1843 1723 2040 1755 delectantur
2055 1724 2087 1755 in
2105 1733 2199 1756 cantu
2225 1732 2256 1756 et
2276 1735 2423 1757 sermone
2440 1727 2498 1758 hu-

1418 1777 1526 1803 mano,
1547 1774 1584 1798 ut
1598 1766 1696 1797 sibilis
1720 1774 1750 1798 et
1765 1767 2013 1799 imitationibus:
2040 1770 2185 1806 audiunt,
2210 1770 2346 1807 discunt,
2363 1778 2394 1801 et
2418 1771 2497 1803 laete

1419 1818 1493 1852 post
1517 1818 1643 1842 cantant
1659 1819 1715 1842 aut
1736 1812 1925 1853 loquuntur.

1474 1855 1634 1893 Secundo,
1651 1856 1727 1897 quia
1750 1866 1843 1887 canes
1867 1857 2064 1888 delectantur
2088 1858 2119 1888 in
2145 1858 2265 1890 olfactu
2283 1866 2313 1890 et
2336 1859 2406 1891 visu
2431 1871 2497 1891 ma-

1417 1900 1591 1940 gistrorum
1615 1910 1766 1931 suorum:
1791 1908 1828 1932 ut
1851 1909 1936 1942 patet
1959 1912 1996 1932 ex
2020 1903 2187 1943 applausu.

1473 1945 1595 1981 Tertio,
1612 1945 1688 1986 quia
1710 1945 1782 1976 olor
1798 1946 1974 1977 moriturus
1998 1947 2185 1978 suavissime
2201 1947 2234 1978 in
2259 1949 2351 1990 aquis
2375 1956 2496 1980 cantat:

1417 1990 1503 2020 iuxta
1526 1990 1606 2020 illud
1630 1989 1781 2021 Ovidii*:
1806 1991 1871 2028 Sic,
1888 1991 1943 2022 ubi
1954 1990 2036 2032 sata
2061 1998 2187 2030 vocant,
2209 1993 2282 2024 udis
2304 1994 2446 2025 abiectus
2463 1995 2495 2024 in

1417 2035 1523 2072 undis,
1541 2034 1592 2066 Ad
1615 2035 1699 2066 vada
1723 2036 1910 2073 Maeandri,
1927 2037 2066 2066 concinit
2089 2037 2182 2068 albus
2205 2038 2285 2069 olor.

1475 2079 1527 2110 IV.
1552 2079 1603 2109 Ad
1626 2079 1714 2116 haec,
1731 2087 1890 2120 quantum
1906 2080 1997 2111 locus
2018 2080 2075 2111 iste
2092 2081 2197 2122 exigit,
2215 2082 2329 2112 dicitur
2352 2083 2440 2123 quod
2458 2083 2496 2113 ab

1416 2123 1598 2160 Aristotele,
1615 2134 1682 2154 non
1698 2125 1806 2154 solum
1830 2124 1862 2154 in
1880 2125 1922 2154 III
1938 2125 2042 2155 Ethic.
2059 2125 2086 2161 *‚
2105 2124 2159 2155 sed
2176 2126 2272 2156 etiam
2288 2126 2320 2156 in
2337 2127 2377 2157 de
2392 2127 2496 2157 Sensu

1416 2173 1447 2198 et
1470 2168 1625 2205 Sensato,
1650 2168 1752 2208 capite
1775 2169 1816 2199 de
1842 2168 1951 2199 Odore
1972 2169 1998 2206 *‚
2023 2169 2157 2201 habetur
2187 2180 2332 2210 expresse
2357 2171 2497 2202 exclusio

1416 2219 1596 2243 ceterorum
1617 2212 1816 2250 animalium,
1838 2213 1917 2243 dum
1941 2213 2057 2244 dicitur
2079 2215 2169 2255 quod
2186 2216 2359 2255 proprium
2380 2221 2427 2246 est
2445 2216 2498 2246 ho-

1417 2258 1513 2288 minis
1544 2257 1691 2288 delectari
1722 2257 1754 2287 in
1785 2257 1941 2288 odoribus
1976 2259 2155 2289 secundum
2188 2269 2231 2290 se.
2268 2260 2310 2290 Et
2340 2260 2498 2290 rationem

1417 2301 1528 2332 reddit.

1473 2346 1523 2377 Ad
1548 2346 1705 2377 rationem
1729 2347 1768 2376 ab
1793 2354 1945 2386 arguente
1969 2347 2107 2383 allatam,
2132 2347 2248 2378 dicitur
2271 2348 2377 2388 primo
2398 2350 2497 2389 quod,

1416 2390 1442 2421 si
1466 2391 1558 2427 valet,
1582 2390 1747 2421 concludit
1769 2391 1860 2432 quod
1891 2391 2001 2422 omnia
2025 2392 2175 2422 animalia
2206 2393 2354 2424 habentia
2385 2403 2498 2424 omnes

1417 2445 1539 2472 sensus,
1556 2435 1773 2466 communiter
1788 2435 1985 2467 delectantur
1999 2436 2032 2467 in
2053 2436 2205 2467 omnibus
2221 2437 2365 2468 sensibus
2385 2448 2497 2469 secun-

1417 2481 1497 2511 dum
1521 2490 1564 2511 se.
1590 2480 1690 2518 Quod
1714 2487 1760 2511 est
1785 2487 1895 2511 contra
1917 2488 2115 2521 arguentem.

1473 2525 1623 2556 Solvatur
1639 2535 1714 2565 ergo
1739 2526 1893 2561 secundo,
1911 2535 1970 2566 pro
1987 2526 2154 2557 omnibus:
2180 2526 2316 2557 dicendo
2332 2528 2422 2568 quod
2439 2528 2497 2558 rni-

1418 2579 1478 2600 nor
1501 2576 1548 2600 est
1571 2569 1659 2606 falsa,
1679 2570 1846 2610 loquendo
1871 2570 1910 2600 de
1933 2570 2058 2601 tristitia
2078 2570 2219 2602 animali.
2245 2571 2387 2608 Quilibet
2410 2572 2495 2602 enim

1417 2624 1529 2645 sensus
1557 2621 1588 2645 et
1612 2614 1773 2655 quaelibet
1802 2615 1946 2654 potentia
1969 2615 2194 2652 delectatione,
2221 2615 2284 2646 hoc
2307 2622 2363 2652 est,
2387 2617 2496 2656 quiete

1418 2659 1553 2690 naturali
1577 2659 1609 2689 in
1630 2659 1688 2690 sibi
1706 2659 1964 2699 proportionatO,
1982 2660 2166 2696 delectatur,
2186 2660 2248 2690 hoc
2267 2667 2323 2696 est,
2341 2661 2493 2701 quiescit;

1418 2711 1448 2734 et
1469 2703 1502 2734 in
1523 2704 1676 2744 opposito
1693 2703 1842 2740 tristatur,
1859 2704 1921 2734 hoc
1938 2710 1993 2740 est,
2010 2711 2167 2744 repugnat
2189 2704 2246 2735 illi.
2271 2705 2333 2735 Sed
2348 2705 2411 2736 hoc
2428 2716 2493 2736 non

1417 2748 1532 2780 sufficit
1556 2749 1595 2778 ad
1619 2748 1864 2779 delectationem
1888 2755 1919 2779 et
1942 2748 2099 2780 tristitiam
2123 2748 2309 2779 animalem:
2334 2750 2389 2780 sed
2414 2751 2494 2781 ultra

1417 2793 1478 2824 hoc
1502 2792 1637 2833 exigitur
1659 2794 1748 2834 quod
1772 2793 1914 2824 interiori
1938 2793 2192 2833 apprehensione
2216 2801 2426 2834 cognoscatur
2441 2795 2494 2825 illa

1417 2837 1639 2868 convenientia
1662 2844 1718 2868 aut
1741 2837 2012 2868 disconvenientia
2042 2838 2261 2879 proportionis
2294 2839 2492 2871 coniunctae.

1417 2883 1516 2920 Quod
1540 2889 1622 2913 esset
1644 2882 1848 2922 probandum
1876 2883 1909 2913 in
1934 2883 2034 2914 brutis
2063 2883 2207 2914 inveniri.
2241 2885 2383 2923 Apparet
2406 2894 2493 2914 nam-

1417 2937 1480 2968 que
1505 2927 1694 2967 oppositum
1717 2927 1750 2957 in
1767 2927 1867 2958 brutis
1891 2928 1998 2968 quoad
2016 2928 2132 2958 odores
2156 2935 2187 2959 et
2210 2927 2336 2964 fetores,
2354 2929 2431 2959 dum
2448 2929 2493 2959 nil

1417 2982 1526 3003 curare
1549 2971 1698 3002 videntur
1721 2972 1760 3002 de
1784 2978 1832 3003 tot
1854 2971 1959 3002 fetidis
1987 2972 2150 3003 odoribus.
2183 2973 2275 3003 Unde
2299 2973 2375 3003 dicit
2397 2973 2492 3004 etiam

1418 3016 1613 3052 Aristoteles,
1630 3016 1750 3046 ibidem
1762 3016 1795 3046 *2
1819 3016 1987 3058 Contingit
2001 3018 2159 3048 animalia
2167 3017 2294 3058 fugere
2312 3018 2493 3048 huiusmodi

1416 3061 1536 3099 fetida,
1560 3062 1590 3092 si
1612 3066 1689 3092 sunt
1711 3062 1877 3092 contraria
1901 3062 2120 3103 tangibilibus,
2144 3062 2409 3102 quemadmodum
2435 3072 2493 3093 nos

1415 3115 1600 3147 gravamur
1618 3115 1660 3136 ex
1671 3105 1773 3146 fumo
1790 3111 1821 3136 et
1834 3106 2000 3146 sulphure.
2025 3107 2067 3136 Et
2085 3106 2199 3136 eodem
2220 3106 2319 3136 modo
2343 3106 2492 3137 animalia

1417 3150 1577 3181 declinant
1600 3150 1713 3180 oculos
1736 3151 1775 3180 ab
1800 3150 1962 3181 excellenti
1984 3150 2066 3187 luce,
2083 3157 2195 3190 utpote
2214 3150 2357 3181 laedente
2381 3151 2492 3191 organi

1417 3194 1684 3235 complexionem,
1701 3194 1784 3225 sicut
1797 3195 1958 3225 declinant
1980 3205 1998 3225 a
2021 3195 2135 3235 spinis:
2160 3195 2224 3224 iam
2241 3195 2326 3225 enim
2344 3202 2379 3226 ut
2393 3196 2491 3226 tactui

1417 3239 1573 3270 contraria
1595 3239 1776 3270 sentiuntur
1798 3239 1831 3269 in
1856 3239 1967 3275 oculis,
1983 3239 2016 3269 in
2041 3239 2152 3280 capite,
2169 3246 2227 3270 etc.

1471 3284 1510 3314 V.
1534 3283 1586 3314 Ad
1609 3283 1751 3323 primum
1775 3283 1932 3323 signum*
1956 3283 2070 3314 dicitur
2093 3283 2183 3324 quod
2207 3294 2280 3314 aves
2312 3294 2379 3314 non
2407 3284 2490 3315 dele-

1416 3335 1540 3359 ctantur
1555 3327 1588 3358 in
1613 3334 1706 3358 cantu
1723 3327 2034 3369 quomodocumque
2058 3329 2234 3359 secundum
2251 3338 2285 3359 se
2304 3335 2340 3359 ut
2355 3335 2403 3360 est
2419 3339 2491 3360 can-

1415 3380 1476 3409 tus,
1494 3380 1591 3413 prout
1614 3372 1732 3403 scilicet
1754 3379 1910 3403 consonat
1932 3372 2074 3403 auditui:
2099 3373 2154 3403 sed
2178 3380 2214 3404 ut
2237 3379 2312 3404 sunt
2341 3381 2396 3404 aut
2420 3373 2491 3404 effe-

1415 3424 1494 3454 ctus,
1512 3424 1567 3448 aut
1590 3417 1669 3453 viae,
1686 3423 1742 3447 aut
1764 3417 1872 3458 aliquo
1900 3417 2001 3447 modo
2025 3427 2058 3448 se
2082 3417 2229 3448 habentia
2253 3418 2293 3448 ad
2322 3418 2491 3458 gustabilia

1414 3462 1465 3493 vel
1487 3461 1660 3502 tangibilia.
1691 3461 1766 3492 Non
1797 3462 1883 3492 enim
1915 3469 2043 3493 cantant
2070 3469 2106 3493 ut
2135 3463 2314 3494 secundum
2345 3463 2491 3493 auditum

1414 3507 1626 3538 delectentur:
1652 3506 1706 3536 sed
1729 3506 1780 3536 vel
1811 3507 1958 3537 vocando
1989 3507 2029 3537 ad
2059 3507 2181 3538 coitum
2204 3514 2260 3538 aut
2292 3507 2489 3548 appetendo;

1414 3558 1469 3582 aut
1492 3561 1529 3581 ex
1553 3550 1775 3591 complexione
1799 3550 1929 3582 excitata
1953 3558 2064 3582 natura
2080 3552 2119 3582 ad
2143 3562 2247 3588 voces,
2265 3551 2346 3583 sicut
2370 3551 2489 3590 experi-

1414 3606 1487 3626 mur
1509 3597 1542 3626 in
1567 3595 1659 3626 nobis
1684 3596 1783 3636 quod,
1807 3596 2005 3636 congregatis
2035 3597 2145 3627 multis
2169 3597 2208 3627 ad
2233 3606 2287 3627 cor
2310 3595 2487 3636 spiritibus,

2522 1027 2530 1035 ·
2545 1025 2581 1047 Cf.
2597 1030 2661 1047 num.
2677 1031 2707 1046 iv.

2525 1561 2534 1568 ⁸
2549 1559 2584 1581 Cf.
2600 1565 2662 1581 num⁴
2679 1566 2699 1580 v.

2523 2002 2532 2010 ⁸
2539 2000 2650 2027 Heroid„
2660 2001 2735 2029 Epist.

2524 2027 2575 2053 VII,
2591 2034 2649 2050 vera.
2665 2034 2679 2049 1.

2525 2136 2735 2164 'Loc.cit.inresp.

2524 2163 2601 2211 ¹3dnziil.
2621 2195 2671 2218 cap.
2690 2197 2711 2211 v.
2727 2203 2736 2207 -

2525 2215 2722 2239 S.Th.1ect.x1n.

2521 3028 2604 3076 '‘thoc.
2626 3029 2732 3056 proxime

2521 3061 2541 3075 Cl
2555 3072 2559 3075 .

2520 3300 2530 3308 ⁸
2544 3298 2614 3320 Num.
2631 3305 2669 3323 ιιι,
2687 3300 2730 3321 Ar-

2517 3326 2573 3352 guit
2585 3331 2682 3354 quoque.

2568 3573 2588 3582 q
