2768 4198
930 285 1198 331 QUAESTIO
1229 288 1477 337 CLXXXVI,
1507 292 1804 330 ARTICULUS
1834 295 1864 330 11

2402 300 2479 347 489

295 367 372 407 tua,
393 361 574 398 instanter
592 373 775 409 operare;
804 370 859 398 est
878 369 1007 399 tamen
1028 362 1041 387 t
1069 364 1203 412 aliquis
1223 367 1363 403 modus
1389 371 1391 409 l
1417 369 1576 407 haberet
1603 372 1815 420 proprium,
1846 374 1907 409 vel
1937 374 2182 412 matrimonio
2212 383 2389 424 uteretur,
2419 385 2483 414 aut

295 415 370 451 hoc
397 421 645 463 praeceptum
665 414 848 463 implendi
877 427 955 462 quo
983 424 1183 464 peccatum
1202 418 1361 466 vitatur,

296 467 326 504 si
359 467 499 504 seilicet
539 468 660 504 homo
697 466 810 503 faciat
845 470 950 516 quod
987 477 1113 517 potest
1151 473 1363 509 secundum
1389 477 1391 515 3
1418 475 1585 512 sentialia
1614 477 1802 524 religionis
1830 487 1932 516 vota.
1969 481 2017 517 Et
2045 481 2132 518 ideo
2162 482 2209 518 ad
2239 482 2368 519 omnia
2396 483 2482 520 talia

1390 554 1391 558 ,
1419 527 1574 564 consilia
1594 530 1836 568 observanda
1851 532 2011 580 religiosi
2031 542 2217 572 tenentur.
2239 536 2335 572 Sunt
2355 543 2481 572 autem

1390 581 1609 626 ¹quaedam
1649 584 1803 620 consilia
1842 586 1888 622 de
1926 587 2156 634 quibusdam
2196 588 2483 637 particularibus

296 519 403 568 quod
427 520 582 568 requirit
602 519 770 557 conditio
790 520 849 556 sui
868 528 1006 567 status;
1038 522 1252 560 dummodo
1274 537 1363 561 con-

296 581 463 622 temptus
482 586 561 611 non
589 573 687 610 adsit
705 573 843 621 agendi
863 574 1033 621 meliora,
1055 587 1123 623 per
1150 588 1266 624 quem
1287 577 1365 614 ani-

297 639 384 664 mus
413 627 638 664 obfirmatur
663 631 682 653 η
712 633 844 663 contra
872 626 1106 675 spiritualem
1135 629 1362 676 profectum.

349 682 408 717 An
440 691 602 717 TERTIUM
634 691 820 721 memnon
853 679 959 728 quod
988 681 1179 728 quaedam
1210 682 1365 719 consilia

296 740 384 770 sunt
406 744 505 782 quae
534 732 564 769 si
583 732 985 781 praetermitterentur,
1005 741 1084 770 tota
1103 733 1180 770 vita
1199 735 1365 772 hominis

296 785 554 835 implicaretur
574 785 735 834 negotiis
755 785 1032 823 saecularibus:
1063 794 1154 835 puta
1180 787 1209 823 si
1233 787 1366 836 aliquis
1392 807 1393 811 =

348 916 374 949 ζ)
394 920 492 943 tamen.
504 931 524 937 -
542 921 569 943 et
582 922 671 943 tamen
683 917 802 951 BFpr,
817 918 898 943 ettam
913 921 1001 943 tamen
1015 918 1069 944 DL.
1081 932 1100 938 —
1119 919 1170 943 Pro
1182 918 1288 951 aliquis,
1301 919 1371 944 alius

297 959 401 985 BDHK.

1418 421 1557 470 aliquid
1591 424 1811 462 huiusmodi
1845 425 1984 463 faceret
2021 428 2126 476 quod
2160 429 2320 477 pertinet
2348 430 2395 466 ad
2426 442 2482 467 es-

1419 633 1641 670 melioribus
1657 636 1814 683 actibus,
1836 650 1935 686 quae
1955 641 2200 688 praetermitti
2219 649 2379 690 possunt
2399 643 2483 678 abs—

1419 696 1494 732 que
1522 687 1597 722 hoc
1625 689 1729 735 quod
1757 689 1834 726 vita
1861 691 2027 729 hominis
2057 694 2310 731 saecularibus
2340 695 2484 732 actibus

1419 737 1643 785 implicetur.
1681 741 1792 778 Unde
1831 756 1909 780 non
1947 753 2096 794 oportet
2127 748 2232 795 quod
2270 749 2317 785 ad
2353 748 2484 785 omnia

1418 790 1507 826 talia
1537 792 1699 839 religiosi
1727 801 1937 833 teneantur.

1479 921 1506 952 η)
1525 922 1690 954 obfirmatur.
1703 925 1866 956 —firmatur
1884 927 1940 951 PsB
1959 933 1984 952 et
2003 935 2027 958 a,
2047 929 2217 961 opprimatur
2234 931 2266 960 H,
2286 939 2339 957 om.
2357 932 2389 957 D.

972 1039 1313 1072 Commentario.
1335 1039 1591 1075 Cardinalis
1613 1043 1816 1077 Caietam

299 1129 347 1192 lu
371 1120 505 1151 articulo
530 1119 671 1150 secundo
695 1119 839 1150 eiusdem
862 1120 1058 1160 quaestionis
1085 1120 1368 1150 centesimaeocto-
1394 1121 1395 1127 ¹

326 1164 581 1204 gesimaesextae‚
605 1163 749 1204 perspice
772 1173 872 1204 quam
888 1164 1033 1195 ordinate
1056 1171 1087 1194 et
1109 1164 1243 1195 breviter
1265 1164 1368 1195 littera

296 1385 371 1426 gula
394 1386 538 1416 membra
562 1385 796 1416 conclusiones.

353 1429 395 1461 Et
417 1429 504 1461 iuxta
528 1430 685 1470 primum,
710 1429 802 1470 ponit
825 1430 920 1460 duas:
945 1430 1124 1470 negativam
1155 1436 1186 1461 et
1209 1429 1369 1461 affirmati-

297 1483 381 1505 vam.
404 1474 558 1514 Negativa
579 1481 644 1505 est:
668 1474 742 1505 Non
759 1479 889 1505 tenetur
910 1475 1085 1516 religiosus
1102 1475 1221 1506 habere
1246 1474 1368 1519 [perfe-

297 1516 395 1561 ctam]
421 1519 601 1550 caritatem.
626 1517 823 1549 ,affirmativa
847 1525 910 1549 est:
939 1518 1080 1550 Tenetur
1104 1519 1279 1561 religiosus
1301 1525 1368 1550 ten—

297 1562 375 1594 dere
404 1568 436 1594 et
464 1572 594 1604 operam
622 1563 704 1594 dare
734 1568 770 1594 ut
800 1563 917 1594 habeat
941 1563 1187 1605 perfectionem.
1218 1564 1368 1596 Probatio

298 1606 479 1648 utriusque:
511 1607 587 1648 quia
610 1606 772 1647 religionis
795 1614 895 1638 status
918 1607 969 1638 via
994 1615 1040 1639 est
1064 1609 1104 1639 ad
1127 1608 1367 1649 perfectionem.

354 1651 443 1682 luxta
466 1651 645 1682 secundum
670 1661 755 1687 vern,
781 1652 859 1682 duas
883 1652 1001 1684 similes
1018 1653 1242 1684 conclusiones
1266 1653 1367 1694 ponit,

297 1705 372 1734 cum
395 1695 575 1727 corollario.
599 1695 752 1736 Negativa
776 1703 837 1728 est:
869 1697 943 1728 Non
976 1703 1103 1728 tenetur
1129 1698 1304 1739 religiosus
1325 1698 1370 1730 ad

296 1737 432 1771 consilia
454 1749 538 1781 quae
556 1746 798 1781 consequuntur
815 1741 997 1782 perfectam
1017 1743 1198 1774 caritatem.
1221 1742 1369 1774 Affirma-

296 1783 360 1815 tiva
384 1791 445 1815 est:
475 1784 616 1815 Tenetur
639 1785 813 1826 religiosus
837 1791 872 1816 ut
895 1786 938 1816 ad
959 1786 1145 1818 huiusmodi
1163 1787 1297 1819 consilia
1313 1789 1369 1818 im-

290 1828 416 1869 plenda
438 1828 594 1860 intendat.
618 1829 768 1860 Probatio
793 1830 976 1871 utriusque:
1001 1831 1077 1872 quia
1096 1832 1208 1862 eadem
1228 1839 1275 1863 est
1290 1832 1370 1863 ratio

297 1872 502 1913 obligationis
524 1873 564 1903 ad
587 1873 646 1904 ista
663 1874 795 1904 consilia
819 1875 1046 1916 consequentia
1070 1875 1242 1916 perfectam
1262 1876 1370 1907 carita-
1395 1871 1397 1874 ⁴

264 1928 269 1932 ·
297 1924 380 1954 tem,
404 1923 436 1948 et
458 1917 664 1958 obligationis
688 1918 728 1948 ad
753 1918 924 1959 perfectam
948 1920 1126 1956 ciuitatem
1154 1921 1235 1952 sicut
1258 1921 1369 1952 eadem

238 1990 245 1999 ,
297 1969 344 1995 est
367 1961 448 1993 ratio
471 1962 642 2002 generandi
667 1963 886 2000 substantiam,
912 1971 989 2004 puta
1011 1965 1150 2002 leonem,
1175 1972 1206 1997 et
1228 1965 1370 2006 proprie-

297 2013 376 2038 tates
400 2013 632 2047 consequentes
658 2008 698 2038 ad
722 2007 810 2038 illam
834 2015 992 2040 naturam.
1017 2027 1038 2032 —
1063 2009 1279 2041 coronarium
1305 2017 1368 2041 est:

297 2050 371 2082 Non
383 2056 500 2092 peccat
514 2051 690 2093 religiosus
712 2053 742 2083 si
757 2054 1000 2092 praetermittat
1017 2054 1201 2086 huiusmodi
1216 2054 1371 2086 consilia:

297 2094 354 2127 sed
367 2096 396 2126 si
411 2105 449 2126 ea
465 2100 660 2127 contemnat.
684 2096 849 2127 Probatio:
875 2098 950 2139 quia
966 2098 1055 2129 solus
1072 2106 1280 2130 contemnens
1297 2099 1371 2131 facit

298 2146 410 2171 contra
431 2139 620 2171 huiusmodi
644 2141 884 2181 obligationem.

354 2184 443 2215 quta
473 2184 604 2216 tertium
633 2185 778 2216 similiter
808 2186 1010 2223 membrum,
1039 2187 1119 2218 duas
1147 2187 1370 2228 conclusiones

297 2229 400 2270 ponit.
425 2229 578 2269 Negativa
601 2236 665 2260 est:
689 2230 764 2262 Non
781 2235 909 2262 tenetur
924 2232 1098 2273 religiosus
1112 2232 1157 2262 ad
1171 2233 1281 2263 omnia
1295 2242 1370 2264 con—

296 2272 372 2304 silia
387 2273 588 2314 disponentia
604 2274 649 2305 ad
655 2274 899 2316 perfectionem.
924 2275 1121 2308 Affirmativa
1137 2283 1200 2308 est:
1230 2277 1371 2309 Tenetur

297 2316 472 2359 religiosus
494 2318 538 2349 ad
557 2318 614 2349 illa
637 2318 800 2350 duntaxat
814 2321 948 2351 consilia
963 2331 1047 2361 quae
1064 2321 1276 2352 determinate
1294 2327 1372 2353 sunt

298 2362 328 2392 ei
351 2367 465 2393 taxata
490 2363 669 2406 'secundum
694 2365 844 2405 regulam
868 2374 947 2396 suae
965 2364 1190 2406 professionis.
1220 2366 1370 2397 Probatio

298 2405 466 2448 utriusque
489 2416 526 2437 ex
548 2407 721 2448 propositis
745 2414 807 2445 est,
841 2409 916 2450 quia
940 2409 1080 2440 diversae
1104 2417 1179 2441 sunt
1201 2410 1270 2441 viae
1295 2421 1369 2442 con-

298 2450 445 2483 siliorum
468 2452 509 2482 ad
531 2451 771 2493 perfectionem.

354 2495 411 2527 Est
434 2503 542 2527 autem
571 2496 651 2527 circa
675 2496 754 2528 haec
775 2497 859 2528 dicta
887 2498 1023 2529 dubium
1047 2506 1168 2529 unum:
1198 2501 1269 2536 An,
1294 2509 1370 2530 cum

298 2539 331 2570 in
356 2539 414 2572 hac
437 2539 540 2572 littera
564 2540 696 2577 dicitur,
724 2541 865 2572 Tenetur
887 2543 1076 2584 religiosus,
1101 2553 1168 2580 seu,
1191 2544 1318 2582 Peccat,
1341 2545 1371 2575 si

299 2593 338 2614 ea
365 2589 566 2622 contemnat,
597 2584 791 2625 intelligatur
817 2586 856 2616 de
882 2586 1012 2618 vinculo
1040 2594 1071 2618 et
1098 2595 1228 2628 peccato
1257 2588 1370 2629 culpae

299 2628 457 2665 mortalis,
482 2639 523 2659 an
547 2629 586 2659 de
608 2629 738 2660 vinculo
763 2637 794 2660 et
817 2637 948 2671 peccato
971 2631 1224 2663 indeterminate.
1259 2633 1301 2664 Et
1324 2639 1371 2664 est

299 2673 379 2704 ratio
403 2673 511 2710 dubii,
543 2673 700 2714 quoniam
729 2681 933 2716 contemptus
960 2676 1095 2707 mortale
1117 2684 1285 2717 peccatum
1307 2677 1370 2708 im·-

299 2724 426 2758 portare
448 2717 588 2748 videtur:
613 2717 766 2758 obligatio
790 2725 898 2750 autem
922 2719 963 2750 ad
986 2720 1118 2751 consilia
1140 2721 1174 2752 in
1193 2722 1302 2762 regula
1325 2729 1371 2753 ta-

298 2769 369 2793 xata
393 2772 460 2793 non
482 2762 636 2803 importat
658 2770 826 2803 peccatum
849 2764 995 2795 mortale.

356 2807 407 2837 Ad
431 2806 492 2838 hoc
517 2806 631 2837 dicitur
659 2807 748 2848 quod
772 2818 919 2848 praesens
942 2808 1045 2840 littera
1072 2809 1217 2850 loquitur
1240 2810 1279 2840 de
1303 2810 1370 2841 vin-

300 2851 374 2882 culo
399 2857 430 2882 et
453 2857 583 2892 peccato
600 2851 632 2881 in
649 2852 826 2888 communi,
851 2859 882 2884 et
906 2862 972 2883 non
996 2853 1202 2885 determinate
1226 2854 1267 2885 ad
1286 2865 1371 2885 mor—

300 2894 362 2926 tale
383 2895 435 2926 vel
457 2895 589 2926 veniale.
614 2896 707 2926 Unde
731 2895 810 2926 nihil
833 2897 938 2928 obstat
959 2896 1062 2928 littera
1086 2898 1125 2934 si,
1149 2898 1247 2939 gratia
1270 2905 1371 2930 mate-

300 2940 375 2976 riae,
391 2940 492 2971 modo
508 2939 686 2971 verificatur
701 2940 740 2971 de
757 2941 895 2979 mortali,
915 2942 1016 2972 modo
1033 2942 1071 2972 de
1087 2942 1212 2974 veniali.
1237 2943 1371 2974 Inferius

300 2991 410 3016 autem
423 2984 442 3004 ¹⁸²
465 2984 670 3025 distinguitur
691 2985 774 3016 inter
795 2985 952 3016 venialem
969 2993 1001 3017 et
1016 2987 1184 3018 mortalem
1199 2994 1371 3028 transgres-

301 3028 426 3061 sionem
449 3029 500 3060 vel
523 3029 734 3060 omissionem
756 3029 990 3070 religiosorum.
1336 3050 1339 3052 -

358 3073 395 3104 11.
420 3073 456 3104 In
480 3074 594 3104 eodem
619 3073 753 3104 articulo
778 3074 938 3111 secundo,
969 3074 1003 3105 in
1030 3076 1238 3116 responsione
1261 3077 1302 3107 ad
1325 3087 1372 3108 se-

302 3117 460 3152 cundum.
486 3118 622 3148 dubium
645 3118 782 3149 occurrit
804 3118 884 3149 circa
908 3118 941 3148 id
964 3119 1053 3160 quod
1076 3120 1109 3150 in
1132 3119 1235 3151 littera
1258 3120 1373 3152 dicitur

301 3169 367 3192 tam
392 3162 431 3192 de
454 3161 592 3202 perfecta
612 3162 781 3193 dilectione
804 3162 863 3193 Dei
888 3172 987 3203 quarn
1010 3163 1048 3194 de
1068 3163 1214 3204 profectu
1238 3164 1271 3194 in
1295 3175 1372 3206 ope-

302 3206 403 3236 rando
426 3214 524 3236 omne
547 3206 671 3237 bonum
690 3207 780 3247 quod
799 3208 871 3247 quis
895 3214 1000 3247 potest
1023 3208 1157 3248 operari,
1175 3218 1234 3249 pro
1250 3216 1371 3250 quanto

302 3249 346 3280 ibi
362 3249 477 3280 dicitur
491 3250 581 3290 quod
597 3261 710 3281 omnes
725 3252 766 3282 ad
780 3259 954 3292 utrumque
969 3252 1150 3292 profectum
1165 3252 1209 3283 sic
1225 3259 1373 3286 tenentur

303 3293 393 3334 quod
416 3293 663 3334 praetermittere
686 3296 754 3327 sine
777 3304 908 3336 peccato
924 3296 1034 3337 aliquo
1058 3297 1158 3328 modo
1182 3296 1275 3328 illum
1298 3308 1372 3338 pos-

304 3344 392 3374 sunt,
418 3338 598 3369 dummodo
622 3339 702 3370 desit
725 3347 939 3380 contemptus.
970 3341 1027 3371 Est
1050 3340 1208 3382 siquidem
1238 3342 1288 3372 hic
1313 3343 1372 3373 du-

305 3382 376 3422 plex
392 3381 538 3412 dubium.
561 3381 728 3414 Primum.-
751 3385 803 3414 An
827 3384 940 3415 omnes
958 3391 1125 3416 teneantur
1140 3385 1255 3416 habere
1271 3385 1372 3416 inten-

304 3426 427 3456 tionem
442 3425 629 3466 proficiendi
643 3426 676 3457 in
694 3427 818 3458 caritate
834 3438 936 3470 usque
953 3430 994 3459 ad
1009 3428 1181 3469 perfectam
1197 3430 1371 3460 caritatem:

305 3477 336 3501 et
352 3470 495 3501 similiter
517 3470 632 3500 habere
645 3471 856 3502 intentionem
872 3471 1007 3503 faciendi
1031 3484 1128 3504 omne
1150 3484 1233 3514 opus
1249 3475 1373 3505 bonum

305 3514 364 3545 sibi
380 3514 540 3555 possibile.
565 3531 586 3537 ·—
609 3514 791 3545 Secundum
809 3521 871 3546 est:
896 3518 947 3547 An
964 3524 1172 3548 contemnens
1187 3518 1374 3549 huiusmodi

305 3558 496 3589 intentiones
520 3564 551 3589 et
573 3558 774 3589 executiones
797 3566 906 3599 peccet
928 3562 1112 3593 mortaliter.

362 3603 419 3634 Est
442 3609 549 3633 autem
566 3604 669 3643 primi
691 3603 779 3633 dubii
799 3602 879 3633 ratio
903 3604 978 3644 quia
1000 3615 1059 3645 pro
1083 3613 1171 3647 parte
1190 3605 1374 3637 affirmativa

450 3664 561 3688 Sunium
579 3663 681 3688 Tnaor..
695 3663 727 3688 D.
746 3663 862 3688 Tamus
881 3663 912 3688 T.
927 3664 982 3690 Vll.

1423 1129 1515 1152 sonat
1538 1122 1639 1153 littera
1663 1134 1826 1163 praesenS.
1855 1126 1933 1156 dum
1957 1127 2032 1157 dicit
2063 1129 2150 1168 quod
2178 1139 2288 1160 omnes
2312 1131 2486 1172 aliqualiter

1394 1183 1395 1202 3
1423 1166 1461 1195 ad
1493 1166 1569 1197 haec
1599 1174 1762 1204 tenentur,
1787 1176 1818 1199 et
1840 1171 1928 1210 quod
1959 1170 2025 1201 sine
2049 1179 2178 1211 peccato
2206 1173 2321 1205 vitatur
2344 1177 2485 1207 executio

297 1209 458 1249 procedat,
482 1208 696 1248 proponendo
720 1207 938 1239 trimembrem
957 1208 1194 1240 distinctionem
1215 1209 1253 1239 de
1268 1209 1368 1239 modo
1394 1226 1395 1249 ἦ
1423 1210 1590 1251 utriusque
1614 1212 1790 1252 profectus,
1819 1213 1989 1245 dummodo
2012 1215 2093 1246 desit
2115 1222 2319 1259 contemptus.
2356 1220 2402 1249 Ex
2426 1221 2486 1251 hoc

297 1262 364 1294 quo
387 1252 508 1294 aliquid
532 1259 651 1294 spectat
670 1252 710 1283 ad
729 1252 967 1293 perfectionem,
985 1253 1102 1284 scilicet
1118 1252 1301 1289 formaliter,
1319 1254 1368 1284 vel
1394 1254 1395 1278 ἰ

298 1303 539 1338 consequenter,
560 1297 610 1327 vel
633 1296 817 1337 dispositive
841 1307 896 1328 seu
920 1297 1216 1334 instrumentaliter;
1242 1304 1272 1328 et
1295 1305 1369 1338 post
1394 1300 1395 1341 J
1423 1298 1638 1340 Contemptus
1663 1301 1747 1331 enim
1771 1302 1981 1333 intentionem
2005 1304 2102 1334 tollit:
2128 1312 2158 1335 et
2181 1315 2197 1335 e
2221 1314 2328 1337 contra
2356 1308 2486 1338 omissio

272 1346 277 1347 ⁷
298 1337 454 1372 declarata
479 1341 588 1372 omnia
612 1341 822 1372 distinctionis
846 1342 1000 1378 membra,
1024 1342 1177 1382 ponendo
1201 1341 1287 1372 iuxta
1307 1342 1370 1372 sin·
1394 1344 1396 1391 I¹
1422 1342 1607 1374 intentionis
1632 1352 1854 1385 contemptum
1877 1347 1978 1386 ponit.

1423 1255 1509 1284 enim
1533 1257 1621 1296 quod
1646 1257 1759 1296 excipit
1778 1265 2009 1298 contemptum,
2027 1260 2118 1299 ponit
2137 1262 2252 1302 requiri
2268 1263 2486 1295 intentionem.

1478 1388 1540 1418 Pro
1566 1395 1653 1429 parte
1686 1397 1793 1420 autem
1821 1391 1964 1430 negativa
1989 1399 2034 1422 est
2069 1392 2144 1432 quia
2169 1403 2204 1423 ex
2227 1394 2288 1424 hoc
2319 1405 2421 1426 novus
2445 1397 2487 1426 la-

1422 1442 1526 1473 queus
1549 1432 1691 1463 iniicitur
1714 1434 1890 1465 animabus.
1927 1435 2019 1465 Multi
2044 1436 2127 1466 enirn
2152 1444 2226 1468 sunt
2248 1438 2324 1468 boni
2347 1439 2404 1469 viri
2432 1441 2487 1480 qui

1423 1486 1489 1507 non
1514 1477 1684 1508 intendunt
1707 1487 1838 1518 operam
1862 1479 1934 1509 dare
1965 1486 2000 1509 ut
2030 1480 2202 1519 perfectam
2225 1481 2359 1513 habeant
2382 1484 2489 1514 carita-

1422 1528 1505 1558 tem,
1537 1521 1592 1552 sed
1616 1521 1732 1553 sufficit
1755 1522 1798 1553 eis
1827 1522 1852 1552 si
1876 1523 2040 1554 intendant
2063 1534 2184 1555 servare
2215 1533 2379 1566 praecepta
2409 1528 2489 1557 obli-

1422 1566 1530 1606 gantia
1552 1566 1592 1596 ad
1616 1567 1761 1603 mortale,
1785 1567 1871 1597 iuxta
1894 1568 2026 1598 verbum
2050 1568 2181 1599 Domini
2198 1567 2228 1599 *z
2254 1570 2289 1600 Si
2312 1572 2359 1601 vis
2382 1572 2425 1601 ad
2448 1573 2491 1602 vi-

1423 1616 1488 1641 tam
1514 1611 1659 1651 ingredi,
1683 1621 1779 1642 serva
1802 1611 1967 1643 mandata.
2002 1612 2041 1642 Et
2071 1612 2213 1644 similiter
2237 1623 2302 1643 non
2325 1614 2493 1646 intendunt

1423 1665 1520 1685 omne
1544 1656 1634 1696 quod
1659 1662 1809 1695 possunt,
1835 1655 1929 1686 etiam
1953 1656 2037 1687 iuxta
2062 1657 2110 1687 sui
2136 1657 2351 1688 conditionem
2376 1666 2491 1696 status,

1423 1700 1548 1730 bonum
1573 1699 1685 1731 facere.

1478 1743 1620 1775 Secundi
1643 1749 1750 1775 autem
1775 1745 1864 1775 dubii
1886 1745 1965 1775 ratio
1990 1752 2051 1776 est:
2077 1763 2097 1768 -
2120 1746 2203 1776 Nam
2227 1756 2285 1786 pro
2309 1754 2395 1787 parte
2412 1747 2493 1778 affir-

1423 1788 1542 1819 mativa
1566 1795 1627 1825 est,
1651 1789 1727 1829 quia
1750 1796 1954 1830 contemptus
1979 1799 2015 1820 ex
2039 1800 2097 1820 suo
2121 1800 2234 1830 genere
2258 1797 2303 1821 est
2326 1799 2491 1831 peccatum

1424 1832 1570 1864 mortale.

1479 1877 1540 1907 Pro
1558 1877 1702 1917 negativa
1714 1887 1800 1914 vero,
1817 1877 1892 1918 quia
1908 1877 2094 1908 huiusmodi
2111 1885 2312 1918 contemptus
2329 1889 2386 1920 pro
2403 1887 2491 1911 tanto

1422 1921 1456 1952 in
1474 1921 1577 1952 littera
1597 1921 1728 1962 ponitur
1744 1929 1920 1963 peccatum,
1938 1932 1997 1962 pro
2012 1930 2133 1963 quanto
2150 1933 2205 1963 per
2220 1923 2326 1963 ipsum
2331 1924 2493 1965 firmatur

1424 1967 1554 1998 animus
1569 1971 1682 1998 contra
1697 1967 1898 2007 spiritualem
1913 1966 2109 2008 profectum.
2132 1967 2193 1998 Sed
2209 1967 2331 1998 firmare
2347 1969 2491 1999 animum

1423 2017 1534 2042 contra
1557 2010 1756 2052 spiritualem
1778 2011 1959 2052 profectum
1990 2021 2054 2042 non
2080 2018 2126 2042 est
2151 2019 2315 2052 peccatum
2340 2013 2490 2044 mortale:

1425 2062 1460 2086 ut
1476 2062 1563 2096 patet
1586 2055 1625 2086 de
1639 2055 1695 2086 illo
1720 2055 1776 2096 qui
1800 2055 1882 2086 iurat
1897 2066 1930 2086 se
1954 2066 2019 2086 non
2044 2063 2266 2087 mutuaturum
2289 2065 2343 2088 aut
2366 2056 2491 2088 fideius-

1424 2109 1536 2130 surum
1549 2100 1704 2140 amplius;
1725 2100 1795 2130 talis
1808 2100 1894 2130 enim
1906 2099 2011 2131 firmat
2022 2100 2166 2131 animum
2178 2107 2287 2131 contra
2299 2101 2492 2141 spiritualem

1423 2143 1615 2185 profectum,
1640 2151 1670 2175 et
1693 2151 1800 2175 tamen
1825 2155 1891 2175 non
1915 2151 2024 2186 peccat
2047 2145 2229 2181 mortaliter,
2253 2152 2287 2176 ut
2309 2146 2432 2187 supra*
2447 2145 2493 2176 di-

1425 2195 1514 2220 etum
1538 2188 1608 2219 fuit.

1480 2233 1533 2264 111.
1559 2233 1609 2263 Ad
1634 2232 1824 2263 evidentiam
1849 2233 1985 2269 horum,
2017 2233 2244 2264 consideranda
2266 2241 2339 2264 sunt
2362 2234 2412 2264 hic
2435 2234 2493 2265 tria

1424 2277 1681 2309 intervenientia:
1706 2277 1848 2317 primum
1872 2284 1918 2308 est
1941 2278 2100 2314 executio;
2126 2278 2316 2314 secundum,
2340 2278 2492 2314 intentio;

1424 2322 1571 2358 tertium,
1597 2328 1811 2361 contemptus.
1840 2322 1880 2353 Et
1903 2322 1942 2352 de
1967 2322 2150 2353 executione
2174 2322 2303 2363 quidem
2328 2329 2392 2353 tam
2415 2323 2493 2353 inte-

1424 2366 1516 2397 rioris
1548 2376 1647 2408 quam
1671 2366 1830 2397 exterioris
1855 2366 2015 2406 profectus
2042 2366 2075 2397 in
2098 2366 2160 2397 hoc
2187 2367 2238 2397 vel
2260 2367 2316 2397 illo
2345 2367 2494 2406 singulari

1424 2418 1496 2442 actu
1520 2421 1575 2442 seu
1593 2421 1689 2452 opere
1713 2418 1907 2453 occurrente,
1930 2418 2052 2442 constat
2075 2411 2174 2451 quod,
2196 2411 2221 2441 si
2236 2411 2410 2447 omittatur,
2428 2421 2493 2441 non

1424 2462 1592 2496 propterea
1622 2462 1789 2496 peccatum
1819 2466 1836 2485 a
1867 2455 2012 2496 quolibet
2042 2455 2208 2486 omittente
2239 2455 2422 2486 incurritur:
2459 2463 2494 2486 ut

1423 2500 1457 2531 in
1480 2500 1583 2532 littera
1606 2500 1729 2531 dicitur.
1765 2500 1858 2530 Unde
1881 2510 1947 2530 non
1970 2507 2094 2540 peccat,
2119 2500 2214 2530 etiam
2237 2499 2411 2535 venialiter,
2436 2509 2494 2539 po-

1423 2552 1494 2576 tens
1523 2544 1597 2575 dare
1625 2545 1881 2585 eleemosynam,
1913 2544 1938 2574 si
1963 2543 2138 2575 occurrenti
2168 2543 2242 2574 huic
2265 2543 2396 2585 pauperi
2427 2553 2492 2573 non

1425 2590 1488 2626 dat,
1513 2596 1544 2620 et
1567 2589 1611 2619 sic
1635 2590 1673 2619 de
1697 2589 1781 2619 aliis:
1810 2588 1886 2628 quia
1909 2589 1948 2618 ad
1971 2588 2127 2628 singulare
2152 2587 2212 2617 hoc
2237 2587 2324 2618 nulla
2346 2587 2415 2626 lege
2438 2587 2491 2616 ad-

1425 2633 1598 2674 stringitur.
2119 2672 2121 2674 Ι

1480 2678 1528 2709 De
1551 2677 1728 2708 intentione
1751 2686 1826 2706 vero
1855 2686 1919 2717 qua
1941 2675 2012 2717 quis
2036 2675 2171 2706 intendit
2194 2684 2260 2705 non
2283 2674 2434 2715 proficere
2459 2674 2490 2704 in

1425 2722 1552 2754 caritate
1583 2728 1638 2752 aut
1661 2721 1754 2752 bonis
1778 2720 1944 2760 operibus,
1975 2720 2030 2750 sed
2060 2720 2167 2750 solum
2196 2726 2362 2759 praecepta
2386 2718 2490 2748 divina

1425 2777 1547 2798 servare
1578 2765 1743 2797 communi
1774 2765 1891 2801 modo,
1917 2765 2085 2795 dicendum
2113 2771 2159 2794 est
2190 2763 2278 2804 quod
2304 2762 2489 2793 huiusmodi

1424 2811 1559 2843 intentio
1584 2817 1750 2851 peecatum
1774 2816 1835 2840 est:
1860 2809 1935 2849 quia
1958 2808 2114 2839 firmando
2134 2808 2206 2848 quis
2221 2807 2365 2837 animum
2382 2814 2490 2837 contra

1424 2855 1622 2896 spiritualem
1646 2854 1835 2895 profectum,
1860 2853 1961 2894 ponit,
1985 2853 2176 2893 inquantum
2195 2852 2227 2882 in
2244 2862 2276 2882 se
2293 2858 2347 2887 est,
2365 2851 2489 2881 obicem

1424 2901 1541 2931 directe
1556 2898 1687 2939 Spiritui
1703 2898 1829 2929 Sancto.
1854 2898 1928 2928 Non
1952 2905 1998 2928 est
2021 2905 2126 2928 tamen
2150 2903 2315 2936 peccatum
2339 2895 2487 2925 mortale:

1424 2944 1518 2985 quia,
1543 2943 1624 2974 infra
1647 2943 1763 2974 limites
1787 2950 2029 2983 praeceptorum
2053 2940 2217 2972 communi
2241 2940 2340 2970 modo
2364 2949 2489 2969 servan-

1425 2989 1542 3020 dorum
1566 2988 1716 3024 sistendo,
1741 2987 1878 3017 salvatur
1901 2986 2026 3017 dilectio
2049 2985 2108 3016 Dei
2131 2994 2225 3025 super
2241 2983 2364 3019 omnia;
2390 2990 2420 3013 et
2442 2983 2488 3012 in-

1424 3033 1526 3064 tentio
1550 3042 1736 3072 progressus
1759 3032 1798 3061 ad
1821 3031 1919 3061 vitam
1935 3037 2110 3065 aeternam;
2135 3039 2171 3059 ac
2194 3039 2249 3068 per
2272 3028 2343 3063 hoc,
2367 3034 2398 3057 et
2421 3036 2489 3067 per-

1424 3077 1614 3108 fectissimae
1642 3076 1776 3107 caritatis
1804 3082 1957 3115 tanquam
1980 3073 2050 3104 finis
2073 3073 2199 3116 (caritas
2223 3073 2308 3103 enim
2330 3071 2399 3102 viae
2423 3081 2489 3100 ma-

1424 3122 1508 3152 xime
1532 3120 1692 3161 perficitur
1714 3120 1747 3150 in
1766 3120 1907 3159 ingressu
1928 3116 2069 3159 patriae),
2087 3124 2118 3148 et
2136 3117 2312 3147 multorum
2324 3116 2490 3146 bonorum

1426 3175 1562 3206 operum
1586 3172 1739 3205 tanquam
1763 3163 1943 3193 mediorum
1967 3161 2216 3192 necessarior-um
2239 3161 2277 3190 ad
2302 3169 2488 3190 conservan-

1427 3211 1501 3240 dam
1525 3209 1685 3240 caritatem
1709 3214 1740 3238 et
1763 3207 1905 3238 eundum
1929 3207 1968 3236 ad
1992 3205 2134 3246 patriam.

1482 3255 1530 3284 De
1554 3259 1739 3292 contemptu
1759 3258 1876 3287 autern,
1901 3250 1979 3281 scito
2004 3250 2102 3290 quod,
2127 3256 2162 3279 ut
2178 3250 2298 3278 Auctor
2312 3247 2344 3277 in
2361 3247 2432 3284 QQ.
2450 3247 2490 3278 de

1432 3299 1539 3335 Verit.,
1565 3307 1620 3337 qu.
1637 3307 1686 3332 xv,
1710 3302 1765 3326 art.
1789 3297 1817 3331 5,
1842 3295 1882 3324 ad
1907 3304 1935 3330 2,
1961 3294 2048 3329 dicit,
2070 3303 2135 3323 non
2159 3292 2263 3322 omnis
2287 3297 2489 3331 contemptus

1427 3342 1501 3373 facit
1531 3347 1696 3381 peccatum
1726 3339 1875 3374 mortale,
1905 3338 1960 3368 sed
1990 3338 2096 3368 solum
2121 3342 2321 3375 contemptus
2344 3335 2413 3366 Dei.
2449 3336 2490 3366 Et

1426 3393 1602 3427 propterea,
1620 3384 1646 3414 si
1662 3384 1693 3413 in
1714 3382 1879 3423 proposito
1901 3388 2102 3422 contemptus
2125 3379 2289 3410 intervenit
2313 3389 2378 3410 non
2402 3390 2489 3420 prae-

1427 3437 1609 3470 ceptorum,
1635 3428 1688 3458 sed
1714 3427 1920 3457 consiliorum
1944 3425 2018 3455 Dei:
2050 3424 2202 3465 quoniam
2226 3423 2259 3453 in
2282 3422 2359 3463 ipsis
2383 3430 2488 3454 conte-

1427 3474 1547 3504 mnitur
1569 3473 1656 3502 Deus
1680 3471 1859 3506 consilians,
1884 3469 1965 3500 sicut
1984 3468 2218 3500 contemnendo
2233 3474 2398 3507 praecepta
2415 3477 2488 3498 con-

1427 3518 1578 3549 temnitur
1608 3517 1695 3546 Deus
1723 3514 1934 3555 praecipiens,
1968 3514 2040 3543 ideo
2064 3519 2230 3553 peccatum
2254 3512 2386 3542 mortale
2410 3519 2490 3541 esset

1428 3573 1464 3592 ex
1488 3566 1673 3600 contemptu
1699 3558 1907 3589 consiliorum
1931 3557 2061 3588 consilia
2085 3563 2139 3587 aut
2161 3556 2340 3596 profectum
2357 3555 2488 3586 caritatis

1429 3606 1582 3636 omittere.
1609 3603 1777 3634 Intervenit
1793 3609 1899 3633 autem
1923 3601 1992 3632 talis
2012 3607 2213 3641 contemptus
2236 3600 2365 3641 quando
2389 3599 2487 3629 homo

2314 3658 2346 3683 62

2518 1579 2527 1589 ⁸
2534 1578 2613 1600 Matth.
2622 1585 2672 1608 cap.
2678 1586 2726 1606 xix,

2517 1611 2575 1627 vers.
2593 1611 2622 1633 ¹7·

2519 2152 2528 2161 ⁸
2560 2154 2729 2178 u.1.xxxix‚nrt.

2517 2183 2538 2205 7,
2589 2181 2684 2199 mment.
2705 2183 2728 2198 n.
