2612 4178
170 259 230 284 XIV

173 341 185 354 «
206 334 370 356 enormem
403 333 542 354 errorem
562 335 575 350 »
604 321 868 355 calumniaretur,
894 318 953 354 vel,
980 318 1034 348 ubi
1060 318 1098 348 de
1123 318 1248 349 enormi
1276 332 1277 359 3

169 379 274 401 errore
298 379 370 399 vere
401 367 520 409 agitur,
548 366 675 397 duobus
700 364 863 395 codicibus
888 373 920 393 se
944 362 1044 393 refelli
1068 360 1248 403 pateretur?
1275 373 1277 408 J

225 414 309 445 Cum
334 423 410 453 ergo
435 412 623 443 relationem
640 410 788 441 codicum
806 408 1036 439 vaticanorum
1061 418 1136 438 cum
1160 408 1246 438 codi-

168 459 255 489 cibus
270 458 303 488 in
319 457 388 488 aliis
404 456 610 488 Bibliothecis
627 454 819 486 conservatis
839 452 989 492 cognosci
1005 452 1139 489 licuerit,
1158 453 1247 484 nulla

167 502 350 534 necessitate
366 501 466 533 coacti
482 500 649 532 inutilibus
665 499 866 539 singulorum
880 497 1110 527 vaticanorum
1124 498 1246 528 varian-

166 548 250 578 tibus
271 547 427 587 margines
444 546 664 577 Articulorum
686 552 918 574 onerassemus.
937 541 1106 572 Lectiones
1130 553 1245 574 eorum

165 592 322 623 solitariae
352 591 472 622 nullam
501 590 636 621 omnino
670 586 915 619 authenticitatis
948 586 997 616 vel
1025 587 1244 628 suspicionem

165 637 279 667 habere
308 643 454 677 possunt.
483 636 645 666 Ponamus
675 633 797 673 aliquot
826 631 970 671 exempla
998 640 1035 682 ex
1059 639 1171 663 nostro
1196 635 1242 669 A,

164 681 219 722 qui
240 692 313 722 prae
338 680 447 711 ceteris
464 679 603 721 antiquis
618 678 738 719 primae
762 683 792 706 et
816 677 924 706 tertiae
941 676 1048 707 classis
1067 677 1243 708 dictionem

164 726 302 766 gratuito
327 725 472 756 mutavit.

221 771 274 801 Ille
291 781 345 812 qu.
367 780 459 800 cxxrn
476 776 531 799 art.
549 779 591 798 ιιι.
621 781 635 795 ι
649 767 699 797 Ad
722 765 851 796 tertium
869 765 1041 796 dicendum
1059 766 1149 807 quod
1170 776 1243 807 spes
1270 784 1271 797 l

165 815 340 858 opponitur
363 814 469 845 timori
494 823 530 844 ex
558 819 646 852 parte
671 811 804 841 obiecti:
830 810 906 861 quia
929 820 1002 851 spes
1026 816 1073 842 est
1096 811 1137 862 de
1160 811 1242 843 bono
1269 848 1270 851 Ἴ

153 862 293 904 futuro,
319 861 415 890 timor
437 863 544 888 autem
569 857 609 887 de
632 856 718 886 malo
734 865 765 892 ›;
792 863 885 886 ceteri
910 853 1040 897 (omnes
1064 866 1187 897 primae
1211 863 1242 888 et
1268 879 1269 882 ,

163 903 300 947 tertiae):
325 913 397 944 spes
421 908 469 934 est
491 903 531 933 de
547 902 639 938 bono,
658 902 756 932 timor
778 900 818 931 de
843 901 939 932 malo.

218 951 272 981 Ille
295 959 350 990 qu.
367 958 478 978 cxxx1v
498 954 554 978 art.
573 958 603 977 ιν
619 947 658 976 ad
682 957 706 976 1.
737 960 748 973 a<
770 945 820 976 Ad
837 945 1024 986 patientiam
1045 954 1154 978 autem
1171 957 1241 988 per—

161 996 259 1027 tinere
285 1000 390 1034 potest
419 993 580 1023 sustinere
605 1001 826 1032 quaecumque
855 991 943 1022 mala
965 1000 997 1028 »5
1028 992 1122 1023 ceteri
1145 994 1241 1025 susti-

161 1041 268 1071 nentia
297 1047 572 1080 quorumcumque
598 1037 769 1067 malorum.

216 1081 270 1114 llle
294 1094 363 1114 cxm
387 1090 443 1114 art.
461 1093 493 1113 ιν
516 1083 555 1113 ad
585 1093 610 1112 1.
640 1095 653 1109 α
674 1081 729 1122 qui
755 1088 862 1121 potest
884 1080 1062 1113 refraenare
1085 1082 1241 1114 maximas

159 1128 418 1160 delectationes...
440 1135 544 1168 potest
568 1126 742 1158 refraenare
771 1126 913 1157 minores
938 1127 1177 1159 delectationes.
1200 1128 1242 1160 Et

158 1175 231 1205 ideo
256 1174 296 1205 ad
319 1172 594 1214 temperantiam...
620 1172 755 1212 pertinet
786 1171 983 1214 refraenare
1010 1172 1242 1206 delectationes

158 1225 264 1251 tactus
281 1228 314 1255 »;
341 1218 433 1249 ceteri
458 1218 623 1249 moderari
645 1218 923 1258 concupiscentias
945 1223 1062 1250 tactus.

213 1265 380 1302 Quaenam
405 1263 454 1294 vel
474 1262 607 1293 minima
624 1262 831 1303 probabilitas
851 1262 965 1300 existit,
990 1270 1026 1294 ut
1050 1263 1110 1294 hae
1129 1263 1239 1296 lectio—

159 1320 214 1340 nes
246 1311 272 1339 A
307 1308 422 1339 fuerint
454 1307 485 1338 in
518 1307 735 1348 autographo,
761 1307 847 1339 iuxta
876 1308 1069 1339 unanimum
1096 1309 1240 1340 testimo-

159 1354 248 1385 nium
264 1360 441 1385 ceterorum
462 1352 607 1393 proxime
625 1360 839 1393 cognatorum
853 1351 865 1384 ἒ
897 1353 1024 1385 Peiores
1040 1361 1148 1385 tamen
1164 1362 1241 1386 sunt
1265 1382 1270 1390 ,

157 1406 334 1440 sequentes.

214 1444 268 1474 Ille
285 1454 339 1484 qu.
357 1453 448 1473 cxxnr
471 1450 527 1473 art.
553 1453 608 1473 vm
633 1443 672 1472 ad
699 1453 728 1474 2.
763 1458 775 1471 «
801 1443 894 1474 Unde
919 1443 1140 1485 Philosophus
1164 1444 1240 1476 dicit

156 1489 188 1519 in
213 1488 304 1520 tertio
328 1488 516 1519 Ethicorum
534 1488 623 1528 quod
650 1498 715 1518 non
736 1488 768 1519 in
794 1489 948 1520 omnibus
965 1489 1138 1521 virtutibus
1162 1500 1237 1531 ope-

157 1534 214 1564 rari
239 1533 464 1565 delectabiliter
488 1532 592 1564 existit
609 1539 749 1573 praeter
771 1544 869 1576 quam
883 1534 991 1576 finem
1011 1536 1181 1576 attingunt
1203 1545 1237 1573 »;

156 1579 247 1610 ceteri
271 1583 406 1618 praeter
436 1579 627 1618 inquantum
648 1578 755 1620 finem
781 1581 936 1621 attingit;
966 1577 1056 1615 πλήν
1082 1578 1131 1623 ἐφ’
1157 1577 1237 1612 ὅσον

156 1623 219 1656 τοῦ
236 1621 357 1660 τέλους
381 1619 582 1666 ἐφάπτεται
613 1634 695 1666 ¹¹¹7
716 1622 730 1643 b
758 1625 807 1655 16.
832 1627 883 1656 An
903 1624 1049 1666 peiorem
1065 1625 1239 1657 lectionem

155 1670 288 1706 silendo,
314 1669 484 1699 lectionem
509 1668 541 1700 S.
557 1669 707 1700 Thomae
731 1669 842 1711 inique
867 1668 1117 1702 abscondimus?

211 1714 265 1744 Ille
288 1724 342 1756 qu.
367 1724 439 1744 omn
464 1722 521 1745 art.
546 1725 567 1744 11
592 1724 679 1755 corp.
705 1713 759 1746 fin.
796 1729 808 1743 α
828 1715 869 1747 Et
892 1715 1002 1747 ideo...
1033 1726 1110 1747 usus
1144 1725 1238 1747 vene-

155 1769 282 1790 reorum
295 1766 401 1800 potest
413 1769 481 1790 esse
496 1759 618 1800 absque
631 1759 723 1790 omni
741 1767 884 1802 peccato,
898 1760 924 1791 si
940 1759 994 1792 fiat
1009 1761 1118 1792 debito
1136 1762 1238 1792 modo

154 1813 184 1836 et
207 1804 317 1835 ordine
340 1814 402 1845 quo
422 1809 469 1835 est
487 1805 731 1836 convenientius
754 1805 794 1836 ad
818 1804 917 1836 finem
936 1806 1151 1846 generationis
1175 1806 1233 1838 hu·

154 1860 265 1880 manae
284 1863 312 1880 ».
338 1849 369 1880 Si
393 1848 448 1880 fiat
471 1849 518 1880 vis
542 1849 574 1880 in
599 1850 708 1886 verbo,
735 1850 812 1881 haec
836 1850 982 1885 doctrina
1011 1850 1113 1883 differt
1137 1852 1176 1882 ab
1201 1862 1238 1883 ea

153 1905 249 1936 quam
275 1894 367 1926 ceteri
393 1894 531 1930 tradunt,
557 1902 587 1926 et
611 1905 711 1936 quam
728 1895 909 1935 argumenti
927 1896 1102 1936 praemissa
1123 1896 1239 1928 admit-

153 1947 242 1971 tunt:
266 1939 442 1972 secundum
467 1940 554 1981 quod
577 1945 623 1971 est
647 1941 852 1972 conveniens.
882 1943 1006 1972 Auctor
1032 1951 1099 1972 non
1124 1949 1196 1982 eget
1220 1952 1239 1973 a

153 1985 296 2027 possibili
331 1995 435 2016 errore
466 1984 607 2016 defendi:
638 1985 819 2025 lectionem·
843 1988 872 2016 A
902 1985 1019 2017 sufficit
1045 1987 1237 2024 cancellare,

153 2041 191 2062 eo
215 2030 287 2072 ipso
311 2031 400 2072 quod
425 2041 442 2061 a
459 2029 568 2062 ceteris
589 2030 746 2062 dissentit.
764 2031 811 2062 Ea
828 2030 914 2062 enim
935 2031 1016 2063 ratio
1034 2041 1090 2072 per
1105 2042 1138 2062 se
1154 2032 1239 2064 valet

152 2083 326 2117 postquam
350 2086 387 2107 ex
410 2075 481 2117 ipso
506 2075 595 2106 fonte
619 2075 738 2107 codicis
762 2075 922 2117 patefacto
947 2076 1155 2108 manifestum
1180 2085 1237 2115 est,

152 2121 315 2152 librarium
330 2121 379 2152 vel
392 2128 603 2152 correctorem
620 2131 736 2162 puram
749 2121 847 2153 fontis
862 2132 981 2163 aquam
995 2122 1066 2154 luto
1082 2123 1237 2155 turbasse.

210 2166 256 2197 De
279 2166 472 2198 variantibus
503 2166 669 2198 iuniorum
699 2166 858 2198 librorum
888 2167 1055 2199 DEGHIL
1085 2178 1152 2199 non
1178 2167 1238 2200 fui-

154 2221 226 2242 mus
242 2211 386 2249 solliciti;
411 2211 594 2253 quinimmo
611 2213 650 2243 de
667 2211 694 2244 C
712 2220 742 2243 et
765 2213 795 2244 K
812 2222 928 2254 parum
948 2213 1143 2250 curavimus,
1162 2223 1237 2245 cum

152 2267 189 2288 ex
206 2256 375 2288 collatione
399 2256 638 2299 antiquissimae
663 2257 843 2290 traditionis
867 2258 964 2299 partis
989 2258 1177 2295 constiterit,
1195 2267 1238 2291 te-

152 2309 241 2333 xtum
266 2312 380 2333 eorum
404 2302 498 2333 nimis
523 2313 540 2333 a
565 2303 798 2334 correctoribus
822 2313 955 2344 passum
981 2313 1060 2335 esse.

207 2347 281 2378 Non
305 2357 418 2378 omnes
442 2355 549 2379 tamen
574 2348 732 2379 solitarias
756 2348 910 2380 lectiones
935 2348 1063 2380 silentio
1087 2359 1237 2390 suppres-

152 2393 263 2424 simus.
288 2392 349 2423 Ubi
374 2392 491 2424 scilicet
515 2394 613 2424 textui
637 2393 758 2435 aliquid
784 2393 917 2426 deficere
941 2394 1035 2426 nobis
1059 2394 1236 2433 videbatur,

152 2438 202 2469 vel
219 2437 311 2469 alicui
329 2437 424 2468 videri
443 2448 536 2479 posse
553 2438 758 2478 timebamus,
776 2449 890 2470 omnes
907 2439 1060 2471 lectiones
1075 2439 1236 2478 codicum,

152 2483 247 2515 etiam
271 2482 475 2520 deteriorum,
497 2494 514 2514 a
539 2484 698 2515 schedulis
723 2484 755 2516 in
781 2492 892 2516 notam
918 2484 1110 2516 variantium
1136 2492 1237 2517 trans-

153 2528 285 2559 tulimus
309 2526 359 2570 (ut
383 2529 421 2559 ab
452 2528 544 2560 initio
576 2529 725 2561 editionis
750 2529 1005 2572 consuevimus),
1031 2530 1128 2562 etiam
1153 2531 1178 2562 si
1204 2531 1237 2563 in

154 2583 219 2604 uno
236 2573 306 2603 solo
324 2573 431 2604 codice
450 2574 497 2605 vel
514 2574 545 2605 in
563 2574 639 2606 solis
657 2575 838 2607 recentibus
854 2575 979 2607 varians
996 2575 1164 2620 obtineret,
1185 2575 1236 2608 Sic

153 2629 199 2649 ex.
225 2628 268 2658 gr.
294 2618 358 2656 Qu.
376 2629 477 2650 Lxxxn
494 2626 550 2651 art.
572 2630 604 2650 ιιι
621 2620 661 2651 ad
688 2629 716 2651 1:
746 2635 759 2648 ‹
776 2620 990 2653 consideratio
1014 2631 1129 2666 eorum
1153 2632 1237 2663 quae

153 2670 225 2694 nata
242 2670 316 2694 sunt
339 2663 543 2695 dilectionem
568 2664 627 2696 Dei
651 2665 794 2702 excitare,
820 2665 1026 2698 devotionem
1052 2673 1235 2699 causant».

154 2708 204 2740 Cf.
230 2708 324 2739 etiam
349 2709 413 2747 Qu.
431 2719 521 2740 cxxix
545 2717 602 2742 art.
619 2719 643 2740 11
668 2708 700 2749 β.
724 2710 826 2742 Nobis
850 2710 983 2754 quidem
999 2722 1065 2743 non
1090 2711 1237 2754 displicet

154 2764 306 2784 numerus
334 2754 474 2794 pluralis,
499 2765 597 2796 quem
626 2755 747 2797 antiqui
782 2756 949 2798 utriusque
977 2756 1085 2788 classis
1112 2765 1143 2788 et
1171 2757 1234 2789 edi-

154 2798 265 2833 tiones,
283 2799 321 2829 ad
347 2799 453 2830 nescio
478 2810 577 2841 quam
602 2810 715 2842 usque,
733 2801 867 2838 habent;
892 2801 1011 2844 quibus
1036 2809 1144 2834 tamen
1165 2803 1236 2844 plu-

154 2843 225 2874 ralis
258 2843 363 2875 minus
395 2844 515 2885 placet,
548 2856 584 2877 ex
617 2852 692 2876 nota
724 2853 837 2878 causat
869 2847 975 2879 DGsC
1012 2847 1140 2879 videant
1171 2859 1236 2890 qua

154 2888 330 2919 traditionis
354 2890 540 2922 auctoritate
564 2890 759 2931 singularem
783 2892 886 2932 legere
911 2892 1045 2933 possint.
1073 2892 1133 2924 Ubi
1159 2904 1235 2934 ergo

154 2933 308 2964 variantes
336 2934 430 2965 unius
459 2935 587 2972 codicis,
612 2936 662 2967 vel
689 2936 831 2977 plurium
860 2938 1046 2974 recentium,
1071 2946 1236 2976 notantur,

155 2977 298 3019 specialis
318 2979 437 3021 ubique
457 2981 543 3012 adest
563 2981 644 3012 ratio
666 2982 808 3018 notandi,
827 2992 909 3023 quae
927 2991 1038 3014 notam
1055 2993 1130 3014 cum
1148 2991 1234 3016 textu

156 3031 395 3064 comparantem
416 3035 480 3056 non
501 3026 623 3058 latebit:
650 3025 688 3058 cf.
707 3027 771 3064 Qu.
790 3038 947 3059 chxxvnt
968 3036 1025 3060 art.
1042 3037 1077 3059 m
1095 3021 1127 3059 δ.
1146 3047 1167 3053 -
1184 3030 1235 3061 Ad

156 3068 307 3099 lectiones
320 3069 433 3101 Pinnas
450 3070 579 3102 reiectas
596 3082 710 3102 omnes
727 3072 877 3104 codicum
890 3073 1047 3105 variantes
1062 3074 1236 3116 exscriptae

157 3123 239 3149 sunt,
258 3123 295 3144 ne
320 3124 356 3145 ex
380 3114 506 3146 silentio
531 3115 608 3147 false
632 3117 886 3149 concluderetur.
905 3136 922 3140 -
941 3118 1153 3160 Frequentior
1172 3119 1235 3151 sin-

157 3158 306 3197 gulorum
319 3166 349 3190 et
362 3160 573 3192 recentiorum
591 3161 742 3193 codicum
760 3162 883 3194 notatio
907 3163 1082 3195 necessaria
1098 3171 1163 3195 erat
1181 3164 1234 3196 ubi
1262 3196 1263 3202 ,

158 3203 357 3234 auctoritates
380 3204 584 3238 inducuntur.
612 3206 710 3238 Crisis
733 3206 820 3238 enim
845 3207 876 3238 in
901 3208 950 3239 his
974 3208 1181 3241 discutiendis
1198 3220 1236 3241 ex

158 3247 270 3287 triplici
288 3249 387 3289 capite
412 3250 511 3290 peiori
537 3251 635 3283 utitur
660 3251 844 3284 conditione
860 3263 959 3294 quarn
977 3253 1009 3284 in
1027 3255 1235 3286 restaurando

159 3298 242 3322 textu
269 3292 366 3332 ipsius
390 3294 420 3325 S.
438 3295 594 3327 Thomae.
615 3297 704 3328 Tum
728 3297 804 3338 quia
829 3306 999 3330 auctorum
1020 3300 1114 3330 verba
1134 3300 1236 3341 magis

159 3336 306 3368 inusitata
323 3344 353 3368 et
369 3339 541 3379 peregrina,
563 3341 684 3381 phrasis
708 3342 884 3383 elegantius
909 3352 1063 3381 conserta,
1088 3345 1236 3376 transcri-
1262 3371 1263 3386 ἰ

160 3381 244 3411 beuti
276 3382 411 3413 maiores
442 3383 639 3423 difficultates
670 3386 870 3425 obiiciebant,
901 3399 998 3430 quam
1028 3389 1059 3421 S.
1085 3389 1235 3422 Thomae
1262 3403 1263 3427 1

160 3426 253 3456 verba
271 3426 434 3458 notissima
447 3436 477 3459 et
490 3429 623 3470 simplex
639 3431 774 3471 phrasis:
792 3444 827 3464 ex
846 3434 907 3465 hoc
924 3433 1011 3465 enim
1028 3442 1174 3466 secutum
1188 3442 1236 3467 est
1262 3446 1263 3450 ¹

162 3478 195 3501 ut
211 3470 272 3501 loci
290 3471 372 3503 citati
391 3473 502 3504 maiori
520 3475 723 3515 corruptione
739 3477 892 3510 laborent.
913 3479 1002 3510 Tum
1019 3479 1095 3521 quia
1111 3489 1148 3511 ex
1165 3479 1235 3521 qui-
1262 3489 1263 3493 ¹

161 3516 220 3545 bus
233 3516 472 3555 particularibus
485 3518 570 3549 libris
583 3519 614 3551 S.
628 3520 774 3552 Thomas
786 3524 988 3556 auctoritates
1000 3524 1236 3566 deprompserit
1262 3545 1263 3548 =

163 3559 309 3592 nescitur.
326 3561 414 3592 Tum
431 3562 505 3604 quia
522 3564 611 3595 locos
628 3566 667 3595 ad
685 3576 824 3603 sensum,
839 3577 959 3600 mutata
977 3569 1126 3605 dictione,
1141 3569 1235 3601 citare
1262 3601 1263 3604 ,

162 3605 341 3642 consuevit,
373 3617 438 3648 quo
471 3607 589 3639 factum
614 3618 659 3641 est
684 3618 718 3642 ut
743 3611 774 3642 in
807 3620 974 3645 auctorum
1003 3613 1091 3646 libris
1119 3613 1235 3646 melius

162 3659 258 3690 quam
276 3649 308 3681 in
325 3650 473 3683 citatione
493 3661 622 3685 sonent:
648 3655 825 3687 orationem
842 3658 927 3689 enim
950 3658 1132 3700 Augustini.
1157 3659 1234 3691 Hie-

1305 319 1450 359 ronymi,
1477 319 1622 360 Gregorii
1653 320 1722 351 aliis
1751 320 1852 352 verbis
1877 329 1908 352 et
1932 321 2030 352 simul
2053 331 2155 363 aeque
2178 322 2320 363 pulchris
2346 333 2391 354 re-

1305 362 1418 399 dicere,
1443 363 1474 395 S.
1493 364 1640 395 Thomas
1665 375 1704 395 ne
1729 373 1863 397 conatus
1894 366 2026 407 quidem
2052 374 2108 398 est.
2141 367 2189 398 Ex
2213 367 2261 398 his
2286 368 2390 399 consi-

1303 407 1523 439 derationibus
1554 419 1649 451 saepe
1678 410 1857 447 haesimus,
1889 411 1943 451 ubi
1973 410 2149 442 differentia
2177 412 2325 444 lectionis
2357 413 2389 444 in

1301 451 1390 482 libris
1413 460 1584 484 auctorum
1609 462 1640 485 et
1663 454 1833 488 traditione
1857 455 2022 486 Secundae
2046 456 2211 487 Secundae
2241 458 2390 489 obvenie-

1302 496 1364 532 bat,
1390 506 1448 528 nec
1473 498 1556 528 clare
1571 500 1710 539 patebat,
1731 508 1842 532 utrum
1858 511 1875 530 a
1892 501 2009 531 citandi
2033 501 2190 532 methodo
2214 512 2255 532 an
2279 503 2390 543 potius

1301 550 1338 571 ex
1366 541 1484 572 librarii
1514 553 1620 574 errore
1650 544 1843 584 proveniret.
1878 545 1989 576 Unum
2013 556 2175 587 ponamus
2203 548 2389 589 exemplum

1300 595 1337 616 ex
1361 586 1472 617 multis
1499 586 1594 618 locis:
1620 588 1685 626 Qu.
1711 599 1831 623 cmxxxv
1857 597 1915 621 art.
1942 601 1985 621 vn
2008 602 2017 621 1
2040 601 2105 632 arg.
2143 605 2157 620 ι
2181 591 2287 623 Nemo
2314 603 2389 633 pro-

1299 629 1407 670 prium
1431 630 1516 662 dicat
1535 632 1626 672 quod
1650 638 1697 664 est
1720 643 1903 667 commune:
1929 635 2002 676 plus
2023 646 2123 677 quam
2147 635 2284 669 sufficiat
2301 647 2388 668 sum-

1293 675 1380 714 ptui,
1407 674 1561 706 violenter
1585 677 1755 708 obtentum
1778 686 1856 712 est»
1884 680 2024 717 codices;
2053 694 2067 708 «
2087 681 2193 712 Nemo
2219 683 2387 723 proprium

1300 719 1383 750 dicat
1413 720 1503 760 quod
1528 730 1546 751 e
1571 724 1736 753 communi
1766 724 1841 764 plus
1867 734 1967 766 quam
1999 725 2135 757 sufficiat
2162 733 2326 768 sumptum
2359 733 2389 759 et

1298 763 1455 795 violenter
1489 765 1661 797 obtentum
1689 774 1737 798 est
1759 780 1773 795 ²
1806 779 1872 803 non
1901 771 2007 802 multo
2037 779 2182 812 tempore
2216 780 2291 812 post
2322 773 2389 803 Pia-

1298 818 1374 838 nam
1405 809 1562 840 editiones
1592 812 1774 842 secundum
1803 814 2016 846 Ambrosium
2046 817 2179 848 citatum
2207 817 2312 858 legere
2341 818 2387 848 in-

1297 861 1491 894 coeperunt;
1521 860 1568 886 est
1591 865 1762 887 commune
1785 867 1844 897 pro
1873 868 1892 890 e
1913 863 2078 891 communi
2101 869 2132 893 et
2160 865 2305 904 sumptui
2329 873 2387 904 pro

1297 904 1461 939 sumptum
1486 905 1517 930 et
1541 900 1654 931 orbem
1678 910 1825 934 errorum
1849 904 2101 945 transcriptionis
2132 916 2198 938 non
2229 908 2388 939 excedunt

1297 943 1395 986 (sicut
1419 954 1477 975 nec
1501 955 1595 976 nemo
1604 947 1779 987 proprium
1801 954 1832 979 et
1854 947 2012 990 sufficiat,
2029 960 2088 990 pro
2102 954 2276 993 proprium
2293 963 2387 985 nemo

1268 994 1269 997 ’
1298 995 1329 1020 et
1351 989 1521 1031 sufficeret
1544 1001 1628 1032 quae
1645 991 1839 1024 Ambrosius
1854 991 1960 1035 legit);
1983 994 2158 1027 Decretum
2183 1005 2291 1029 tamen
2308 999 2387 1030 Gra-

1296 1033 1384 1071 tiani,
1401 1044 1439 1065 ex
1454 1045 1523 1076 quo
1540 1035 1571 1067 S.
1586 1036 1733 1067 Thomas
1750 1037 1846 1069 citare
1864 1045 1961 1074 amat,
1979 1039 2067 1080 apud
2083 1041 2260 1073 Aemilium
2277 1043 2302 1074 F
2304 1043 2388 1074 ried-

1297 1079 1374 1120 berg
1389 1079 1467 1120 legit
1482 1086 1531 1112 est
1546 1090 1751 1113 commune...
1767 1087 1932 1124 sumptum
1949 1089 1997 1114 est
2012 1084 2060 1127 (et
2067 1087 2240 1126 proprium
2258 1097 2385 1120 nemo...

1295 1123 1489 1169 sufficeret).
1522 1126 1616 1164 Quae
1646 1137 1720 1158 cum
1746 1127 1790 1158 ita
1813 1127 1886 1165 sint,
1911 1128 1984 1169 quis
2009 1129 2071 1160 hoc
2101 1130 2177 1161 loco
2206 1132 2388 1164 traditionis

1295 1169 1470 1201 lectionem
1493 1179 1619 1203 mutare
1643 1173 1784 1207 auderet.
1801 1183 1900 1214 quarn
1927 1173 1992 1204 alio
2013 1174 2098 1211 loco,
2115 1175 2181 1213 Qu.
2198 1186 2271 1207 vat
2288 1185 2345 1209 art.
2362 1187 2388 1209 u

1299 1215 1315 1245 3
1334 1225 1399 1256 arg.
1417 1222 1449 1246 et
1464 1217 1504 1246 ad
1524 1217 1552 1247 3.
1572 1217 1681 1260 nullus
1705 1218 1809 1249 editor
1833 1219 1873 1250 ad
1897 1226 2021 1250 textum
2044 1220 2210 1252 Ambrosii
2235 1222 2387 1254 reducere

1296 1258 1447 1291 tentavit?
1463 1261 1498 1292 ln
1511 1261 1672 1293 similibus
1687 1263 1812 1294 casibus
1829 1271 1931 1296 totam
1944 1264 2129 1296 varietatem
2144 1265 2386 1305 Vaticanorum,

1295 1305 1524 1342 Atrebatensis,
1541 1307 1791 1340 Vindocinensis
1813 1316 1845 1340 et
1860 1309 2072 1350 Amploniani
2093 1311 2329 1352 exscripsimus,
2346 1322 2387 1344 eo

1296 1350 1433 1382 consilio
1447 1358 1492 1388 ut,
1506 1351 1532 1382 si
1549 1353 1599 1383 cui
1619 1361 1726 1384 nostra
1742 1354 1837 1385 lectio
1851 1365 1916 1386 non
1933 1355 2065 1396 placeat,
2081 1356 2270 1397 placituram
2286 1367 2324 1389 ex
2337 1368 2388 1389 va-

1294 1395 1451 1427 riantibus
1471 1396 1587 1438 eligere
1600 1406 1748 1439 posset.-
1766 1399 1816 1430 Ad
1829 1400 1901 1431 loca
1918 1399 2112 1432 intricatiora
2125 1411 2240 1433 omnes
2259 1403 2387 1435 codices

1295 1449 1460 1483 quotquot
1476 1452 1534 1483 per
1548 1450 1672 1484 septem
1689 1453 1792 1475 annos
1808 1444 1840 1476 in
1857 1445 2061 1477 bibliothecis
2077 1447 2260 1478 consultare
2275 1449 2387 1489 potui-

1294 1495 1380 1524 mus,
1405 1486 1494 1518 nodo
1518 1488 1676 1520 solvendo
1701 1489 1864 1522 adiutores
1888 1490 2004 1522 habere
2027 1491 2202 1524 voluimus.
2227 1491 2385 1526 Codicern

1294 1531 1564 1564 Panormitanum
1594 1533 1669 1575 plus
1700 1535 1812 1566 ceteris
1843 1536 2113 1574 consultavimus,
2144 1544 2176 1569 et
2206 1538 2340 1579 quidem
2368 1549 2387 1571 a

1295 1576 1360 1615 Qu.
1378 1587 1441 1608 ινιι
1459 1587 1562 1619 usque
1578 1579 1619 1609 ad
1636 1579 1702 1618 Qu.
1717 1590 1822 1611 Lxxvu
1839 1580 1992 1612 continue
2011 1591 2127 1613 omnes
2143 1582 2213 1614 eius
2229 1584 2387 1616 variantes

1294 1621 1456 1653 schedulis
1479 1623 1720 1662 commisimus;
1748 1633 1782 1657 at
1808 1625 1887 1657 nihil
1908 1626 2002 1657 nobis
2026 1627 2184 1668 persuasit
2208 1635 2244 1660 ut
2267 1629 2385 1662 nostris

1294 1666 1456 1698 Vaticanis
1473 1668 1589 1699 melior
1605 1668 1659 1701 sit:
1680 1669 1795 1702 criticis
1811 1670 2005 1703 lectionibus
2020 1672 2177 1710 abundat;
2197 1674 2385 1716 ceteroquin

1293 1722 1416 1743 errores
1440 1712 1536 1754 primi
1561 1715 1739 1756 apographi
1757 1716 1886 1748 ‘multos
1903 1717 2027 1754 retinet,
2045 1724 2075 1749 et
2099 1717 2258 1760 originem
2282 1729 2320 1750 ex
2343 1729 2384 1752 eo

1293 1757 1426 1788 indubie
1454 1758 1664 1791 demonstrat.
1696 1760 1878 1793 Secundam
1908 1762 2041 1794 classem
2070 1773 2170 1804 quam
2197 1763 2230 1795 in
2258 1763 2385 1797 Octavo

1293 1802 1461 1834 volumine
1485 1813 1542 1844 per
1565 1814 1585 1835 a
1609 1805 1719 1837 adesse
1743 1806 1919 1844 voluimus,
1937 1807 1969 1838 in
1994 1808 2092 1839 Nono
2116 1815 2147 1840 et
2163 1809 2300 1840 Decimo
2317 1820 2383 1842 non

1293 1847 1434 1888 amplius
1446 1855 1609 1886 notamus,
1622 1850 1699 1892 quia
1712 1851 1808 1882 nimis
1820 1851 1989 1884 manifeste
2002 1860 2126 1885 textum
2146 1867 2160 1882 ‹
2172 1862 2352 1886 correctum
2366 1868 2380 1883 s

1292 1893 1479 1928 ostendunt,
1504 1900 1536 1924 et
1554 1893 1631 1935 quia
1655 1895 1803 1936 expedire
1827 1896 1995 1928 videbatur
2018 1898 2058 1929 ad
2083 1898 2235 1930 tutiorem
2256 1900 2382 1932 Vatica-

1293 1947 1412 1968 uorum
1433 1938 1690 1970 moderationem
1711 1948 1835 1981 partem
1855 1941 2026 1982 largiorem
2043 1943 2119 1975 dare
2137 1944 2304 1976 codicibus
2321 1953 2383 1977 ter-

1291 1982 1353 2014 tiae
1373 1982 1491 2019 classis,
1508 1993 1591 2025 quae
1616 1994 1672 2026 per
1695 1985 1804 2016 solum
1821 1986 2058 2019 Taurinensem
2082 1998 2186 2030 usque
2205 1990 2244 2020 ad
2261 1990 2327 2029 Qu.
2345 2001 2384 2022 xc

1293 2037 1442 2069 praesens
1466 2036 1542 2060 erat.

1351 2072 1504 2114 Superest
1527 2081 1563 2106 ut
1579 2073 1708 2117 aliquos
1723 2085 1846 2107 errores
1863 2086 1900 2107 ex
1920 2076 2066 2108 Elencho
2083 2077 2247 2111 Codicum
2272 2079 2382 2112 Colla·

1292 2125 1402 2149 torum
1419 2118 1451 2149 in
1469 2119 1543 2151 Vol.
1561 2119 1634 2151 Oct.
1649 2130 1722 2161 pag.
1740 2130 1796 2151 xm
1821 2122 2044 2154 emendemus

1348 2175 1369 2199 η
1392 2173 1459 2194 non
1479 2171 1526 2195 est
1546 2163 1754 2208 ant(-iquus),
1771 2166 1827 2198 sed
1851 2166 2034 2210 med(-ius).

1351 2209 1435 2240 lnter
1456 2220 1477 2245 η
1503 2216 1535 2240 et
1558 2206 1574 2238 θ
1598 2209 1759 2242 inserendi
1782 2219 1858 2243 sunt
1883 2212 1988 2252 15348
2009 2221 2073 2245 ant.
2093 2212 2146 2255 (ad
2164 2214 2289 2246 tertiam
2305 2215 2382 2248 clas·

1293 2263 1359 2284 sem
1378 2253 1524 2295 pertinet,
1542 2264 1618 2286 cum
1635 2255 1888 2288 correctionibus
1904 2267 1941 2288 ex
1958 2256 2077 2301 prima)
2090 2265 2121 2289 et
2144 2260 2248 2301 ¹5349
2269 2269 2335 2292 ant.

1350 2297 1366 2328 θ
1391 2298 1474 2330 inter
1497 2299 1643 2341 optimos
1671 2300 1806 2343 quidem
1841 2303 2056 2334 recensendus
2084 2310 2148 2339 est.
2173 2305 2229 2335 sed
2253 2315 2319 2347 qua
2342 2310 2382 2338 de

1293 2354 1399 2381 causa,
1417 2345 1496 2375 dum
1521 2345 1561 2376 de
1585 2345 1655 2376 aliis
1679 2345 1813 2387 optimis
1831 2347 1910 2378 nihil
1933 2347 2059 2385 dicitur,
2083 2348 2152 2390 ipse
2172 2349 2262 2381 solus
2290 2364 2304 2379 ‹
2319 2351 2381 2382 sin—

1292 2389 1431 2426 ceritate,
1449 2389 1648 2432 antiquitate,
1666 2391 1888 2430 accuratione.
1919 2392 2018 2424 nitida
2039 2393 2136 2426 etiam
2157 2394 2313 2436 scriptura
2333 2396 2382 2428 in-

1291 2434 1390 2476 signis
1409 2447 1422 2462 ι·
1451 2434 1606 2467 dicendus
1637 2443 1736 2474 esset,
1764 2447 1831 2470 non
1856 2438 1997 2479 amplius
2027 2437 2139 2470 video:
2165 2439 2300 2473 fortasse
2327 2442 2382 2474 ali·

1291 2489 1432 2521 quarum
1456 2480 1648 2523 paginarum
1678 2482 1871 2514 memoriam
1895 2483 1936 2514 ad
1960 2490 2066 2515 totum
2097 2484 2217 2517 librum
2241 2487 2381 2522 extendi.

1347 2524 1368 2555 λ
1394 2533 1558 2557 remaneat
1580 2531 1668 2564 ant„
1692 2527 1842 2569 quamvis
1865 2528 1899 2559 in
1927 2528 2028 2560 Praef.
2054 2528 2127 2562 Oct.
2154 2530 2227 2563 Vol.
2251 2541 2324 2573 pag.
2349 2542 2383 2566 xa

1291 2580 1368 2601 eum
1391 2570 1473 2602 inter
1497 2571 1620 2603 medios
1642 2571 1844 2614 religandum
1861 2583 1930 2605 esse
1947 2573 2106 2612 diximum
2133 2582 2210 2607 tunc
2233 2576 2320 2608 enim
2337 2587 2381 2610 er-

1291 2625 1398 2647 rorem
1417 2626 1523 2647 errore
1543 2617 1746 2649 cumulantes
1759 2618 1799 2650 de
1814 2618 1835 2648 λ
1855 2618 1995 2651 diximus
2010 2619 2101 2661 quod
2117 2620 2158 2652 ad
2171 2632 2194 2658 η
2207 2622 2381 2663 spectabat.

1348 2661 1433 2692 Inter
1446 2660 1467 2691 λ
1484 2668 1516 2693 et
1531 2672 1555 2706 μ.
1571 2662 1761 2695 inserendus
1782 2664 1888 2706 ¹⁵799
1917 2664 2053 2702 mixtus;
2078 2672 2126 2697 est
2149 2665 2286 2699 alicuius
2308 2666 2382 2701 libri

1290 2705 1368 2738 alter
1393 2713 1520 2743 tomus:
1546 2706 1658 2749 incipit
1685 2722 1699 2737 ι
1719 2708 1843 2740 Deinde
1867 2709 2138 2743 considerandum
2163 2718 2210 2743 est
2234 2712 2274 2744 de
2296 2712 2382 2746 vitiis

1291 2751 1452 2793 oppositis
1475 2751 1609 2790 veritati,
1633 2760 1666 2784 et
1687 2753 1795 2795 primo
1819 2754 1859 2787 de
1882 2754 2054 2788 Mendacio
2074 2769 2102 2788 υ.

1347 2807 1365 2827 ι.
1390 2796 1506 2828 dicitur
1529 2803 1598 2830 ant.
1623 2798 1675 2830 vel
1698 2798 1803 2838 med.‚·
1827 2809 1914 2831 nunc
1936 2806 2006 2832 ant.
2031 2800 2182 2834 dicerem.
2212 2802 2382 2835 Possessor

1290 2841 1370 2878 eius,
1396 2842 1531 2874 lacobus
1555 2843 1594 2874 de
1619 2843 1707 2875 Actis
1731 2844 1771 2876 de
1794 2844 1930 2883 Mutina,
1954 2855 2054 2888 quam
2070 2845 2103 2878 in
2123 2846 2382 2881 canonizatione

1291 2886 1322 2918 S.
1338 2886 1490 2919 Thomae
1506 2896 1630 2929 partem
1645 2888 1803 2927 habuerit,
1820 2890 1990 2931 publicatis
2005 2890 2137 2932 integris
2151 2892 2229 2924 actis
2249 2892 2380 2934 patebit.

1290 2931 1408 2964 Nescio
1441 2943 1482 2964 an
1513 2933 1587 2975 quis
1619 2934 1721 2967 codici
1755 2945 1793 2967 ex
1820 2945 2006 2977 possessore
2037 2936 2159 2978 aliquid
2183 2937 2381 2971 auctoritatis

1291 2987 1465 3009 accrescere
1489 2986 1590 3019 putet,
1612 2979 1694 3012 sicut
1717 2979 1844 3012 codices
1867 2980 1924 3018 illi,
1941 2991 2025 3022 quos
2048 2981 2082 3014 S.
2098 2981 2287 3015 Vincentius
2306 2983 2381 3016 Fer-

1290 3022 1391 3054 rerius
1415 3022 1482 3055 suis
1506 3024 1657 3056 manibus
1673 3024 1896 3068 appostillatos
1916 3025 2139 3061 Dominicanis
2159 3027 2380 3060 Alcanitiensi-

1290 3068 1351 3100 bus
1375 3068 1464 3100 dono
1493 3069 1580 3101 dedit
1604 3069 1667 3111 (De
1691 3069 1823 3102 Rubeis.
1848 3069 1979 3103 Dissert.
2004 3081 2057 3103 xvi
2079 3082 2150 3114 cap.
2175 3082 2222 3110 ιιι,
2247 3071 2316 3116 m),
2341 3074 2380 3106 ab

1262 3126 1264 3136 ι
1290 3113 1390 3146 altero
1415 3113 1572 3146 decennio
1596 3114 1756 3156 praeteriti
1779 3115 1899 3148 saeculi
1928 3115 2067 3148 celebres
2095 3126 2164 3150 esse
2191 3126 2379 3159 coeperunt.

1290 3159 1353 3192 Sed
1369 3159 1448 3201 quid
1462 3166 1590 3192 externa
1605 3159 1770 3201 privilegia
1787 3160 1847 3192 iuis
1860 3160 2025 3193 codicibus
2040 3161 2194 3200 tribuunt,
2207 3172 2246 3195 ex
2260 3163 2381 3206 quibus

1291 3204 1351 3236 nisi
1371 3214 1428 3246 per
1439 3204 1589 3256 ’canalem
1604 3204 1701 3246 primi
1717 3205 1868 3237 omnium
1892 3205 2068 3248 apograghi
2082 3207 2123 3238 ad
2139 3209 2380 3250 autographum

1291 3246 1604 3335 nozgegiihnined„
1628 3294 1684 3326 sed
1708 3299 1776 3326 ant.
1801 3294 2020 3328 aestimandus
2043 3305 2100 3330 est.

1348 3340 1390 3371 60
1419 3338 1674 3382 (Amplonianus
1699 3346 1808 3372 noster
1830 3339 1864 3372 in
1889 3340 2014 3379 Quarto
2038 3341 2184 3375 Elencho
2209 3342 2306 3387 infra)
2330 3344 2380 3376 di·

1291 3384 1373 3416 citur
1396 3389 1464 3416 ant.
1490 3384 1542 3416 vel
1564 3384 1669 3423 med.;
1693 3385 1886 3417 cancelletur
1910 3386 1961 3418 vel
1984 3387 2066 3419 med.

1531 3491 1714 3513 ΑΝΝΟΤΑΤΙΟ
1738 3492 1932 3514 wimannus!
1956 3494 2026 3515 A‘rn.
2054 3494 2138 3517 vmn.

1347 3570 1498 3608 Quatuor
1528 3570 1668 3602 elenchis
1695 3571 1904 3612 sequentibus
1937 3573 2166 3606 continuamus
2196 3574 2377 3606 annotatio·

1291 3624 1366 3646 nem
1390 3614 1583 3647 variantium
1602 3625 1701 3658 quam
1720 3615 1753 3647 in
1774 3616 1974 3649 Praefatione
1998 3618 2174 3659 superioris
2192 3618 2378 3651 Voluminis

1262 3669 1263 3696 j
1291 3659 1504 3701 incoepimus.
1520 3653 1748 3692 ¹Elenchorum
1766 3661 1881 3693 divisio
1898 3663 2041 3704 profecta
2065 3672 2112 3696 est
2134 3664 2175 3696 ab
2190 3663 2376 3696 habitudine
