2768 4198
74 2368 250 2456 Qui-‘2
263 2403 288 2426 ⁶·

75 2827 210 2877 ζονοτὲ-ΙΞ-

301 963 430 1001 pauca
458 952 587 997 verba,
608 957 643 988 et
669 951 909 988 rationabilia
929 950 1105 998 loquatur
1131 949 1277 997 aliquis,
1299 959 1373 984 non

302 1064 391 1107 ptus
419 1059 456 1095 in
487 1059 628 1102 risum;
656 1066 825 1106 quartus,
846 1057 1080 1094 taciturnitas
1099 1067 1216 1103 usque
1242 1055 1294 1092 ad
1320 1055 1375 1090 in-

977 266 1244 314 QUAESTIO
1275 266 1413 313 cm,

1443 266 1740 304 ARTmULus
1768 266 1818 303 v1
2413 268 2486 316 307

1119 401 1438 445 ARTICULUS
1468 402 1677 445 SEXTUS

569 507 726 539 UTRUM
750 506 1091 537 CONVENIENTER
1114 504 1471 536 DISTINGUANTUR
1494 503 1724 535 DUODECIM
1749 505 1920 536 GRADUS
1944 506 2228 537 HUMILITATIS

892 550 966 587 QUI
991 550 1034 581 IN
1058 550 1233 581 REGULA
1257 548 1386 580 BEATI
1410 547 1642 578 BENEDICTI
1666 548 1907 580 PONUNTUR

343 660 362 674 ,s
422 651 464 673 Vs*

336 657 488 745 ''CL—¹⁵5⁴
519 684 834 722 inconvenienter
863 684 1137 743 distinguantur
1166 682 1371 719 duodecim

325 722 377 785 ,sy
384 754 445 781 ¹⁷<
461 736 659 789 gradus
688 737 907 774 humilitatis
936 737 1000 785 qui
1028 737 1066 774 in
1094 737 1240 784 Regula
1274 734 1374 771 beati

327 785 338 793 ”
364 766 753 829 fflssenedicffl‘
780 798 998 840 ponuntur.
1027 802 1194 839 quorum
1227 788 1373 838 primus

308 852 376 891 est,
406 845 519 881 corde
546 850 583 882 et
617 856 776 893 corpore
801 856 950 893 semper
982 843 1226 880 humilitatem
1256 848 1374 879 osten·
1399 841 1401 854 ¹

307 898 407 944 dere,
433 898 567 946 defixis
595 899 632 935 in
662 904 803 934 terram
840 897 1069 946 aspectibus;
1097 896 1307 942 secundus,
1337 900 1377 930 ut

308 1005 476 1042 clamosa
504 1016 616 1048 voce,·
643 1005 785 1051 tertius,
807 1010 848 1040 ut
865 1016 939 1041 non
958 1004 1005 1040 sit
1013 1003 1146 1052 facilis
1165 1008 1232 1039 aut
1243 1013 1373 1050 prom-

308 1112 627 1161 terrogationem;
654 1111 821 1159 quintus,
851 1116 976 1147 tenere
1003 1109 1104 1157 quod
1138 1109 1250 1144 habet
1275 1119 1376 1144 com-

309 1165 434 1202 munis
461 1164 681 1202 monasterii
707 1164 858 1213 regula,
855 1176 863 1184 ·
891 1170 1028 1207 sextus,
1049 1161 1202 1197 credere
1229 1166 1263 1197 et
1284 1171 1375 1220 pro-

310 1219 485 1255 nuntiare
502 1229 542 1255 se
561 1218 734 1254 omnibus
752 1216 947 1260 viliorem;
966 1215 1162 1263 septimus,
1179 1213 1230 1250 ad
1247 1213 1375 1250 omnia

309 1271 510 1333 indignum
528 1270 748 1307 etinutilem
766 1281 806 1306 se
825 1268 997 1317 confiteri
1021 1273 1057 1304 et
1073 1267 1248 1311 credere,·
1277 1273 1377 1302 octa-

298 1325 402 1369 v'uS‚
432 1323 616 1371 confessio
639 1328 907 1371 peccatorum,·
935 1332 1079 1366 nonuS,
1104 1332 1178 1368 pro
1207 1319 1378 1356 obedien·
1403 1349 1405 1365 ,

309 1377 361 1414 tia
381 1381 399 1398 α
427 1377 464 1413 ίη
493 1376 598 1412 duris
616 1381 653 1412 et
678 1376 821 1423 asperis
838 1374 1061 1423 patientiam
1089 1373 1285 1421 amplecti,·
1314 1373 1378 1408 de-

311 1430 444 1476 cimus,
466 1434 508 1466 ut
532 1441 618 1466 cum
647 1429 855 1465 obedientia
881 1440 922 1465 se
948 1428 1083 1464 subdat
1115 1427 1276 1470 maiori;
1309 1437 1378 1461 un-

311 1482 495 1529 decimus,
521 1487 562 1519 ut
587 1482 815 1519 voluntatem
841 1481 1043 1530 propriam
1079 1492 1153 1516 non
1182 1479 1405 1516 delectetur

310 1536 484 1586 implere‚·
512 1535 778 1582 duodecimus,
799 1541 840 1571 ut
865 1536 991 1572 Deum
1013 1534 1151 1579 timeat,
1171 1539 1208 1569 et
1233 1544 1406 1572 memor

309 1591 358 1628 sit
382 1590 552 1627 omnium
581 1600 679 1637 quae
707 1589 910 1637 praecepit.
955 1589 1239 1625 Enumerantur
1277 1586 1379 1623 enirn

309 1643 372 1682 hic
409 1642 603 1691 quaedam
641 1655 740 1691 quae
774 1642 823 1679 ad
851 1641 942 1678 alias
976 1641 1133 1678 virtutes
1170 1640 1378 1700 pertinent:

310 1697 407 1734 sicut
426 1695 643 1733 obedientia
673 1703 710 1732 et
733 1694 924 1744 patientia.
954 1695 1237 1731 Enumerantur
1266 1693 1379 1730 etiam
1405 1695 1406 1724 ἐ

311 1750 436 1799 aliqua
465 1761 565 1798 quae
600 1749 649 1786 ad
683 1749 816 1786 falsam
845 1748 1069 1797 opinionem
1108 1747 1295 1797 pertinere
1323 1747 1378 1783 vi-

310 1857 397 1895 licet
416 1857 521 1906 quod
549 1856 684 1904 aliquis
698 1856 918 1904 pronuntiet
943 1867 983 1891 se
1003 1855 1177 1891 omnibus
1196 1854 1380 1899 viliorem,

313 1910 418 1960 quod
437 1910 489 1947 ad
515 1910 644 1946 omnia
665 1909 862 1958 indignum
891 1914 927 1945 et
945 1908 1110 1944 inutilem
1138 1919 1178 1944 se
1205 1908 1381 1955 confitea-

313 1971 375 2002 tur
402 1969 438 2000 et
464 1963 602 1999 credat.
634 1963 735 2010 Ergo
755 1961 1069 1998 inconvenienter
1091 1961 1161 1997 ista
1185 1968 1382 2009 ponuntur

313 2017 409 2055 inter
436 2016 575 2064 gradus
603 2015 834 2052 humilitatis

369 2082 404 2107 2.
423 2070 657 2115 PRAETEREA,
678 2069 868 2105 humilitas
898 2068 945 2104 ab
975 2067 1214 2104 interioribus
1243 2068 1290 2104 ad
1321 2079 1382 2104 ex-

313 2123 454 2162 teriora
481 2123 672 2171 procedit:
702 2122 798 2159 sicut
827 2129 862 2158 et
882 2129 1030 2158 ceterae
1048 2121 1216 2158 virtutes.
1247 2122 1381 2158 Incon-

313 2177 512 2215 venienter
539 2176 650 2224 igitur
675 2175 968 2224 praemittuntur
995 2175 1033 2211 in
1052 2175 1271 2223 praemissis
1299 2187 1381 2222 gra-

315 2231 426 2268 dibus
455 2230 516 2267 illa
544 2241 643 2277 quae
663 2228 852 2277 pertinent
879 2229 927 2266 ad
952 2229 1157 2265 exteriores
1186 2236 1303 2275 actus,
1325 2228 1383 2264 his

314 2296 414 2333 quae
441 2282 630 2332 pertinent
656 2282 704 2320 ad
732 2281 940 2319 interiores.

370 2338 404 2375 3.
431 2337 666 2382 PRAETEREA,
694 2335 913 2382 Anselmus,
940 2335 978 2372 in
1006 2334 1102 2371 libro
1131 2336 1178 2372 de
1205 2335 1384 2372 Similitu-

313 2391 461 2428 dinibus
478 2389 510 2436 *‚
530 2389 639 2438 ponit
667 2396 813 2437 septem
842 2388 1063 2426 humilitatis
1096 2388 1257 2436 gradus:
1288 2401 1383 2437 quo-

313 2456 400 2481 rum
436 2442 584 2493 primus
621 2450 695 2489 est,
724 2442 1036 2491 contemptibilem
1063 2454 1104 2478 se
1136 2454 1215 2479 esse
1241 2454 1383 2492 cogno-

312 2509 416 2537 scere
424 2510 438 2541 ;
462 2495 664 2542 secundus,
685 2496 731 2532 de
748 2497 820 2532 hoc
842 2496 990 2539 dolere‚·
1017 2495 1158 2543 tertius,
1178 2497 1250 2533 hoc
1268 2497 1383 2544 confi-

312 2551 384 2588 teri
391 2564 404 2595 ;
432 2557 600 2598 quartus,
621 2550 693 2586 hoc
705 2549 950 2597 persuadere,
970 2556 1012 2585 ut
1040 2549 1180 2586 scilicet
1198 2548 1290 2586 velit
1307 2549 1383 2586 hoc

315 2603 439 2649 credi;
477 2603 650 2651 quintus,
682 2609 722 2639 ut
747 2603 936 2650 patienter
967 2603 1146 2639 sustineat
1180 2603 1253 2640 hoc
1288 2603 1364 2640 dici
1370 2616 1384 2647 ;

314 2665 454 2704 sextuS,
475 2662 514 2693 ut
526 2656 697 2704 patiatur
724 2656 1046 2704 contemptibiliter
1062 2668 1102 2692 se
1120 2656 1279 2693 tractari
1285 2669 1299 2701 ‚·
1327 2668 1384 2693 se-

313 2711 467 2762 ptimuS‚
489 2716 528 2746 ut
546 2711 618 2746 hoc
636 2714 746 2746 amet.
774 2710 876 2757 Ergo
895 2709 1074 2746 videntur
1086 2709 1284 2758 praemissi
1303 2721 1384 2758 gra-

316 2764 388 2802 dus
418 2775 500 2800 esse
530 2762 725 2811 superflui.

369 2829 407 2865 4.
427 2818 663 2862 PRAETEREA,
685 2816 818 2852 Matth.
841 2827 876 2852 111
896 2815 915 2836 ’¹‘
943 2815 1032 2852 dicit
1051 2815 1188 2853 Glossa
1206 2815 1268 2853 ³¹⁸*z
1295 2818 1385 2854 Per-

302 2873 414 2920 fecta
433 2870 622 2908 humilitas
642 2875 715 2906 tres
733 2869 846 2906 habet
861 2869 1018 2918 gradus.
1047 2869 1198 2906 Primus
1223 2876 1277 2907 est
1301 2871 1385 2907 sub-

316 2925 406 2962 dere
423 2936 463 2961 se
489 2923 640 2969 maiori,
661 2928 695 2959 et
714 2935 788 2959 non
803 2923 1006 2970 praeferre
1031 2934 1072 2958 se
1089 2923 1259 2971 aequali:
1287 2924 1353 2972 qui
1369 2929 1385 2952 Τ

317 2984 373 3015 est
395 2977 596 3026 sufficiens.
644 2976 838 3013 Secundus
873 2981 927 3012 est
957 2976 1117 3012 subdere
1146 2988 1187 3012 se
1213 2977 1384 3025 aequali,

318 3043 387 3068 nec
414 3032 616 3079 praeferre
651 3042 691 3066 se
718 3029 879 3066 minori:
908 3034 944 3065 et
968 3029 1029 3065 hic
1053 3026 1067 3050 Β
1095 3028 1230 3066 dicitur
1267 3031 1385 3067 abun-

318 3083 424 3120 dans.
458 3084 602 3121 Tertius
629 3083 775 3133 gradus
802 3088 857 3120 est
881 3083 1030 3119 subesse
1057 3082 1217 3119 minori.-
1246 3083 1283 3120 in
1312 3095 1385 3132 quo

320 3142 375 3172 est
399 3137 521 3174 omnis
547 3137 697 3174 iustitia.
728 3137 831 3184 Ergo
860 3135 1058 3185 praemissi
1085 3136 1224 3183 gradus
1251 3136 1384 3174 viden-

320 3196 380 3225 tur
407 3201 489 3226 esse
518 3190 710 3239 superflui.

378 3242 410 3278 5.
430 3243 663 3289 mamam,
684 3243 919 3291 Augustinus
939 3242 1038 3289 dicit,
1059 3241 1098 3278 in
1118 3241 1214 3278 libro
1233 3243 1280 3279 de
1304 3243 1385 3280 Vir-

319 3295 427 3345 ginit.
455 3294 495 3331 *ε
542 3297 729 3333 Mensura
764 3296 982 3333 humilitatis
1025 3295 1159 3344 cuique
1195 3307 1245 3332 ex
1282 3308 1383 3333 men-

320 3359 411 3384 sura
439 3347 553 3396 ipsius
571 3349 841 3399 magnitudinis
868 3349 955 3386 data
984 3355 1057 3386 est:
1085 3349 1149 3385 cui
1164 3354 1219 3386 est
1235 3350 1384 3397 pericu-

322 3401 401 3438 losa
419 3401 606 3449 superbia,
622 3413 720 3450 quae
737 3403 898 3451 amplius
912 3402 1158 3451 amplioribus
1173 3402 1383 3441 insidiatur.

1427 628 1503 665 Sed
1533 640 1711 665 mensura
1740 630 2009 677 magnitudinis
2037 632 2227 669 humanae
2257 645 2335 671 non
2367 642 2492 683 potest

1427 682 1497 718 sub
1532 690 1634 718 certo
1672 694 1835 720 numero
1868 685 2057 732 graduum
2096 686 2350 725 determinari.
2389 689 2490 736 Ergo

1399 775 1401 780 λ
1427 734 1576 771 videtur
1610 737 1715 783 quod
1759 748 1838 772 non
1866 737 2013 786 possint
2041 738 2279 777 determInati
2307 745 2319 761 ⁸
2354 741 2492 789 gradus
2552 771 2556 778 .

1428 787 1645 825 humilitatis
1674 789 1866 837 assignari

1481 842 1707 878 RESPONDEO
1727 854 1913 880 chENDUM
1941 844 2058 892 quod,
2079 845 2175 882 sicut
2203 859 2246 883 ex
2267 859 2381 906 supra
2399 847 2420 870 '¹‘
2440 848 2493 886 di·
2520 849 2530 859 '

1429 894 1495 930 ctis
1523 902 1637 943 patet,
1658 895 1849 932 humilitas
1870 898 2147 935 essentialiter
2139 911 2177 935 ιη
2207 900 2375 948 appetitu
2404 914 2494 939 con-

1428 947 1532 994 sistit,
1558 949 1770 985 secundum
1807 949 1911 996 quod
1950 951 2083 1000 aliquis
2112 953 2274 989 refrenat
2308 954 2493 1003 impetum

1400 1007 1402 1055 J
1429 1000 1546 1037 animi
1565 1000 1634 1047 sui,
1657 1014 1704 1037 ne
1724 1001 1934 1039 inordinate
1955 1004 2110 1040 tendat'
2103 1017 2139 1041 1n
2161 1018 2319 1054 magna:
2350 1008 2416 1045 sed
2438 1020 2494 1044 re-

1400 1083 1402 1090 ,
1429 1054 1555 1112 gulam
1576 1054 1692 1091 habet
1718 1054 1757 1090 in
1783 1055 2009 1103 cognitione,
2030 1065 2071 1094 ut
2090 1058 2228 1095 scilicet
2252 1059 2388 1108 aliquis
2417 1073 2495 1098 non

1430 1118 1470 1142 se
1490 1106 1676 1143 existimet
1699 1119 1782 1143 esse
1802 1120 1916 1156 supra
1946 1109 1983 1146 id
2003 1111 2106 1158 quod
2127 1119 2193 1148 est.
2223 1112 2271 1148 Et
2299 1113 2495 1173 utriusque

1430 1158 1658 1207 principium
1689 1167 1725 1196 et
1753 1161 1856 1197 radix
1877 1169 1932 1197 est
1952 1163 2162 1200 reverentia
2182 1177 2297 1213 quam
2328 1167 2411 1215 quis
2430 1168 2496 1204 ha-

1431 1212 1495 1248 bet
1515 1212 1564 1248 ad
1584 1213 1724 1249 Deum.
1748 1213 1805 1250 Ex
1825 1214 1991 1252 interiori
2013 1224 2139 1253 autem
2162 1218 2408 1266 dispositione
2427 1221 2497 1257 hu-

1432 1264 1596 1301 militatis
1633 1267 1847 1314 procedunt
1875 1269 2064 1316 quaedam
2105 1271 2288 1308 exteriora
2327 1272 2432 1321 signa
2459 1274 2497 1310 in

1431 1318 1560 1355 verbis
1581 1326 1617 1354 et
1645 1319 1750 1356 factis
1779 1328 1816 1356 et
1838 1321 2016 1381 gestibus,
2039 1323 2176 1382 quibus
2205 1324 2243 1360 id
2272 1327 2376 1384 quod
2404 1326 2497 1363 inte-

1433 1371 1509 1408 rius
1537 1372 1627 1408 latet
1650 1372 1922 1420 manifestatur,
1951 1375 2046 1412 sicut
2074 1384 2110 1412 et
2137 1376 2175 1413 in
2204 1378 2336 1414 ceteris
2355 1378 2498 1416 virtuti-

1433 1425 1505 1461 bus
1533 1425 1688 1462 accidit:
1719 1438 1807 1462 nam
1836 1439 1886 1463 ex
1913 1428 1994 1464 visu
2018 1430 2258 1478 cognoscitur
2283 1431 2359 1477 vir,
2389 1438 2425 1468 et
2450 1433 2499 1469 ab

1433 1490 1592 1515 occursu
1607 1479 1735 1538 faciei
1758 1486 1937 1527 sensatus,
1968 1489 2009 1518 ut
2038 1482 2173 1519 dicitur
2198 1484 2314 1521 Eccli.
2335 1497 2395 1521 X1x
2413 1485 2444 1522 *.

1487 1532 1536 1568 Et
1554 1532 1642 1569 ideo
1667 1532 1705 1569 in
1724 1533 1965 1581 praedictis*
1993 1535 2172 1582 gradibus
2197 1537 2413 1574 humilitatis
2432 1551 2500 1587 po-

1404 1614 1406 1639 3
1435 1585 1534 1622 nitur
1562 1585 1704 1634 aliquid
1734 1587 1838 1635 quod
1875 1587 2038 1636 pertinet
2066 1589 2113 1625 ad
2150 1590 2370 1627 humilitatis
2406 1592 2501 1629 radi-

1435 1651 1538 1676 cem:
1561 1639 1701 1676 scilicet
1721 1640 1974 1678 duodecimus
1995 1643 2144 1689 gradus,
2162 1643 2228 1703 qui
2248 1651 2314 1690 est,
2333 1650 2373 1680 ut
2388 1645 2501 1682 homo

1434 1694 1559 1729 Deum
1589 1693 1726 1739 timeat,
1757 1699 1792 1730 et
1819 1706 1966 1731 memor
1992 1695 2040 1732 sit
2065 1697 2234 1733 omnium
2270 1709 2367 1745 quae
2387 1709 2502 1746 prae-

1405 1751 1406 1754 ’
1434 1758 1476 1783 ce
1503 1747 1540 1783 it.

273 1811 277 1815 '
312 1804 459 1850 dentur,
480 1815 580 1852 quae
601 1802 692 1840 nulli
711 1802 837 1839 virtuti
857 1809 982 1851 potest
1000 1799 1015 1830 β
1042 1809 1282 1850 competere:
1312 1800 1381 1836 sci·
1405 1835 1407 1844 ,
1471 1758 1501 1794 p

1489 1799 1648 1837 Ponitur
1676 1799 1790 1836 etiam
1812 1800 1954 1848 aliquid
1974 1801 2166 1850 pertinens
2195 1803 2243 1839 ad
2268 1804 2501 1852 appetitum:

1405 1857 1407 1901 ξ
1436 1865 1482 1889 ne
1521 1853 1660 1890 scilicet
1688 1853 1725 1889 in
1759 1853 1953 1902 propriam
1993 1855 2248 1892 excellentiam
2290 1856 2501 1894 inordinate

1406 1911 1407 1938 l
1436 1908 1575 1943 tendat.
1606 1906 1723 1953 Quod
1752 1906 1910 1954 quidem
1939 1907 1982 1944 fit
2009 1908 2210 1957 tripliciter.
2246 1909 2333 1946 Uno
2362 1912 2500 1958 modo,

1437 1967 1476 1996 ut
1513 1972 1590 1996 non
1629 1968 1810 2007 sequatur
1846 1962 1966 1997 homo
2004 1963 2198 2010 propriam
2242 1964 2500 2001 voluntatem:

1437 2013 1541 2062 quod
1579 2013 1739 2062 pertinet
1775 2013 1824 2050 ad
1862 2014 2109 2052 undecimum
2148 2016 2322 2063 gradum.
2352 2037 2375 2044 -
2414 2017 2501 2054 Alio

1437 2067 1569 2113 modo,
1590 2074 1631 2103 ut
1660 2067 1802 2114 regulet
1822 2079 1907 2104 earn
1937 2069 2148 2106 secundum
2174 2069 2377 2117 superioris
2406 2071 2503 2107 arbi-

1437 2121 1571 2157 trium:
1593 2120 1698 2169 quod
1717 2120 1877 2169 pertinet
1897 2122 1944 2158 ad
1965 2122 2125 2169 gradum
2146 2123 2351 2160 decimum.
2369 2146 2392 2152 -
2409 2125 2503 2161 Ter-

1437 2174 1487 2210 tio
1518 2175 1654 2221 modo,
1683 2182 1722 2210 ut
1751 2175 1799 2210 ab
1828 2175 1902 2210 hoc
1931 2187 2008 2211 non
2047 2176 2201 2212 desistat
2227 2185 2382 2225 propter
2411 2178 2504 2214 dura

1438 2234 1474 2263 et
1511 2239 1644 2276 aspera
1680 2239 1777 2276 quae
1817 2236 2037 2265 occurrunt:
2078 2237 2114 2265 et
2150 2230 2224 2266 hoc
2256 2230 2418 2278 pertinet
2455 2232 2503 2268 ad

1437 2292 1598 2318 nonum.

1490 2334 1692 2370 Ponuntur
1727 2334 1843 2370 etiam
1872 2334 2062 2383 quaedam
2101 2335 2326 2384 pertinentia
2354 2337 2402 2373 ad
2432 2336 2506 2372 exi-

1437 2387 1695 2424 stimationem
1725 2387 1892 2424 hominis
1921 2389 2227 2436 recognoscentis
2256 2402 2368 2426 suum
2406 2389 2506 2426 defe-

1438 2449 1553 2478 ctum.
1584 2441 1633 2477 Et
1660 2441 1735 2477 hoc
1755 2441 1957 2490 tripliciter.
1988 2442 2075 2479 Uno
2098 2442 2254 2491 quidem
2285 2443 2417 2490 modo,
2438 2455 2506 2492 per

1437 2495 1512 2532 hoc
1541 2493 1645 2543 quod
1673 2494 1849 2543 proprios
1878 2495 2046 2532 defectus
2076 2504 2324 2544 recognoscat
2352 2504 2388 2533 et
2416 2509 2505 2533 con-

1437 2549 1608 2586 fiteatur:
1647 2548 1753 2596 quod
1791 2548 1951 2597 pertinet
1984 2549 2032 2585 ad
2068 2557 2248 2586 octavum
2287 2550 2460 2598 gradum.
2481 2571 2504 2578 —

1439 2602 1633 2649 Secundo,
1658 2610 1700 2638 ut
1729 2613 1774 2637 ex
1809 2602 2128 2638 consideratione·
2151 2602 2209 2638 sui
2243 2603 2411 2639 defectus
2440 2603 2506 2639 ali-

1438 2656 1524 2705 quis
1543 2654 1836 2692 insufficientem
1866 2667 1906 2691 se
1927 2655 2113 2692 existimet
2132 2656 2180 2692 ad
2200 2656 2369 2692 maiora:
2399 2656 2506 2704 quod

1438 2709 1602 2758 pertinet
1630 2708 1678 2745 ad
1708 2708 1922 2756 septimum.
1944 2729 1968 2736 -
1996 2708 2144 2755 Tertio,
2175 2716 2216 2745 ut
2244 2716 2428 2758 quantum
2456 2710 2505 2747 ad

1439 2764 1514 2800 hoc
1534 2761 1604 2798 sibi
1623 2761 1716 2798 alios
1736 2761 1943 2810 praeferat:
1969 2762 2073 2810 quod
2093 2762 2261 2813 pertinet¹
2274 2762 2321 2799 ad
2342 2770 2503 2800 sextum.

1492 2817 1693 2852 Ponuntur
1728 2815 1842 2852 etiam
1878 2815 2069 2863 quaedam
2098 2827 2197 2863 quae
2234 2815 2420 2864 pertinent
2456 2816 2505 2853 ad

1440 2869 1626 2906 exteriora
1654 2868 1772 2916 signa.
1803 2869 1981 2915 Quorum
2010 2881 2130 2905 unum
2162 2877 2216 2905 est
2245 2869 2282 2906 in
2310 2869 2435 2915 factis,
2464 2877 2506 2906 ut

1439 2922 1580 2959 scilicet
1606 2923 1727 2959 homo
1752 2934 1831 2959 non
1860 2922 2012 2958 recedat
2031 2922 2069 2959 in
2098 2922 2173 2959 suis
2194 2923 2373 2970 operibus
2402 2935 2424 2959 a
2442 2923 2506 2960 via

1440 2975 1659 3013 communi:
1689 2975 1796 3023 quod
1815 2975 1976 3024 pertinet
2004 2975 2052 3012 ad
2073 2975 2257 3024 quintum.
2278 2996 2302 3004 -
2323 2975 2407 3012 Alia
2428 2976 2504 3013 duo

1440 3036 1526 3066 sunt
1555 3029 1592 3066 in
1620 3028 1770 3066 verbis:
1800 3036 1841 3065 ut
1870 3029 2011 3065 scilicet
2038 3029 2158 3065 homo
2197 3041 2275 3066 non
2303 3029 2507 3078 praeripiat

1438 3090 1591 3131 tempus
1611 3082 1805 3130 loquendi,
1827 3082 1932 3130 quod
1955 3082 2118 3130 pertinet
2136 3082 2185 3119 ad
2210 3090 2405 3131 quartum;
2435 3095 2506 3119 nec

1441 3137 1597 3173 excedat
1634 3135 1797 3172 modum
1825 3135 1863 3172 in
1892 3136 2103 3184 loquendo,
2134 3136 2238 3184 quod
2267 3136 2428 3184 pertinet
2457 3136 2506 3173 ad

1439 3190 1665 3226 secundum.
1686 3210 1710 3216 -
1738 3188 1823 3225 Alia
1842 3201 1937 3225 vero
1967 3189 2176 3225 consistunt
2195 3188 2232 3225 in
2257 3189 2506 3226 exterioribus

1439 3242 1625 3291 gestibus:
1655 3249 1747 3291 puta
1773 3242 1812 3278 in
1839 3241 2083 3290 reprimendo
2105 3242 2359 3279 extollentiam
2379 3241 2391 3266 t
2415 3255 2506 3280 ocu-

1439 3297 1574 3342 lorum,
1591 3295 1698 3343 quod
1717 3294 1878 3343 pertinet
1897 3296 1945 3332 ad
1965 3295 2155 3343 primum;
2179 3303 2214 3332 et
2233 3295 2272 3332 in
2288 3295 2505 3334 cohibendo

1440 3349 1601 3386 exterius
1622 3349 1740 3386 risum
1770 3355 1806 3384 et
1825 3348 1897 3385 alia
1915 3348 2065 3397 ineptae
2085 3348 2245 3385 laetitiae
2266 3348 2383 3397 signa,
2400 3350 2506 3397 quod

1439 3402 1598 3452 pertinet
1625 3403 1673 3439 ad
1702 3401 1864 3438 tertium.

376 3522 404 3555 α)
419 3530 474 3554 pro
492 3522 651 3548 obedientia.
662 3536 681 3541 —
694 3530 746 3554 per
764 3524 941 3550 obedientiam
960 3526 1013 3552 PK.
1411 3524 1413 3568 Ι

377 3557 402 3590 β)
417 3560 515 3590 potest.
528 3571 547 3577 -
561 3561 676 3590 possunt
694 3558 763 3583 PCa.
1411 3570 1413 3625 Ι

376 3594 403 3627 γ)
421 3593 475 3627 qui.
487 3607 505 3612 -
524 3600 592 3626 quae
610 3593 805 3626 ABEFIKLpC.

1493 3524 1517 3557 ὃ)
1537 3524 1587 3550 hic.
1599 3538 1617 3543 -
1636 3524 1685 3549 hoc
1704 3524 1732 3553 P,
1751 3523 1816 3548 haec
1834 3523 1876 3552 Ia;
1895 3523 1919 3548 G
1937 3528 1966 3548 ut
1984 3530 2042 3548 110⁵.

1493 3560 1515 3592 ε)
1535 3559 1714 3585 determinati.
1727 3573 1746 3578 —
1765 3558 1940 3584 determinari
1958 3559 2061 3591 BFIpE.
2081 3558 2257 3584 determinate
2281 3559 2380 3589 ACDL,
2399 3566 2452 3584 om.
2471 3558 2502 3582 K.

1491 3595 1517 3628 ζ)
1536 3595 1730 3620 extollentiam.
1742 3608 1761 3614 -
1779 3594 1964 3620 excellentiam
1984 3593 2138 3619 PDEHlLa.

2526 1485 2615 1507 ’Vei-s.
2630 1485 2664 1507 26.

2528 1547 2576 1568 ‘In
2590 1552 2637 1574 arg.
2653 1552 2669 1568 ι.
