2768 4198
37 1475 161 1503 ’Cap-Alia
167 1480 249 1497 emesa.

34 2043 42 2050 ·
54 2041 89 2062 Cf.
105 2046 164 2068 resp.
183 2041 211 2062 ad
226 2047 246 2067 τι,

290 250 362 285 550

283 335 428 377 potest,
464 327 679 365 dummodo
709 334 856 364 constet
883 326 985 362 illam
1016 324 1237 372 religionem
1269 336 1351 360 esse

285 387 458 424 altiorem
478 392 515 432 η;
549 387 689 423 sivero
717 387 763 422 de
789 387 860 422 hoc
874 383 1123 432 probabiliter
1150 384 1350 427 dubitetur,

283 453 337 483 est
368 448 406 483 in
439 448 510 483 hoc
540 446 744 494 superioris
776 444 955 481 iudicium
988 443 1278 491 requirendum
1310 450 1352 479 ut

282 506 445 543 habetur
473 506 599 551 Extra,
620 505 666 541 de
691 503 877 553 Regular.
905 509 941 540 et
974 507 1178 539 transeunt.
1199 502 1251 539 ad
1275 503 1351 539 Re-

282 566 371 615 lig.,
402 578 484 614 cap.
511 565 627 602 Licet.
655 585 679 592 -
706 563 883 600 Similiter
912 562 1113 610 requiritur
1145 561 1351 612 superioris

282 625 464 662 iudicium
492 625 530 661 in
554 624 725 661 secundo
755 635 857 660 casu.
878 643 902 651 -
933 624 975 659 In
1003 622 1113 659 tertio
1133 635 1228 660 vero
1259 635 1350 660 casu

282 693 339 722 est
362 685 473 721 etiam
495 682 508 705 ⁰
538 683 769 732 dispensatio
798 682 1025 719 necessaria.

334 746 392 780 Αι)
422 754 558 780 ramum
587 754 685 779 ERGO
715 754 900 779 D1CENDUM
929 741 1035 789 quod
1063 741 1112 778 illi
1140 742 1206 790 qui
1230 741 1279 779 ad
1299 742 1350 778 al-

278 804 414 841 tiorem
435 809 443 824 ‘
472 803 694 851 religionem
733 810 950 849 transeunt,
989 814 1067 839 non
1103 802 1243 839 faciunt
1274 802 1349 839 hoc

278 870 608 911 praesumptuose,
630 870 671 899 ut
690 861 775 899 iusti
794 861 1016 898 videantur:
1046 860 1114 898 sed
1135 861 1287 908 devote,
1308 868 1350 898 ut

278 922 455 959 iustiores
483 922 589 958 fiant.

330 986 388 1020 Ao
418 993 610 1020 SECUNDUM
638 993 824 1019 mCENDUM
860 981 967 1030 quod
1003 989 1165 1031 utraque
1194 981 1347 1030 religio,

277 1043 418 1080 scilicet
446 1043 729 1080 monachorum
750 1050 787 1079 et
806 1042 1083 1079 canonicorum
1104 1041 1347 1089 regularium,

277 1103 474 1141 ordinatur
508 1103 556 1140 ad
591 1114 710 1151 opera
737 1102 839 1139 vitae
875 1101 1209 1151 contemplativae.
1249 1102 1350 1138 Inter

277 1176 377 1213 quae
405 1162 612 1213 praecipua
640 1170 728 1200 sunt
757 1175 801 1200 ea
829 1175 928 1211 quae
958 1170 1120 1211 aguntur
1148 1163 1186 1199 in
1211 1162 1348 1199 divinis

276 1223 477 1273 mysteriis,
507 1223 556 1261 ad
585 1235 684 1271 quae
714 1223 910 1261 ordinatur
938 1223 1079 1261 directe
1109 1223 1205 1260 ordo
1235 1235 1349 1260 cano-

276 1284 452 1322 nicorum
483 1284 725 1332 regularium,
755 1283 895 1331 quibus
923 1295 992 1332 per
1020 1295 1060 1320 se
1089 1283 1272 1332 competit
1307 1290 1350 1320 ut

276 1346 350 1383 sint
369 1345 494 1383 clerici
514 1345 689 1393 religiosi.
721 1345 799 1382 Sed
823 1345 873 1382 ad
892 1344 1116 1393 religionem
1136 1345 1349 1382 monacho·

276 1419 362 1444 rum
391 1418 470 1443 non
508 1418 578 1455 per
606 1418 647 1442 se
676 1405 860 1454 competit
888 1405 995 1454 quod
1024 1406 1097 1442 sint
1126 1405 1270 1442 clerici:
1308 1412 1350 1442 ut

276 1467 439 1503 habetur
451 1465 491 1503 in
506 1465 690 1513 Decretis,
707 1466 808 1514 XVI,
825 1478 888 1514 qu.
906 1465 963 1503 1*.
985 1466 1035 1502 Et
1053 1465 1154 1512 ideo,
1171 1465 1350 1514 quamvis

277 1526 374 1563 ordo
403 1526 686 1563 monachorum
720 1525 766 1563 sit
793 1525 965 1563 arctioris
994 1524 1280 1572 observantiae,
1320 1524 1350 1561 si

330 1693 356 1725 η)
376 1693 510 1718 altiorem.
522 1706 542 1712 ·—
558 1693 703 1718 arctiorem
724 1692 827 1718 PEIKa.

329 1734 354 1767 Θ)
374 1735 465 1760 etiam.
477 1748 497 1754 -
515 1735 578 1760 Om.
597 1734 697 1759 PCHK.

882 246 1150 294 QUAESTIO
1185 246 1435 291 CLXXXIX,
1465 246 1764 284 ARTICULUS
1794 247 1880 284 VIII

1408 326 1589 363 monachi
1624 334 1749 363 essent
1784 326 1887 373 laici,
1918 327 2046 366 liceret
2078 328 2236 366 transire
2267 330 2316 366 ab
2345 330 2480 367 ordine

1408 385 1690 423 monachorum
1725 386 1774 424 ad
1812 386 1988 424 ordinem
2023 388 2299 425 canonicorum
2334 389 2480 437 regula-

1407 444 1526 491 rium,
1561 445 1776 483 secundum
1803 445 1893 483 illud
1923 446 2169 496 Hieronymi,
2202 449 2254 485 ad
2279 448 2479 486 Rusticum

1405 503 1646 541 Monachum
1665 504 1696 551 *,
1726 505 1789 541 Sic
1814 506 1900 542 vive
1927 507 1965 543 in
1994 508 2224 544 monasterio
2255 513 2295 544 ut
2321 507 2480 545 clericus

1406 575 1486 600 esse
1503 564 1706 601 merearis.-
1725 577 1804 601 non
1825 573 1955 603 autem
1972 578 1993 603 e
2009 579 2198 604 converso
2209 566 2241 614 ²¹⁶,
2258 575 2299 604 ut
2317 567 2480 605 habetur

1406 622 1444 659 in
1460 623 1645 671 Decretis,
1661 625 1752 662 XIX
1772 637 1889 673 caus„
1905 638 1969 674 qu.
1986 638 2034 674 ιιι,
2051 627 2089 664 in
2110 629 2263 665 decreto
2279 627 2436 666 inducto
2445 628 2478 666 ³¹³.
2508 634 2517 643 ·

1407 682 1484 719 Sed
1514 682 1543 719 si
1573 684 1755 721 monachi
1790 685 1865 722 sint
1893 685 2017 722 clerici
2046 687 2161 724 sacris
2190 687 2380 736 mysteriis
2409 689 2477 724 ob—

1406 750 1625 790 sequentes,
1655 743 1799 780 habent
1827 743 1865 780 id
1894 745 2001 792 quod
2031 753 2086 782 est
2115 747 2393 784 canonicorum
2422 760 2479 784 re—

1404 802 1593 850 gularium
1615 815 1704 840 curn
1725 803 1862 840 maiori
1881 805 2118 843 arctitudine.
2143 807 2192 843 Et
2210 807 2298 844 ideo
2318 808 2478 844 transire

1405 860 1547 898 licitum
1585 862 1654 899 erit
1687 862 1734 899 de
1769 863 1905 900 ordine
1938 864 2216 902 canonicorum
2245 866 2478 914 regularium

1405 922 1455 959 ad
1476 922 1652 960 ordinem
1674 924 1970 972 monachorum,
1991 925 2106 974 petita
2125 933 2253 963 tamen
2273 926 2479 975 superioris

1404 982 1577 1020 licentia:
1613 990 1655 1020 ut
1688 983 1823 1021 dicitur
1851 985 1961 1032 XIX,
1992 997 2056 1034 qu.
2077 997 2126 1033 ιιι,
2157 998 2239 1034 cap.
2260 987 2478 1024 statuimus.

1458 1044 1518 1079 An
1555 1054 1717 1080 ”reanum
1755 1055 1941 1081 mensuum
1984 1044 2090 1093 quod
2127 1053 2265 1082 votum
2304 1046 2478 1083 solemne

1405 1114 1482 1152 quo
1519 1103 1603 1152 quis
1639 1103 1826 1152 obligatur
1859 1104 1999 1142 minori
2029 1105 2221 1153 religioni,
2258 1113 2313 1143 est
2344 1105 2479 1144 fortius

1377 1170 1379 1183 ³
1404 1175 1522 1212 quam
1542 1170 1678 1200 votum
1699 1163 1858 1213 simplex
1879 1176 1956 1214 quo
1977 1165 2062 1214 quis
2082 1165 2323 1215 adstringitur
2339 1165 2479 1205 maiori

1406 1222 1598 1272 religioni:
1627 1231 1715 1272 post
1746 1231 1884 1261 votum
1919 1224 2023 1261 enirn
2052 1224 2235 1275 simplex,
2264 1225 2296 1263 si
2329 1233 2477 1264 contra-

1403 1284 1513 1321 heret
1531 1283 1665 1333 aliquis
1686 1284 1988 1332 matrimonium,
2008 1297 2087 1322 non
2108 1285 2360 1334 dirimeretur,
2380 1285 2478 1324 sicut

1404 1352 1493 1394 post
1518 1353 1655 1382 votum
1685 1345 1871 1382 solemne.
1906 1346 1955 1382 Et
1983 1345 2071 1383 ideo
2100 1345 2161 1383 ille
2189 1346 2257 1395 qui
2284 1346 2360 1384 iam
2389 1358 2478 1396 pro-

1405 1405 1528 1442 fessus
1557 1412 1613 1442 est
1645 1405 1683 1442 in
1711 1405 1852 1443 minori
1881 1405 2085 1454 religione,
2122 1414 2381 1445 nontenetur
2406 1406 2481 1446 im·-

1405 1465 1510 1514 plere
1538 1472 1676 1501 votum
1713 1464 1876 1513 simplex
1913 1466 2019 1514 quod
2058 1465 2184 1504 emisit
2219 1467 2268 1504 de
2301 1466 2480 1504 intrando

1406 1524 1594 1562 maiorem
1624 1524 1860 1573 religionem.

1457 1692 1476 1724 ι)
1500 1692 1633 1718 altiorem.
1644 1705 1664 1711 —
1681 1691 1826 1718 arctiorem
1845 1692 1961 1718 penna
1979 1697 2006 1718 et
2021 1699 2048 1718 a.

961 1831 1296 1864 Commentario-
1319 1830 1572 1864 cardinalis
1593 1830 1794 1864 Caietam

310 1945 330 1965 u
354 1935 486 1966 articulo
511 1941 625 1965 octavo
649 1933 792 1964 eiusdem
817 1934 946 1965 ultimae
972 1933 1185 1975 quaestionis,
1211 1932 1347 1964 dubium

278 1944 456 2024 Ioccurrit,
481 1995 520 2016 an
543 1985 669 2016 licentia
692 1995 791 2026 quam
815 1992 920 2025 petere
944 1985 1037 2016 debet
1060 1984 1234 2015 canonicus
1257 1993 1348 2024 regu-

274 2039 347 2070 laris
363 2037 546 2069 transeundi
563 2036 602 2066 ad
619 2035 796 2067 monachos
812 2036 940 2067 clericos
951 2035 978 2072 *,
996 2035 1108 2066 debeat
1123 2045 1190 2066 esse
1206 2035 1345 2066 obtenta.

275 2091 315 2122 Et
338 2097 385 2121 est
408 2088 488 2120 ratio
517 2087 606 2118 dubii
630 2087 706 2128 quia
733 2097 771 2118 ex
801 2087 922 2118 ratione
945 2087 1066 2118 litterae
1095 2092 1225 2127 apparet
1257 2085 1347 2127 quod

252 2142 254 2144 ’
275 2140 391 2173 sufficit
417 2139 505 2181 quod
534 2139 574 2169 sit
601 2137 714 2179 petita:
747 2138 902 2179 quoniam
931 2144 1054 2169 constat
1083 2147 1151 2168 esse
1179 2137 1346 2168 transitum

274 2193 314 2224 ad
330 2192 507 2223 arctiorem.
530 2207 552 2213 -
577 2189 611 2219 ln
631 2188 820 2229 oppositum
837 2199 912 2220 vero
927 2195 974 2220 est
990 2189 1079 2230 quod
1098 2195 1201 2220 textus
1225 2188 1257 2218 in
1277 2198 1344 2229 cap.

274 2243 465 2280 statuimus,
482 2241 566 2277 XIX,
584 2250 639 2281 qu.
658 2250 701 2276 m,
719 2239 861 2280 disponit
884 2239 974 2281 quod
998 2239 1122 2271 licentia
1141 2239 1179 2270 sit
1203 2239 1344 2270 obtenta.

327 2294 378 2325 Ad
401 2293 465 2324 hoc
488 2291 612 2322 videtur
628 2290 800 2322 dicendum
822 2291 912 2331 quod
928 2297 1031 2321 textus
1046 2290 1099 2320 ille
1122 2290 1275 2332 antiquus
1293 2289 1345 2320 de-

275 2345 410 2376 claratus
433 2349 480 2374 est
502 2351 558 2383 per
581 2340 805 2372 Innocentium
829 2341 886 2377 III,
910 2340 943 2370 in
967 2350 1036 2381 cap.
1060 2340 1160 2378 Licet,
1185 2340 1290 2377 Extra,
1306 2340 1347 2371 de

273 2394 506 2437 Regularibus,
522 2392 555 2423 in
579 2402 639 2423 suo
663 2391 768 2428 simili,
785 2391 865 2422 dum
889 2390 1004 2422 dicitur
1018 2391 1108 2432 quod
1131 2390 1266 2422 intentio
1282 2390 1344 2421 hu-

275 2444 416 2476 iusmodi
439 2443 642 2474 sanctionum
666 2451 732 2472 non
749 2448 796 2472 est
814 2441 967 2482 impedire
986 2441 1121 2477 bonum,
1139 2441 1194 2471 sed
1217 2440 1346 2471 obviare

275 2496 454 2528 levitatibus
478 2502 509 2526 et
531 2493 670 2530 iniuriis;
702 2499 733 2524 et
755 2493 844 2534 quod
868 2491 998 2532 praelati
1021 2498 1169 2523 tenentur
1191 2492 1264 2522 dare
1286 2491 1345 2523 hu-

275 2545 415 2578 iusmodi
440 2544 613 2580 licentiam;
645 2549 676 2574 et
699 2542 724 2573 si
749 2552 815 2573 non
839 2542 929 2579 dant,
954 2548 1061 2583 potest
1091 2541 1174 2573 licite
1209 2541 1282 2583 quis
1306 2542 1346 2572 ad

276 2596 414 2628 melioris
438 2595 520 2626 vitae
544 2594 669 2634 frugem
691 2593 746 2624 ire.
771 2593 864 2624 Unde
887 2592 921 2623 in
944 2592 1112 2634 proposito
1131 2603 1205 2624 casu
1230 2591 1346 2624 sufficit

274 2647 400 2679 licentia
423 2645 536 2687 petita,
561 2644 708 2686 quamvis
731 2654 797 2675 non
821 2644 972 2675 obtenta:
1000 2643 1077 2685 quia
1099 2644 1150 2675 ius
1172 2643 1236 2674 iarn
1269 2653 1345 2675 con-

276 2699 359 2730 cedit
381 2698 410 2729 ei
433 2697 489 2738 qui
512 2696 600 2727 illam
623 2695 786 2726 humiliter
810 2695 918 2736 petiit;
951 2694 1054 2726 immo
1077 2695 1215 2726 declarat
1237 2695 1345 2735 potius

276 2758 459 2787 emicessam
482 2756 550 2779 esse
573 2746 632 2778 sibi
655 2756 693 2778 ex
708 2745 830 2787 privata
852 2745 922 2786 lege
945 2745 1089 2782 caritatis,
1115 2752 1225 2777 contra
1247 2755 1346 2787 quam

276 2799 364 2831 nulla
387 2806 462 2830 sunt
492 2798 570 2829 iura.
595 2814 616 2820 -
646 2797 687 2828 Et
710 2796 771 2827 hoc
799 2795 959 2836 intelligo,
984 2795 1010 2826 si
1041 2802 1162 2827 certum
1186 2802 1233 2827 est
1255 2796 1345 2837 quod

276 2861 343 2882 non
367 2860 404 2882 ex
426 2849 562 2885 levitate,
586 2848 642 2879 sed
663 2857 702 2878 ex
724 2847 895 2878 devotione
919 2847 959 2877 ad
983 2847 1150 2878 arctiorem
1171 2847 1344 2878 monacho-

276 2912 348 2933 rum
372 2900 560 2932 clericorum
583 2899 682 2930 vitam
705 2898 852 2939 suspirat.
876 2898 959 2928 Nam
983 2897 1009 2928 si
1033 2897 1169 2929 dubium
1185 2905 1276 2935 esset,
1291 2907 1344 2929 su—

270 2952 414 2993 perioris
436 2955 483 2982 est
506 2949 659 2981 iudicium
683 2948 930 2990 inquirendum,·
953 2948 1015 2979 hoc
1031 2954 1097 2984 est,
1122 2948 1291 2989 requiritur
1308 2948 1345 2979 Ii-

277 3002 378 3034 centia
401 3001 534 3033 discreta
563 2999 660 3041 petita
683 3006 714 3030 et
737 2999 882 3035 obtenta;
907 3006 943 3030 ut
965 2999 998 3030 in
1023 2999 1124 3030 littera
1147 3009 1184 3030 ex
1208 2998 1261 3030 illa
1282 2999 1345 3030 De-

277 3053 383 3086 cretali
406 3052 530 3084 dicitur.

331 3104 372 3134 Et
395 3102 538 3141 similiter
553 3101 722 3143 requiritur
746 3100 877 3132 discreta
899 3100 996 3142 petita
1012 3106 1043 3132 et
1066 3100 1196 3132 obtenta
1208 3100 1345 3137 licentia,

277 3165 352 3186 cum
375 3154 415 3185 ad
439 3154 598 3184 minorem
621 3151 735 3183 melius
763 3159 917 3183 servatam
941 3151 1013 3192 quis
1044 3151 1173 3182 transire
1196 3151 1274 3183 vult.
1305 3151 1347 3183 Et

277 3205 356 3236 ratio
381 3211 427 3235 est
450 3204 525 3245 quia
555 3203 705 3234 transitus
732 3203 789 3234 iste
814 3212 879 3233 non
908 3209 954 3234 est
985 3202 1023 3233 ad
1048 3202 1162 3233 melius
1190 3203 1344 3240 absolute,

278 3256 332 3287 sed
355 3255 387 3286 in
408 3265 493 3286 casu.
521 3254 678 3295 Regulare
701 3260 747 3285 est
769 3260 878 3284 autem
901 3253 991 3295 quod
1013 3253 1091 3295 quid
1115 3253 1275 3294 agendum
1299 3261 1346 3285 est

278 3306 310 3335 in
335 3315 419 3342 casu,
444 3315 462 3336 a
485 3303 701 3346 superioribus
725 3303 938 3335 hauriendum
961 3310 1018 3335 est.

336 3355 377 3386 Et
400 3355 495 3396 quia,
521 3364 595 3386 cum
619 3354 690 3396 quis
714 3363 780 3384 non
811 3354 850 3384 ad
881 3353 1038 3385 maiorem
1061 3363 1119 3385 nec
1142 3354 1258 3386 melius
1281 3364 1343 3385 ser-

278 3413 394 3442 vatam,
418 3407 473 3436 sed
497 3406 536 3436 ad
560 3405 726 3436 meliorem
750 3405 808 3435 sibi
831 3404 961 3436 transire
984 3412 1084 3446 optat,
1109 3405 1134 3436 si
1157 3404 1233 3447 quia
1259 3404 1344 3436 infir-

279 3465 352 3486 mus
368 3463 423 3486 aut
446 3455 557 3486 debilis
578 3462 633 3492 est,
651 3455 780 3486 transire
799 3455 877 3491 vult,
896 3461 931 3486 ut
954 3455 987 3485 in
1010 3455 1103 3486 tertio
1127 3465 1201 3486 casu
1224 3455 1345 3486 litterae

279 3505 428 3547 ponitur:
453 3522 474 3528 -
493 3515 566 3535 cum
583 3505 644 3536 hoc
667 3505 746 3536 nihil
762 3505 848 3536 aliud
870 3505 911 3537 ait
934 3515 1033 3546 quam
1048 3505 1275 3537 relaxationem
1297 3515 1345 3536 as-

279 3562 426 3598 sumptae
449 3554 530 3586 vitae
549 3562 664 3595 petere,
681 3566 717 3586 ex
740 3566 834 3587 causa
852 3562 959 3587 tamen
978 3556 1170 3593 rationabili;
1185 3556 1259 3588 ideo
1283 3555 1344 3587 dis-

1402 1932 1548 1973 pensatio
1571 1932 1716 1973 exigitur.
1745 1932 1835 1964 Sicut
1863 1932 1960 1964 etiam
1985 1932 2064 1964 dum
2087 1931 2121 1964 in
2145 1932 2298 1974 religione
2313 1934 2386 1976 quis
2408 1944 2477 1967 ma·

1402 1991 1472 2021 net,
1496 1983 1523 2015 si
1546 1991 1617 2025 eget
1641 1994 1701 2015 usu
1726 1983 1871 2015 carnium
1903 1990 1959 2015 aut
1989 1983 2050 2015 alia
2079 1984 2291 2023 relaxatione,
2315 1985 2478 2032 dispensa-

1401 2034 1490 2066 tione
1513 2045 1597 2076 opus
1621 2042 1684 2072 est,
1714 2041 1745 2066 et
1768 2045 1835 2066 non
1858 2034 1988 2076 propria
2011 2034 2105 2067 debet
2133 2035 2320 2068 auctoritate
2342 2029 2478 2071 laxiore&

1402 2093 1491 2118 actus
1514 2085 1626 2117 facere.

1458 2137 1495 2169 11.
1520 2137 1555 2168 In
1575 2137 1784 2179 responsione
1807 2137 1848 2168 ad
1867 2137 1999 2170 tertium
2021 2138 2166 2170 eiusdem
2188 2138 2322 2176 articuli,
2339 2138 2477 2172 dubium

1401 2188 1506 2220 adhuc
1529 2195 1634 2224 restat,
1658 2198 1756 2230 quare
1778 2187 1898 2220 habens
1922 2188 1955 2220 in
1979 2189 2108 2226 saeculo
2131 2195 2247 2221 votum
2269 2189 2405 2232 simplex
2426 2200 2476 2223 re-

1400 2239 1528 2280 ligionis
1551 2238 1702 2276 arctioris,
1727 2246 1758 2270 et
1781 2238 1820 2270 de
1837 2238 1921 2271 facto
1946 2247 2020 2280 post
2039 2239 2203 2281 professus
2226 2241 2414 2282 religionem
2429 2241 2478 2274 la-

1399 2289 1532 2326 xiorem,
1550 2299 1616 2320 non
1632 2296 1776 2320 teneatur
1792 2289 1832 2320 ad
1855 2290 2042 2321 arctiorem:
2068 2301 2143 2322 cum
2159 2291 2274 2329 adhuc,
2291 2292 2360 2323 sola
2377 2292 2477 2333 petita

1399 2339 1534 2376 licentia,
1558 2340 1660 2380 possit
1683 2340 1724 2370 ad
1747 2339 1836 2371 illam
1859 2341 1989 2372 transire
2012 2341 2223 2374 laudabiliter.
2246 2342 2409 2376 Maior-itu
2432 2343 2476 2375 si·

1399 2390 1532 2432 quidem
1546 2389 1614 2422 voti
1629 2390 1782 2421 solemnis
1798 2400 1864 2422 non
1884 2391 2079 2432 praeiudicat
2092 2391 2168 2424 huic
2183 2393 2376 2434 progressui,
2393 2393 2479 2428 sicut

1401 2440 1504 2472 maius
1526 2440 1693 2472 vinculum
1723 2440 1918 2472 matrimonii
1946 2451 2045 2483 quam
2069 2442 2136 2474 voti
2160 2442 2314 2484 simplicis
2341 2442 2478 2486 impedit

1400 2490 1662 2532 adimpletionem
1686 2491 1753 2522 voti
1776 2491 1945 2533 simplicis:
1976 2499 2101 2525 constat
2129 2503 2270 2536 namque
2292 2495 2382 2536 quod
2405 2505 2480 2538 pro-

1400 2542 1496 2573 fessio
1519 2541 1552 2573 in
1577 2542 1694 2574 minori
1717 2553 1784 2574 non
1808 2543 1944 2584 impedit
1967 2544 2136 2576 transitum
2160 2545 2200 2576 ad
2224 2546 2391 2579 maiorem.

1456 2594 1507 2625 Ad
1530 2593 1592 2625 hoc
1616 2594 1731 2625 dicitur
1754 2595 1844 2636 quod
1868 2594 1955 2626 aliud
1978 2603 2025 2627 est
2048 2596 2246 2637 exstinguere
2269 2606 2326 2629 seu
2353 2597 2476 2631 solvere

1400 2643 1579 2675 vinculum:
1609 2651 1641 2675 et
1669 2644 1757 2676 aliud
1781 2651 1828 2676 est
1854 2645 2009 2686 impedire
2040 2646 2262 2678 executionem
2291 2647 2370 2680 voti.
2397 2646 2478 2681 vin-4

1401 2695 1511 2726 culum
1534 2702 1643 2727 autem
1658 2695 1864 2733 matrimonii,
1881 2703 1913 2728 et
1927 2696 2137 2738 professionis
2159 2697 2192 2729 in
2215 2697 2379 2739 religione,
2397 2708 2475 2732 eon-

1399 2746 1532 2778 veniunt
1554 2746 1586 2778 in
1610 2747 1672 2778 hoc
1701 2747 1792 2788 quod
1822 2754 1997 2789 utrumque
2020 2756 2068 2780 est
2094 2748 2209 2781 fortius
2236 2759 2336 2791 quam
2358 2751 2476 2784 votum

1400 2797 1544 2838 simplex,
1569 2805 1600 2829 et
1622 2797 1717 2830 habet
1739 2798 1895 2830 rationem
1910 2799 2111 2831 alienationis
2134 2799 2284 2842 propriae
2300 2808 2475 2843 peronae:

1400 2854 1431 2879 et
1454 2855 1621 2889 propterea
1637 2855 1811 2890 utrumque
1835 2849 1937 2881 aufert
1952 2849 2119 2882 vinculum
2133 2851 2201 2882 voti
2223 2850 2386 2892 simplie'u.
2409 2850 2474 2886 Sed

1370 2907 1373 2914 ·
1401 2898 1574 2943 differentia
1606 2905 1653 2930 est
1685 2898 1719 2930 in
1747 2898 1811 2930 hoc
1837 2899 1928 2941 quod
1956 2899 2124 2932 vinculum
2153 2901 2371 2934 consummati
2404 2911 2474 2935 ma-

1400 2949 1542 2980 trimonii
1572 2959 1639 2980 non
1669 2949 1853 2991 exstinguit,
1877 2950 1933 2982 sed
1962 2951 2098 2992 impedit
2126 2952 2193 2984 voti
2222 2951 2376 2994 simplicis
2405 2954 2472 2986 vim

1400 3000 1534 3031 durante
1557 2999 1780 3032 matrimonio:
1805 3007 1836 3032 et
1858 3008 2036 3042 propterea,
2053 3002 2162 3034 soluto
2185 3001 2392 3035 matrimonio
2415 3013 2473 3045 per

1400 3057 1539 3082 mortem
1566 3050 1727 3092 coniugis,
1754 3058 1880 3083 tenetur
1907 3051 2042 3093 implere
2072 3052 2162 3094 prius
2193 3051 2314 3085 factum
2344 3061 2470 3086 votum.

1400 3101 1575 3133 Vinculum
1599 3109 1707 3134 autem
1729 3102 1936 3143 professionis
1959 3113 2026 3135 non
2049 3102 2199 3144 impedit,
2223 3104 2279 3135 sed
2303 3105 2474 3147 exstinguit

1400 3162 1455 3184 seu
1480 3153 1576 3184 solvit
1597 3153 1763 3185 vinculum
1779 3153 1847 3186 voti
1871 3153 2034 3195 simplicis.
2058 3154 2101 3186 Et
2115 3155 2262 3196 quamvis
2278 3155 2380 3196 possit
2401 3155 2469 3191 lau·

1400 3202 1544 3235 dabiliter
1566 3203 1697 3235 transire
1721 3204 1760 3235 ad
1783 3204 1949 3236 arctiorem
1977 3203 2065 3245 prius
2086 3211 2165 3236 voto
2189 3206 2380 3247 appetitam,
2404 3203 2472 3240 non

1399 3260 1539 3286 tenetur:
1563 3253 1638 3297 quia
1655 3254 1790 3286 extincta
1804 3261 1851 3286 est
1869 3254 2023 3296 obligatio
2040 3254 2103 3292 illa,
2124 3256 2233 3288 soluto
2250 3257 2380 3289 vinculo
2395 3257 2473 3291 sim·

1399 3305 1490 3346 plicis
1511 3304 1589 3336 voti.
1614 3305 1719 3337 Habet
1741 3311 1850 3336 autem
1873 3304 2029 3347 professio
2051 3306 2115 3337 vim
2140 3307 2285 3339 solvendi
2304 3306 2472 3342 vinculum

1397 3355 1465 3387 voti
1489 3355 1642 3397 simplicis
1665 3365 1703 3387 ex
1728 3364 1768 3387 eo
1791 3355 1882 3397 quod
1910 3354 2033 3387 fortiori
2056 3357 2186 3389 vinculo
2214 3358 2330 3391 alienat
2361 3369 2471 3402 perso-

1398 3415 1474 3436 nam
1497 3405 1674 3446 profitentis
1698 3404 1796 3442 alteri,
1819 3405 2003 3443 immortali,
2029 3407 2146 3439 scilicet
2168 3408 2325 3449 religioni.
2349 3409 2390 3441 Et
2408 3410 2471 3442 hoe

1397 3456 1533 3488 intendit
1555 3459 1678 3487 Auctor
1698 3456 1820 3486 tradere
1844 3466 1881 3487 ex
1904 3456 2028 3488 fortiori
2044 3458 2175 3490 vinculo
2199 3459 2417 3501 professionis.

1454 3506 1495 3537 Et
1517 3505 1595 3537 scias
1619 3505 1700 3536 hanc
1723 3506 1872 3537 Auctoris
1897 3508 2140 3541 conclusionem
2163 3509 2259 3541 hodie
2281 3520 2351 3542 esse
2366 3521 2385 3542 a
2400 3510 2469 3542 iure

1400 3554 1579 3587 definitam:
1603 3562 1640 3586 ut
1658 3562 1744 3596 patet
1759 3555 1792 3587 in
1805 3557 1910 3595 Sexto,
1927 3557 1967 3589 de
1982 3558 2155 3602 Regulam,
2175 3560 2241 3600 Qui
2256 3565 2334 3603 post
2348 3565 2466 3599 votum.

2507 516 2607 566 ’'ER“
2625 517 2722 549 cxxv,

2507 550 2559 597 θ’».
2574 560 2652 604 aaa.
