2768 4198
37 1318 51 1331 ⁸
62 1318 115 1341 Art.
128 1324 150 1347 3,
163 1319 194 1342 ad
206 1324 228 1349 3.

33 2282 45 2294 ⁸
58 2281 127 2305 Vm.
141 2286 172 2314 n.

34 2389 140 2413 ‘Art-1.

88 2877 111 2892 n.
134 2875 247 2899 amn,

33 2900 75 2919 ΙΠ-
90 2902 106 2919 1.

34 3193 46 3206 ⁸
59 3192 127 3216 Vere.
141 3199 163 3220 7.

913 293 1182 339 QUAESTIO
1213 294 1461 342 CLXXXIV,
1491 297 1790 336 ARTICULUS
1820 299 1872 336 IV

2403 305 2480 350 455

291 371 377 401 niam
400 371 433 412 ly
457 377 493 402 ut
504 371 589 412 finis
613 371 799 402 determinat
822 371 958 421 modum
983 372 1211 402 observationis
1235 383 1359 413 praece·
1385 373 1387 415 1
1414 375 1503 414 quod
1526 376 1646 417 aliquid
1670 378 1879 418 praecipiatur
1902 386 1938 410 ut
1960 379 2041 411 finis.
2067 381 2108 412 Et
2132 382 2175 412 sic
2192 389 2238 413 est
2256 383 2289 412 in
2305 384 2482 424 proposito,

289 415 344 455 pti,
370 415 487 446 scilicet
510 422 546 446 ut
569 416 764 456 quandoque
779 423 980 456 pervematur
995 416 1034 446 ad
1052 416 1131 446 illud
1139 426 1146 453 ;
1173 427 1247 447 nam
1271 428 1358 458 prae·
1385 417 1387 424 ’
1413 419 1497 449 Nam
1521 421 1631 451 caritas
1655 431 1711 461 per
1734 432 1766 452 se
1790 423 1981 464 praecipitur
2005 432 2040 455 ut
2063 425 2094 455 id
2118 427 2207 467 quod
2231 434 2277 458 est
2300 428 2339 457 ad
2363 427 2481 459 finem:

289 459 350 500 cipi
376 466 410 490 ut
433 459 531 490 finem
555 468 600 491 est
624 459 761 500 praecipi
785 467 820 491 ut
843 460 972 490 tandem
996 462 1241 501 assequendum.

1413 462 1572 494 infinitum
1598 472 1714 502 tamen,
1733 474 1763 497 et
1786 468 1940 507 proxime,
1966 476 2002 499 ut
2025 470 2218 502 declaratum
2235 478 2281 501 est
2296 472 2322 501 *.
2349 473 2388 502 Et
2408 473 2482 513 quia
2510 475 2520 485 ⁴
2534 474 2603 496 Num.
2628 482 2659 497 ¹¹¹*

332 504 374 534 Et
397 504 422 534 si
447 511 555 534 contra
578 504 655 534 haec
686 503 853 534 obiiciatur
884 505 973 544 quod
1005 505 1084 535 nihil
1110 506 1301 545 praecipitur
1324 514 1360 537 ut
1414 517 1450 537 ex
1474 508 1535 538 hoc
1560 511 1765 551 consequitur
1794 513 1882 552 quod
1906 512 1974 552 ipsa
1998 514 2037 544 sit
2065 513 2135 545 finis
2162 522 2341 546 nostrarum
2371 526 2481 547 execu-

287 546 372 583 finis,
397 548 524 588 proprie
549 548 713 588 loquendo
743 548 781 578 de
809 556 994 589 praecepto:
1019 567 1040 572 —
1065 551 1274 590 respondetur
1296 551 1358 581 hoc
1413 551 1556 589 tionum,
1589 554 1780 594 praecipitur
1803 556 1871 596 ipsa
1895 566 2125 598 consequenter
2157 566 2192 590 ut
2219 559 2291 590 finis
2318 561 2481 592 actionum

287 601 399 622 verum
423 602 489 622 esse
514 602 569 632 per
592 601 641 622 se:
667 602 703 622 ex
727 594 934 633 consequenti
954 600 1062 624 autem
1086 604 1152 624 non
1175 595 1359 626 inconvenit
1414 603 1605 628 nostrarum.
1631 599 1672 629 Et
1695 599 1756 630 hoc
1780 600 1895 631 sufficit
1919 602 2095 642 proposito.

994 805 996 807 Ι
1068 749 1387 792 ARTICULUS
1418 750 1691 802 QUARTUS

632 841 789 872 UTRUM
813 841 1076 879 QUICUMQUE
1101 842 1181 873 EST
1206 843 1470 881 PERFECTUS,
1495 845 1562 876 Sir
1586 847 1629 876 IN
1653 847 1798 880 STATU
1822 850 2134 883 PERFECTIONIS

459 920 556 950 Quodl.
575 920 593 950 1,
613 928 657 953 qu.
677 928 721 950 vn,
739 926 786 946 art.
808 928 831 950 2.
851 921 883 946 ad
903 928 933 952 2;
954 921 992 950 ΙΙΙ,
1013 929 1057 954 qu.
1076 929 1110 950 vr.
1130 927 1176 947 art.
1198 921 1227 951 33
1249 922 1290 946 De
1310 922 1381 955 Pers.
1406 922 1480 948 Vitae
1499 924 1582 956 Spir„
1603 933 1658 958 cap.
1676 934 1723 957 xv3
1742 934 1797 959 cap.
1817 935 1886 959 xxm,
1906 929 1937 952 ad
1958 928 1987 960 55
2008 929 2037 954 In
2057 930 2164 960 Matth„
2185 938 2240 963 cap.
2259 939 2308 957 xxx.

372 1017 377 1030 ‚
404 1038 413 1047 Ἣ
437 1024 455 1033 „⁷
496 1010 518 1034 D
534 1009 709 1040 QUARTUM
728 1010 782 1036 sm
801 1010 1044 1036 Paocemrun.
1069 998 1230 1036 Videtur
1249 1000 1354 1048 quod

411 1052 413 1059 ⁴
466 1064 473 1100 Δῑ
496 1051 731 1100 quicumque
768 1060 823 1088 est
859 1053 1070 1100 perfectus,
1101 1053 1146 1089 sit
1181 1052 1218 1089 in
1257 1061 1355 1089 statu

304 1136 325 1152 Ἀ
461 1104 751 1155 perfectionis.
791 1105 896 1142 Sicut
925 1106 1027 1142 enim
1065 1118 1134 1154 per
1171 1118 1355 1153 augmen-

307 1152 317 1159 ”
341 1174 352 1191 Ι»
374 1161 431 1193 ίέ·
455 1152 577 1195 &tum
607 1159 807 1206 corporale
834 1158 1056 1207 pervenitur
1084 1159 1133 1195 ad
1157 1159 1354 1207 perfectio—

281 1222 372 1247 nem
401 1212 664 1259 corporalem,
694 1211 744 1248 ita
771 1224 841 1260 per
877 1219 1127 1260 augmentum
1163 1212 1355 1260 spirituale

279 1263 503 1312 pervenitur
540 1265 590 1301 ad
621 1265 897 1313 perfectionem
937 1265 1191 1314 spiritualem,
1227 1273 1266 1301 ut
1302 1266 1355 1302 di-

281 1317 518 1354 ctuffiaest‘t
554 1319 631 1355 Sed
659 1325 748 1367 post
776 1326 1026 1367 augmentum
1065 1319 1262 1367 corporale
1292 1319 1356 1355 ali-

281 1370 364 1418 quis
394 1370 530 1407 dicitur
559 1383 642 1408 esse
670 1371 708 1408 in
737 1379 835 1408 statu
858 1372 1049 1420 perfectae
1078 1371 1221 1408 aetatis.
1252 1373 1354 1420 Ergo

257 1423 396 1459 'etiam
425 1423 578 1460 videtur
605 1425 710 1473 quod
739 1433 827 1473 post
863 1433 1112 1473 augmentum
1149 1424 1354 1473 spirituale,

280 1488 368 1512 cum
407 1476 493 1524 quis
522 1477 598 1513 iam
633 1478 795 1526 adeptus
824 1486 881 1515 est
915 1478 1212 1527 perfectionem,
1243 1478 1290 1515 sit
1317 1478 1356 1516 in

278 1537 378 1566 statu
410 1530 668 1578 perfectionis.

333 1595 368 1620 2.
399 1584 636 1631 PRAETEREA,
659 1584 797 1622 eadem
827 1585 974 1622 ratione
1003 1597 1079 1634 qua
1099 1585 1241 1635 aliquid
1270 1597 1354 1622 mo-

277 1644 390 1674 vetur
417 1637 463 1674 de
491 1638 683 1674 contrario
704 1638 741 1675 in
762 1639 1010 1684 contrarium,
1030 1646 1210 1675 movetur
1239 1638 1353 1676 etiam

231 1701 233 1703 ·
278 1689 422 1739 aliquid
450 1691 497 1728 de
523 1691 665 1728 minori
692 1692 744 1729 ad
765 1693 900 1739 maius,
921 1700 963 1729 ut
983 1692 1119 1730 dicitur
1138 1692 1176 1729 in
1199 1693 1234 1730 V
1252 1693 1354 1741 Phy-

229 1751 253 1793 ς·
274 1743 341 1782 sic.
361 1742 381 1766 *
414 1744 493 1782 Sed
522 1744 678 1794 quando
716 1745 851 1794 aliquis
885 1753 1160 1783 transmutatur
1189 1746 1236 1783 de
1266 1758 1354 1795 pec-

278 1805 364 1836 cato
393 1798 441 1835 ad
479 1798 659 1846 gratiam,
689 1799 824 1836 dicitur
861 1808 1010 1837 mutare
1048 1807 1354 1848 statumsprout

277 1850 517 1900 distinguitur
545 1859 662 1889 status
691 1854 825 1902 culpae
856 1861 892 1890 et
920 1861 1038 1890 status
1066 1853 1218 1901 gratiae.
1249 1854 1352 1901 Ergo

275 1904 429 1942 videtur
457 1905 580 1953 quod,
609 1905 692 1954 pari
721 1906 888 1953 ratione,
920 1919 1009 1944 cum
1039 1906 1173 1955 aliquis
1202 1907 1355 1955 proficit

277 1958 325 1996 de
354 1958 493 1995 minori
527 1958 646 2006 gratia
674 1959 723 1996 ad
757 1960 943 1997 maiorem
978 1972 1183 2008 quousque
1218 1972 1353 2008 perve-

275 2012 354 2051 niat
381 2012 431 2050 ad
458 2012 685 2061 perfectum,
715 2014 820 2062 quod
850 2013 1080 2063 adipiscatur
1108 2013 1352 2063 perfectionis

277 2073 430 2103 Statum.

331 2120 366 2156 3.
396 2119 634 2165 PRAETEREA,
655 2126 795 2168 statum
816 2119 1037 2169 adipiscitur
1056 2120 1191 2168 aliquis
1213 2133 1258 2157 ex
1277 2121 1353 2157 hoc

275 2172 383 2221 quod
411 2185 434 2210 a
454 2172 635 2209 servitute
664 2172 856 2211 liberatur.
887 2174 964 2211 Sed
983 2186 1052 2223 per
1072 2174 1267 2211 caritatem
1288 2174 1353 2211 ali·

275 2226 360 2276 quis
388 2225 568 2263 liberatur
595 2238 617 2263 a
646 2226 828 2264 servitute
856 2228 1020 2276 peccati:
1056 2228 1148 2275 quia
1176 2228 1352 2265 universa

275 2279 408 2317 delicta
427 2279 549 2328 operit
565 2280 716 2326 caritas,
737 2288 777 2317 ut
797 2280 932 2318 dicitur
945 2282 1059 2318 Prov.
1080 2293 1104 2318 x
1122 2280 1154 2318 ³¹⁶.
1172 2282 1249 2318 Sed
1269 2294 1353 2330 per-

275 2333 396 2371 fectus
426 2333 561 2370 dicitur
589 2333 723 2382 aliquis
752 2335 966 2372 secundum
997 2334 1205 2380 caritatem,
1231 2342 1273 2371 ut
1301 2334 1355 2372 di-

276 2395 380 2424 ctum
409 2394 466 2424 est
484 2386 516 2423 ²¹².
556 2386 659 2434 Ergo
687 2387 840 2425 videtur
874 2389 981 2437 quod
1018 2388 1255 2437 quicumque
1287 2389 1354 2425 ha-

274 2441 364 2478 beat
397 2439 674 2489 perfectionem
705 2446 734 2488 ²,
765 2453 809 2478 ex
839 2442 914 2479 hoc
942 2442 1026 2491 ipso
1055 2442 1196 2479 habeat
1231 2442 1355 2491 perfe-

275 2494 412 2532 ctionis
441 2501 594 2531 statum.

329 2548 404 2584 SED
433 2558 581 2584 CONTRA
608 2558 675 2584 EST
703 2548 809 2596 quod
837 2548 952 2598 aliqui
981 2556 1069 2585 sunt
1087 2548 1126 2585 in
1146 2556 1244 2586 statu
1268 2561 1353 2598 per-

274 2600 447 2638 fectionis
485 2599 550 2648 qui
583 2599 743 2653 omnino
781 2601 934 2638 caritate
974 2609 1010 2638 et
1046 2602 1165 2650 gratia
1201 2611 1351 2641 carent:

274 2654 371 2692 sicut
406 2653 498 2690 mali
527 2652 699 2702 episcopi
727 2662 793 2691 aut
828 2655 915 2691 mali
948 2655 1124 2703 religiosi.
1161 2655 1264 2704 Ergo
1297 2656 1353 2693 vi-

275 2708 385 2746 detur
413 2707 520 2756 quod
550 2719 570 2743 e
599 2707 790 2744 contrario
819 2708 936 2756 aliqui
973 2709 1117 2746 habent
1149 2709 1352 2758 perfectio-

274 2773 365 2799 nem
401 2760 502 2798 vitae
541 2760 606 2808 qui
644 2768 774 2798 tamen
812 2773 892 2798 non
929 2762 1073 2798 habent
1105 2762 1350 2810 perfectionis

275 2822 429 2853 statum.

329 2869 556 2905 Rssspounsso
576 2879 762 2905 DICENDUM
783 2869 900 2915 quod,
921 2868 1016 2904 sicut
1035 2880 1151 2916 supra
1165 2868 1186 2890 '³‘
1205 2869 1349 2907 dictum

274 2929 342 2968 est,
363 2929 482 2959 status
510 2921 666 2970 proprie
695 2921 857 2970 pertinet
876 2921 926 2958 ad
946 2921 1208 2958 conditionem
1238 2923 1349 2960 liber-

274 2975 358 3013 tatis
385 2976 449 3013 vel
477 2975 678 3012 servitutis.
711 2975 921 3023 Spiritualis
951 2983 1080 3012 autem
1105 2975 1257 3012 libertas
1285 2985 1350 3014 aut

274 3028 435 3066 servitus
454 3036 580 3078 potest
607 3029 646 3065 in
665 3028 822 3065 homine
852 3028 994 3065 attendi
1021 3028 1239 3078 dupliciter:
1268 3042 1348 3067 uno

275 3081 417 3129 modo,
446 3082 661 3120 secundum
690 3082 730 3118 id
763 3082 867 3131 quod
906 3082 1062 3119 interius
1095 3082 1234 3130 agitur3
1273 3083 1347 3120 alio

275 3134 419 3182 modo,
458 3136 670 3173 secundum
708 3135 746 3172 id
784 3136 890 3183 quod
928 3135 1049 3183 agitur
1086 3135 1259 3172 exterius.
1299 3137 1348 3174 Et

275 3187 377 3236 quia,
405 3195 447 3225 ut
474 3189 609 3227 dicitur
638 3191 651 3225 Ι
681 3190 779 3238 Reg.
806 3200 867 3225 xvl
888 3189 923 3235 ²⁵,
952 3189 1122 3226 homines
1149 3189 1275 3225 vident
1301 3202 1346 3227 ea

275 3252 374 3289 quae
385 3248 535 3289 parent,
555 3243 622 3279 sed
646 3244 751 3280 Deus
772 3243 935 3279 intuetur
953 3254 1031 3289 cor,
1052 3242 1140 3279 inde
1166 3250 1221 3278 est
1240 3243 1345 3291 quod

276 3294 488 3332 secundum
518 3295 736 3333 interiorem
765 3296 931 3333 hominis
970 3295 1258 3344 dispositionem
1287 3309 1346 3333 ac-

276 3347 412 3396 cipitur
441 3348 608 3385 conditio
637 3349 837 3398 spiritualis
870 3357 986 3387 status
1016 3349 1054 3386 in
1082 3349 1240 3386 homine
1277 3361 1346 3397 per

276 3401 606 3452 comparationem
633 3403 683 3439 ad
702 3402 884 3440 iudicium
909 3403 1100 3440 divinum:
1131 3403 1343 3439 secundum

277 3462 406 3492 autem
436 3466 480 3491 ea
509 3467 606 3503 quae
636 3455 798 3492 exterius
827 3464 1000 3504 aguntur,
1032 3456 1211 3505 accipitur
1240 3456 1345 3504 spiri-

1409 1000 1519 1037 tualis
1555 1009 1671 1039 status
1709 1003 1747 1040 in
1775 1004 1932 1041 homine
1969 1018 2038 1054 per
2067 1009 2394 1056 comparationem
2431 1013 2480 1050 ad

1410 1054 1635 1092 Ecclesiam.
1674 1057 1723 1093 Et
1761 1056 1814 1093 sic
1849 1070 1950 1095 nunc
1988 1059 2036 1096 de
2074 1061 2230 1098 statibus
2265 1064 2477 1112 loquimur:

1408 1116 1523 1155 prout
1543 1108 1684 1145 scilicet
1705 1121 1750 1145 ex
1770 1110 1986 1148 diversitate
2007 1120 2173 1151 statuum
2195 1117 2386 1163 quaedam
2407 1119 2479 1155 Ec-

1410 1160 1544 1197 clesiae
1574 1163 1817 1209 pulchritudo
1848 1166 2039 1213 consurgit
2056 1166 2087 1203 ²¹⁸.
2506 1202 2518 1217 a

1463 1215 1531 1250 Est
1560 1222 1687 1252 autem
1718 1217 2039 1256 considerandum
2069 1221 2186 1269 quod,
2216 1231 2401 1269 quantum
2431 1225 2479 1262 ad

1410 1267 1600 1315 homines,
1621 1269 1671 1305 ad
1700 1270 1775 1306 hoc
1793 1271 1898 1319 quod
1927 1272 2062 1320 aliquis
2084 1274 2313 1322 adipiscatur
2340 1285 2478 1314 statum

1408 1319 1588 1358 libertatis
1614 1323 1673 1358 vel
1702 1323 1901 1370 servitutis,
1924 1326 2134 1373 requiritur,
2155 1327 2279 1375 primo
2310 1330 2478 1378 quidem,

1410 1372 1536 1420 aliqua
1566 1375 1752 1422 obligatio
1774 1379 1836 1412 vel
1864 1378 2064 1415 absolutio.
2095 1381 2187 1416 Non
2208 1381 2309 1418 enim
2332 1395 2374 1419 ex
2403 1384 2478 1421 hoc

1410 1427 1517 1474 quod
1546 1427 1679 1476 aliquis
1709 1429 1824 1465 servit
1852 1430 1983 1478 alicui,
2014 1433 2174 1469 efficitur
2208 1446 2359 1471 servus:
2390 1437 2480 1484 quia

1411 1479 1524 1516 etiam
1554 1479 1663 1517 liberi
1692 1482 1873 1529 serviunt,
1895 1485 2107 1521 secundum
2137 1486 2228 1523 illud
2261 1488 2423 1525 Galat.v
2442 1490 2478 1527 *ε
2507 1493 2642 1523 ’Vm-¹³·

1408 1533 1483 1569 Per
1497 1535 1692 1571 caritatem
1707 1535 1858 1583 spiritus
1872 1538 2006 1574 servite
2021 1538 2191 1575 invicem.
2208 1540 2348 1588 Neque
2364 1542 2478 1579 etiam

1410 1598 1455 1622 ex
1470 1587 1546 1623 hoc
1561 1589 1663 1636 quod
1685 1589 1820 1637 aliquis
1841 1590 1976 1627 desinit
1995 1592 2149 1639 servire,
2167 1592 2352 1630 efficiturss
2366 1595 2478 1632 liber:
2607 1598 2620 1630 β

1409 1640 1505 1677 sicut
1524 1649 1627 1689 patet
1646 1642 1693 1678 de
1714 1642 1834 1679 servis
1854 1643 2029 1691 fugitivis.
2053 1645 2130 1682 Sed
2145 1645 2204 1682 ille
2224 1647 2378 1695 proprie
2400 1654 2479 1685 est*
2604 1655 2620 1681 ἵ

1409 1706 1544 1731 servus
1572 1695 1637 1743 qui
1676 1695 1864 1743 obligatur
1897 1698 1945 1734 ad
1974 1698 2239 1736 serviendum:
2271 1708 2307 1737 et
2334 1700 2394 1737 ille
2425 1710 2480 1739 est

1408 1747 1503 1784 liber
1537 1748 1600 1797 qui
1629 1761 1652 1784 a
1681 1750 1861 1786 servitute
1900 1751 2120 1789 absolvitur.
2152 1774 2176 1780 -
2206 1754 2385 1791 Secundo
2425 1768 2479 1792 re-

1408 1801 1569 1850 quiritur
1598 1802 1703 1850 quod
1723 1803 1903 1851 obligatio
1922 1805 2117 1853 praedicta
2147 1818 2235 1843 cum
2264 1807 2390 1856 aliqua
2419 1821 2478 1845 so·

1408 1854 1601 1891 lemnitate
1635 1855 1720 1892 fiat:
1758 1856 1854 1893 sicut
1883 1865 1918 1894 et
1956 1858 2088 1895 ceteris
2108 1857 2121 1880 δ
2150 1872 2248 1908 quae
2282 1860 2379 1897 inter
2412 1862 2478 1898 ho·
2603 1863 2617 1888 δ

1408 1909 1531 1945 mines
1560 1908 1733 1946 obtinent
1760 1917 1984 1958 perpetuam
2016 1912 2255 1961 firmitatem,
2285 1916 2476 1962 quaedam

1407 1962 1630 1999 solemnitas
1659 1962 1871 2000 adhibetur.

1462 2015 1524 2052 Sic
1553 2015 1664 2063 igitur
1693 2024 1729 2052 et
1756 2016 1794 2052 in
1823 2024 1921 2053 statu
1958 2018 2198 2066 perfectionis
2235 2020 2389 2069 proprie
2423 2021 2477 2058 di-

1408 2069 1503 2106 citur
1533 2081 1614 2105 esse
1636 2069 1781 2117 aliquis,
1804 2082 1881 2107 non
1912 2083 1956 2107 ex
1984 2071 2059 2107 hoc
2079 2073 2183 2120 quod
2203 2073 2318 2109 habet
2347 2081 2475 2111 actum

1407 2122 1617 2159 dilectionis
1645 2123 1846 2171 perfectae,
1868 2123 1934 2160 sed
1965 2136 2010 2160 ex
2038 2125 2112 2161 hoc
2141 2126 2245 2174 quod
2266 2126 2408 2174 obligat
2436 2140 2477 2164 se

1407 2183 1616 2225 perpetuo,
1647 2188 1734 2212 cum
1771 2176 1896 2225 aliqua
1933 2178 2191 2226 solemnitate,
2222 2179 2270 2216 ad
2300 2192 2345 2216 ea
2378 2193 2476 2229 quae

1407 2237 1494 2266 sunt
1522 2229 1774 2278 perfectionis.
1805 2230 1998 2278 Contingit
2019 2231 2131 2268 etiam
2160 2232 2266 2280 quod
2294 2233 2407 2281 aliqui
2436 2247 2476 2270 se

1408 2283 1577 2330 obligant
1615 2283 1679 2331 qui
1709 2295 1789 2319 non
1822 2291 1990 2331 servant,
2022 2291 2058 2320 et
2086 2284 2202 2332 aliqui
2238 2285 2400 2334 implent
2428 2287 2476 2324 ad

1408 2338 1512 2384 quod
1543 2348 1622 2373 non
1652 2348 1691 2372 se
1713 2335 1998 2383 obligaverunt:
2028 2345 2068 2373 ut
2096 2345 2199 2386 patet
2226 2339 2361 2376 Matth.
2382 2340 2477 2377 xxi*
2503 2342 2593 2365 'Vm
2609 2344 2699 2372 ²8⁸qq·

1409 2390 1456 2427 de
1486 2389 1639 2426 duobus
1657 2389 1755 2431 filiis,
1777 2401 1944 2438 quorum
1964 2403 2063 2427 unus
2090 2391 2188 2439 patri
2207 2391 2357 2439 dicenti,
2383 2393 2476 2442 Ope-

1407 2455 1497 2480 rare
1515 2444 1552 2480 in
1573 2443 1696 2489 vinea,
1718 2443 1914 2491 respondit
1940 2444 2067 2481 Nolo.-
2090 2450 2222 2492 postea
2246 2446 2357 2490 abiit;
2385 2448 2478 2483 alter

1408 2505 1537 2534 autem
1566 2497 1804 2545 respondens
1833 2497 1898 2544 ait,
1927 2498 2006 2534 Eo:
2034 2503 2069 2534 et
2096 2510 2170 2534 non
2200 2499 2274 2535 ivit.
2310 2500 2359 2535 Et
2387 2500 2475 2536 ideo

1408 2550 1498 2588 nihil
1526 2550 1703 2599 prohibet
1722 2550 1869 2598 aliquos
1890 2563 1972 2587 esse
1991 2551 2181 2599 perfectos
2201 2551 2265 2599 qui
2284 2564 2363 2588 non
2389 2561 2477 2590 sunt

1407 2604 1444 2641 in
1474 2611 1572 2641 statu
1592 2603 1850 2652 perfectionis:
1882 2611 1918 2640 et
1936 2603 2084 2651 aliquos
2106 2616 2188 2641 esse
2217 2604 2255 2640 in
2275 2612 2373 2642 statu
2393 2618 2475 2654 per-

1407 2657 1579 2694 fectionis
1607 2657 1672 2706 qui
1700 2669 1779 2693 non
1809 2664 1895 2693 sunt
1921 2657 2090 2705 perfecti.

1458 2713 1517 2748 AD
1538 2722 1675 2747 PRIMUM
1695 2721 1794 2746 ERGO
1809 2721 1994 2747 DICENDUM
2011 2710 2115 2759 quod
2135 2722 2203 2758 per
2221 2719 2471 2758 augmentum

1406 2765 1604 2813 corporale
1640 2763 1773 2812 aliquis
1808 2763 1959 2811 proficit
1995 2763 2032 2800 in
2061 2763 2119 2800 his
2149 2775 2247 2810 quae
2283 2764 2472 2812 pertinent

1404 2819 1453 2855 ad
1483 2826 1670 2863 naturam,
1697 2824 1734 2852 et
1760 2816 1847 2853 ideo
1878 2816 2095 2865 adipiscitur
2122 2824 2280 2853 naturae
2308 2824 2469 2855 statum:

1404 2871 1628 2920 praesertim
1670 2869 1759 2918 quia
1796 2870 1898 2918 quod
1932 2876 1987 2906 est
2024 2870 2228 2906 secundum
2271 2875 2468 2917 naturam,

1403 2923 1697 2974 quodammodo
1735 2923 1967 2960 immutabile
1998 2929 2054 2973 est
2076 2923 2107 2970 ³¹²,
2141 2922 2367 2971 inquantum
2405 2936 2470 2960 na·
2497 2935 2709 2983 'n‘-³f·¹-²i‚¹⁷'⁵‘·⁰¹·²³*

1404 2985 1486 3014 tura
1528 2976 1800 3014 determinatur
1841 2976 1889 3013 ad
1934 2988 2066 3013 unum.
2110 2977 2159 3013 Et
2200 2976 2369 3012 similiter
2402 2989 2470 3025 per
2494 2962 2707 3036 linif'ni¹2'.-⁸s'.⁰r³ssl

1403 3039 1651 3079 augmentum
1681 3029 1872 3078 spirituale
1905 3029 2060 3066 interius
2088 3029 2223 3077 aliquis
2251 3029 2470 3078 adipiscitur
2504 3018 2603 3036 ‘⁰¹⁴³'

1401 3084 1644 3133 perfectionis
1678 3091 1816 3120 statum
1858 3090 2043 3131 quantum
2082 3083 2130 3119 ad
2173 3082 2345 3119 divinum
2375 3082 2468 3120 iudi-

1402 3138 1515 3174 cium.
1543 3138 1619 3174 Sed
1644 3144 1829 3184 quantum
1867 3136 1915 3173 ad
1953 3135 2212 3172 distinctiones
2250 3136 2469 3173 ecclesiasti-

1402 3203 1535 3227 corum
1575 3197 1760 3236 statuum,
1791 3202 1869 3226 non
1902 3189 2120 3237 adipiscitur
2157 3188 2291 3236 aliquis
2328 3196 2467 3226 statum

1400 3243 1640 3292 perfectionis
1666 3243 1737 3280 nisi
1763 3254 1833 3290 per
1852 3250 2099 3290 augmentum
2128 3242 2167 3278 in
2191 3241 2249 3278 his
2277 3254 2376 3290 quae
2407 3255 2467 3279 ex-

1400 3297 1514 3333 terius
1543 3303 1716 3344 aguntur.

1453 3352 1512 3386 AD
1546 3361 1737 3386 SECUNDUM
1771 3359 1955 3385 DICENDUM
1987 3347 2092 3396 quod
2125 3347 2186 3384 illa
2222 3347 2334 3385 etiam
2372 3348 2467 3386 ratio

1399 3402 1571 3452 procedit
1598 3409 1784 3451 quantum
1819 3401 1867 3438 ad
1895 3401 2112 3438 interiorem
2147 3408 2298 3438 statum.
2337 3401 2387 3438 Et
2414 3410 2467 3439 ta-

1399 3468 1501 3503 men,
1528 3467 1616 3492 cum
1646 3455 1778 3503 aliquis
1807 3454 1937 3491 transit
1957 3454 2003 3491 de
2032 3461 2189 3502 peccato
2219 3454 2268 3491 ad
2293 3455 2464 3502 gratiam,

330 3588 357 3621 α)
371 3587 574 3621 perfectionem.
583 3601 601 3606 —
615 3586 806 3620 confectionem
818 3587 917 3618 BEFK,
929 3589 1070 3613 caritatem
1086 3596 1165 3622 super
1179 3596 1296 3614 rasuram
1312 3588 1340 3614 C.

331 3623 355 3656 β)
375 3623 500 3657 efficitur.
512 3636 531 3642 —
550 3623 651 3648 dicitur
669 3622 715 3647 Pa.

1449 3588 1475 3621 γ)
1496 3591 1543 3613 est.
1555 3601 1574 3606 -
1592 3587 1692 3612 dicitur
1710 3587 1757 3612 Pa.

1450 3622 1474 3656 ὃ)
1494 3623 1598 3648 ceteris.
1610 3637 1629 3642 -
1646 3626 1736 3648 cetera
1756 3621 1977 3651 ABCDEFHILa,
1997 3629 2056 3646 cum
2075 3621 2106 3647 K.
