2768 4198
33 798 43 808 ⁴
57 798 108 818 Art.
123 803 138 817 1.

28 1117 39 1128 ⁸
53 1115 119 1137 Vers.
134 1123 157 1142 4.

27 1388 37 1398 ⁸
52 1386 118 1408 VerS.
134 1392 159 1408 u.

29 1493 37 1501 ⁸
53 1491 156 1513 Interlin.

26 1767 37 1777 ⁸
52 1765 118 1787 Vers.
133 1766 154 1787 8.

27 1875 36 1884 ·
54 1873 179 1896 Comment.
199 1874 239 1895 lib.

123 1979 137 2013 β

26 2299 37 2310 ’
52 2298 118 2320 Vera⁴
135 2305 150 2320 1.

126 2336 142 2362 Τ

27 2362 38 2372 ·
52 2361 119 2382 νει-ε.
134 2367 154 2383 2.

28 2463 37 2473 ’
63 2462 109 2489 Qu.
134 2468 241 2488 ‹zi-xxxvi,

27 2493 69 2510 art.
91 2495 106 2513 ι,
127 2495 175 2517 arg.
194 2489 243 2510 Sed

27 2518 88 2537 cont.
96 2523 104 2541 ,·
114 2519 155 2537 art.
163 2522 183 2543 7,
190 2516 219 2537 ad
226 2522 240 2537 ι.

29 2676 78 2698 ·Cf.
87 2683 124 2705 qu.
133 2683 241 2704 ccxxxiv,

28 2707 68 2724 art.
86 2710 106 2732 3.

32 3306 40 3315 ⁸
56 3305 90 3327 Cf,
108 3312 172 3327 num.
189 3311 219 3327 iv.

282 269 356 307 508
896 267 1166 315 QUAESTIO
1197 266 1464 313 CLXXXVII,
1493 267 1794 306 ARTICULUS
1825 269 1856 305 11

1047 425 1370 468 ARTICULUS
1401 425 1706 470 SECUNDUS

682 522 839 554 UTRUM
863 521 1102 553 RELIGIOSIS
1127 521 1289 552 LICEAT
1313 521 1587 553 SAECULARIA
1610 522 1808 554 NEGOTIA
1831 523 2070 556 TRACTARE

696 602 774 627 Cont.
794 601 915 634 impugn.
935 600 1034 634 Relig„
1053 608 1109 633 cap.
1129 608 1167 631 ιη
1187 600 1232 625 Ad
1251 600 1340 630 Rom..
1360 608 1416 633 cap.
1435 608 1486 631 m,
1507 602 1566 627 lect.
1585 608 1609 631 13
1629 601 1650 626 11
1668 602 1706 626 ad
1728 601 1805 632 Tim„
1826 609 1882 635 cap.
1901 610 1930 632 u,
1950 603 2010 629 lect.
2028 611 2046 629 ι.

394 701 463 743 μς(
486 695 508 719 D
524 693 716 719 SECUNDUM
732 693 786 718 s1c
802 692 1044 718 PROCED1TUR.
1060 680 1222 717 Videtur
1240 680 1346 729 quod

304 722 667 793 Qreligiosis
706 747 784 771 non
813 735 923 771 liceat
951 734 1160 771 saecularia
1194 734 1347 782 negotia

291 786 412 834 'yssvz
432 791 455 829 ’ἦ
485 797 658 826 tractare.
703 788 851 825 Dicitur
889 788 993 825 enim
1032 788 1071 825 in
1099 788 1298 837 praedicto
1329 787 1351 810 '⁸‘

330 814 428 872 (εὖ
444 831 639 880 decreto
670 842 856 879 Bonifacii
893 843 1024 891 Papae
1069 842 1174 891 quod
1218 843 1349 879 beatus

270 897 495 933 Benedictus
522 908 585 933 eos
610 901 627 917 ‘²
660 896 917 933 saecularium
951 896 1192 946 negotiorum
1230 896 1349 933 edixit

271 956 441 999 expertes
461 951 563 998 fore.
598 950 709 992 Quod
726 950 876 998 quidem
896 950 1121 998 Apostolicis
1144 950 1346 987 documen-

270 1004 325 1050 tis,
356 1010 393 1040 et
418 1004 588 1041 omnium
615 1009 835 1040 sanctorum
863 1004 1022 1040 Patrum
1047 1003 1238 1049 institutis,
1269 1016 1344 1041 non

268 1057 390 1094 solum
410 1057 616 1104 monachis,
636 1057 703 1094 sed
729 1057 842 1094 etiam
862 1058 1054 1094 canonicis
1082 1058 1256 1095 omnibus
1275 1058 1347 1094 im-

263 1117 446 1159 peratur:
477 1111 691 1148 secundum
720 1110 812 1148 illud
847 1112 878 1147 lI
905 1111 958 1148 ad
985 1111 1081 1149 Tim.
1113 1123 1135 1148 11
1155 1111 1187 1158 ²¹²,
1217 1112 1345 1149 Nemo

269 1165 433 1202 militans
467 1166 551 1202 Deo
591 1164 760 1213 implicat
791 1177 831 1202 se
871 1165 1131 1202 saecularibus
1173 1166 1344 1215 negotiis.

270 1219 347 1256 Sed
390 1218 572 1256 omnibus
610 1218 795 1267 religiosis
827 1218 1005 1256 imminet
1043 1219 1149 1268 quod
1185 1219 1347 1257 militent

269 1273 368 1309 Deo.
419 1273 522 1321 Ergo
568 1285 648 1310 non
694 1272 780 1309 licet
834 1272 888 1309 eis
933 1272 1144 1310 saecularia
1193 1273 1346 1322 negotia

269 1339 458 1363 exercere.

323 1392 358 1417 2.
375 1381 612 1428 PRAETEREA,
643 1380 657 1416 1
677 1379 730 1417 ad
751 1379 915 1417 Thessal.
938 1391 973 1416 1v
991 1379 1032 1429 ²⁸⁸,
1063 1380 1152 1418 dicit
1179 1381 1346 1430 Aposto—

268 1435 345 1471 lus:
380 1434 544 1483 Operam
573 1434 664 1470 detis
693 1439 735 1470 ut
760 1433 877 1482 quieti
900 1434 990 1480 sitis,
1019 1439 1057 1471 et
1083 1440 1124 1471 ut
1149 1435 1345 1485 negotium

268 1494 434 1526 vestrum
463 1488 605 1538 agatis:
635 1487 773 1525 Glossa
791 1487 832 1524 *ε
862 1488 1038 1525 Dimissis
1064 1489 1217 1526 alienis.-
1245 1489 1348 1538 quod

268 1542 374 1579 vobis
403 1542 492 1579 utile
519 1547 572 1579 est
599 1542 636 1578 in
666 1541 966 1578 emendationem
994 1542 1104 1579 vitae.
1146 1542 1224 1580 Sed
1263 1543 1347 1580 reli-

269 1596 363 1645 giosi
400 1595 613 1645 specialiter
654 1602 855 1632 assumunt
897 1595 1065 1632 studium
1108 1596 1345 1634 emendatio-

269 1651 325 1687 nis
353 1650 467 1687 vitae.
508 1650 611 1697 Ergo
651 1661 731 1686 non
765 1650 907 1687 debent
943 1649 1153 1686 saecularia
1191 1650 1346 1698 negotia

269 1716 459 1741 exercere.

324 1759 358 1794 3.
381 1759 617 1803 PRAETEREA,
640 1768 756 1805 super
783 1755 876 1793 illud
905 1756 1041 1793 Matth.
1063 1768 1073 1793 1
1092 1755 1124 1804 *,
1153 1757 1255 1794 Ecce
1282 1759 1350 1807 qui

268 1811 442 1848 mollibus
469 1811 678 1847 vestiuntur
706 1810 743 1847 in
772 1810 945 1847 domibus
973 1821 1109 1860 regum
1132 1816 1231 1857 sunt,
1258 1810 1347 1849 dicit

270 1865 532 1914 Hieronymus
550 1863 588 1900 *z
617 1864 683 1900 Ex
701 1865 773 1900 hoc
792 1863 951 1900 ostendit
976 1864 1143 1914 rigidam
1172 1865 1288 1902 vitam
1312 1871 1349 1902 et

267 1925 459 1956 austeram
485 1917 811 1967 praedicationem
839 1917 961 1954 vitare
988 1918 1124 1954 debere
1151 1918 1260 1956 aulas
1288 1931 1346 1956 re-

265 1984 373 2023 gum,
394 1978 431 2009 et
447 1969 648 2009 mollium?
667 1971 863 2008 hominum
877 1971 1024 2020 palatia
1043 1971 1245 2010 declinare.
1267 1973 1345 2011 Sed

267 2027 472 2064 necessitas
501 2025 755 2063 saecularium
785 2025 1029 2073 negotiorum
1058 2025 1194 2074 ingerit
1220 2027 1347 2065 homi-

267 2093 358 2118 nem
402 2080 451 2118 ad
493 2079 816 2128 frequentandum
861 2091 995 2128 regum
1039 2079 1192 2129 palatia.
1241 2081 1344 2130 Ergo

267 2147 346 2172 non
375 2134 461 2172 licet
488 2133 672 2182 religiosis
701 2133 828 2182 aliqua
847 2133 1000 2182 negotia
1020 2134 1231 2171 saecularia
1258 2147 1344 2184 per·

268 2195 441 2226 tractare.
566 2185 572 2191 '

324 2243 399 2279 Seu
434 2253 585 2279 CONTRA
613 2252 681 2278 EST
715 2240 822 2289 quod
850 2241 1060 2289 Apostolus
1089 2240 1199 2288 dicit,
1228 2242 1344 2280 Rom.

268 2297 334 2333 ult.
354 2295 396 2332 *t
430 2294 663 2332 Commendo
692 2294 798 2331 vobis
826 2295 999 2331 Phoeben
1019 2299 1047 2341 ἵ,
1075 2307 1249 2332 sororem
1278 2307 1344 2332 no·

267 2355 405 2386 stram:
436 2356 471 2385 et
490 2356 626 2397 postea
644 2347 664 2369 '¹‘
693 2347 838 2385 subdit:
867 2347 918 2384 Et
944 2348 1124 2385 assistatis
1142 2348 1179 2385 ei
1196 2348 1234 2386 in
1255 2359 1344 2398 quo-

270 2414 431 2452 cumque
459 2402 611 2452 negotio
638 2401 756 2438 vestri
781 2401 997 2451 indiguerit.

323 2458 551 2494 RESPONDEO
571 2466 758 2493 mceuoum
778 2454 897 2505 quod,
914 2454 1009 2492 sicut
1027 2467 1144 2504 supra
1158 2454 1179 2476 '¹‘
1198 2455 1344 2493 dictum

269 2518 346 2558 est,
376 2517 495 2548 status
524 2508 716 2557 religionis
750 2516 807 2546 est
834 2508 1033 2546 ordinatus
1066 2509 1115 2546 ad
1144 2508 1345 2558 perfectio-

269 2577 358 2602 nem
389 2563 551 2601 caritatis
580 2563 908 2612 consequendam.
947 2563 1008 2600 Ad
1037 2575 1155 2612 quam
1184 2562 1342 2611 quidem

267 2617 524 2668 principaliter
551 2617 714 2667 pertinet
734 2616 806 2653 Dei
827 2616 996 2663 dilectio,
1027 2616 1256 2654 secundario
1278 2629 1344 2654 au-

267 2680 347 2709 tem
368 2671 518 2709 dilectio
538 2670 702 2720 proximi
717 2669 748 2707 *.
775 2670 824 2707 Et
843 2670 931 2707 ideo
953 2669 1116 2719 religiosi
1136 2670 1344 2721 praecipue

270 2734 306 2763 et
334 2733 489 2775 propter
517 2737 557 2762 se
587 2725 729 2762 debent
749 2723 946 2762 intendere
966 2724 1015 2762 ad
1035 2724 1110 2762 hoc
1130 2724 1237 2773 quod
1257 2725 1343 2762 Deo

269 2788 419 2817 vacent.
456 2779 496 2816 Si
525 2787 656 2816 autern
686 2777 893 2816 necessitas
922 2778 1105 2827 proximis
1132 2778 1343 2825 immineat,

328 863 334 871 x

323 2895 350 2927 α)
370 2901 423 2920 eos.
436 2908 455 2913 —
472 2894 535 2920 Om.
554 2893 672 2925 codicea;
692 2901 742 2925 pro
764 2893 861 2923 edixit,
881 2893 908 2918 h'
927 2894 1001 2919 dixit
1019 2894 1187 2927 ADEKLpC,
1206 2894 1253 2920 hec
1271 2894 1346 2920 dixit

269 2931 319 2962 BF,
333 2931 382 2956 hoc
396 2930 471 2956 dixit
490 2931 507 2960 1,
523 2930 599 2955 dixit
618 2930 663 2959 Pa,
677 2930 711 2955 h⁰
727 2929 802 2955 dixit
820 2930 962 2962 (exparte
974 2930 1079 2964 forme)
1093 2931 1132 2960 1-1;
1152 2935 1211 2956 ante
1230 2930 1346 2963 impera-

268 2970 314 2992 tur
333 2967 371 2992 Pa
389 2967 488 2992 addunt
507 2973 677 2999 magnopere,
697 2966 767 2991 idem
787 2970 934 2991 correctum
954 2973 984 2991 ex
1003 2966 1126 2991 omnibus
1145 2966 1174 2992 C.

1402 693 1537 717 eorum
1566 681 1719 729 negotia
1749 693 1795 718 ex
1824 681 1978 718 caritate
2006 694 2120 731 agere
2149 682 2311 732 debent,
2342 697 2480 722 secun-

1401 736 1495 772 dum
1525 734 1617 772 illud
1650 735 1775 772 Galat.
1795 734 1892 782 V1*,
1926 735 2035 772 Alter
2061 736 2217 774 alterius
2244 750 2364 776 onera
2385 750 2478 788 por-

1401 794 1487 834 tate,
1516 794 1553 825 et
1577 789 1632 825 sic
1649 788 1900 837 adimplebitis
1919 789 2041 839 legem
2067 790 2227 828 Christi:
2256 791 2346 840 quia
2376 799 2412 829 et
2440 793 2478 829 in

1400 843 1476 879 hoc
1505 842 1590 891 ipso
1621 842 1726 891 quod
1755 841 1940 892 proximis
1960 842 2132 880 serviunt
2158 853 2316 894 propter
2334 846 2477 894 Deum,

1401 896 1592 934 dilectioni
1608 895 1762 933 divinae
1778 896 2056 945 obsequuntur.
2069 896 2181 934 Unde
2193 897 2328 936 dicitur
2343 899 2477 937 Iac.1*:

1401 950 1553 1001 Religio
1583 950 1725 986 munda
1754 955 1790 986 et
1816 949 2063 987 immaculata
2086 951 2191 999 apud
2206 952 2333 989 Deum
2353 958 2392 990 et
2405 953 2479 990 Pa-

1400 1010 1495 1041 trem
1525 1005 1619 1041 haec
1645 1009 1719 1050 est,
1749 1003 1903 1040 visitare
1923 1003 2090 1052 pupillos
2117 1010 2154 1041 et
2177 1005 2313 1042 viduas
2345 1006 2383 1043 in
2412 1006 2479 1043 tri-

1401 1058 1594 1095 bulatione
1621 1068 1777 1094 eorum:
1807 1057 1946 1095 Glossa
1965 1056 2004 1094 *:
2034 1057 2145 1105 idest,
2174 1070 2401 1096 succurrere
2427 1059 2481 1097 eis

1400 1112 1467 1161 qui
1493 1117 1626 1149 carent
1646 1110 1839 1161 praesidio
1868 1111 1906 1148 in
1935 1116 2104 1160 tempore
2131 1112 2369 1150 necessitatis.

1454 1166 1523 1202 Est
1544 1177 1635 1214 ergo
1657 1164 1865 1202 dicendum
1886 1164 1992 1214 quod
2013 1177 2128 1202 causa
2158 1165 2374 1215 cupiditatis
2398 1178 2480 1204 sae—

1400 1219 1542 1256 cularia
1569 1218 1723 1267 negotia
1750 1230 1882 1267 gerere
1912 1231 1983 1256 nec
2012 1219 2213 1257 monachis
2242 1232 2314 1257 nec
2335 1219 2480 1257 clericis

1400 1273 1487 1311 licet
1504 1272 1536 1310 ²¹⁸.
1567 1273 1696 1310 Causa
1714 1284 1810 1309 vero
1841 1272 2004 1310 caritatis
2024 1285 2066 1309 se
2086 1272 2248 1321 negotiis
2277 1274 2479 1311 saeculari·

1400 1328 1483 1375 bus,
1506 1339 1594 1364 curn
1615 1326 1742 1364 debita
1763 1326 2043 1375 moderatione,
2064 1326 2237 1375 ingerere
2265 1334 2428 1376 possunt
2445 1326 2478 1375 ¹⁸,

1399 1381 1615 1418 secundum
1655 1379 1862 1429 superioris
1900 1381 2115 1427 licentiam,
2153 1388 2190 1418 et
2225 1380 2478 1419 ministrando

1401 1443 1438 1472 et
1480 1434 1692 1483 dirigendo.
1740 1433 1852 1472 Unde
1896 1434 2032 1472 dicitur
2073 1433 2112 1471 in
2154 1434 2349 1483 Decretis,
2394 1434 2478 1473 dist.

1402 1488 1636 1526 LXXXVIII
1661 1487 1702 1524 *τ
1744 1488 1924 1525 Decrevit
1957 1494 2089 1526 sancta
2122 1488 2301 1536 Synodus
2332 1487 2478 1526 nullum

1401 1543 1575 1592 deinceps
1603 1541 1782 1579 clericum
1811 1548 1879 1579 aut
1898 1542 2153 1592 possessiones
2172 1542 2394 1589 conducere,
2414 1547 2484 1580 aut

1401 1597 1562 1647 negotiis
1588 1595 1846 1633 saecularibus
1881 1608 1922 1634 se
1948 1597 2198 1646 permiscere,
2229 1595 2303 1633 nisi
2322 1601 2482 1646 propter

1401 1662 1536 1687 curam
1549 1649 1785 1698 pupillorum
1805 1654 1874 1687 aut
1890 1650 2151 1699 orphanorum
2171 1654 2241 1687 aut
2255 1649 2479 1687 viduarum:

1401 1709 1468 1740 aut
1493 1703 1527 1740 si
1539 1704 1653 1752 forte
1672 1703 1867 1752 episcopus
1885 1703 2044 1741 civitatis
2062 1703 2402 1741 ecclesiasticarum
2420 1714 2479 1741 re·

1401 1769 1489 1794 rum
1507 1756 1795 1794 sollicitudinem
1815 1768 1902 1794 eum
1921 1757 2063 1794 habere
2074 1756 2298 1807 praecipiat.
2329 1757 2479 1795 Eadem

1401 1818 1533 1848 autem
1554 1809 1650 1847 ratio
1673 1817 1728 1847 est
1748 1809 1796 1847 de
1817 1809 2000 1859 religiosis
2021 1818 2058 1848 et
2077 1809 2240 1849 clericis:
2261 1810 2352 1860 quia
2369 1810 2479 1849 utriS-

1401 1877 1477 1914 que
1507 1863 1680 1901 similiter
1707 1863 1862 1912 negotia
1890 1864 2100 1902 saecularia
2128 1863 2417 1913 interdicuntur,
2437 1871 2480 1903 ut

1401 1918 1546 1956 dictum
1575 1925 1642 1955 est.

1453 1973 1513 2009 AD
1543 1983 1684 2009 PRIMUM
1712 1982 1813 2008 ERGO
1842 1983 2030 2009 mOENDtJM
2057 1971 2165 2021 quod
2192 1970 2395 2009 monachis
2423 1971 2479 2010 in-

1398 2026 1638 2064 terdicuntur
1677 2032 1838 2062 tractare
1878 2025 2087 2063 saecularia
2124 2024 2278 2074 negotia
2320 2033 2480 2075 propter

1399 2079 1670 2130 cupiditatem:
1701 2091 1780 2116 non
1809 2086 1938 2116 autem
1967 2086 2125 2129 propter
2153 2078 2361 2116 caritatem.

1453 2135 1513 2171 An
1532 2144 1727 2171 SECUNDUM
1746 2144 1934 2171 metianum
1955 2133 2062 2182 quod
2086 2144 2165 2170 non
2185 2139 2243 2170 est
2267 2131 2478 2182 curiositas,

1399 2187 1468 2225 sed
1497 2187 1645 2233 caritas,
1675 2185 1706 2223 si
1730 2194 1890 2235 propter
1908 2187 2176 2226 necessitatem
2197 2185 2333 2236 aliquis
2352 2198 2394 2224 se
2413 2198 2480 2225 ne-

1398 2241 1511 2290 gotiis
1539 2240 1767 2279 immisceat.

1451 2296 1511 2332 An
1539 2305 1702 2332 τεκτιυΜ
1724 2305 1912 2331 DICENDUM
1939 2294 2047 2342 quod
2075 2294 2318 2343 frequentare
2337 2293 2479 2344 palatia

1399 2360 1534 2397 regum
1562 2354 1718 2397 propter
1738 2346 1893 2384 delicias
1918 2348 1983 2385 vel
2011 2347 2173 2396 gloriam
2201 2348 2264 2385 vel
2293 2346 2478 2397 cupidita·

1398 2409 1494 2449 tem,
1525 2413 1604 2438 non
1635 2400 1819 2450 competit
1847 2400 2052 2450 religiosis:
2082 2402 2150 2439 sed
2180 2413 2226 2438 ea
2255 2399 2360 2438 adire
2388 2413 2478 2450 pro-

1398 2463 1482 2505 pter
1514 2454 1597 2504 pias
1626 2467 1761 2492 causas
1797 2454 1981 2504 competit
2010 2454 2075 2492 eis.
2114 2454 2227 2493 Unde
2261 2453 2397 2492 dicitur
2425 2454 2478 2493 lv

1398 2511 1497 2559 Reg.
1515 2521 1550 2546 iv
1569 2507 1600 2555 ²¹⁸,
1622 2509 1725 2558 quod
1747 2507 1896 2546 Eliseus
1926 2508 2018 2546 dixit
2037 2508 2085 2546 ad
2114 2507 2335 2546 mulierem:
2364 2507 2478 2546 Nun·
2505 2520 2516 2531 ·

1399 2563 1491 2612 quid
1520 2563 1636 2600 habes
1668 2562 1885 2612 negotium,
1924 2567 1960 2599 et
1985 2562 2044 2600 vis
2071 2567 2112 2599 ut
2138 2561 2278 2611 loquar
2304 2562 2391 2612 regi
2416 2561 2479 2600 vel

1395 2616 1562 2666 principi
1597 2614 1783 2653 militiae?
1820 2615 2000 2653 Similiter
2034 2615 2149 2653 etiam
2179 2615 2361 2653 convenit
2397 2614 2478 2653 reli·

1398 2670 1513 2719 giosis
1546 2669 1651 2707 adire
1681 2681 1816 2718 regum
1843 2669 1984 2719 palatia
2012 2669 2062 2707 ad
2091 2681 2159 2707 eos
2189 2668 2408 2719 arguendos
2440 2676 2477 2707 et

1399 2724 1639 2773 dirigendos:
1669 2723 1767 2760 sicut
1795 2724 1960 2761 Ioannes
1988 2722 2160 2773 Baptista
2189 2723 2373 2772 arguebat
2401 2722 2476 2761 He·

1399 2779 1548 2825 rodem,
1577 2785 1618 2814 ut
1647 2776 1784 2815 dicitur
1811 2777 1947 2815 Matth.
1967 2789 2029 2815 xiv
2046 2777 2078 2814 *.
2459 2797 2461 2803 ι

1454 2893 1479 2927 β)
1499 2894 1627 2920 mollium.
1640 2908 1659 2913 -
1678 2893 1805 2919 nobilium
1825 2893 1853 2919 Ρ.

1453 2931 1480 2964 γ)
1501 2930 1630 2956 Ptnoeben.
1642 2943 1662 2950 -
1676 2930 1782 2962 plebem
1800 2927 1976 2955 ACDEHKL.

941 3046 1279 3079 Commentario
1301 3045 1555 3079 Gar-danaus
1576 3045 1780 3079 Caietam

300 3135 320 3155 u
344 3125 478 3156 articulo
502 3125 644 3156 secundo
668 3123 813 3155 eiusdem
837 3124 1035 3166 quaestionis
1066 3124 1345 3156 centesimaeocto-

274 3137 606 3211 Igesimaeseptimae,
630 3169 765 3201 dubium
791 3169 896 3211 primo
914 3169 1052 3201 occurrit
1073 3169 1152 3200 circa
1168 3169 1299 3200 titulum
1317 3175 1347 3199 et

271 3214 513 3245 conclusionem
542 3214 763 3254 responsivam
787 3214 901 3252 simul,
928 3225 966 3246 an
997 3224 1052 3255 per
1076 3214 1261 3245 saecularia
1292 3223 1346 3245 ne—

270 3259 359 3299 gotia
384 3259 445 3290 hoc
469 3259 502 3290 in
525 3259 599 3290 loco
623 3259 839 3299 intelligantur
863 3259 973 3290 omnia
1002 3258 1174 3290 saecularia
1199 3258 1343 3299 negotia,

272 3313 310 3333 an
324 3303 480 3343 quaedam
490 3304 517 3334 ¹⁸.
535 3303 576 3335 Et
588 3311 634 3334 est
645 3303 724 3335 ratio
742 3303 830 3335 dubii
844 3303 930 3345 quia,
945 3303 970 3334 si
988 3303 1208 3344 intelliguntur
1224 3303 1344 3340 omnia,

272 3347 414 3387 sequitur
437 3348 541 3388 primo
566 3348 665 3389 quod,
690 3358 784 3379 causa
808 3348 952 3387 caritatis,
978 3348 1101 3379 licitum
1117 3348 1175 3379 erit
1191 3347 1345 3389 religiosis

273 3391 503 3431 negotiationes
519 3402 670 3430 exercere,
693 3400 728 3423 ut
752 3393 872 3424 faciunt
889 3400 1089 3425 mercatores,
1113 3411 1134 3417 -
1158 3392 1191 3424 Si
1207 3402 1283 3424 vero
1298 3393 1345 3423 in-

273 3436 457 3476 telliguntur
480 3437 648 3478 quaedam,
669 3438 864 3478 oportuisset
882 3438 935 3469 illa
956 3437 1168 3469 determinari.
1194 3437 1293 3475 Quod
1312 3437 1345 3468 in

273 3479 374 3511 littera
398 3490 464 3510 non
488 3480 532 3512 fit.

330 3524 474 3556 Dubium
505 3526 645 3556 secundo
677 3526 813 3557 occurrit
842 3526 922 3557 circa
946 3525 1183 3557 distinctionem
1207 3535 1289 3568 quae
1313 3525 1345 3557 in

273 3568 375 3600 littera
397 3567 433 3599 fit
460 3579 519 3609 pro
544 3569 702 3600 decisione
735 3570 949 3610 quaestionis,
975 3570 1108 3601 scilicet:
1133 3579 1175 3600 ex
1197 3571 1344 3608 caritate,

274 3614 324 3644 vel
348 3614 531 3655 cupiditate.
556 3614 645 3644 Tum
669 3613 743 3654 quia
768 3613 926 3645 distinctio
950 3613 1028 3644 haec
1052 3624 1118 3644 non
1143 3614 1182 3644 ad
1206 3614 1273 3654 ipsa
1291 3623 1345 3644 ne-

1398 3124 1494 3165 gotia,
1519 3124 1574 3154 sed
1598 3123 1638 3154 ad
1662 3133 1772 3155 causas
1796 3129 1927 3164 spectat.
1959 3121 2000 3153 Et
2022 3127 2191 3162 propterea
2221 3131 2258 3152 ex
2281 3121 2340 3153 hac
2363 3121 2473 3154 distin-

1399 3168 1504 3200 ctione
1529 3175 1559 3200 et
1583 3168 1744 3200 decisione
1768 3177 1834 3199 non
1858 3167 1993 3198 habetur
2015 3165 2105 3207 quod
2129 3165 2296 3207 negotium
2312 3166 2356 3197 eis
2370 3166 2474 3204 liceat,

1398 3220 1454 3244 aut
1469 3213 1559 3254 quod
1576 3223 1652 3244 non.
1670 3231 1689 3236 -
1701 3213 1791 3244 Tum
1807 3211 1882 3254 quia
1899 3220 1965 3242 non
1983 3210 2091 3241 solum
2107 3210 2288 3248 saecularia,
2305 3211 2360 3242 sed
2377 3211 2474 3242 etiarn

1398 3257 1605 3289 ecclesiastica
1628 3265 1659 3288 et
1682 3256 1829 3298 religiosa
1852 3254 1977 3296 negotia
2003 3262 2077 3286 sunt
2101 3255 2220 3286 eisdem
2244 3265 2282 3286 ex
2302 3254 2474 3296 cupiditate

1399 3302 1569 3344 prohibita.
1590 3304 1636 3333 Ac
1653 3311 1710 3343 per
1723 3301 1796 3338 hoc,
1810 3309 1875 3330 non
1893 3306 1939 3330 est
1956 3299 2098 3330 doctrina
2114 3300 2249 3341 dignum
2264 3299 2367 3331 dicere
2383 3299 2472 3342 quod

1399 3357 1436 3378 ex
1460 3347 1631 3389 cupiditate
1655 3352 1730 3377 sunt
1747 3343 1902 3384 religiosis
1917 3344 2089 3374 saecularia
2105 3344 2232 3386 negotia
2252 3344 2426 3376 interdicta.

1455 3392 1492 3423 11.
1517 3391 1568 3422 Ad
1598 3391 1716 3423 horum
1747 3388 1955 3425 evidentiam,
1980 3388 2146 3420 sciendum
2170 3396 2216 3421 est
2238 3389 2328 3431 quod
2350 3388 2403 3420 hic
2425 3395 2472 3421 est

1399 3446 1504 3467 sermo
1529 3436 1567 3466 de
1591 3433 1726 3476 negotiis
1742 3433 1955 3464 saecularibus
1978 3433 2224 3475 quodammodo
2245 3433 2471 3471 universaliter,

1399 3487 1430 3511 et
1448 3479 1691 3522 quodammodo
1716 3487 1781 3508 non
1805 3477 2030 3510 universaliter.
2054 3478 2086 3510 Si
2104 3478 2189 3509 enim
2206 3478 2247 3509 ad
2262 3477 2472 3509 substantiam

1400 3524 1603 3565 negotiorum
1628 3522 1836 3553 saecularium
1861 3530 2029 3563 spectatur,
2055 3533 2160 3554 sermo
2185 3530 2231 3554 est
2254 3522 2472 3554 universaliter

1390 3569 1438 3599 'de
1463 3568 1598 3608 negotiis
1622 3567 1844 3598 saecularibus.
1868 3567 1901 3599 Si
1914 3574 2022 3598 autem
2039 3568 2078 3598 ad
2095 3575 2183 3599 actus
2199 3577 2282 3609 quos
2299 3565 2470 3599 saecularia

1400 3611 1527 3653 negotia
1551 3611 1690 3652 exigunt,
1715 3618 1883 3652 spectatur,
1909 3621 2014 3643 sermo
2038 3621 2105 3643 non
2129 3618 2175 3643 est
2198 3612 2237 3642 de
2254 3611 2390 3652 negotiis
2404 3620 2469 3641 sae-

2507 748 2517 758 ·
2531 747 2600 770 Vera.
2613 754 2634 770 a.

2507 904 2516 913 ⁸
2532 903 2599 926 vm.
2613 909 2649 932 ²7·

2507 1067 2517 1077 ⁸
2531 1066 2632 1089 lumin.

2507 1284 2722 1340 aaa&

2523 1343 2634 1394 ¹3¹3„

2529 2518 2596 2542 Vm.
2611 2524 2641 2549 ῃ.

2501 2776 2513 2789 ·
2526 2776 2631 2806 νειμ
