2768 4198
11 1543 13 1546 .
60 1523 192 1553 anetus
213 1526 274 1549 ete.

0 3111 2 3114 v
0 2921 9 3098 >-*·vv-z-„n’-v

930 262 1200 309 QUAEsT1o
1231 261 1462 308 cxxxvu,
1492 261 1792 298 ART1cULus
1823 260 1874 297 iv

302 343 346 380 sit
373 343 410 379 in
439 349 625 391 potestate
655 341 736 378 eius
766 341 870 390 quod
891 342 965 378 hoc
986 341 1113 389 eligat:
1145 342 1372 390 plerumque

301 396 402 433 enim
425 395 524 433 cadit
542 395 581 432 in
599 402 785 444 potestate
811 402 940 432 nostra
969 394 1115 441 electio,
1137 407 1215 431 non
1244 402 1372 431 autem

301 449 485 486 executio.

353 505 412 540 An
434 513 571 539 PRIMUM
591 512 690 538 ERGO
711 512 898 539 mci-:unum
927 501 1032 549 quod
1051 501 1171 538 virtus
1195 513 1374 550 perseve-

302 555 456 601 rantiae‚
483 562 671 603 quantum
701 563 756 591 est
785 555 832 592 de
862 567 914 600 se,
945 555 1098 592 inclinat
1118 555 1166 592 ad
1194 567 1373 604 perseve-

302 609 476 647 randum.
508 609 611 655 Quia
638 616 770 645 tamen
798 608 950 645 habitus
980 616 1035 645 est
1063 620 1137 657 quo
1157 609 1239 657 quis
1260 609 1375 645 utitur

60 673 70 682 ⁴
83 671 194 693 Averrois
213 670 243 692 de

58 698 134 720 mu.
149 698 188 719 lib.
206 697 246 721 111.

59 728 114 747 text.
130 730 197 746 xvin.

301 716 474 754 habitum
495 715 642 753 virtutis
671 715 918 753 immobiliter
945 724 1071 753 utatur
1100 728 1146 752 eo
1174 728 1295 765 usque
1325 717 1373 753 ad

302 777 480 807 mortem.

354 826 414 860 An
443 834 636 860 SECUNDUM
665 834 851 860 mcaunum
881 822 998 871 quod,
1020 823 1114 860 sicut
1141 822 1374 870 Augustinus

302 876 401 923 dicit,
418 877 456 914 in
476 875 572 913 libro
590 876 637 913 de
657 877 827 925 Corrept.
844 882 879 913 et
896 876 1030 914 Gratia
1040 876 1071 923 ²¹²,
1082 876 1211 925 primo
1231 875 1376 912 homini

301 930 430 967 datum
459 935 523 976 est,
545 941 619 967 non
641 935 682 966 ut
691 936 967 979 perseveraret,
987 931 1053 967 sed
1076 936 1117 966 ut
1126 941 1376 978 perseverare

294 990 432 1032 posset,
459 996 530 1032 per
558 984 716 1021 liberum
745 984 968 1021 arbitrium:
997 983 1086 1032 quia
1115 983 1218 1020 nulla
1246 994 1375 1019 corru-

302 1037 380 1085 ptio
410 1045 501 1074 tunc
531 1046 611 1074 erat
639 1037 678 1074 in
706 1045 842 1074 natura
870 1038 1040 1074 humana
1069 1048 1168 1085 quae
1197 1047 1377 1084 perseve-

61 884 71 895 ⁸
84 883 143 912 Cap.
158 889 199 905 xu-

302 1091 408 1128 randi
440 1091 701 1128 difficultatem
731 1092 944 1140 praeberet.
983 1090 1058 1127 Sed
1093 1101 1195 1126 nunc
1215 1089 1376 1137 praede·
1403 1116 1405 1137 2

354 1205 382 1239 γ)
402 1206 571 1238 inquantum.
582 1218 601 1224 -
619 1208 748 1238 quantum
770 1205 831 1229 Pel.

301 675 387 700 cum
407 663 568 700 voluerit
585 661 617 708 *,
648 674 727 699 non
747 670 803 699 est
823 662 1081 699 necessarium
1101 662 1206 712 quod
1227 663 1373 699 habens
1401 662 1402 665 ’

2427 260 2495 296 113

1399 342 1401 400 l
1426 341 1570 378 stinatis
1591 352 1665 389 per
1691 340 1860 390 gratiam
1894 339 2033 376 Christi
2060 350 2134 375 non
2163 338 2285 375 solum
2323 338 2435 374 datur
2464 345 2503 375 ut

1400 403 1402 442 l
1421 406 1671 443 perseverare
1685 394 1841 442 possint,
1860 393 1927 430 sed
1946 398 1985 429 ut
2006 397 2259 441 perseverent.
2295 392 2402 428 Unde
2422 392 2501 440 pri-

1400 448 1402 487 Ξ
1429 460 1513 485 mus
1530 450 1656 494 homo,
1678 448 1780 484 nullo
1801 452 1972 492 terrente,
1993 451 2125 483 contra
2145 445 2219 482 Dei
2243 445 2414 482 terrentis
2433 445 2501 481 im-

1400 502 1402 540 }
1424 502 1574 550 perium
1595 501 1712 538 libero
1733 513 1820 538 usus
1839 500 2009 545 arbitrio,
2030 511 2105 536 non
2124 499 2221 536 stetit
2242 498 2279 535 in
2300 504 2403 535 tanta
2411 498 2502 546 feli-

1400 549 1402 604 }
1428 557 1548 601 citate,
1569 567 1655 591 cum
1684 560 1788 591 tanta
1817 566 1891 591 non
1906 553 2094 602 peccandi
2108 552 2310 601 facilitate.
2340 552 2409 588 Isti
2434 563 2501 588 au-

1400 618 1402 639 f
1428 615 1514 655 tem,
1533 608 1720 645 saeviente
1739 608 1880 644 mundo
1901 620 1948 644 ne
1973 612 2127 652 starent,
2146 611 2326 643 steterunt
2353 606 2390 642 in
2405 605 2501 653 fide.

1482 665 1542 698 An
1569 673 1730 699 Tem-mn
1751 673 1937 698 DICENDUM
1957 660 2063 708 quod
2082 661 2203 697 homo
2224 671 2294 708 per
2313 671 2353 696 se
2378 666 2503 707 potest

1401 723 1403 754 ἵ
1430 715 1566 752 cadere
1596 715 1633 752 in
1662 723 1880 764 peccatum,
1911 714 1978 751 sed
2007 726 2087 751 non
2120 721 2244 763 potest
2271 725 2340 762 per
2378 724 2418 749 se
2448 725 2504 748 re-

1401 782 1403 819 g
1429 781 1583 817 surgere
1603 781 1625 805 a
1645 776 1803 818 peccato
1824 768 1905 805 sine
1925 767 2063 804 auxilio
2093 767 2245 816 gratiae.
2276 767 2325 803 Et
2349 766 2436 803 ideo
2458 778 2503 802 ex

1401 845 1403 849 -
1429 823 1504 859 hoc
1524 821 1608 871 ipso
1628 822 1733 871 quod
1762 822 1884 858 homo
1913 821 2013 858 cadit
2040 821 2078 858 in
2107 828 2321 870 peccatum,
2343 820 2504 868 inquan-

1402 883 1403 926 ᾗ
1429 883 1511 912 tum
1531 881 1547 904 Υ
1576 884 1632 912 est
1660 875 1708 912 de
1738 887 1791 921 se,
1821 874 1908 911 facit
1937 887 1977 911 se
2006 874 2044 911 in
2069 882 2227 923 peccato
2255 885 2504 922 perseveran-

1402 929 1403 977 ξ
1429 937 1520 975 tem,
1543 928 1614 965 nisi
1643 928 1759 976 gratia
1780 928 1853 965 Dei
1881 927 2070 964 liberetur.
2100 929 2194 964 Non
2214 935 2343 964 autem
2364 939 2408 964 ex
2429 927 2505 963 hoc

1431 983 1535 1031 quod
1556 981 1644 1018 facit
1663 982 1811 1018 bonum
1832 980 1919 1018 facit
1939 993 1978 1017 se
1995 988 2306 1029 perseverantem
2327 981 2363 1017 in
2382 982 2503 1017 bono:

1403 1037 1404 1060 l
1431 1035 1521 1084 quia
1550 1034 1597 1071 de
1626 1046 1667 1070 se
1696 1042 1833 1083 potens
1864 1042 1919 1070 est
1947 1046 2120 1082 peccare.
2156 1035 2204 1071 Et
2236 1034 2322 1070 ideo
2354 1034 2402 1071 ad
2431 1034 2506 1070 hoc

1432 1087 1573 1136 indiget
1602 1087 1740 1124 auxilio
1770 1087 1921 1135 gratiae.

979 1283 1317 1316 Commentariun.
1339 1281 1595 1315 Gardsnalis
1616 1280 1821 1314 Caietam

332 1378 353 1398 u
373 1367 507 1398 articulo
530 1372 645 1407 quarto
669 1365 812 1396 eiusdem
835 1363 1042 1404 quaestionis,
1064 1362 1097 1393 in
1113 1362 1322 1403 responsione
1338 1361 1379 1392 ad

60 1415 273 1443 ’amnema-
306 1379 485 1453 Iprimum,
503 1411 640 1442 dubium
660 1408 798 1440 occurrit
816 1418 853 1440 ex
869 1408 1017 1444 Martino,
1033 1406 1152 1438 ibidem
1166 1406 1194 1443 *,
1211 1416 1266 1447 qu.
1286 1416 1321 1436 111
1334 1405 1378 1438 ἢ.

60 1446 132 1493 -Ψῖἷὶ
147 1449 221 1499 ¹²35.
230 1449 274 1492 ''nd
302 1463 412 1488 contra
424 1457 506 1487 hanc
518 1454 760 1495 responsionem
772 1459 924 1493 arguente
937 1452 1027 1493 quod
1040 1461 1107 1483 non
1119 1451 1279 1483 satisfacit.
1293 1450 1379 1488 Quia

59 1495 146 1519 obtem.
173 1503 182 1519 ι
209 1500 272 1519 cont.

303 1636 446 1666 habitum
469 1633 594 1664 virtutis
617 1632 824 1663 immobiliter
848 1638 957 1662 utatur
976 1641 1015 1662 eo
1039 1640 1142 1672 usque
1161 1631 1201 1660 ad
1220 1637 1377 1666 mortem,

301 1686 411 1711 utrum
434 1685 542 1709 tamen
565 1677 667 1718 possit
690 1677 800 1708 habitu
825 1686 886 1707 suo
909 1676 976 1714 uti,
999 1686 1074 1707 cum
1097 1675 1215 1706 auxilio
1239 1675 1378 1715 generali
1404 1673 1406 1713 ξ

301 1724 371 1760 Dei,
391 1733 494 1764 usque
512 1722 554 1753 ad
572 1720 731 1754 mortem?
755 1722 796 1753 Et
812 1721 837 1752 si
854 1731 931 1758 non,
949 1722 1034 1752 unde
1053 1718 1218 1762 provenit?
1240 1719 1378 1751 Maxime

301 1778 391 1800 cum.
406 1767 508 1809 possit
531 1767 578 1798 uti
602 1767 659 1798 illo
683 1777 739 1808 per
762 1776 865 1797 unum
890 1773 945 1797 aut
967 1766 1051 1796 duos
1076 1765 1158 1802 dies,
1183 1772 1214 1796 et
1237 1774 1293 1805 per
1317 1765 1378 1795 hoc
1404 1788 1405 1791 η

301 1812 427 1844 habitus
451 1818 605 1852 augeatur
628 1818 659 1843 et
683 1810 879 1842 fortificetur.

356 1857 395 1889 ll.
420 1857 471 1888 Ad
495 1856 590 1888 huius
613 1856 822 1892 evidentiam,
847 1854 926 1886 scito
957 1854 1047 1895 quod
1075 1853 1206 1885 actualis
1234 1863 1378 1895 perseve-
1404 1870 1405 1894 3

301 1902 402 1934 tantia
425 1911 528 1943 usque
551 1901 584 1931 in
609 1900 716 1937 finem,
741 1901 780 1931 de
800 1910 864 1941 qua
888 1906 936 1930 est
958 1899 1115 1940 quaestio,
1132 1908 1207 1929 cum
1231 1908 1298 1929 non
1313 1897 1378 1929 suf-

301 1946 441 1978 ficienter
464 1952 612 1977 causetur
641 1955 659 1976 a
682 1945 848 1976 voluntate
878 1954 916 1974 ex
938 1943 1055 1974 virtute
1078 1950 1210 1974 naturae
1233 1950 1264 1974 et
1287 1943 1378 1974 liber·
1404 1953 1405 1986 j

302 1991 393 2028 tatis;
420 1998 455 2022 ut
477 1997 564 2032 patet
587 1999 624 2020 ex
640 1999 679 2020 eo
703 1990 793 2031 quod
810 1988 958 2019 voluntas
975 1994 1022 2019 est
1037 1988 1077 2018 ad
1093 1988 1242 2029 opposita
1258 1995 1289 2019 et
1312 1998 1379 2018 ver·
1404 1995 1405 2024 ξ

302 2035 398 2067 tibilis
426 2035 465 2065 ad
494 2035 619 2066 bonum
644 2041 675 2065 et
698 2034 839 2070 malum,
863 2039 894 2064 et
918 2033 958 2063 ad
981 2032 1103 2063 malum
1132 2032 1264 2074 quidem
1292 2031 1378 2063 suffi-
1404 2044 1405 2068 1

303 2080 430 2116 cienter,
455 2079 495 2110 ad
519 2079 644 2110 bonum
668 2086 776 2110 autem
800 2088 884 2116 non,
908 2077 994 2108 iuxta
1017 2077 1113 2113 illud,
1139 2077 1279 2108 Perditio
1301 2082 1377 2115 tua,
1404 2073 1405 2113 J

61 2119 274 2174 2ssff‘gf'⁹·¹¹¹¹‘
302 2124 420 2162 Israel,
441 2134 484 2155 ex
498 2129 547 2155 te:
569 2124 660 2155 salus
675 2129 782 2155 autem
799 2133 841 2154 ex
857 2132 908 2153 me
922 2122 954 2152 *ε
980 2129 1107 2163 oportet
1126 2122 1216 2163 quod
1232 2129 1379 2152 causetur

303 2303 363 2334 titu
386 2302 482 2334 boni:
516 2301 661 2343 alioquin
684 2311 853 2342 nunquam
876 2299 1036 2331 sufficiens
1059 2309 1154 2331 causa
1177 2310 1379 2341 perseveran-

302 2348 363 2378 tiae
386 2346 528 2388 ponitur.
555 2346 640 2377 Nam
663 2345 689 2376 si
713 2355 780 2376 non
804 2344 1010 2376 immobilitat
1033 2343 1170 2375 liberum
1193 2345 1378 2382 arbitrium,

301 2390 477 2423 remanebit
497 2390 640 2422 vertibile
665 2390 705 2421 ad
729 2390 868 2421 malum:
893 2397 924 2421 et
947 2396 1188 2431 consequenter,
1209 2400 1276 2421 non
1292 2389 1379 2420 suffi-

301 2435 403 2468 ciente
425 2435 480 2467 tali
503 2435 613 2466 habitu
633 2435 672 2466 ad
692 2435 918 2466 retrahendum
932 2435 972 2465 ab
989 2434 1131 2475 appetitu
1149 2435 1235 2470 mali.
1253 2441 1381 2476 appetet
1405 2426 1406 2468 J

301 2481 499 2522 quandoque
514 2480 648 2516 malum,
673 2487 704 2511 et
726 2480 771 2511 sic
794 2490 861 2511 non
880 2478 1092 2520 perseverabit
1115 2489 1218 2521 usque
1234 2480 1274 2510 ad
1295 2490 1379 2510 mor·

301 2533 377 2557 tem.
402 2524 550 2556 Efficacia
573 2535 648 2566 ergo
673 2524 823 2566 requisita
847 2524 887 2555 ad
910 2523 1056 2555 habitum
1080 2523 1290 2555 sufficientem
1306 2535 1380 2556 cau·

301 2580 371 2601 sam
394 2569 644 2611 perseverantiae
668 2569 799 2601 actualis
823 2579 926 2610 usque
940 2569 980 2599 ad
997 2576 1135 2600 mortem
1151 2569 1184 2599 in
1199 2576 1307 2600 nostra
1324 2580 1379 2600 vo-

302 2615 434 2651 luntate,
455 2621 502 2646 est
524 2613 751 2646 immobilitate
775 2613 911 2644 liberum
927 2613 1093 2644 arbitrium
1117 2614 1157 2644 ad
1181 2614 1315 2644 bonum.
1339 2614 1381 2645 Et

303 2666 480 2700 propterea,
495 2659 631 2690 intuitus
647 2658 710 2690 hoc
725 2662 857 2695 Auctor,
871 2658 947 2699 quia
963 2658 1109 2699 quaestio
1125 2665 1190 2689 erat
1206 2668 1256 2694 an.
1273 2658 1380 2699 posito
1406 2663 1407 2682 ἓ

303 2704 413 2735 habitu
430 2703 554 2735 virtutis
571 2703 830 2744 perseverantiae,
843 2710 912 2740 etc„
926 2710 1102 2734 remaneret
1115 2702 1288 2743 indigentia
1305 2703 1380 2734 alte—

303 2749 369 2781 rius
382 2749 500 2790 gratiae
512 2748 581 2785 Dei,
595 2748 763 2780 radicalem
777 2758 907 2779 causam
918 2747 1024 2778 attulit
1035 2757 1133 2788 quare
1149 2747 1276 2779 habitus
1287 2748 1380 2779 relin-

304 2794 375 2836 quit
389 2793 598 2834 indigentiam
610 2793 722 2824 talem:
743 2793 819 2834 quia
833 2792 951 2823 scilicet
963 2802 1029 2823 non
1045 2792 1252 2823 immobilitat
1263 2793 1380 2823 volun-

305 2845 403 2870 tatem
422 2839 462 2869 ad
477 2838 614 2876 bonum,
631 2838 686 2868 sed
703 2837 852 2878 relinquit
868 2837 972 2878 ipsam
987 2837 1165 2868 vertibilem
1189 2837 1229 2867 ad
1245 2838 1380 2868 malum.

361 2883 413 2914 111.
433 2882 482 2914 Ex
504 2882 567 2914 hoc
591 2889 699 2913 autem
722 2883 811 2923 quod
836 2892 902 2912 non
928 2880 1120 2912 sufficienter
1142 2889 1288 2913 causatur
1311 2882 1381 2913 talis

304 2927 535 2968 perseverantia
558 2938 577 2958 a
599 2928 764 2958 voluntate
793 2926 965 2957 informata
993 2926 1137 2962 caritate,
1161 2926 1381 2958 subintellecto

304 2972 441 3012 generali
457 2971 575 3003 auxilio
587 2972 657 3009 Dei,
671 2971 836 3002 manifeste
852 2978 961 3012 patent
977 2971 1054 3002 duo.
1072 2971 1215 3002 Primum
1231 2978 1278 3002 est
1293 2972 1383 3012 quod

305 3023 447 3048 remanet
469 3017 570 3048 homo
594 3017 750 3057 indigens,
774 3017 814 3047 ad
838 3016 935 3047 talem
958 3015 1234 3056 perseverantiam,
1252 3016 1381 3056 speciali
1409 3008 1410 3052 J

305 3061 365 3093 Dei
383 3061 502 3093 auxilio
523 3062 718 3103 protegentis
738 3068 769 3092 et
785 3060 993 3092 custodientis
1009 3060 1174 3091 hominem
1191 3070 1231 3091 ne
1248 3060 1383 3092 declinet
1409 3068 1411 3103 {J

307 3107 347 3136 ad
370 3106 504 3137 malum.
533 3106 699 3144 Quoniam
722 3106 784 3137 hoc
808 3105 986 3136 maximum
1009 3106 1134 3136 bonum
1149 3115 1216 3136 esse
1241 3112 1380 3142 constat;
1409 3111 1411 3131 3

307 3157 338 3181 et
361 3151 399 3181 ab
424 3150 598 3182 extrinseco
623 3158 750 3192 oportet
773 3150 903 3186 causari,
929 3160 966 3180 ex
982 3160 1048 3191 quo
1073 3150 1110 3181 ab
1131 3150 1300 3181 intrinseco
1318 3149 1382 3180 suf-

307 3193 466 3225 ficientem
489 3205 618 3227 causam
647 3196 680 3226 in
703 3196 754 3226 via
777 3195 836 3226 hac
860 3205 926 3226 non
950 3195 1059 3225 habet:
1089 3194 1148 3225 nisi
1173 3194 1244 3236 quis
1267 3195 1329 3225 tale
1353 3201 1384 3225 et

308 3246 432 3270 tantum
461 3240 586 3271 bonum
617 3251 635 3271 a
660 3251 734 3272 casu
761 3247 876 3281 ponat,
902 3246 957 3270 aut
984 3240 1105 3280 absque
1133 3239 1260 3280 propria
1290 3249 1383 3269 causa
1410 3252 1411 3255 ¹

309 3283 502 3320 sufficiente;
525 3285 614 3325 quod
638 3293 685 3316 est
708 3285 889 3316 ridiculum.

456 3664 566 3688 Summae
587 3663 690 3688 Timor..
708 3663 740 3688 D.
761 3662 876 3687 'saonae
895 3663 928 3688 T.
947 3664 1000 3688 Vll.

302 1511 399 1533 nemo
416 1500 539 1531 dubitat
553 1509 594 1530 an
613 1508 697 1539 opus
711 1497 835 1529 virtutis
855 1497 895 1528 sit
910 1497 949 1528 de
964 1496 1149 1528 necessitate
1169 1495 1377 1527 eliciendum:
1404 1504 1405 1509 ¹

301 1546 378 1589 quia
397 1545 422 1576 si
443 1550 525 1589 esset
550 1542 772 1579 necessarium,
790 1552 855 1573 non
880 1548 962 1572 esset
986 1541 1197 1572 meritorium.
1223 1540 1378 1578 Quaestio
1404 1563 1405 1587 1

301 1598 377 1631 ergo
397 1596 454 1626 est,
471 1597 631 1632 *concesso
647 1587 737 1629 quod
761 1597 826 1617 non
849 1594 895 1617 est
918 1586 1131 1617 necessarium
1147 1585 1237 1627 quod
1258 1585 1378 1616 habens
1404 1589 1405 1618 1

303 2169 353 2200 vel
375 2169 415 2200 ab
439 2168 560 2204 habitu,
584 2169 635 2199 vel
657 2169 698 2199 ab
713 2168 885 2199 extrinseca
900 2177 1006 2197 causa.
1031 2166 1072 2197 Et
1091 2166 1116 2196 si
1132 2167 1171 2197 ab
1191 2166 1299 2207 aliquo
1323 2166 1379 2197 ha—
1404 2179 1405 2195 2

303 2214 370 2246 bitu
395 2213 517 2245 causari
539 2210 735 2244 sufficienter
754 2212 894 2253 ponitur,
918 2220 1046 2242 necesse
1069 2218 1116 2242 est
1138 2211 1228 2252 quod
1251 2211 1379 2242 habitus
1404 2210 1405 2243 Ξ

303 2258 356 2289 ille
383 2258 427 2289 sic
455 2256 596 2298 perficiat
625 2257 824 2288 voluntatem
849 2263 885 2287 ut
915 2254 1120 2286 immobilitet
1147 2255 1249 2296 ipsam
1281 2266 1379 2296 appe·
1404 2251 1405 2286 J

1404 1360 1407 1379 ⁸
1491 1361 1677 1392 Secundum
1697 1367 1744 1391 est
1767 1359 1856 1400 quod
1876 1359 2026 1390 Auctoris
2043 1359 2210 1399 responsio
2229 1360 2344 1391 directe
2361 1360 2510 1392 satisfacit

1433 1412 1634 1446 argumento,
1659 1405 1828 1435 radicalem
1852 1414 1982 1434 causam
2006 1404 2170 1444 assignans
2186 1414 2284 1445 quare
2305 1404 2433 1436 habitus
2449 1405 2508 1435 vir-

1403 1455 1406 1500 ζ
1432 1450 1510 1482 tutis
1529 1460 1596 1481 non
1614 1449 1730 1481 sufficit
1747 1458 1875 1480 causare
1890 1449 2156 1489 perseverantiam
2173 1449 2331 1480 actualem
2347 1459 2449 1490 usque
2469 1450 2509 1480 ad

1433 1502 1589 1532 mortem;
1614 1504 1649 1525 ac
1668 1504 1724 1535 per
1740 1495 1812 1530 hoc,
1830 1503 1929 1534 quare
1945 1493 2095 1534 relinquit
2111 1493 2319 1534 indigentiam
2339 1494 2436 1524 divini
2454 1505 2509 1525 au-

1431 1539 1498 1570 xilii
1523 1540 1562 1570 ad
1595 1539 1691 1570 talem
1715 1538 1990 1580 perseverantiam.
2026 1538 2119 1569 Unde
2144 1548 2218 1569 cum
2250 1548 2386 1579 arguens
2410 1539 2509 1575 dicat,

1432 1585 1536 1615 Nemo
1559 1584 1683 1615 dubitat
1705 1594 1748 1614 an
1773 1593 1854 1624 opus
1877 1583 2007 1614 virtutis
2032 1584 2075 1613 sit
2098 1584 2280 1614 necessario
2305 1583 2508 1621 eliciendum,

1433 1629 1547 1660 dicitur
1562 1630 1662 1670 quod,
1687 1628 1761 1660 licet
1784 1638 1850 1658 non
1875 1627 1998 1658 dubitet
2021 1628 2060 1658 de
2083 1627 2156 1664 hoc,
2174 1628 2320 1659 dubitant
2346 1636 2452 1659 tamen
2469 1639 2508 1658 an

1432 1674 1558 1705 habitus
1574 1673 1699 1705 virtutis
1715 1673 1755 1704 sit
1779 1680 1883 1704 tantae
1901 1672 2057 1703 efficaciae
2076 1673 2166 1713 quod
2182 1672 2222 1704 sit
2241 1672 2399 1704 sufficiens
2415 1683 2510 1703 causa

1432 1718 1654 1760 perseverandi
1677 1728 1780 1760 usque
1805 1718 1844 1748 ad
1866 1724 2015 1749 mortem.
2040 1717 2082 1748 Et
2104 1718 2144 1747 ad
2169 1718 2396 1748 declarandum
2419 1718 2509 1758 quod

1433 1763 1539 1794 omnis
1555 1771 1663 1794 noster
1679 1763 1711 1793 in
1736 1763 1787 1793 via
1804 1762 1930 1793 habitus
1950 1769 1997 1793 est
2019 1761 2224 1799 insufficiens,
2241 1762 2362 1793 reddita
2387 1762 2508 1803 optime

1404 1815 1405 1843 ξ
1433 1815 1479 1838 est
1502 1808 1594 1844 ratio,
1611 1808 1686 1849 quia
1706 1818 1771 1838 non
1787 1806 1993 1837 immobilitat
2010 1807 2049 1836 ad
2065 1807 2200 1837 bonum.
2227 1807 2267 1838 Et
2291 1807 2317 1837 si
2334 1807 2396 1837 hoc
2413 1817 2510 1847 pene-

1431 1859 1543 1883 trasset
1565 1862 1717 1893 arguens,
1743 1862 1809 1883 non
1838 1851 2043 1892 opposuisset
2070 1851 2293 1892 quaestionem
2322 1851 2385 1882 alio
2409 1852 2509 1882 modo

1432 1907 1532 1938 quam
1556 1898 1594 1928 ab
1619 1899 1759 1928 Auctore
1779 1896 1944 1927 formetur.
1970 1896 2062 1927 Dicta
2081 1896 2167 1926 enim
2184 1896 2264 1927 ratio
2281 1906 2412 1926 omnem
2428 1896 2509 1926 diffi-

1433 1942 1583 1973 cultatem
1607 1941 1754 1978 excludit,
1780 1948 1811 1972 et
1834 1951 1964 1972 causam
1987 1941 2125 1980 assignat
2147 1940 2338 1980 indigentiae
2362 1941 2510 1971 extrinse-

1433 1997 1486 2018 cae
1510 1996 1633 2023 causae,
1658 1996 1740 2028 quae
1764 1986 1878 2027 procul
1901 1985 2000 2016 dubio
2025 1992 2072 2016 est
2094 1986 2193 2016 Deus.

1490 2031 1542 2062 lV.
1561 2031 1596 2062 ln
1613 2031 1728 2062 eodem
1747 2037 1861 2072 quarto
1879 2030 2023 2066 articulo,
2039 2030 2072 2060 in
2090 2029 2297 2071 responsione
2314 2031 2353 2060 ad
2369 2030 2509 2069 testium,

1433 2076 1569 2106 dubium
1585 2076 1721 2107 occurrit
1740 2085 1777 2106 ex
1793 2074 1940 2111 Martino,
1958 2075 2076 2105 ibidem
2088 2074 2115 2111 *,
2136 2081 2287 2115 arguente
2303 2082 2413 2105 contra
2427 2075 2509 2105 hanc

1404 2116 1405 2156 l
1433 2121 1676 2161 responsionem
1706 2121 1796 2161 quod
1826 2130 1893 2150 non
1922 2119 2090 2150 satisfacit:
2115 2119 2191 2160 quia
2220 2119 2376 2160 supponit
2407 2129 2510 2150 unum

1432 2165 1523 2196 cuius
1547 2165 1740 2196 contrarium
1765 2170 1991 2204 argumentum
2016 2163 2127 2194 nititur
2150 2164 2294 2204 probare,
2320 2174 2378 2194 nec
2402 2171 2508 2194 tamen

1431 2210 1512 2240 illud
1535 2210 1655 2240 solutio
1679 2216 1820 2240 evacuat.
1845 2208 2007 2249 Supponit
2035 2208 2122 2239 enim
2154 2208 2244 2249 quod
2272 2208 2373 2239 homo
2404 2215 2510 2248 potest

1433 2255 1472 2285 de
1496 2264 1529 2285 se
1553 2264 1701 2295 peccare,
1726 2261 1757 2285 et
1787 2261 1894 2284 tamen
1926 2263 1992 2284 non
2023 2260 2129 2293 potest
2160 2262 2217 2293 per
2245 2263 2277 2283 se
2308 2263 2469 2293 resurgere
2492 2264 2510 2283 a

1434 2306 1581 2340 peccato,
1606 2299 1709 2329 immo
1740 2308 1798 2329 nec
1823 2299 1946 2329 bonum
1977 2297 2088 2328 facere.
2125 2297 2246 2328 Contra
2276 2298 2366 2339 quod
2396 2297 2510 2328 directe

1433 2343 1577 2384 procedit
1609 2350 1854 2383 argumentum,
1880 2353 1946 2383 quo
1978 2342 2121 2382 arguitur
2143 2342 2232 2383 quod
2262 2352 2359 2383 opera
2390 2342 2510 2383 peccati

1434 2395 1509 2420 sunt
1532 2387 1708 2419 difficiliora
1731 2398 1832 2428 quam
1856 2397 1953 2428 opera
1969 2387 2104 2418 virtutis.
2130 2387 2171 2418 Et
2189 2386 2262 2417 ideo
2286 2387 2411 2418 videtur
2431 2386 2510 2416 mihi

1434 2434 1523 2475 quod
1555 2433 1614 2464 nisi
1646 2433 1685 2463 ad
1716 2432 1778 2463 hoc
1808 2432 2054 2473 respondeatur,
2080 2442 2145 2462 non
2170 2438 2217 2462 est
2246 2431 2436 2462 sufficienter
2459 2441 2510 2461 so-

1433 2479 1551 2510 lutum.

1405 2533 1406 2547 ¹
1490 2523 1543 2554 Ad
1564 2522 1654 2564 quod
1678 2521 1792 2552 dicitur
1810 2521 1900 2563 quod
1919 2520 2086 2562 responsio
2102 2521 2252 2552 Auctoris
2267 2521 2383 2551 directe
2400 2521 2509 2557 tendit,

1433 2575 1464 2599 et
1479 2567 1630 2598 satisfacit
1642 2573 1831 2608 argumento
1848 2566 1957 2607 quoad
1973 2565 2182 2606 principalem
2197 2564 2416 2596 difficultatem
2430 2565 2508 2601 eius,

1434 2612 1553 2644 scilicet
1582 2622 1680 2653 quare
1704 2611 1805 2641 homo
1829 2617 1935 2651 potest
1959 2610 2098 2650 seipsum
2123 2610 2286 2650 peccando
2317 2609 2417 2639 facere
2441 2619 2510 2650 per-

1434 2663 1631 2688 severantem
1646 2655 1679 2686 in
1695 2662 1837 2696 peccato,
1863 2662 1893 2686 et
1916 2665 1983 2685 non
1999 2661 2105 2695 potest
2128 2655 2207 2685 bene
2224 2654 2387 2694 operando
2410 2653 2510 2684 facere

1406 2725 1407 2746 χ
1435 2713 1468 2733 se
1491 2707 1744 2743 perseverantem
1768 2700 1801 2730 in
1826 2700 1939 2730 virtute
1963 2709 2066 2740 usque
2089 2700 2128 2729 ad
2148 2706 2295 2729 mortem.
2321 2699 2408 2728 Haec
2424 2698 2510 2728 enim

1435 2746 1603 2777 difficultas
1627 2752 1798 2776 evacuatur
1820 2754 1876 2785 per
1894 2744 1957 2775 hoc
1980 2744 2070 2784 quod
2093 2744 2194 2774 homo
2214 2743 2376 2783 peccando
2393 2743 2509 2773 consti-

1407 2792 1408 2795 ’
1435 2792 1496 2823 tuit
1519 2801 1552 2822 se
1575 2791 1608 2821 in
1632 2797 1715 2821 statu
1747 2790 1832 2820 unde
1856 2799 1923 2819 non
1948 2795 2053 2828 potest
2080 2798 2258 2829 resurgere,
2283 2795 2313 2818 et
2342 2795 2509 2828 propterea

1435 2842 1577 2868 remanet
1601 2845 1803 2876 perseverans
1826 2834 1859 2864 in
1878 2833 1965 2864 malo
1989 2843 2092 2874 usque
2115 2834 2154 2863 ad
2178 2839 2326 2869 mortem,
2351 2839 2509 2873 quantum

1436 2888 1483 2912 est
1506 2891 1543 2911 ex
1566 2889 1617 2910 se:
1651 2880 1706 2910 sed
1729 2879 1869 2910 virtuose
1892 2878 2017 2919 agendo
2041 2888 2109 2908 non
2132 2884 2237 2918 potest
2260 2887 2292 2907 se
2317 2884 2452 2907 statuere
2475 2876 2508 2906 in

1408 2924 1409 2927 ’
1435 2932 1519 2957 statu
1543 2924 1629 2955 unde
1652 2934 1718 2954 non
1743 2923 1843 2964 possit
1867 2933 1903 2953 ex
1927 2923 2033 2963 seipso
2057 2922 2223 2953 declinare.
2248 2922 2295 2952 Ex
2319 2921 2377 2952 hac
2401 2929 2508 2951 autem

1436 2969 1606 3001 universali
1622 2968 1806 3000 conditione
1822 2968 1978 3008 cuiusque
1994 2967 2113 3007 peccati
2131 2966 2273 2998 mortalis
2286 2973 2315 2998 et
2329 2966 2509 2996 cuiuscum-

1436 3025 1500 3057 que
1523 3014 1629 3055 operis
1653 3012 1816 3049 meritorii,
1841 3019 1927 3053 patet
1949 3012 2039 3053 quod
2070 3011 2149 3042 nihil
2172 3012 2297 3042 obstare
2322 3010 2509 3050 relinquitur

1436 3060 1517 3090 illud
1533 3066 1753 3099 assumptum,
1779 3057 1912 3093 scilicet,
1941 3056 2050 3097 Opera
2069 3057 2196 3097 peccati
2215 3061 2291 3087 sunt
2318 3054 2510 3096 quandoque

1437 3105 1544 3145 magis
1566 3103 1715 3145 difficilia
1739 3112 1835 3143 quam
1860 3111 1958 3142 opera
1983 3102 2122 3132 virtutis.
2152 3101 2239 3131 Haec
2263 3106 2308 3130 est
2333 3099 2421 3129 enim
2442 3109 2507 3129 una

1437 3148 1632 3189 particularis
1649 3148 1681 3178 in
1703 3148 1793 3177 nullo
1819 3147 1948 3177 obstans
1973 3145 2142 3176 universali
2167 3144 2342 3175 conditioni
2367 3143 2509 3174 mortalis

1437 3192 1557 3233 peccati
1582 3199 1612 3223 et
1635 3191 1748 3228 meriti,
1781 3201 1818 3221 ex
1842 3201 1906 3232 qua
1929 3189 2040 3220 satisfit
2063 3190 2095 3219 in
2118 3189 2220 3220 littera
2244 3195 2444 3229 argumento.
2468 3187 2511 3218 Et

1438 3245 1606 3278 propterea
1631 3247 1696 3267 non
1721 3246 1805 3276 opus
1828 3235 1889 3266 fuit
1912 3235 2001 3275 quod
2025 3237 2147 3266 Auctor
2170 3233 2201 3263 in
2226 3233 2328 3264 littera
2352 3233 2440 3263 aliter
2463 3242 2508 3262 re-

1410 3311 1411 3321 J
1438 3281 1618 3323 sponderet.

2331 3658 2358 3682 15

2538 2082 2547 2092 ⁴
2557 2082 2582 2103 In
2593 2087 2652 2109 resp.
2664 2081 2692 2103 ad
2704 2081 2748 2101 ob-

2537 2108 2590 2130 ieet.
2601 2115 2614 2137 3
2623 2111 2686 2130 cont.
2698 2113 2750 2128 con-

2537 2135 2595 2157 clus.
2609 2141 2621 2164 3
2637 2139 2658 2156 et
2672 2142 2696 2160 4.
