2768 4198
38 796 47 805 ¹
61 795 97 816 Al.
114 793 142 815 de
157 793 247 815 Habitu

41 821 126 848 Vir-gin.

34 1261 44 1271 ·
58 1259 122 1281 Vers.
138 1265 149 1280 2
165 1275 170 1280 .

34 1287 54 1298 ⁸·
74 1285 128 1307 Ord.
171 1285 242 1306 ieron.

33 1533 42 1542 ·
57 1531 121 1553 Vers.
137 1537 156 1559 3.
171 1537 193 1557 4.

37 1854 45 1863 ·
61 1853 116 1880 cap.
132 1858 192 1873 xun.

45 2699 55 2708 ⁸
68 2698 105 2718 ΑΙ.
129 2696 157 2718 de
176 2696 254 2724 Virgi-

45 2724 117 2772 effus,
129 2723 167 2744 lib.
178 2723 249 2751 Leap.
266 2741 270 2746 .

274 288 348 323 206

958 281 1224 329 QUAESTIO
1260 280 1378 326 CLll,
1407 278 1705 315 ART1CULUS
1735 278 1769 314 V

1059 414 1378 459 ARTICULUS
1409 414 1667 465 QUINTUS

883 510 1037 541 UTRUM
1062 507 1308 540 VlRGlNlTAS
1332 506 1398 537 SIT
1422 506 1597 536 MAxiMA
1621 506 1853 537 VIRTUTUM

1087 588 1120 612 lV
1140 587 1223 616 Sent„
1244 587 1303 611 dist.
1321 593 1406 616 xxxin,
1426 593 1472 617 qu.
1490 592 1527 614 m.
1547 590 1595 610 art.
1616 584 1640 609 3.

310 691 370 721 >40
391 693 433 716 „s
458 697 463 706 ‹
488 686 509 710 D
530 683 691 715 QUINTUM
711 683 763 707 S1c
783 680 1023 706 PROCEDITUR.
1048 667 1208 704 Videtur
1234 665 1339 714 quod

304 711 461 785 §.0750ae
486 725 676 774 virginitas
687 724 732 760 sit
743 722 910 759 maxima
920 721 1116 758 virtutum.
1126 719 1225 757 Dicit
1237 719 1338 756 enim

294 762 406 829 ’μην
424 765 712 827 Cyprianus,
725 777 762 812 in
778 776 875 812 libro
899 776 944 812 de
970 775 1143 824 Virginit.
1162 773 1198 809 *ε
1222 774 1340 810 Nunc

295 811 308 839 1
332 825 591 868 U'Knobis
618 832 669 867 ad
698 830 866 879 virgines
902 840 1027 865 sermo
1062 833 1125 864 est.
1167 827 1338 868 Quarum

272 898 344 934 quo
377 884 574 921 sublimior
600 884 727 933 gloria
756 889 828 929 est,
857 883 983 919 maior
1010 887 1046 918 et
1064 887 1080 902 ‘²
1109 892 1215 917 cura.
1249 880 1340 917 Flos

272 945 324 975 est
350 938 410 974 ille
437 937 675 974 ecclesiastici
705 937 908 986 germinis,
939 936 1051 972 decus
1082 940 1194 983 atque
1227 945 1340 970 orna-

272 997 435 1028 mentum
454 991 605 1041 gratiae
622 990 837 1039 spiritualis,
867 989 1047 1026 illustrior
1058 988 1185 1036 portio
1208 988 1340 1037 gregis
1366 984 1367 999 ³

276 1044 423 1081 Christi.

326 1109 360 1134 2.
391 1098 632 1144 PRAETEREA,
663 1096 787 1133 maius
816 1095 1033 1145 praemium
1063 1095 1223 1131 debetur
1260 1106 1341 1130 ma·
1366 1087 1367 1121 ἶ

269 1150 338 1187 iori
376 1151 515 1187 virtuti.
561 1150 638 1188 Sed
675 1149 879 1198 virginitati
924 1149 1084 1186 debetur
1126 1148 1368 1185 maximum1

270 1204 506 1252 praemium,
536 1204 675 1240 scilicet
703 1203 844 1240 fructus
879 1203 1126 1239 centesimus:
1163 1209 1204 1238 ut
1238 1204 1368 1250 patet‘

272 1258 405 1294 Matth.
436 1269 497 1294 xm
525 1257 565 1304 ³³,
598 1257 635 1294 in
670 1257 808 1294 Glossa
833 1256 885 1293 **.
922 1257 1024 1304 Ergo
1060 1255 1257 1303 virginitas
1287 1262 1342 1291 est

272 1323 439 1347 maxima
466 1318 664 1347 V1rtutum.

327 1365 361 1401 3.
392 1365 635 1406 PRAETEREA,
666 1371 770 1400 tanto
809 1362 936 1411 aliqua
963 1362 1082 1399 virtus
1112 1369 1168 1398 est
1199 1361 1339 1408 maior,
1368 1382 1369 1387 =

271 1425 414 1465 quanto
452 1429 521 1466 per
559 1430 643 1454 earn
683 1416 802 1464 magis
832 1416 966 1464 aliquis
1003 1415 1153 1452 Christo
1193 1415 1369 1452 confor-'

272 1479 408 1507 matur.
440 1471 516 1508 Sed
546 1470 712 1507 maxime
741 1469 876 1518 aliquis
905 1469 1166 1506 conformatur
1191 1468 1342 1505 Christo

271 1537 340 1573 per
358 1524 630 1572 virginitatem:
662 1523 797 1560 dicitur
817 1523 918 1560 enim
938 1524 1058 1571 Apoc.
1078 1535 1139 1559 xiv
1152 1522 1173 1544 ’¹‘
1201 1522 1248 1559 de
1268 1522 1344 1558 vir-

272 1577 433 1625 ginibus,
455 1577 560 1626 quod
578 1582 786 1626 sequuntur
810 1577 967 1626 Agnum
992 1587 1229 1625 quocumque
1247 1576 1342 1622 ierit,

274 1638 308 1667 et
329 1630 434 1679 quod
453 1636 608 1668 cantant
623 1630 809 1667 canticum
831 1641 983 1676 novum,
1000 1629 1102 1679 quod
1117 1641 1227 1666 nemo
1247 1629 1344 1666 alius

267 1689 420 1732 poterat
443 1685 577 1721 dicere.
617 1684 718 1731 Ergo
751 1682 944 1731 virginitas
983 1690 1038 1720 est
1075 1682 1242 1719 maxima
1270 1683 1344 1720 vir-

273 1744 410 1774 tutum.

329 1791 402 1827 SED
427 1802 571 1827 CONTRA
592 1801 657 1826 EST
676 1789 782 1836 quod
808 1788 1043 1836 Augustinus
1064 1788 1164 1835 dicit,
1186 1788 1223 1824 in
1246 1788 1343 1825 libro

274 1844 319 1879 de
354 1843 525 1893 Virginit.
546 1842 581 1878 *z
617 1843 759 1888 Nemo,
789 1848 972 1890 quantum
995 1847 1101 1890 puto,
1131 1853 1246 1878 ausus
1260 1842 1347 1890 fuit

273 1896 528 1946 virginitatem
552 1896 753 1943 praeferre
780 1895 1020 1932 monasterio.
1059 1895 1108 1932 Et
1136 1894 1174 1931 in
1204 1895 1343 1932 eodem

274 1949 369 1986 libro
380 1949 400 1971 ’¹‘
416 1949 521 1987 dicit:
541 1948 896 1985 Praeclarissimum
912 1948 1162 1985 testimonium
1172 1949 1348 1996 perhibet

273 2003 519 2039 ecclesiastica
548 2003 764 2048 auctoritas,
785 2002 822 2038 in
843 2014 918 2050 qua
935 2001 1116 2050 fidelibus
1145 2007 1273 2038 notum
1293 2008 1348 2039 est

274 2068 346 2104 quo
367 2056 448 2092 loco
467 2061 669 2103 martyres,
686 2061 721 2092 et
738 2067 812 2104 quo
827 2056 1026 2104 defunctae
1042 2055 1347 2093 sanctimoniales

274 2110 325 2146 ad
351 2109 482 2146 altaris
508 2114 747 2146 sacramenta
776 2109 987 2146 recitentur.
1017 2109 1091 2145 Per
1109 2109 1216 2158 quod
1237 2109 1347 2146 datur

275 2162 426 2210 intelligi
455 2162 559 2212 quod
589 2162 815 2210 martyrium
834 2162 1038 2210 virginitati
1066 2162 1289 2211 praefertur,
1312 2170 1348 2199 et

277 2215 448 2252 similiter
475 2215 696 2252 monasterii
726 2223 856 2252 status.

331 2263 558 2305 RsssffoNDEo
587 2280 772 2306 mCENDUM
802 2268 907 2316 quod
936 2268 1078 2317 aliquid
1114 2275 1240 2316 potest
1275 2268 1350 2305 dici
1374 2298 1375 2301 ,

279 2322 635 2358 excellentissimum
656 2321 866 2370 dupliciter.
896 2322 983 2359 Uno
1005 2322 1136 2367 modo,
1158 2321 1195 2358 in
1221 2321 1349 2370 aliquo

280 2387 429 2423 genere.
464 2376 513 2411 Et
541 2374 592 2411 sic
625 2375 820 2422 virginitas
850 2382 905 2411 est
933 2374 1260 2421 excellentissima,
1281 2375 1350 2411 sci-

281 2428 364 2464 licet
392 2427 430 2464 in
458 2440 596 2476 genere
617 2428 808 2465 castitatis:
839 2428 1069 2465 transcendit
1092 2428 1195 2465 enim
1225 2436 1262 2464 et
1290 2441 1350 2465 ca-

282 2481 444 2518 stitatem
464 2481 658 2518 vidualem
680 2489 716 2518 et
735 2481 974 2529 coniugalem
994 2481 1025 2518 ³¹².
1056 2482 1105 2518 Et
1133 2481 1222 2529 quia
1243 2481 1350 2518 casti-

282 2534 345 2571 tati
366 2534 669 2572 antonomastice
690 2533 705 2564 β
733 2534 946 2572 attribuitur
975 2534 1102 2582 decor,
1125 2535 1212 2572 ideo
1240 2535 1353 2583 virgi·
1376 2544 1377 2547 ’

281 2587 386 2625 nitati
415 2600 484 2636 per
512 2601 751 2637 consequens
789 2588 1000 2625 attribuitur
1038 2588 1353 2625 excellentissima
1377 2589 1378 2594 ’

281 2641 535 2689 pulchritudo.
575 2641 686 2679 Unde
715 2649 752 2678 et
779 2641 1008 2678 Ambrosius
1043 2641 1149 2688 dicit,
1181 2642 1218 2678 in
1256 2642 1351 2678 libro

282 2694 327 2730 de
343 2694 514 2744 Virginit.
531 2694 571 2731 *z
592 2695 910 2732 Pulchritudinem
931 2695 1013 2744 quis
1027 2701 1150 2744 potest
1166 2695 1351 2732 maiorem

282 2748 482 2784 aestimare
509 2748 643 2785 decore
670 2748 845 2798 virginis,
876 2760 974 2797 quae
1000 2754 1155 2786 amatur
1181 2761 1205 2786 a
1231 2749 1351 2799 Rege,

276 2801 514 2891 pmbssmrpa
542 2802 689 2848 Iudice,
718 2802 912 2839 dedicatur
941 2803 1126 2848 Domino,
1157 2814 1354 2839 consecra-

283 2859 344 2890 tur
410 2866 453 2891 eo

339 2987 365 3018 α)
386 2985 472 3010 maior
490 2989 517 3011 et
534 2993 610 3011 cura.
626 2998 645 3004 -
664 2986 751 3011 maior
775 2986 845 3011 enim
870 2993 937 3011 cura
961 2987 1147 3018 ABCEFIKL,
1171 2987 1259 3012 maior
1281 2988 1351 3012 enim

283 3025 350 3053 puta
370 3021 402 3081 ξ,
421 3025 461 3046 est
481 3021 567 3046 maior
585 3021 654 3046 em'm
680 3028 746 3046 cura
765 3021 801 3051 D,
825 3022 876 3052 (est
899 3022 1000 3054 gloria)
1029 3025 1069 3047 est
1096 3022 1137 3055 (eo
1156 3025 1195 3047 est
1214 3023 1244 3055 P)
1265 3023 1352 3047 maior

285 3063 351 3081 cura
392 3064 417 3081 a.

1365 671 1367 699 l
1446 664 1533 701 Alio
1562 664 1683 701 modo
1703 671 1829 713 potest
1850 664 1923 701 dici
1942 665 2086 713 aliquid
2107 664 2466 702 excellentissimum

1393 717 1623 766 simpliciter.
1655 718 1704 754 Et
1732 717 1786 754 sic
1812 717 2008 766 virginitas
2037 731 2117 755 non
2146 726 2202 755 est
2235 717 2467 755 excellentis-

1394 771 1492 807 sima
1506 771 1704 807 virtutum.
1727 771 1891 819 Semper
1910 771 2013 808 enim
2033 772 2120 808 finis
2141 772 2286 809 excellit
2304 772 2342 809 id
2362 770 2469 820 quod

1395 832 1451 861 est
1479 825 1527 862 ad
1555 824 1697 861 finem:
1729 831 1764 860 et
1797 831 1941 873 quanto
1971 824 2114 873 aliquid
2144 825 2338 862 efficacius
2368 824 2468 861 ordi-

1365 884 1368 924 Ι
1394 885 1505 915 natur
1534 878 1583 915 ad
1617 877 1759 924 finem,
1789 885 1895 914 tanto
1928 877 2064 914 melius
2093 885 2161 915 est.
2200 878 2304 915 Finis
2339 886 2469 915 autem

1395 943 1439 967 ex
1469 944 1547 980 quo
1575 930 1771 978 virginitas
1799 930 2000 967 laudabilis
2029 931 2217 978 redditur,
2248 939 2304 968 est
2330 943 2470 968 vacare

1395 986 1509 1022 rebus
1539 984 1694 1030 divinis,
1723 991 1766 1020 ut
1803 983 1947 1021 dictum
1979 991 2034 1020 est
2052 983 2083 1021 ²⁸.
2114 984 2227 1022 Unde
2262 984 2366 1034 ipsae
2395 985 2471 1022 vir-

1394 1046 1492 1075 tutes
1520 1037 1771 1086 theologicae,
1802 1045 1838 1074 et
1867 1037 1980 1074 etiam
2005 1037 2126 1074 virtus
2155 1037 2358 1086 religionis,
2380 1050 2471 1087 qua-

1394 1104 1481 1129 rum
1520 1100 1627 1128 actus
1657 1099 1712 1128 est
1740 1091 1823 1140 ipsa
1851 1091 2055 1140 occupatio
2089 1090 2189 1128 circa
2218 1103 2278 1128 res
2307 1091 2470 1138 divinas,

1393 1146 1660 1194 praeferuntur
1686 1144 1902 1192 virginitati.
1933 1166 1957 1173 -
1988 1144 2166 1181 Similiter
2204 1144 2319 1181 etiam
2354 1144 2472 1181 vehe-

1395 1199 1561 1236 mentius
1590 1206 1799 1247 operantur
1828 1198 1875 1235 ad
1904 1199 1980 1236 hoc
2009 1198 2115 1247 quod
2143 1197 2367 1235 inhaereant
2386 1198 2472 1235 Deo

1367 1272 1368 1275 =
1396 1260 1595 1301 martyres,
1612 1252 1676 1300 qui
1697 1252 1744 1289 ad
1764 1252 1839 1288 hoc
1858 1259 2096 1301 postponunt
2113 1251 2312 1301 propriam
2332 1251 2471 1297 vitam;

1367 1299 1369 1353 ἶ
1396 1313 1432 1342 et
1459 1306 1634 1343 viventes
1663 1306 1701 1342 in
1741 1305 2002 1353 monasteriis,
2034 1305 2097 1354 qui
2135 1305 2183 1342 ad
2212 1305 2288 1342 hoc
2315 1312 2473 1354 postpo-

1368 1356 1369 1359 ’
1396 1367 1491 1396 nunt
1518 1358 1716 1408 propriam
1745 1360 1986 1396 voluntatem
2017 1367 2053 1396 et
2082 1358 2214 1396 omnia
2248 1371 2349 1407 quae
2384 1371 2474 1407 pos·

1396 1421 1483 1450 sunt
1512 1413 1673 1458 habere;
1702 1425 1822 1461 quam
1846 1412 2029 1461 virgines,
2060 1425 2159 1462 quae
2188 1412 2238 1449 ad
2266 1413 2341 1449 hoc
2369 1419 2472 1461 post·

1395 1474 1546 1516 ponunt
1573 1478 1760 1503 venereas
1788 1467 2006 1515 voluptates
2025 1471 2052 1503 Υ.
2083 1467 2132 1503 Et
2160 1465 2247 1503 ideo
2276 1465 2474 1514 virginitas

1396 1532 1475 1557 non
1503 1519 1724 1568 simpliciter
1752 1527 1808 1556 est
1836 1520 2004 1556 maxima
2030 1519 2229 1556 virtutum.

1450 1575 1509 1611 An
1543 1585 1682 1610 ptumum
1715 1584 1814 1610 ERGO
1843 1585 2030 1611 melerinum
2063 1573 2169 1622 quod
2188 1572 2356 1621 virgines
2386 1579 2475 1610 sunt

1396 1627 1578 1664 illustrior
1599 1626 1726 1675 portio
1754 1627 1887 1677 gregis
1920 1627 2068 1672 Christi,
2098 1634 2135 1663 et
2167 1634 2224 1663 est
2253 1638 2384 1664 earum
2413 1638 2475 1663 su-

1369 1713 1371 1733 ,
1396 1681 1548 1718 blimior
1575 1681 1714 1730 gloria,
1744 1692 1814 1729 per
1842 1680 2174 1729 comparationem
2204 1679 2253 1718 ad
2280 1680 2419 1718 viduas
2439 1686 2477 1717 et

1370 1736 1371 1764 l
1398 1735 1633 1782 coniugatas.

1450 1790 1509 1824 AD
1533 1798 1725 1824 SECUNDUM
1745 1798 1932 1823 mCENDUM
1953 1786 2060 1835 quod
2080 1786 2312 1824 centesimus
2332 1787 2476 1823 fructus

1398 1840 1613 1878 attribuitur
1647 1839 1861 1887 virginitati,
1893 1841 2106 1876 secundum
2135 1839 2421 1889 Hieronymum
2443 1839 2476 1888 ²⁸,

1397 1902 1555 1944 propter
1583 1892 1846 1930 excellentiam
1875 1905 1993 1941 quarn
2022 1893 2139 1930 habet
2167 1894 2216 1930 ad
2234 1893 2477 1942 viduitatem,

1398 1947 1457 1985 cui
1485 1946 1700 1984 attribuitur
1729 1945 2000 1994 sexagesimus,
2031 1954 2068 1983 et
2096 1947 2146 1984 ad
2172 1946 2477 1994 matrimonium,

1371 2038 1372 2043 ,
1399 2001 1458 2038 cui
1488 2000 1702 2038 attribuitur
1738 1999 1964 2037 tricesimus.
2004 1999 2083 2037 Sed
2118 1999 2215 2037 sicut
2242 1999 2479 2048 Augustinus

1400 2054 1508 2101 dicit,
1540 2055 1577 2091 in
1614 2054 1711 2091 libro
1746 2054 1792 2090 de
1824 2054 1975 2096 Quaest.
2013 2054 2167 2103 Evang.
2187 2053 2226 2101 *,
2256 2054 2480 2104 centesimus

1388 2111 1544 2158 fructus
1572 2113 1627 2144 est
1653 2113 1882 2156 martyrum,
1911 2107 2176 2157 sexagesimus
2207 2107 2416 2157 virginum,
2445 2112 2482 2144 et

1400 2162 1608 2199 tricesimus
1646 2160 1953 2210 coniugatorum.
1993 2160 2106 2198 Unde
2137 2172 2181 2197 ex
2210 2161 2285 2198 hoc
2313 2173 2394 2198 non
2421 2173 2480 2198 se-

1402 2215 1530 2264 quitur
1559 2214 1666 2262 quod
1692 2213 1888 2262 virginitas
1918 2213 1963 2251 sit
1991 2213 2212 2263 simpliciter
2240 2214 2410 2252 maxima
2438 2226 2479 2251 o-

1401 2268 1551 2306 mnium
1579 2268 1777 2314 virtutum,
1808 2267 1877 2304 sed
1905 2268 2032 2304 solum
2066 2267 2148 2305 aliis
2166 2265 2180 2289 δ
2208 2267 2391 2316 gradibus
2419 2279 2481 2306 ca-

1402 2322 1548 2359 stitatis.

1455 2377 1514 2411 An
1542 2385 1704 2411 TERTmM
1733 2385 1920 2410 mCENDUM
1943 2373 2051 2421 quod
2078 2373 2245 2421 virgines
2273 2379 2483 2422 sequuntur

1402 2429 1560 2478 Agnum
1589 2438 1827 2476 quocumque
1846 2427 1940 2472 ierit,
1962 2427 2052 2476 quia
2071 2427 2265 2464 imitantur
2284 2427 2479 2464 Christum

1403 2494 1482 2519 non
1520 2481 1647 2518 solum
1677 2480 1714 2517 in
1752 2479 1962 2528 integritate
2001 2480 2159 2527 mentis,
2190 2480 2259 2518 sed
2297 2480 2413 2518 etiam
2442 2480 2481 2518 in

1403 2534 1613 2582 integritate
1644 2533 1778 2577 carnis,
1799 2542 1840 2570 ut
1868 2533 2103 2582 Augustinus
2133 2533 2233 2580 dicit,
2253 2533 2290 2571 in
2311 2533 2407 2570 libro
2435 2534 2483 2572 de

1411 2588 1584 2638 Virginit.
1600 2587 1639 2624 *ε
1666 2595 1701 2624 et
1722 2587 1809 2625 ideo
1830 2587 1869 2624 in
1888 2587 2060 2636 pluribus
2081 2595 2292 2636 sequuntur
2311 2589 2480 2635 Agnum.

1378 2683 1379 2687 Ἰ
1404 2642 1496 2678 Non
1525 2649 1656 2678 tamen
1685 2648 1837 2689 oportet
1865 2640 1972 2688 quod
2009 2640 2130 2689 magis
2160 2641 2207 2678 de
2236 2640 2481 2690 propinquo:

1404 2695 1493 2744 quia
1521 2694 1616 2731 aliae
1644 2694 1803 2731 virtutes
1832 2694 1974 2731 faciunt
2001 2694 2256 2744 propinquius
2284 2694 2482 2732 inhaerere

1405 2749 1490 2786 Deo
1520 2760 1588 2797 per
1615 2747 1866 2785 imitationem
1889 2747 2039 2785 mentis.
2070 2770 2094 2777 -
2128 2748 2325 2786 Canticum
2351 2755 2481 2786 autem

1406 2813 1546 2839 novum
1577 2801 1683 2849 quod
1712 2802 1818 2838 solae
1837 2801 2005 2850 virgines
2034 2809 2198 2848 cantant,
2220 2809 2277 2839 est
2296 2801 2480 2850 gaudium

1380 2891 1381 2897 ,
1406 2855 1513 2903 quod
1541 2855 1684 2892 habent
1713 2855 1761 2892 de
1791 2854 2000 2903 integritate
2031 2854 2155 2893 carnis
2183 2863 2346 2892 servata.

1378 2990 1379 3038 l
1460 2986 1485 3019 β)
1504 2987 1725 3012 antonomastice.
1737 2999 1757 3006 -
1774 2987 1937 3013 auctoritate
1958 2987 2148 3020 ABCDEFIpK
2172 2992 2198 3012 et
2215 2994 2244 3016 α,
2270 2987 2298 3012 in
2318 2986 2482 3013 auctoritate

1406 3023 1435 3054 L,
1454 3022 1645 3048 auctoritative
1664 3023 1697 3047 H.

1459 3058 1485 3091 γ)
1506 3065 1632 3083 venereas
1651 3058 1808 3090 voluptates.
1819 3072 1839 3078 -
1857 3064 1996 3083 veneream
2016 3058 2181 3090 voluptatem
2200 3056 2250 3084 Pa.

1460 3092 1485 3126 ὃ)
1504 3094 1575 3119 aliis.
1586 3093 1614 3113 -'
1624 3093 1650 3118 in
1671 3093 1732 3119 aliis
1751 3093 1804 3119 PE.

965 3173 1300 3207 Commentario.
1322 3173 1576 3207 Cardinalis
1597 3174 1800 3207 Caietam

2498 995 2507 1005 ·
2521 974 2573 1016 Art.
2588 999 2608 1020 2,
2622 999 2643 1022 3.

2504 1843 2513 1853 ⁴
2525 1842 2545 1864 Ε
2562 1842 2600 1865 itt.
2610 1840 2717 1868 cxxm,

2503 1869 2524 1891 nl
2580 1885 2587 1896 ‚
2600 1867 2635 1890 ad
2653 1867 2718 1896 Age—

2505 2065 2516 2076 ·
2529 2063 2580 2086 Lib.
2592 2063 2611 2092 1,
2621 2069 2672 2092 cap.
2687 2069 2719 2085 tx.

2507 2598 2518 2608 ⁸
2531 2596 2590 2625 cup.
2604 2602 2678 2619 xxvu.

294 3262 338 3324 IN
363 3252 493 3283 articulo
517 3252 630 3293 quinto
655 3253 798 3283 eiusdem
821 3253 1016 3294 quaestionis
1045 3253 1124 3284 nihil
1147 3253 1350 3284 scribendum
1401 3254 1439 3284 de
1463 3255 1589 3285 cantico
1614 3263 1706 3292 novo,
1731 3263 1787 3284 seu
1811 3253 1929 3294 gaudio
1949 3252 2101 3293 singulari
2127 3253 2165 3283 de
2183 3253 2361 3294 integritate
2379 3253 2482 3285 carnis
2511 3280 2520 3289 .
2537 3275 2667 3306 ΜΗ.)
2683 3283 2722 3306 qu.

322 3296 471 3333 occurrit,
496 3297 554 3327 nisi
583 3298 672 3338 quod
704 3297 783 3328 illud
811 3298 900 3338 quod
929 3297 960 3328 in
991 3297 1053 3328 fine
1081 3297 1203 3328 articuli
1234 3298 1349 3329 dicitur

1402 3306 1533 3335 servata,
1557 3308 1632 3329 cum
1656 3298 1694 3329 de
1719 3297 1856 3329 aureolis
1879 3297 2062 3329 tractabitur
2078 3297 2105 3333 *,
2130 3297 2356 3330 declarandum
2380 3306 2437 3330 est.

967 3446 1810 3474 .-,.....4Ὄ.φ.ΞῃΞ.φ.αμμμη-..-

2510 3311 2571 3328 xcn.
