2768 4198
0 393 9 404 ⁸
23 396 58 418 Ct'.
74 401 139 417 num.
155 401 189 416 111-

18 1146 55 1168 Cs.
69 1146 135 1172 ibid„
151 1145 201 1167 init.

0 1196 2 1199 ·
12 1190 82 1212 Num.
93 1196 107 1211 ι.

16 2884 86 2908 Num.
101 2892 125 2908 ιι.

0 3513 8 3523 “
25 3513 75 3534 Art.
97 3517 118 3540 7,
138 3511 211 3534 oom-

0 3542 70 3561 ment.
85 3544 149 3561 num.
165 3545 196 3561 Vl.

242 279 286 314 14

235 345 390 376 fortitudo
415 352 461 376 est
485 344 564 375 circa
582 346 724 374 maxima
748 349 779 374 et
801 344 919 383 optima
941 340 1091 381 pericula
1115 340 1244 375 mortis,
1261 345 1307 389 ‘ut

235 390 419 420 Aristoteles
444 389 520 419 dixit
534 389 560 425 *,
586 389 796 419 abstrahendo
819 398 836 417 a
852 384 1158 426 contrapugnatione
1175 390 1307 414 exterio-

236 444 307 464 rum
330 434 446 464 virium
476 443 507 464 et
531 444 548 463 a
579 432 966 472 non-contrapugnatione
992 429 1174 461 earundem.
1216 427 1306 464 Quo-

236 479 321 509 niam
345 479 539 519 quandoque
558 485 641 509 recta
657 478 736 508 ratio
761 478 856 507 dictat
877 476 910 506 in
934 475 1049 506 talibus
1073 473 1222 514 periculis
1238 482 1306 503 esse

236 523 556 564 contrapugnandum
579 522 756 553 secundum
785 520 951 551 exteriores
975 520 1071 555 vires,
1098 526 1133 549 ut
1161 528 1236 548 cum
1267 518 1306 567 de

235 568 334 607 patria
365 574 420 598 aut
442 567 588 597 dominio
620 567 789 606 temporali
820 575 894 595 curn
922 564 1070 595 fidelibus
1094 570 1149 594 aut
1172 562 1307 593 infideli-

235 613 294 642 bus
317 622 425 653 pugna
449 619 513 642 est:
545 612 740 652 quandoque
772 616 880 641 autern
905 619 987 646 non,
1013 616 1049 640 ut
1077 618 1152 639 cum
1175 609 1215 638 de
1244 606 1306 658 fide

235 663 290 686 aut
313 656 454 687 moribus
478 656 593 686 directe
617 666 724 696 pugna
748 662 803 685 est.
829 655 870 684 Et
892 653 971 683 ratio
996 661 1043 684 est
1066 653 1141 694 quia
1162 653 1306 688 victoria,

234 701 273 730 ad
296 711 393 742 quam
418 711 563 740 pugnans
587 701 696 736 tendit,
722 699 837 729 melius
860 697 1035 738 acquiritur
1057 698 1090 728 in
1106 698 1222 728 talibus
1239 706 1308 727 san—

234 744 290 775 ctis
315 746 467 781 moribus,
492 744 725 785 praedicatione
749 750 780 773 et
802 743 1004 773 confessione
1028 742 1115 779 fidei,
1141 753 1176 773 ac
1200 751 1306 772 exem-

233 789 311 829 plari
334 790 414 826 vita,
439 796 469 820 et
497 789 684 819 sustinendo
708 788 803 818 etiam
828 795 982 824 mortem,
1007 797 1106 828 quam
1135 794 1306 826 contrapu—

232 834 359 874 gnando
377 833 539 869 militibus»,
557 840 614 863 etc.
639 834 704 863 Nec
721 839 849 872 oportet
871 832 948 863 haec
968 833 1114 873 probare.
1140 831 1305 869 Quoniam

232 878 422 918 experientia
448 884 580 908 testatur
607 877 650 908 sic
674 884 801 908 sanctos
824 876 936 907 vicisse
959 884 1130 918 tyrannos,
1156 883 1186 908 et
1209 886 1304 907 mun-

232 923 309 952 dum
333 930 437 953 totum
460 922 627 952 inimicum
652 923 772 952 eisdem
792 928 823 952 et
845 929 1016 952 conantem
1040 921 1247 953 exterminate
1270 921 1306 952 il-

230 967 288 997 los.
315 967 369 997 Est
392 976 467 1006 ergo
485 967 750 1007 contrapugnatio
768 966 875 1008 aliqua
899 967 938 997 de
954 967 1076 998 ratione
1098 966 1305 1002 fortitudinis,
1330 976 1333 1015 ι

230 1012 406 1042 secundum
430 1021 528 1051 quam
545 1022 671 1052 semper
685 1011 815 1042 viriliter
833 1018 946 1051 agunt:
972 1013 1027 1042 sed
1043 1022 1109 1043 non
1127 1013 1304 1043 secundum

229 1056 396 1086 exteriores
419 1056 510 1095 vires,
534 1056 608 1087 licet
630 1057 827 1097 quandoque
850 1057 902 1087 hic
925 1056 965 1087 sit
989 1057 1184 1088 fortitudinis
1206 1064 1306 1094 actus,

229 1107 265 1131 ut
288 1101 482 1131 declaratum
506 1108 562 1132 est.
587 1118 607 1125 —
632 1102 720 1132 Haec
745 1102 783 1131 de
807 1102 960 1133 secundo.

285 1145 336 1176 V1.
359 1145 477 1182 Quoad
491 1146 620 1176 tertium
632 1146 658 1183 ¹⁸,
676 1147 901 1187 respondendo
919 1147 1124 1187 argumentis,
1140 1146 1205 1176 iarn
1221 1153 1308 1187 patet

229 1190 317 1230 quod
341 1190 466 1230 primi*
486 1190 563 1221 falsa
578 1197 625 1221 est
643 1191 755 1227 maior,
773 1191 908 1222 scilicet:
933 1191 1102 1222 Fortitudo
1119 1198 1166 1222 est
1181 1191 1214 1222 in
1231 1191 1306 1222 solis

228 1234 375 1274 periculis
391 1235 503 1266 mortis
527 1235 559 1265 in
582 1235 699 1276 quibus
724 1243 770 1267 est
793 1236 875 1267 dicta
899 1236 1175 1276 contrapugnatio.
1200 1236 1306 1267 Prima

227 1289 303 1309 vero
321 1279 468 1319 probatio
492 1279 588 1317 illius,
606 1290 642 1311 ex
662 1281 843 1317 Aristotele,
861 1281 1034 1321 sophistica
1049 1288 1106 1318 est,
1123 1282 1307 1322 arguendo:

229 1324 339 1354 Fortes
363 1331 462 1364 agunt
484 1324 622 1362 viriliter,
648 1325 733 1366 Ergo
758 1333 857 1365 agunt
880 1326 1168 1366 contrapugnando
1192 1336 1306 1357 secun-

229 1369 306 1399 dum
331 1369 412 1399 vires
445 1369 622 1401 exteriores.
655 1370 723 1401 Stat
746 1370 832 1401 enim
863 1371 953 1413 quod
977 1378 1072 1411 agant
1094 1371 1224 1402 viriliter
1248 1382 1307 1411 pu-

228 1414 356 1453 gnando
382 1424 440 1454 pro
457 1414 545 1444 bono
569 1415 608 1446 de
625 1425 692 1456 quo
717 1423 764 1446 est
787 1425 906 1455 pugna,
931 1423 963 1446 et
986 1425 1052 1446 non
1073 1426 1129 1456 per
1144 1415 1307 1446 exterioris

228 1458 359 1488 militiae
383 1458 575 1496 exercitium,
599 1460 654 1490 sed
678 1470 734 1500 per
750 1467 839 1491 actus
854 1460 1016 1491 virtuosos
1039 1461 1157 1502 quibus
1181 1461 1305 1491 bonum

227 1503 308 1533 illud
333 1503 510 1534 defendunt
533 1511 564 1534 et
587 1512 714 1543 augent.

283 1548 429 1578 Secunda
453 1558 529 1579 vero
553 1549 717 1589 probatio,
743 1549 861 1580 scilicet
888 1550 977 1590 quod
1001 1550 1099 1581 timor
1122 1558 1152 1581 et
1176 1550 1306 1580 audacia

228 1593 291 1623 sint
314 1593 423 1623 solum
446 1593 501 1623 ubi
526 1601 572 1624 est
595 1594 678 1624 dicta
695 1594 974 1634 contrapugnatio,
999 1595 1167 1626 falsissima
1184 1602 1240 1626 est.
1266 1595 1307 1626 Et

227 1637 267 1667 ad
292 1637 360 1667 eius
383 1637 607 1678 probationem
631 1638 746 1669 dicitur
769 1639 873 1680 quod,
898 1640 1046 1680 quamvis
1069 1648 1135 1670 non
1160 1639 1200 1671 sit
1222 1649 1306 1680 opus

227 1682 260 1712 in
285 1682 374 1712 omni
390 1682 538 1713 exercitio
562 1682 758 1714 fortitudinis
781 1683 971 1715 intervenire
994 1684 1145 1715 timorem
1161 1691 1193 1715 et
1207 1685 1306 1715 auda·
1330 1685 1333 1695 '

227 1726 309 1756 ciam
333 1726 440 1763 simul,
465 1734 501 1758 ut
523 1727 631 1767 ipsum
655 1728 751 1759 etiam
775 1736 960 1768 arguentem
986 1736 1114 1770 oportet
1137 1729 1236 1766 fateri,
1261 1729 1307 1759 di-

227 1778 350 1801 centem
375 1772 464 1812 quod
489 1771 596 1811 fugere
612 1773 810 1813 quandoque
825 1780 872 1803 est
887 1781 976 1804 actus
992 1773 1190 1805 fortitudinis
1215 1772 1306 1815 (tunc

227 1815 314 1845 enim
338 1815 426 1845 nulla
445 1823 492 1846 est
515 1816 657 1853 audacia,
675 1817 730 1847 sed
754 1817 851 1847 timor
867 1825 914 1848 est
929 1828 1023 1848 causa
1038 1816 1163 1860 fugae);
1189 1817 1305 1848 nihilo-

227 1859 335 1890 minus
359 1859 391 1889 in
410 1859 597 1890 huiusmodi
615 1861 857 1900 particularibus
873 1862 963 1892 bellis
988 1870 1160 1903 utramque
1183 1862 1304 1902 passio-

227 1914 300 1934 nem
325 1904 439 1934 habere
463 1905 572 1936 locum
596 1905 678 1936 sicut
692 1905 725 1935 in
742 1905 827 1936 bello
845 1906 1022 1942 communi,
1040 1907 1096 1937 sed
1113 1917 1178 1937 non
1195 1906 1304 1947 quoad

226 1958 357 1979 omnem
374 1956 492 1985 actum,
510 1949 657 1980 sustineri
682 1957 797 1990 potest.
822 1951 905 1981 Nam
930 1951 1019 1991 quod
1043 1951 1088 1982 sic
1112 1951 1213 1991 possit
1237 1960 1305 1981 esse
1330 1969 1332 1979 .

226 1993 357 2024 audacia
382 1993 491 2030 nimia,
516 2001 603 2034 patet
625 1994 657 2024 in
674 1994 723 2024 his
743 1995 798 2035 qui
822 2002 941 2026 temere
957 2005 990 2026 se
1005 1996 1155 2035 ingerunt
1178 1995 1228 2026 his
1251 2005 1305 2036 pe—

226 2038 341 2069 riculis.
368 2038 466 2076 Quod
482 2038 578 2069 etiam
594 2038 690 2070 timor
707 2039 836 2076 nimius,
861 2046 947 2080 patet
970 2040 1002 2070 in
1023 2040 1071 2071 his
1095 2040 1151 2081 qui
1174 2047 1306 2081 propter

226 2083 375 2115 timorem
401 2083 513 2114 mortis
542 2084 680 2124 perdunt
703 2084 879 2116 castitatem
903 2092 959 2116 aut
986 2084 1092 2116 fidem.
1125 2085 1166 2116 Et
1195 2094 1304 2116 conse-

227 2135 360 2169 quenter
384 2128 473 2169 quod
494 2127 525 2158 in
543 2128 592 2159 his
616 2129 655 2159 sit
679 2129 831 2160 medietas
854 2129 1035 2166 laudabilis,
1052 2130 1171 2161 scilicet
1193 2130 1306 2161 timere

227 2179 257 2203 et
281 2173 397 2203 audere
421 2172 601 2210 moderate,
626 2174 803 2205 secundum
826 2175 915 2215 quod
946 2182 1090 2215 oportet,
1115 2182 1146 2206 et
1172 2175 1304 2217 quando

228 2225 258 2248 et
282 2227 365 2258 quae
387 2224 417 2248 et
439 2217 520 2248 sicut
542 2225 680 2259 oportet,
698 2226 783 2259 patet
807 2219 839 2249 in
859 2219 908 2250 his
932 2219 987 2261 qui
1003 2219 1136 2251 vincunt
1151 2227 1304 2262 tyrannos

228 2271 284 2292 seu
308 2262 550 2303 impugnatores
579 2264 798 2294 conservando
822 2263 989 2295 virtutem:
1026 2265 1234 2297 moderantur
1265 2265 1305 2295 si—

228 2306 358 2347 quidem
383 2314 460 2338 tunc
484 2306 516 2337 hi
541 2315 571 2339 et
595 2308 771 2345 audaciam,
792 2319 832 2339 ne
855 2308 972 2340 insiliat
995 2316 1124 2347 temere,
1149 2317 1181 2341 et
1203 2319 1304 2352 quan-

229 2351 337 2392 doque
355 2360 389 2383 ut
405 2352 520 2383 audeat
535 2351 646 2383 offerre
663 2363 780 2394 corpus
796 2354 964 2385 tormentis
980 2362 1011 2385 et
1027 2354 1122 2394 morti
1139 2362 1303 2396 paratum;

229 2396 436 2427 moderantur
459 2404 490 2428 et
521 2396 685 2435 timorem,
711 2408 750 2429 ne
771 2406 938 2439 superetur
961 2409 978 2429 a
1002 2406 1051 2431 tot
1081 2400 1183 2431 malis.
1209 2400 1303 2432 Unde

229 2441 345 2471 audere
362 2442 539 2472 secundum
556 2449 674 2473 rectam
686 2443 842 2474 rationem
858 2453 984 2484 semper
999 2451 1046 2476 est
1060 2445 1221 2476 laudabile
1237 2452 1304 2476 tam

230 2485 280 2516 hic
295 2495 393 2527 quarn
416 2486 449 2516 in
473 2487 639 2518 communi
657 2488 760 2519 bello:
792 2494 823 2519 et
838 2488 982 2520 similiter
997 2489 1108 2521 timere
1125 2489 1303 2522 secundum

229 2537 346 2561 rectam
368 2530 526 2562 rationem
550 2532 721 2574 utrobique
745 2540 791 2564 est
812 2532 971 2565 laudabile
994 2544 1130 2576 semper.
1160 2535 1201 2567 Et
1224 2535 1305 2567 sicut

229 2575 344 2606 audere
368 2582 399 2606 et
421 2586 488 2607 non
511 2576 622 2607 timere
645 2577 856 2609 abstrahendo
879 2589 897 2609 a
921 2585 1004 2610 recta
1028 2580 1150 2611 ratione
1174 2590 1241 2611 non
1257 2587 1304 2612 est

227 2619 386 2650 laudabile
408 2620 441 2651 in
466 2620 550 2652 bello
567 2623 743 2659 communi,
766 2623 810 2654 ita
833 2630 864 2654 et
886 2623 919 2654 in
944 2624 1135 2664 particulari.
1161 2625 1202 2656 Et
1216 2625 1306 2656 simi·

227 2665 298 2695 liter
321 2665 402 2695 sicut
424 2672 499 2706 post
517 2665 703 2698 inchoatum
720 2677 894 2699 commune
910 2669 1031 2700 bellum
1050 2670 1207 2711 contingit
1230 2680 1303 2711 pec-

229 2719 297 2740 care
327 2716 436 2740 contra
466 2710 687 2743 fortitudinem
717 2722 774 2753 per
801 2713 967 2744 audaciam
991 2714 1042 2745 vel
1070 2714 1236 2752 timorem,
1261 2715 1303 2746 ita

229 2753 324 2784 etiam
348 2761 421 2794 post
443 2754 631 2787 inchoatum
654 2757 776 2788 bellum
800 2757 997 2798 particulare,
1023 2766 1058 2790 ut
1082 2767 1177 2800 patet.
1211 2760 1303 2792 Unde

229 2798 308 2829 nihil
331 2798 457 2840 penitus
473 2800 578 2832 valent
602 2808 711 2832 contra
736 2803 939 2843 propositum
963 2814 1046 2845 quae
1063 2804 1094 2835 in
1112 2804 1165 2835 illa
1190 2805 1304 2846 proba-

229 2850 317 2874 tione
342 2851 516 2875 narrantur.

286 2887 352 2918 VII.
378 2889 427 2918 Ad
451 2889 580 2920 tertium
595 2890 621 2926 *,
647 2898 779 2931 negatur
794 2893 993 2930 antecedens,
1015 2894 1134 2925 scilicet
1157 2896 1247 2936 quod
1270 2895 1303 2927 in

230 2932 404 2963 subeundis
427 2934 574 2973 periculis
598 2935 687 2966 aliter
709 2946 808 2977 quam
832 2937 863 2967 in
889 2938 973 2969 bello
997 2940 1304 2980 contrapugnativo,

230 2975 420 3008 sufficienter
444 2978 647 3018 provideatur
670 2990 727 3020 per
745 2981 820 3012 alias
837 2982 977 3014 virtutes.
1005 2983 1077 3015 Hoc
1094 2984 1180 3015 enim
1205 2984 1305 3016 falsis-

230 3021 348 3052 simum
365 3030 427 3053 est:
452 3029 483 3053 et
499 3030 545 3054 est
565 3024 712 3055 confusio
729 3025 892 3058 virtutum.
918 3027 958 3058 Et
981 3037 1056 3059 cum
1077 3028 1191 3060 dicitur
1214 3031 1303 3071 quod

229 3066 270 3096 ad
293 3065 513 3098 liberalitatem
541 3078 596 3098 seu
621 3071 861 3110 temperantiam
887 3074 1064 3103 secundum
1088 3074 1223 3113 gradum
1249 3075 1303 3106 he-

231 3110 353 3141 roicum
382 3118 502 3151 spectat
532 3113 638 3144 subire
668 3115 845 3155 periculum
870 3117 982 3148 mortis
1013 3125 1144 3159 propter
1166 3119 1302 3161 seipsam

231 3156 489 3193 conservandam,
515 3157 628 3188 dicitur
650 3160 739 3200 quod
764 3160 851 3191 aliud
874 3169 920 3192 est
943 3162 1100 3194 iudicium
1124 3163 1164 3194 de
1187 3163 1302 3205 princi-

233 3199 286 3238 pio
309 3199 445 3231 elicitivo
469 3201 538 3232 talis
562 3209 650 3234 actus
673 3204 706 3235 in
729 3204 863 3236 habente
880 3205 1028 3238 virtutem
1053 3207 1250 3240 fortitudinis
1273 3217 1303 3240 et

234 3250 341 3274 utente
365 3244 435 3281 illa,
459 3253 489 3276 et
512 3247 598 3277 aliud
622 3247 654 3278 in
679 3258 744 3280 non
769 3249 903 3282 habente
923 3259 1058 3282 autnon
1076 3259 1196 3285 utente.
1219 3253 1302 3285 Nam

235 3287 260 3317 si
284 3287 375 3318 iudex
399 3289 604 3331 impugnatus
628 3292 667 3323 de
690 3293 826 3332 iustitia,
851 3302 905 3326 aut
930 3296 1045 3327 mulier
1067 3298 1107 3328 de
1131 3298 1303 3338 pudicitia,

235 3331 328 3362 habet
351 3332 493 3364 habitum
518 3335 711 3368 fortitudinis
735 3346 766 3369 et
789 3339 888 3371 utitur
903 3340 969 3377 illo,
991 3341 1053 3372 hoc
1069 3348 1126 3378 est,
1147 3342 1172 3372 si
1189 3343 1304 3375 resistit

235 3382 266 3406 et
285 3376 416 3407 sustinet
439 3388 477 3408 eo
494 3381 594 3411 modo
618 3391 684 3422 quo
708 3382 804 3414 fortes
821 3384 970 3416 resistunt
986 3393 1017 3417 et
1033 3386 1202 3423 sustinent;
1227 3395 1303 3419 tunc

235 3420 304 3450 talis
328 3427 425 3457 actus,
450 3422 565 3455 scilicet
587 3426 691 3456 subire
715 3428 853 3467 pericula
877 3430 989 3461 mortis
1016 3440 1100 3472 quae
1123 3439 1233 3463 contra
1256 3432 1303 3463 iu-

235 3463 354 3495 stitiam
377 3473 431 3497 aut
454 3467 639 3507 pudicitiam
662 3470 855 3509 inferuntur,
881 3481 927 3505 est
949 3482 1039 3506 actus
1066 3476 1216 3516 proprius
1240 3475 1304 3507 for-

235 3508 380 3539 titudinis
403 3510 555 3557 elicitive;
581 3520 611 3544 et
629 3515 704 3555 quia
720 3515 819 3552 fortis,
845 3525 879 3548 ut
902 3518 982 3550 infra
997 3519 1015 3539 *
1038 3519 1168 3560 patebit,
1193 3530 1304 3561 opera—

236 3559 304 3589 tur,
329 3561 482 3595 tanquam
510 3565 639 3597 propter
666 3560 832 3599 proprium
862 3570 892 3593 et
920 3564 1105 3603 proximum
1128 3563 1244 3603 finem,
1268 3573 1304 3597 ut

236 3596 358 3628 fortiter
381 3608 413 3629 se
428 3598 550 3637 habeat,
575 3601 646 3633 ideo
668 3613 724 3634 nec
740 3604 922 3645 imperati-:e
946 3608 1154 3649 temperantia
1177 3617 1233 3641 aut
1254 3609 1303 3641 iu—

238 3641 319 3673 stitia
335 3649 381 3673 est
404 3643 594 3685 principium
618 3646 688 3677 talis
704 3656 802 3685 actuS,
820 3650 877 3680 nisi
893 3661 929 3682 ex
949 3661 1036 3692 parte
1052 3653 1211 3690 materiae,
1229 3654 1304 3696 quia

894 263 1162 310 QUAESTIO
1192 261 1369 308 CXXIII,
1399 262 1699 299 ARTICULUS
1728 263 1763 299 V

1359 339 1477 371 scilicet
1494 341 1703 380 temperantia
1719 351 1775 371 seu
1792 341 1912 372 iustitia
1929 349 1976 372 est
1991 341 2063 372 finis
2079 342 2229 373 materiae
2246 342 2327 373 circa
2343 352 2442 383 quam

1359 383 1449 414 fortis
1465 392 1624 421 versatur;
1649 392 1696 415 est
1719 385 1879 426 siquidem
1899 385 1970 416 finis
1987 386 2205 427 periculorum
2229 387 2350 423 mortis,
2368 397 2441 428 pro—

1358 434 1428 468 pter
1458 438 1558 469 quem
1587 430 1701 460 mortis
1731 430 1873 470 pericula
1906 431 2084 463 redduntur
2111 432 2197 462 bona
2225 441 2281 462 seu
2306 432 2440 472 optima.

1359 473 1453 502 Unde
1476 473 1602 504 videtur
1624 475 1715 514 quod
1738 475 1948 515 temperantia
1978 476 2043 506 sive
2067 475 2188 507 iustitia
2216 487 2283 507 non
2306 476 2443 517 imperet

1359 516 1540 548 fortitudini
1571 518 1604 548 in
1636 519 1691 549 tali
1717 529 1811 556 casu,
1836 521 1892 550 sed
1924 520 2033 560 potius
2063 521 2231 552 materiam
2261 521 2442 552 fortitudini

1360 562 1526 601 praebeat,
1557 563 1686 603 proprie
1714 564 1890 605 loquendo.
1924 565 1968 596 Ita
1999 567 2088 606 quod
2117 566 2212 597 iudex
2242 576 2298 597 seu
2327 566 2443 597 mulier

1358 605 1449 636 fortis
1473 616 1539 636 non
1561 607 1657 638 habet
1679 618 1739 648 pro
1758 608 1823 639 fine
1846 616 1935 640 actus
1959 610 2155 642 fortitudinis
2179 611 2368 652 pudicitiam
2385 621 2440 642 seu

1359 650 1525 687 iustitiam,
1547 652 1603 681 sed
1634 651 1757 683 fortiter
1779 663 1872 693 agere
1898 654 1932 684 in
1958 655 2012 686 tali
2041 666 2127 692 casu,
2152 664 2188 687 ut
2211 656 2293 687 infra
2307 656 2325 675 *
2347 656 2443 687 latius

1358 695 1494 735 patebit:
1524 696 1579 726 sed
1612 696 1708 727 habet
1730 696 1886 728 iustitiam
1915 709 1971 730 seu
2003 700 2193 740 pudicitiam
2216 711 2275 741 pro
2307 701 2443 732 utilitate

1358 747 1576 781 consequente
1600 741 1640 771 ad
1664 751 1761 772 suum
1784 743 1954 784 proprium
1977 743 2086 776 finem.
2111 746 2156 777 Ita
2179 747 2270 787 quod
2295 756 2370 777 cum
2395 746 2442 776 di-

1359 784 1440 815 citur
1463 785 1553 825 quod
1578 785 1669 815 fortis
1685 786 1820 818 sustinet
1842 795 1975 828 propter
1990 789 2144 820 iustitiam
2167 791 2219 822 vel
2243 791 2442 831 pudicitiam,

1359 839 1426 860 non
1450 830 1622 860 denotatur
1644 829 1717 861 finis
1741 830 1955 863 fortitudinis:
1975 834 2032 864 sed
2054 833 2127 866 finis
2142 836 2292 867 materiae
2317 836 2442 867 fortitu-

1357 874 1452 911 dinis,
1470 882 1501 905 et
1517 875 1635 905 utilitas
1651 885 1853 916 consequens
1876 886 1914 908 ex
1937 878 2071 918 proprio
2087 878 2150 910 fine
2170 879 2378 912 fortitudinis.
2402 881 2443 912 Et

1358 927 1467 960 posset
1490 919 1644 960 appellari
1667 921 1875 952 secundarius
1897 921 1970 952 finis
1993 922 2201 956 fortitudinis.

1414 965 1454 995 Et
1477 965 1554 1005 quia
1576 965 1735 997 rarissime
1758 966 1893 997 inveniri
1911 967 2038 998 videtur
2061 967 2152 999 fortis
2168 969 2202 999 in
2217 970 2348 1002 veritate
2364 980 2442 1011 ope-

1358 1019 1430 1040 rans
1454 1020 1493 1040 eo
1518 1010 1619 1040 modo
1642 1020 1710 1051 quo
1735 1010 1832 1042 fortes
1857 1012 1974 1043 debent
1997 1013 2137 1053 operari,
2161 1013 2236 1045 ideo
2259 1014 2444 1056 frequenter

1358 1054 1428 1085 talis
1457 1063 1546 1086 actus
1573 1055 1687 1086 iudicis
1717 1063 1773 1087 aut
1806 1056 1950 1087 mulieris
1980 1057 2162 1089 volentium
2195 1059 2306 1099 potius
2337 1059 2443 1090 subire

1358 1100 1472 1131 mortis
1496 1100 1638 1140 pericula
1668 1111 1768 1141 quam
1796 1101 1951 1132 iustitiam
1975 1109 2032 1133 aut
2061 1102 2251 1143 pudicitiam
2281 1104 2442 1141 deserere,

1359 1151 1406 1175 est
1428 1153 1517 1176 actus
1537 1146 1764 1187 temperantiae
1781 1157 1836 1177 seu
1854 1146 1993 1178 iustitiae
2007 1147 2195 1188 imperative
2217 1155 2361 1180 tantum:
2387 1149 2443 1180 eli-

1360 1190 1452 1221 citive
1477 1190 1562 1221 enim
1587 1201 1714 1232 semper
1733 1198 1780 1222 est
1803 1191 2015 1229 fortitudinis,
2040 1200 2096 1224 aut
2118 1193 2355 1234 principiorum
2379 1193 2443 1225 for-

1359 1235 1515 1266 titudinis.
1540 1236 1630 1267 Patet
1653 1243 1762 1267 autern
1777 1236 1951 1277 imperium
1968 1247 2005 1268 ex
2028 1237 2091 1269 hoc
2115 1239 2206 1279 quod
2221 1237 2254 1269 in
2271 1239 2443 1270 subeundo

1358 1279 1547 1310 huiusmodi
1578 1281 1692 1312 mortis
1727 1281 1868 1322 pericula
1907 1282 2009 1322 magis
2039 1290 2087 1314 est
2121 1289 2297 1324 temperata
2328 1283 2444 1315 mulier

1359 1335 1457 1366 quam
1483 1324 1584 1362 fortis,
1602 1332 1633 1356 et
1656 1326 1803 1357 similiter
1826 1327 1927 1368 magis
1944 1335 1991 1358 est
2014 1327 2118 1359 iustus
2141 1328 2237 1359 iudex
2261 1338 2361 1369 quam
2377 1328 2443 1359 for-

1359 1370 1415 1400 tis:
1447 1370 1530 1400 sicut
1553 1372 1610 1411 qui
1628 1370 1776 1412 furatur
1805 1377 1841 1402 ut
1864 1373 2064 1410 moechetur,
2090 1374 2198 1414 magis
2221 1379 2270 1405 est
2292 1374 2444 1405 moechus
2468 1408 2479 1419 ⁸

1360 1425 1457 1455 quam
1474 1414 1542 1455 fur
1554 1415 1581 1446 *.
2236 1447 2239 1450 .

1414 1459 1465 1490 Sic
1481 1467 1590 1490 autem
1614 1470 1647 1491 se
1666 1460 1785 1491 habent
1801 1471 1868 1491 non
1885 1462 2038 1494 habentes
2063 1462 2261 1495 fortitudinis
2284 1463 2442 1500 habitum,

1358 1511 1414 1535 aut
1437 1505 1589 1536 habentes
1613 1512 1645 1536 et
1675 1515 1734 1545 pro
1767 1513 1843 1537 tunc
1872 1516 1912 1537 eo
1937 1517 2003 1538 non
2029 1515 2154 1539 utentes
2178 1517 2217 1539 eo
2242 1508 2343 1538 modo
2374 1518 2443 1550 quo

1357 1549 1456 1580 fortes
1489 1556 1641 1586 utuntur,
1675 1549 1794 1581 scilicet
1829 1558 1962 1592 propter
1991 1554 2082 1593 quod
2117 1553 2263 1593 proxime
2295 1560 2443 1594 oportet,

1357 1595 1489 1635 quando
1507 1595 1633 1626 malunt
1647 1595 1789 1635 pericula
1805 1596 1918 1627 mortis
1934 1597 2040 1628 subire
2052 1607 2152 1639 quam
2164 1598 2317 1629 virtutem
2331 1608 2445 1639 quam-

1358 1649 1499 1680 cumque
1523 1650 1607 1680 quae
1630 1639 1857 1680 impugnatur,
1882 1641 2035 1674 deserere.
2068 1643 2162 1674 Unde
2185 1643 2226 1674 de
2249 1642 2364 1674 talium
2389 1642 2444 1674 tali

1357 1691 1430 1715 actu
1454 1685 1630 1725 loquendo,
1655 1685 1771 1716 dicitur
1793 1687 1885 1727 quod
1906 1687 1978 1718 talis
1993 1694 2093 1724 actus,
2110 1687 2230 1719 scilicet
2245 1688 2341 1719 malle
2357 1697 2443 1719 mor-

1356 1736 1422 1760 tem
1446 1729 1552 1760 subire
1575 1739 1675 1771 quam
1699 1731 1954 1770 temperantiam,
1969 1732 2056 1763 verbi
2071 1733 2180 1772 gratia,
2201 1733 2355 1769 deserere,
2372 1742 2444 1774 spe—

1357 1780 1421 1805 ctat
1444 1773 1579 1805 elicitive
1598 1775 1638 1804 ad
1662 1774 1896 1813 fortitudinem,
1919 1776 2106 1818 imperative
2122 1785 2231 1808 autem
2255 1778 2295 1808 ad
2319 1785 2442 1819 tempe·

1330 1815 1331 1854 ἔ
1356 1818 1504 1850 tantiam.
1537 1819 1577 1849 Et
1600 1819 1633 1849 in
1657 1827 1813 1860 promptu
1837 1821 1918 1852 ratio
1942 1829 2000 1853 est.
2031 1822 2199 1860 Quoniam
2222 1822 2304 1854 sicut
2327 1822 2442 1854 vitium

1357 1863 1494 1902 imperat
1517 1870 1625 1894 actum
1649 1864 1717 1895 vitii
1740 1865 1886 1902 alterius,
1911 1873 1948 1896 ut
1970 1876 2046 1898 cum
2069 1867 2143 1908 quis
2173 1874 2305 1909 propter
2326 1867 2442 1899 intem-

1357 1907 1552 1947 perantiam,
1579 1914 1656 1948 puta
1685 1909 1830 1940 lascivias
1857 1917 1996 1948 amatas,
2020 1911 2053 1942 in
2076 1911 2163 1942 bello
2186 1912 2323 1944 existens
2350 1912 2444 1945 timet

1357 1958 1389 1982 et
1412 1951 1495 1992 fugit
1522 1950 1615 1994 (tunc
1638 1953 1726 1983 enim
1749 1954 1993 1994 intemperantia
2024 1955 2161 1996 imperat
2190 1964 2299 1988 actum
2322 1957 2443 1989 timidi·

1357 1996 1439 2032 tatis,
1464 2003 1496 2027 et
1519 1995 1595 2037 fuga
1618 2003 1666 2028 est
1689 2004 1778 2029 actus
1801 1999 1980 2031 timiditatis
2013 2000 2148 2032 elicitive
2175 2010 2213 2032 ex
2236 2011 2295 2032 sua
2318 2007 2443 2040 natura.

1356 2047 1387 2072 et
1410 2048 1458 2072 est
1471 2048 1561 2072 actus
1589 2041 1854 2083 intemperantiae
1879 2044 2083 2085 imperative,
2107 2045 2185 2087 quia
2214 2045 2291 2087 fuga
2314 2046 2444 2079 ordina-

1357 2093 1409 2117 tur
1425 2086 1464 2117 ad
1489 2085 1588 2118 finem
1603 2087 1895 2132 intemperantiae),
1911 2089 1955 2121 ita
1968 2090 2069 2121 virtus
2084 2090 2222 2131 imperat
2236 2091 2368 2123 alterius
2382 2091 2444 2124 vir-

1357 2130 1434 2162 tutis
1457 2138 1575 2162 actum.
1610 2135 1656 2163 Ac
1681 2143 1738 2173 per
1770 2134 1849 2171 hoc,
1875 2134 1901 2165 si
1925 2135 1965 2166 de
1988 2134 2108 2167 iustitia
2138 2145 2248 2177 pugna
2272 2145 2337 2175 est,
2362 2143 2442 2178 puta

1357 2186 1433 2207 cum
1448 2175 1545 2207 iudex
1560 2176 1770 2218 impugnatur
1790 2179 1830 2210 ad
1847 2187 1986 2211 mortem
2006 2190 2110 2222 usque
2133 2180 2160 2212 si
2176 2180 2252 2213 facit
2274 2181 2442 2222 iustitiam,

1355 2228 1433 2253 tunc
1456 2221 1586 2258 iustitia,
1611 2222 1802 2263 imperando
1826 2223 2022 2256 fortitudinis
2045 2232 2169 2263 actum,
2194 2225 2270 2258 facit
2298 2226 2443 2259 iudicem

1357 2266 1513 2298 audacem
1528 2273 1559 2297 et
1585 2266 1773 2299 intimidum
1792 2275 1829 2300 ut
1852 2276 1997 2310 oportet,
2018 2276 2077 2301 etc.
2102 2270 2144 2302 Et
2165 2270 2210 2302 sic
2233 2271 2339 2303 subire
2362 2279 2442 2304 tune

1356 2310 1499 2352 pericula
1529 2312 1641 2343 mortis
1665 2319 1712 2344 est
1739 2320 1829 2345 actus
1851 2314 1989 2346 iustitiae
2016 2314 2222 2357 imperative,
2241 2316 2318 2358 quia
2341 2317 2381 2348 ad
2404 2316 2442 2349 fi·

1357 2366 1434 2388 nem
1449 2356 1588 2388 iustitiae
1605 2357 1710 2388 subire
1727 2365 1866 2390 mortem
1881 2359 2065 2391 ordinatur:
2089 2369 2218 2401 semper
2232 2361 2319 2392 enim
2343 2361 2442 2403 respi-

1356 2401 1443 2433 ciens
1473 2401 1571 2433 finem
1598 2410 1731 2444 propter
1744 2413 1843 2445 quem
1867 2410 1957 2436 actus
1984 2411 2170 2437 exercentur
2192 2412 2282 2443 tunc,
2303 2407 2442 2448 imperat

1356 2453 1446 2478 actus
1457 2446 1514 2488 qui
1531 2447 1722 2479 ordinantur
1733 2449 1774 2479 ad
1789 2447 1888 2480 finem
1904 2449 2010 2481 illum.
2021 2466 2044 2474 -
2056 2450 2213 2482 Notanter
2228 2458 2338 2482 autem
2354 2451 2440 2489 dico,

1356 2497 1445 2523 tunc.
1469 2491 1555 2530 Quia
1579 2492 1653 2524 licet
1668 2493 1855 2534 simpliciter
1878 2500 1910 2525 et
1932 2494 2080 2527 absolute
2100 2494 2258 2536 imperare
2281 2496 2322 2527 sit
2343 2505 2440 2538 supe·

1356 2536 1449 2568 rioris
1464 2537 1590 2569 virtutis
1606 2544 1637 2568 et
1652 2537 1801 2579 imperari
1817 2538 1986 2575 inferioris,
1999 2539 2076 2582 quia
2093 2540 2133 2575 ad
2149 2539 2248 2572 finem
2264 2541 2441 2582 superioris

1356 2581 1546 2613 ordinantur
1568 2581 1718 2613 inferiora
1741 2590 1773 2614 et
1795 2593 1862 2614 non
1887 2593 1904 2615 e
1928 2591 2055 2622 contra,
2081 2584 2107 2615 si
2134 2591 2296 2626 spectetur
2318 2586 2359 2617 ad
2389 2596 2442 2618 or·

1357 2626 1467 2658 dinem
1482 2626 1639 2658 virtutum
1655 2637 1692 2658 ex
1715 2635 1804 2668 parte
1821 2638 1948 2666 earum;
1973 2629 1999 2660 si
2019 2636 2127 2661 tamen
2143 2639 2181 2661 ex
2197 2637 2286 2671 parte
2302 2640 2440 2672 operan-

1355 2671 1396 2704 tis
1420 2671 1501 2702 ordo
1525 2671 1745 2704 consideretur
1755 2673 1924 2710 virtutum,
1943 2674 2101 2715 contingit
2115 2676 2295 2707 secundum
2320 2683 2440 2708 rectam

1357 2716 1515 2750 rationem
1539 2727 1635 2752 nunc,
1651 2717 1684 2748 in
1708 2717 1761 2748 tali
1786 2719 1980 2750 necessitatis
2003 2719 2158 2757 articulo,
2181 2720 2335 2752 virtutem
2357 2721 2440 2753 infe·

1356 2761 1475 2793 riorem
1498 2761 1655 2802 imperare
1687 2762 1782 2794 alicui
1812 2763 1988 2804 superiori,
2013 2772 2049 2796 ut
2079 2765 2325 2807 temperantiam
2355 2765 2440 2798 actui

1358 2806 1569 2838 fortitudinis:
1594 2807 1751 2848 quoniam
1775 2814 1806 2839 et
1830 2808 1892 2839 hoc
1909 2815 1992 2840 recta
2016 2809 2098 2841 ratio
2121 2810 2228 2848 habet,
2246 2818 2282 2843 ut
2306 2810 2340 2841 in
2363 2810 2438 2842 arti·

1357 2851 1432 2883 culo
1457 2851 1650 2883 necessitatis
1674 2852 1866 2884 constitutae
1889 2854 2127 2895 temperantiae,
2143 2855 2221 2897 quia
2243 2854 2364 2887 scilicet
2386 2865 2441 2887 ve-

1357 2897 1523 2928 hementer
1546 2897 1773 2937 impugnatur,
1798 2898 1912 2930 serviat
1934 2908 1995 2939 pro
2018 2906 2095 2930 tunc
2117 2906 2208 2932 actus
2231 2899 2440 2938 fortitudinis,

1358 2941 1389 2972 in
1406 2941 1519 2972 ordine
1542 2942 1582 2972 ad
1599 2951 1809 2973 communem
1834 2943 2001 2985 utriusque
2023 2942 2121 2975 finem
2144 2944 2356 2986 superiorem,
2380 2944 2439 2977 oci-

1356 2986 1430 3018 licet
1445 2986 1576 3018 rationis
1591 2987 1716 3018 bonum
1732 2988 1902 3020 tuendum.
1918 2989 1992 3020 Hoc
2007 2988 2095 3020 enim
2111 2998 2179 3021 non
2194 2995 2243 3021 est
2258 2996 2439 3031 temperau-

1357 3031 1434 3062 tiam
1450 3031 1606 3072 imperare
1623 3031 1814 3069 fortitudini,
1832 3042 1937 3085 neque
1962 3032 2160 3065 fortitudinis
2178 3034 2264 3066 actui
2279 3041 2439 3076 quatenus

1358 3075 1554 3107 fortitudinis
1569 3083 1632 3107 est:
1653 3077 1709 3107 sed
1733 3077 1818 3108 actui
1833 3087 1889 3119 qui
1912 3086 1950 3109 ex
1965 3087 2026 3109 suo
2045 3087 2162 3119 genere
2177 3085 2226 3110 est
2243 3085 2333 3111 actus
2349 3078 2439 3111 forti-

1357 3120 1477 3152 tudinis
1492 3128 1523 3152 et
1538 3130 1605 3152 non
1629 3120 1665 3152 fit
1681 3130 1720 3152 eo
1743 3122 1845 3154 modo
1861 3131 1929 3164 quo
1946 3121 2044 3154 fortes
2068 3123 2187 3155 habent
2209 3123 2316 3161 illum,
2337 3133 2437 3165 quem

1356 3172 1481 3197 constat
1505 3175 1572 3197 esse
1596 3173 1705 3197 actum
1719 3166 1954 3207 imperfectum.
1985 3167 2027 3198 Et
2048 3177 2159 3199 rursus
2177 3167 2352 3209 imperium
2376 3168 2439 3200 hoc

1356 3220 1394 3242 ex
1417 3217 1506 3251 parte
1530 3210 1692 3251 operantis
1718 3211 1876 3252 provenit,
1900 3217 1932 3242 et
1954 3221 2021 3243 non
2045 3218 2177 3244 actuum
2200 3211 2388 3254 imperantis
2407 3220 2439 3245 et

1356 3255 1401 3286 im
1426 3255 1513 3286 erati.

1403 3265 1496 3331 lell.
1525 3299 1576 3330 Ad
1609 3299 1751 3340 primum
1782 3306 1891 3332 autem
1919 3307 2147 3341 argumentum
2180 3301 2213 3333 in
2243 3302 2438 3343 oppositum

1356 3343 1564 3375 subiunctum
1589 3343 1782 3384 applicando
1806 3344 1846 3375 ad
1870 3345 2055 3386 exemplum
2071 3345 2214 3377 mulieris
2237 3353 2375 3379 tentatae
2397 3348 2438 3380 de

1355 3388 1513 3420 adulterio
1527 3388 1555 3425 ¹⁸¹,
1579 3388 1696 3420 dicitur
1718 3388 1834 3430 primo,
1858 3389 1949 3430 quod
1975 3389 2174 3431 impossibile
2197 3398 2245 3423 est
2268 3392 2438 3424 mulierem

1356 3433 1471 3464 habere
1494 3433 1721 3474 temperantiae
1742 3433 1893 3465 virtutem
1912 3433 1946 3464 in
1961 3443 2030 3465 esse
2046 3435 2210 3476 completo
2233 3442 2265 3468 et
2283 3436 2437 3479 perfeeto,

1356 3478 1451 3518 quale
1475 3483 1522 3508 est
1544 3487 1613 3508 esse
1638 3477 1824 3515 heroicum.
1849 3484 1881 3509 et
1911 3487 1977 3510 non
2009 3478 2123 3511 habere
2154 3490 2269 3512 omnes
2296 3488 2438 3523 quatuor

1356 3521 1530 3553 cardinales
1553 3521 1702 3553 virtutes:
1734 3522 1890 3563 quoniam
1914 3522 2045 3554 virtutes
2069 3530 2146 3556 sunt
2168 3535 2341 3558 connexae.
2373 3525 2436 3569 Sed

1356 3566 1432 3607 quia
1455 3575 1604 3607 praesens
1628 3566 1795 3607 negotium
1819 3576 1886 3598 non
1910 3574 1981 3608 eget
2005 3569 2138 3601 transitu
2162 3570 2202 3602 ad
2226 3570 2320 3602 istam
2339 3570 2434 3602 aliam

1357 3610 1591 3652 quaestionem,
1608 3610 1724 3642 dicitur
1739 3612 1882 3643 secundo
1905 3613 2006 3654 quod.
2024 3613 2099 3645 dato
2123 3615 2213 3656 quod
2233 3615 2357 3647 nullam
2380 3614 2435 3646 h·-

1358 3656 1430 3686 beat
1452 3655 1620 3692 virtutem,
1645 3656 1740 3687 habet
1762 3663 1868 3687 tamen
1893 3665 1982 3688 actus
2013 3658 2069 3699 qui
2097 3659 2314 3691 attribuuntur
2336 3659 2435 3691 vinu—

2471 658 2478 665 ·
2494 655 2555 677 Ibid.
2569 661 2625 677 num
2640 662 2663 677 v.

2464 3403 2475 3415 ⁸
2484 3402 2558 3426 Nu·
2572 3407 2600 3430 a.
2615 3401 2677 3426 Peo-

2464 3429 2536 3453 baur

2460 3461 2532 3485 pare.
