2768 4198
78 532 88 541 ⁸
102 531 136 552 et.
157 535 221 552 num.
237 535 262 551 ιι.

80 791 144 813 ⁸Cf.
166 790 236 818 ibid.
256 789 295 811 Ad

80 817 211 840 secundm.

81 961 140 984 ’.Εἰ
155 966 220 983 ιιιιιιι.
235 966 270 982 ιιι.

80 1009 137 1058 aa
141 1009 228 1058 am
237 1014 294 1030 00⁰·

81 1459 216 1482 ·ooudu.
231 1459 253 1482 8.

82 1749 143 1788 ⁸⁴05.
157 1759 222 1787 nuh.
236 1769 267 1786 nv.

116 2961 186 2983 Num.
207 2966 223 2986 ι,
244 2960 302 2982 Ter—

981 260 1248 306 QUAESTIO
1279 260 1419 308 CLIV,
1449 261 1746 298 ARTICULUS
1775 261 1845 297 V11

2433 262 2506 298 235

996 381 1330 415 Commentariis
1353 382 1604 415 cardinalis
1627 383 1829 416 Caietam

322 483 368 546 la
393 472 526 503 articulo
554 471 692 511 septimo
723 471 867 502 eiusdem
898 471 1386 512 centesimaequinquagesimae—

349 523 479 558 quartae
502 515 707 557 quaestioniS,
733 522 904 546 occurrunt
924 515 1020 545 dubia
1035 523 1184 556 quatuor.
1208 517 1354 546 Primum
1370 516 1387 535 *

319 562 398 593 circa
413 560 605 602 principium
623 560 764 600 corporis
784 559 916 590 articuli.
941 560 1016 597 Quo
1033 567 1125 600 pacto
1146 567 1229 590 stant
1248 560 1306 591 ista
1322 561 1387 591 duo

319 606 430 636 simul:
455 605 573 636 scilicet
596 605 686 645 quod
709 611 817 644 raptus
837 604 876 635 sit
892 614 955 634 una
972 605 1091 645 species
1114 604 1256 635 luxuriae
1280 605 1387 635 distin·
1414 629 1416 636 .

319 658 368 681 cta
390 650 429 680 ab
453 649 537 686 aliis;
563 655 593 679 et
615 655 722 679 tamen
747 648 904 679 coincidat
933 659 1007 679 cum
1039 656 1150 689 stupro
1175 656 1205 680 et
1228 649 1295 680 aliis
1319 659 1388 689 spe-

320 695 426 725 ciebus
449 691 607 724 luxuriae?
623 693 749 734 Species
771 703 909 734 namque
927 693 1069 724 eiusdem
1085 693 1206 733 generis
1221 703 1286 724 non
1303 693 1388 724 coin-

320 739 438 769 cidunt.

375 782 558 814 Secundum
586 782 717 813 dubium
733 782 750 800 *
774 788 821 812 est
843 782 875 812 in
899 782 1107 822 responsione
1131 782 1170 812 ad
1194 782 1388 813 secundum:

319 827 396 868 quia
411 826 601 867 magnitudo
617 826 759 857 luxuriae
775 826 943 867 impellens
966 826 1133 857 hominem
1151 826 1191 856 ad
1205 826 1391 857 violentiam

319 871 535 908 inferendam,
565 881 631 901 non
654 871 754 901 variat
781 870 919 911 speciem
942 871 1095 907 luxuriae.
1126 870 1229 901 Maior
1252 870 1338 901 enim
1361 877 1391 901 et

321 916 428 946 minor
449 915 573 947 luxuria
589 925 655 946 non
679 914 827 946 differunt
842 915 946 956 specie
966 925 1003 946 ex
1027 915 1140 945 maiori
1160 915 1389 955 magnitudine.

380 961 522 991 Tertium
554 959 684 991 dubium
701 959 719 979 *
742 966 790 990 est
821 960 854 990 in
883 959 1091 1000 responsione
1119 959 1159 989 acl
1186 959 1329 995 tertium,
1354 969 1391 990 ex

320 1004 458 1035 Martino
475 1005 494 1024 *
526 1004 736 1046 impugnante
765 1004 844 1035 illud
874 1004 1012 1035 litterae:
1042 1004 1112 1034 Nec
1138 1009 1245 1034 tamen
1278 1008 1392 1044 raptus

320 1050 562 1080 matrimonium
596 1050 659 1079 iam
692 1054 893 1079 contractum
923 1048 1056 1079 dirimit.
1088 1047 1202 1087 Arguit
1232 1048 1391 1088 siquidem

320 1095 410 1134 quod
434 1093 677 1124 matrimonium
706 1093 788 1124 inter
819 1099 979 1133 raptorem
1003 1098 1034 1122 et
1056 1099 1179 1131 raptam
1202 1092 1242 1122 sit
1265 1092 1391 1122 nullum

320 1145 393 1169 ante
416 1138 609 1178 condignam
625 1137 865 1178 poenitentiam,
881 1136 978 1168 etiam
994 1145 1151 1166 consensu
1175 1136 1300 1176 puellae
1319 1142 1393 1176 post

321 1189 448 1223 raptum
472 1182 649 1213 accedente.
684 1180 987 1212 Excommunicatus
1011 1190 1078 1210 non
1101 1186 1148 1210 est
1172 1189 1269 1220 capax
1292 1190 1391 1211 sacra-

321 1234 519 1257 mentorum:
554 1233 662 1267 raptor
689 1232 796 1256 autem
827 1231 874 1255 est
902 1223 1213 1260 excommunicatus,
1239 1233 1296 1254 nec
1320 1231 1392 1254 ante

322 1271 513 1312 condignam
538 1270 766 1311 poenitentiam
797 1269 918 1300 absolvi
942 1268 1044 1299 debet.
1074 1268 1192 1299 Probat
1215 1275 1323 1299 autem
1347 1279 1393 1298 ra-

318 1319 448 1356 ptorem
458 1316 531 1346 ‘esse
547 1314 869 1350 excommunicatum,
886 1322 942 1354 per
956 1312 1076 1343 multos
1099 1319 1202 1343 textus
1221 1312 1393 1349 xxwi,

321 1370 377 1401 qu.
401 1371 437 1396 ιι,
462 1359 581 1390 scilicet
609 1369 676 1399 cap.
700 1359 785 1395 Eos,
811 1368 880 1398 cap.
907 1357 959 1388 De
982 1357 1122 1397 puellis,
1147 1367 1216 1396 cap.
1243 1357 1280 1387 Si
1306 1358 1392 1397 quis,

322 1414 390 1455 cap.
407 1404 539 1442 Nullus,
555 1413 623 1445 cap.
640 1403 676 1433 Si
690 1408 810 1439 autem,
828 1409 859 1432 et
873 1411 942 1441 cap.
959 1401 1094 1432 Placuit.
1119 1418 1140 1423 -
1164 1401 1230 1432 Nec
1252 1401 1331 1437 iura,
1347 1401 1394 1431 in-

322 1448 393 1491 quit
415 1449 432 1468 *
446 1472 454 1485 ‚
479 1448 538 1479 ista
561 1448 711 1487 abrogata
734 1453 818 1477 sunt.
857 1445 923 1476 Nec
952 1445 996 1476 eis
1020 1444 1206 1476 contradicit
1236 1445 1394 1486 Hierony-

323 1503 406 1524 mus.
438 1492 524 1530 Quia
547 1491 731 1523 Concilium
755 1490 835 1521 illud
859 1499 925 1520 non
953 1489 1100 1530 prohibet
1123 1489 1261 1520 totaliter
1285 1490 1394 1520 coniu-

321 1537 412 1578 gium
435 1537 516 1567 inter
534 1542 695 1577 raptorem
719 1541 750 1565 et
772 1541 910 1575 raptam:
935 1533 990 1564 sed
1014 1533 1154 1564 decernit
1169 1544 1235 1564 non
1252 1533 1395 1565 sufficere

322 1582 362 1613 ad
385 1582 503 1612 horum
531 1580 718 1620 coniugium
746 1578 944 1610 dotationem
958 1601 965 1614 ,
990 1584 1160 1618 parentum
1191 1588 1394 1615 consensum,

322 1625 560 1666 susceptionem
586 1623 767 1664 nuptialem
775 1632 784 1660 ;
815 1623 891 1663 quia
915 1622 1084 1663 requiritur
1107 1623 1196 1664 quod
1227 1630 1316 1663 rapta
1339 1634 1395 1663 pa—

321 1670 463 1702 rentibus
485 1669 682 1704 restituatur,
707 1675 738 1699 et
760 1674 869 1708 raptor
892 1667 1107 1707 poenitentiae
1132 1667 1279 1708 publicae
1302 1668 1396 1699 subii-

322 1714 440 1752 cietur,
463 1713 606 1754 alioquin
630 1712 771 1743 manebit
790 1711 1096 1743 excommunicatus.

381 1758 542 1796 Quartum
565 1757 696 1788 dubium
711 1756 730 1776 *
753 1763 800 1787 est
822 1756 855 1786 in
886 1756 998 1787 eadem
1028 1755 1236 1796 responsione
1267 1757 1307 1786 ad
1335 1763 1395 1787 ter-

321 1803 424 1839 tium,
449 1802 528 1834 circa
552 1801 650 1832 illud:
682 1801 808 1842 Raptus
832 1800 963 1840 impedit
993 1801 1232 1831 matrimonium
1267 1806 1396 1831 contra-

321 1848 472 1879 hendum.
497 1846 661 1884 Quoniam
685 1855 752 1876 non
775 1845 900 1875 videtur
923 1845 985 1875 hoc
1007 1855 1121 1875 verum
1145 1844 1204 1874 nisi
1224 1844 1263 1875 sit
1287 1853 1396 1885 raptus
1423 1848 1424 1851 ’

321 1892 442 1924 alienae
465 1900 612 1931 sponsae,
638 1897 674 1921 ut
697 1890 810 1920 dicitur
832 1889 961 1925 XXVII,
986 1899 1040 1930 qu.
1065 1899 1098 1925 11,
1123 1889 1297 1920 Statutum.

378 1936 416 1967 11.
442 1935 493 1966 Ad
513 1936 654 1976 primum
678 1934 808 1965 dubium
832 1933 946 1964 dicitur
969 1934 1068 1974 quod,
1089 1943 1163 1964 cum
1183 1933 1302 1974 species
1326 1943 1395 1964 mo-

321 1979 437 2012 ralium
452 1979 515 2010 sint
537 1978 709 2009 accidentia
729 1985 859 2009 actuum
883 1977 1111 2013 humanorum,
1129 1987 1195 2008 non
1212 1977 1396 2008 inconvenit

321 2024 428 2065 plures
445 2023 565 2064 species
590 2022 670 2054 circa
691 2023 830 2053 eundem
854 2028 960 2053 actum
985 2032 1181 2058 concurrere,
1199 2022 1288 2053 etsie
1312 2021 1396 2052 coin-

322 2068 424 2100 cidere
455 2067 676 2103 materialiter,
701 2077 767 2097 non
799 2066 984 2098 formaliter.
1017 2066 1059 2096 Et
1084 2066 1146 2096 hoc
1177 2067 1277 2097 modo
1310 2066 1396 2097 idem

323 2113 513 2145 concubitus
537 2118 583 2142 est
606 2111 639 2141 in
663 2111 766 2152 specie
790 2111 906 2151 stupri,
930 2110 1006 2151 quia
1029 2117 1077 2141 est
1099 2110 1206 2141 illicita
1230 2110 1395 2141 defloratio

323 2157 464 2198 virginis;
489 2163 520 2187 et
542 2156 575 2187 in
598 2155 702 2196 specie
726 2162 844 2196 raptus,
864 2155 941 2196 quia
963 2154 1132 2186 violentus.
1160 2155 1201 2186 Et
1224 2155 1327 2186 simile
1350 2162 1397 2186 est
1422 2179 1423 2182 ,

323 2202 363 2233 de
385 2200 554 2237 adulterio,
578 2209 653 2231 cum
677 2200 797 2240 rapitur
820 2199 923 2230 aliena
946 2199 1074 2230 coniux.

380 2246 431 2277 Ad
453 2245 628 2277 secundum
651 2244 783 2275 dubium
813 2243 927 2274 dicitur
950 2243 1039 2284 quod
1067 2250 1193 2283 raptus,
1218 2243 1395 2274 secundum

323 2289 421 2322 finem
439 2289 652 2330 significatum
667 2288 852 2324 formaliter,
866 2287 998 2328 ponitur
1013 2287 1133 2327 species
1147 2287 1301 2324 luxuriae,
1316 2287 1396 2318 sicut

323 2334 517 2367 adulterium
541 2340 571 2364 et
594 2333 725 2363 similia:
750 2332 928 2363 secundum
952 2338 1060 2362 autem
1084 2331 1303 2363 conditionem
1328 2331 1396 2362 eius

323 2379 413 2421 quod
437 2385 484 2409 est
498 2378 539 2408 ad
554 2377 663 2412 finem,
680 2377 770 2418 quod
793 2377 890 2407 etiam
904 2375 1099 2416 significatur
1121 2383 1157 2407 ut
1180 2377 1320 2412 materia,
1338 2387 1396 2416 po-

322 2424 409 2455 nitur
431 2423 491 2453 sub
508 2422 627 2462 rapina,
645 2421 726 2453 sicut
744 2421 938 2452 adulterium
952 2421 1011 2452 sub
1035 2421 1243 2462 usurpatione
1259 2421 1303 2451 rei
1323 2421 1396 2452 alie·
1422 2423 1425 2444 ὲ

323 2478 392 2499 nae.
423 2468 490 2498 Nec
521 2467 554 2497 in
580 2466 684 2497 littera
714 2465 903 2506 oppositum
930 2466 1102 2496 docemur:
1133 2467 1189 2496 sed
1219 2465 1398 2496 ostenditur

324 2512 413 2554 quod
446 2521 512 2541 non
541 2511 676 2541 omnino
704 2520 760 2551 per
788 2510 932 2541 accidens
965 2509 1152 2541 huiusmodi
1181 2510 1397 2541 deformitates

323 2556 495 2587 iniustitiae
519 2555 736 2595 adiunguntur
759 2554 918 2590 luxuriae,
942 2554 1098 2595 quoniam
1121 2561 1211 2586 tanto
1236 2555 1339 2585 maior
1362 2564 1398 2585 ac

325 2600 450 2642 gravior
474 2605 520 2630 est
542 2598 667 2630 luxuria
696 2605 818 2639 quanto
848 2598 956 2628 minus
979 2606 1068 2629 curat
1091 2598 1196 2629 subire
1226 2598 1398 2630 iniustitiae

326 2645 478 2681 offensas,
503 2643 657 2684 pericula,
682 2650 739 2673 etc.
766 2643 807 2673 Et
837 2653 903 2674 non
928 2642 1105 2674 ostenditur
1128 2653 1184 2683 per
1207 2643 1285 2674 haec
1308 2644 1396 2684 quod

326 2690 395 2731 ipsa
418 2687 543 2719 luxuria
566 2698 602 2718 ex
626 2697 683 2717 sua
706 2687 941 2727 magnitudine,
966 2694 1022 2718 aut
1044 2697 1252 2728 quocumque
1275 2687 1324 2718 sui
1347 2697 1398 2728 ge-

327 2734 424 2770 neris,
448 2733 562 2763 habeat
585 2730 745 2772 specificas
775 2730 963 2762 differentias
987 2741 1043 2772 per
1066 2741 1098 2762 se
1122 2731 1155 2762 in
1183 2741 1242 2762 suo
1266 2741 1397 2771 genere:

327 2785 363 2808 ut
386 2778 419 2808 in
443 2777 548 2818 primo
578 2776 674 2807 huius
698 2775 893 2816 quaestionis
917 2775 1064 2811 articulo,
1090 2776 1129 2805 ad
1154 2776 1341 2812 secundum,
1366 2777 1398 2806 in

327 2822 429 2854 littera
453 2822 564 2857 habes;
589 2820 691 2851 simile
715 2826 761 2850 est
784 2819 870 2850 enim
887 2820 925 2850 de
949 2819 1115 2856 adulterio,
1139 2820 1311 2860 sacrilegio,
1329 2827 1398 2857 etc„

326 2866 492 2898 iudicium.
517 2866 597 2896 Lato
613 2865 771 2905 siquidem
786 2865 956 2900 vocabulo,
977 2864 1154 2904 specierum
1175 2864 1318 2895 luxuriae
1333 2875 1399 2895 sor-

328 2911 385 2943 tita
407 2917 483 2941 sunt
505 2909 648 2940 nomina.

385 2955 437 2986 111.
461 2954 512 2985 Ad
536 2955 665 2985 tertium
689 2953 819 2983 dubium
836 2952 854 2971 *
877 2952 991 2983 dicitur
1018 2952 1107 2993 quod
1130 2959 1196 2982 tarn
1225 2952 1342 2989 maior,
1366 2953 1398 2983 in

329 3009 424 3030 sensu
447 2999 480 3029 in
504 3008 570 3040 quo
591 2997 638 3036 fit,
658 3007 756 3038 quam
773 2997 888 3033 minor,
907 3003 953 3027 est
968 2996 1055 3027 falsa.
1079 2997 1163 3026 Nam
1179 2996 1251 3027 licet
1273 3006 1399 3027 excom-

329 3044 510 3074 municatus
533 3043 572 3073 sit
595 3042 736 3082 incapax,
760 3041 822 3072 hoc
846 3048 892 3072 est
915 3040 1061 3072 exclusus
1084 3051 1103 3070 a
1126 3041 1337 3077 sacramentis,
1357 3041 1400 3072 ita

329 3088 419 3128 quod
442 3097 508 3118 non
532 3087 592 3118 nisi
621 3097 696 3117 cum
729 3093 859 3126 peccato
889 3085 1016 3116 mortali
1047 3091 1152 3125 potest
1184 3085 1331 3115 accedere
1360 3086 1400 3115 ad

330 3140 380 3168 ea;
405 3142 471 3162 non
494 3138 602 3162 tamen
618 3138 664 3162 est
687 3131 819 3171 incapax
835 3130 878 3160 sic
898 3137 943 3166 ut,
961 3129 986 3160 si
1010 3129 1139 3169 recipiat
1155 3135 1398 3166 sacramentum,

330 3175 411 3206 illud
434 3175 473 3207 sit
492 3175 628 3206 nullum.
652 3176 737 3206 Nam
753 3175 778 3205 si
802 3174 1097 3205 excommunicatus
1118 3172 1323 3204 confirmetur
1345 3181 1400 3204 aut

332 3219 505 3256 ordinetur,
528 3229 595 3250 non
618 3226 787 3260 propterea
809 3225 1042 3249 sacramentum
1066 3224 1113 3248 est
1135 3217 1278 3248 nullum:
1313 3218 1399 3248 unde

332 3273 398 3294 non
422 3264 514 3294 debet
535 3263 648 3295 iterari.
672 3264 713 3295 Et
736 3263 879 3294 similiter
902 3263 927 3293 si
947 3262 1142 3293 matrimonii
1165 3269 1399 3293 sacramentum
1425 3271 1427 3276 ’

333 3307 497 3343 contrahit,
517 3307 658 3338 validum
682 3315 737 3340 est.
762 3308 855 3340 Unde
879 3315 909 3339 et
933 3314 1056 3338 constat
1079 3307 1168 3347 quod
1191 3307 1272 3337 inter
1294 3306 1396 3347 impe-

1443 472 1582 502 dimenta
1606 471 1811 512 impedientia
1840 471 2082 503 matrimonium
2111 470 2363 502 contrahendum
2388 478 2418 501 et
2442 471 2513 501 diri-

1443 517 1561 547 mentia
1585 523 1793 553 contractum,
1819 526 1884 546 non
1916 523 2119 556 computatur
2148 515 2453 546 excommunicatio:
2479 523 2513 546 ut

1444 567 1528 601 patet
1551 561 1583 590 in
1608 561 1651 591 IV
1675 561 1925 591 Sententiarum.
1942 560 1960 580 *

1499 606 1622 645 Raptor
1637 615 1769 646 quoque
1785 615 1850 635 non
1869 612 1915 635 est
1930 605 2001 645 ipso
2026 604 2111 635 facto
2127 604 2435 634 excommunicatus:
2460 605 2514 634 sed

1444 649 1769 680 excommunicandus
1784 649 1815 679 in
1840 649 1962 680 iuribus
1977 648 2117 689 allegatis
2132 648 2246 679 dicitur
2269 648 2312 679 ita
2328 648 2409 678 clare
2425 649 2514 690 quod

1444 704 1510 724 non
1535 701 1581 724 est
1597 704 1679 734 opus
1703 694 1810 734 glossa
1826 693 1885 724 nisi
1909 693 1941 724 in
1958 703 2025 733 cap.
2051 693 2087 723 Si
2101 694 2184 734 quis,
2209 692 2263 723 ubi
2288 692 2410 728 dicitur,
2427 694 2514 723 Ana-

1445 739 1549 769 thema
1581 739 1639 775 sit,
1665 739 1754 778 quod
1777 738 1948 777 glossatur:
1978 738 2156 768 Anathema
2176 737 2254 778 fiat.
2285 737 2384 774 Quod
2415 747 2452 768 ex
2475 747 2514 768 eo

1444 790 1529 823 patet
1549 783 1638 823 quod
1662 783 1846 813 collectores
1879 792 2085 813 cmsurarum
2108 782 2141 811 in
2165 782 2233 812 iure
2263 782 2459 812 conveniunt
2482 781 2514 812 in

1444 828 1506 858 hoc
1521 827 1611 867 quod
1635 834 1743 866 raptor
1758 837 1825 857 non
1849 833 1895 857 est
1912 826 2215 857 excommunicatus.
2232 843 2253 849 -
2273 826 2391 857 Mirum
2407 833 2513 857 autem

1446 878 1492 902 est
1508 872 1547 902 de
1563 871 1625 902 hoc
1650 871 1792 907 homine,
1812 871 1901 911 quod
1922 871 1987 901 duo
2003 870 2232 911 impedimenta
2255 871 2433 901 dirimentia
2448 881 2516 900 ma-

1445 916 1632 947 trimonium
1657 915 1789 946 adiicere
1813 925 1845 945 se
1870 915 2027 945 sexdecim
2051 925 2068 944 a
2087 921 2154 945 tota
2170 914 2308 945 Ecclesia
2333 914 2515 956 approbatis

1446 970 1512 990 non
1529 959 1707 995 adverterit,
1725 958 1843 989 scilicet
1866 959 2229 989 excommunicationem
2254 966 2284 990 et
2308 966 2444 1000 raptum,
2463 966 2517 990 aut

1446 1014 1549 1035 unum
1574 1003 1792 1043 compositum
1817 1013 1854 1033 ex
1877 1010 2024 1043 utroque.

1502 1048 1552 1078 Ad
1576 1047 1608 1078 id
1632 1054 1740 1078 autem
1763 1048 1853 1087 quod
1878 1047 1965 1077 addit
1981 1053 2090 1077 contra
2114 1047 2250 1086 primam
2275 1047 2516 1087 responsionem

1446 1091 1595 1123 Auctoris
1618 1092 1658 1121 ad
1682 1101 1750 1131 cap.
1774 1091 1912 1128 Placuit,
1938 1091 2052 1122 dicitur
2075 1092 2163 1131 quod
2186 1101 2258 1121 vere
2281 1092 2456 1132 capitulum
2481 1092 2516 1121 il-

1445 1137 1502 1167 lud
1518 1146 1555 1166 ex
1572 1135 1719 1166 Concilio
1740 1135 1929 1176 Aquisgrani
1941 1135 1958 1154 *
1977 1142 2023 1165 εει
2037 1136 2240 1175 abrogatum:
2265 1136 2420 1176 quoniam
2441 1146 2515 1166 con-

1447 1187 1508 1211 stat
1527 1180 1617 1221 quod
1641 1189 1707 1210 non
1730 1180 1815 1219 ligat.
1841 1180 1881 1210 Et
1904 1180 1993 1220 quod
2006 1179 2223 1220 Hieronymus
2240 1180 2373 1210 intendit
2397 1187 2517 1210 contra-

1447 1225 1550 1256 rium:
1567 1224 1645 1254 dum
1662 1224 1755 1254 docet
1770 1223 1957 1263 coniugium
1973 1223 2054 1254 inter
2069 1230 2227 1263 raptorem
2241 1231 2272 1254 et
2287 1231 2409 1264 raptam
2425 1234 2518 1265 posse

1448 1278 1515 1300 esse
1539 1268 1719 1308 legitimum
1752 1269 1791 1298 de
1815 1278 1972 1298 consensu
2002 1268 2156 1308 partium;
2182 1275 2211 1298 et
2240 1268 2415 1308 capitulum
2439 1269 2517 1299 illud

1449 1312 1615 1344 manifeste
1639 1313 1748 1343 statuit
1771 1312 1977 1352 oppositum,
2001 1312 2043 1342 ita
2060 1319 2096 1342 ut
2125 1322 2190 1342 non
2215 1312 2254 1343 sit
2277 1323 2373 1353 capax
2397 1313 2519 1353 exposi-

1449 1357 1544 1388 tionis
1563 1356 1701 1387 Martini.
1727 1357 1891 1394 Quoniam
1915 1366 2059 1396 expresse
2083 1356 2229 1396 prohibet
2252 1357 2390 1387 totaliter
2411 1357 2520 1387 coniu-

1449 1401 1540 1442 gium
1563 1401 1643 1431 inter
1667 1408 1827 1441 raptorem
1846 1408 1876 1431 et
1894 1407 2026 1441 raptam,
2052 1401 2147 1431 etiam
2171 1408 2254 1440 post,
2272 1401 2421 1431 dicendo:
2446 1402 2519 1431 Pla-

1450 1447 1516 1477 cuit
1539 1451 1575 1476 ut
1597 1446 1652 1486 qui
1675 1446 1808 1486 rapiunt
1819 1444 1980 1486 feminas,
2002 1445 2189 1475 nullatenus
2212 1455 2267 1476 eas
2289 1446 2427 1476 habeant
2441 1455 2519 1475 uxo—

1450 1500 1522 1528 res,
1546 1490 1692 1530 quamvis
1725 1499 1780 1520 eas
1804 1489 2008 1530 postmodum
2041 1489 2229 1530 nuptialiter
2255 1499 2326 1520 cum
2346 1495 2520 1530 parentum

1451 1543 1608 1566 consensu
1631 1535 1840 1574 susceperint.
1867 1533 1954 1571 Quid
1978 1531 2110 1564 clarius?

1506 1579 1554 1610 De
1578 1578 1736 1619 requisitis
1759 1585 1867 1609 autem
1891 1585 1963 1609 ante
1987 1578 2175 1618 coniugium
2206 1578 2286 1608 inter
2309 1585 2468 1617 raptorem
2493 1584 2523 1608 et

1450 1631 1584 1664 raptam,
1610 1622 1775 1653 sciendum
1799 1630 1845 1653 est
1866 1623 1965 1664 quod,
1986 1623 2068 1653 sicut
2090 1629 2198 1662 raptor
2222 1623 2374 1662 pecuniae
2398 1629 2453 1652 aut
2475 1632 2522 1652 ar-

1450 1667 1550 1699 menti
1567 1667 1738 1698 restituisse
1761 1667 1877 1699 dicitur
1900 1677 1974 1698 cum
1998 1666 2179 1697 satisfecerit
2195 1666 2329 1697 domino
2347 1667 2390 1696 rei
2406 1674 2522 1707 raptae,

1451 1712 1582 1754 quando
1607 1711 1724 1742 scilicet
1747 1711 1820 1742 fecit
1835 1712 1873 1742 de
1889 1721 1922 1742 re
1946 1718 2034 1751 rapta
2058 1718 2093 1741 ut
2110 1710 2260 1741 dominus
2285 1711 2327 1741 rei
2349 1710 2522 1751 disposuit;

1422 1792 1424 1799 ἲ
1450 1757 1494 1787 ita
1517 1762 1625 1796 raptor
1647 1754 1729 1786 filiae
1762 1756 1933 1786 restituisse
1965 1766 2036 1786 eam
2060 1755 2141 1796 patri
2171 1762 2316 1786 censetur
2343 1755 2367 1785 si
2397 1756 2434 1785 de
2459 1755 2523 1785 filia

1451 1800 1609 1841 disposuit
1632 1807 1668 1831 ut
1691 1807 1780 1840 pater
1809 1800 1888 1831 vult.
1918 1800 1959 1830 Et
1981 1807 2165 1840 propterea,
2191 1799 2216 1830 si
2247 1799 2326 1850 patri
2356 1800 2458 1840 placet
2489 1806 2523 1830 ut

1451 1845 1558 1885 puella
1579 1845 1759 1875 voluntaria
1782 1851 1909 1875 maneat
1927 1854 2002 1875 cum
2026 1854 2065 1874 eo
2089 1845 2144 1884 qui
2169 1844 2283 1884 rapuit,
2299 1854 2364 1874 non
2388 1852 2435 1874 est
2458 1854 2523 1874 am-

1450 1889 1535 1930 plius
1558 1889 1750 1920 restitutioni
1775 1889 1944 1919 obnoxius.
1969 1906 1991 1912 -
2015 1889 2062 1919 De
2093 1888 2308 1929 poenitentiae
2332 1896 2439 1918 autem
2463 1898 2522 1929 pu-

1450 1934 1551 1965 blicae
1582 1933 1704 1970 debito,
1737 1943 1803 1963 non
1830 1933 1958 1964 invenio
1987 1933 2076 1974 quod
2099 1933 2252 1974 impediat
2281 1932 2523 1963 matrimonium

1451 1978 1547 2009 etiam
1571 1978 1842 2008 contrahendum:
1874 1977 2029 2018 quoniam
2053 1977 2161 2008 solum
2185 1976 2414 2018 poenitentiam
2442 1977 2523 2007 sole-

1450 2032 1561 2053 mnem
1584 2022 1713 2052 invenio
1743 2021 1897 2062 impedire
1928 2021 2181 2053 contrahendum
2206 2021 2464 2058 matrimonium,
2490 2028 2525 2052 ut

1451 2066 1565 2097 dicitur
1587 2066 1730 2103 XXXIII,
1748 2077 1803 2108 qu.
1820 2077 1852 2103 n,
1878 2076 1946 2106 cap.
1963 2066 2014 2097 De
2029 2066 2089 2104 his,
2110 2065 2164 2096 ubi
2189 2066 2227 2096 de
2244 2066 2438 2106 poenitentia
2459 2076 2523 2096 non

1449 2111 1582 2142 iterabili
1607 2111 1773 2141 manifeste
1797 2117 1845 2141 est
1867 2120 1984 2141 sermo.
2007 2111 2104 2141 Nulla
2128 2117 2235 2141 tamen
2258 2110 2453 2150 poenitentia
2477 2110 2524 2139 di—

1450 2155 1537 2186 rimit
1561 2162 1771 2186 contractum.
1803 2155 1865 2186 Sed
1889 2161 1919 2185 et
1942 2155 1974 2185 in
2005 2154 2076 2185 foro
2110 2154 2337 2190 conscientiae,
2363 2155 2388 2184 si
2419 2161 2526 2195 raptor

1451 2189 1616 2231 confessus
1640 2206 1687 2229 est
1710 2206 1740 2230 et
1763 2199 1946 2235 absolutus,
1971 2205 2002 2229 et
2024 2198 2245 2229 reconciliatus
2270 2199 2393 2238 puellae
2418 2206 2448 2229 et
2471 2209 2524 2239 pa-

1450 2244 1602 2280 rentibus,
1621 2250 1690 2280 etc„
1708 2244 1747 2274 ad
1764 2243 1886 2274 nullam
1909 2242 2034 2273 videtur
2057 2243 2196 2283 amplius
2217 2242 2446 2284 poenitentiam
2470 2244 2525 2273 ob-

1450 2288 1577 2329 ligatus,
1601 2297 1639 2318 ex
1661 2297 1728 2328 quo
1753 2287 1781 2318 ei
1806 2297 1871 2318 non
1896 2287 2084 2328 imponitur.

1508 2333 1561 2363 1V.
1587 2332 1636 2363 Ad
1660 2337 1813 2373 quartum
1838 2332 1969 2362 dubium
1986 2331 2003 2351 *
2027 2331 2142 2362 dicitur
2164 2331 2268 2372 quod,
2294 2331 2369 2371 quia
2392 2331 2524 2371 impedi-

1451 2383 1559 2408 menta
1592 2376 1799 2417 impedientia
1829 2383 1955 2407 tantum
1985 2376 2240 2406 contrahendum
2272 2375 2525 2412 matrimonium,

1451 2432 1518 2452 non
1542 2421 1689 2452 videntur
1713 2421 1755 2451 ita
1779 2429 1884 2452 exacte
1912 2420 2053 2451 discussa
2077 2420 2158 2451 sicut
2185 2420 2414 2460 impedimenta
2445 2430 2527 2460 quae

1451 2466 1633 2506 impediunt
1657 2473 1687 2496 et
1710 2465 1878 2501 dirimunt;
1904 2465 1977 2495 ideo
1995 2475 2061 2496 non
2085 2472 2131 2495 est
2155 2465 2274 2495 mirum
2293 2465 2318 2494 si
2344 2465 2455 2495 doctor
2471 2465 2526 2495 ali-

1452 2510 1524 2552 quis
1553 2510 1634 2541 inter
1665 2509 1870 2550 impedientia
1905 2517 2028 2541 tantum
2058 2509 2176 2550 aliquid
2207 2519 2380 2539 commune
2412 2508 2527 2539 diceret

1452 2555 1541 2596 quod
1566 2554 1618 2585 alii
1636 2561 1750 2585 tacent.
1775 2554 1823 2584 De
1847 2561 1939 2594 raptu
1957 2554 2116 2594 siquidem
2132 2554 2251 2583 alienae
2267 2563 2403 2593 sponsae
2427 2563 2463 2583 ex
2483 2553 2526 2582 al-

1452 2600 1518 2630 lato
1542 2606 1628 2630 textu
1653 2599 1727 2629 satis
1756 2605 1878 2629 constat
1908 2599 1996 2639 quod
2021 2598 2155 2638 impedit
2183 2604 2308 2627 tantum
2340 2597 2525 2627 contrahen-

1454 2645 1543 2674 dum.
1568 2644 1609 2674 Et
1632 2644 1670 2673 de
1694 2650 1785 2683 raptu
1811 2643 2026 2673 universaliter
2045 2642 2169 2673 videtur
2191 2642 2223 2671 in
2249 2641 2389 2682 capitulo
2413 2642 2449 2671 Si
2467 2651 2525 2672 au-

1453 2694 1515 2719 tem
1540 2688 1704 2724 insinuari,
1728 2688 1872 2723 XXXVI,
1898 2697 1952 2728 qu.
1978 2698 2009 2723 11,
2027 2696 2083 2728 per
2103 2686 2155 2716 illa
2179 2686 2282 2722 verba,
2303 2686 2430 2716 Iterare
2453 2695 2525 2716 con-

1453 2733 1579 2774 iugium
1597 2742 1661 2763 non
1673 2737 1874 2773 praesumat.
1900 2732 1941 2762 Et
1957 2738 2125 2771 propterea
2141 2730 2221 2761 forte
2238 2733 2361 2760 Auctor
2380 2730 2525 2760 absolute

1454 2777 1531 2807 dicit
1554 2777 1593 2807 de
1617 2784 1709 2817 raptu
1733 2776 1821 2817 quod
1847 2785 1909 2806 non
1934 2775 2067 2812 dirimit,
2087 2776 2146 2805 etsi
2169 2775 2320 2815 impediat
2336 2775 2524 2805 contrahen-

1453 2821 1543 2852 dum.
1573 2821 1671 2858 Quod
1695 2827 1802 2851 tamen
1826 2830 1892 2850 non
1917 2826 2043 2860 oportet
2067 2829 2103 2849 ex
2127 2819 2157 2848 vi
2188 2819 2283 2849 huius
2311 2818 2430 2849 litterae
2454 2818 2524 2848 uni-

1453 2865 1614 2896 versaliter
1643 2864 1832 2904 intelligere:
1863 2864 1917 2894 sed
1945 2864 2019 2894 satis
2051 2864 2188 2894 salvatur
2215 2863 2327 2894 veritas
2356 2863 2475 2893 litterae
2499 2862 2524 2892 si

1454 2909 1599 2950 negativa
1622 2919 1704 2950 quae
1728 2908 1884 2944 asseritur,
1910 2908 2035 2944 scilicet,
2054 2918 2116 2938 non
2141 2908 2272 2944 dirimit,
2290 2914 2336 2938 est
2358 2917 2429 2937 vera
2454 2907 2523 2937 uni-

1454 2953 1626 2989 versaliter,
1657 2961 1687 2984 et
1715 2952 1901 2983 affirmativa
1931 2963 2013 2993 quae
2043 2963 2116 2983 cum
2149 2952 2298 2982 adverbio
2329 2951 2524 2982 adversativo

1454 2997 1671 3037 subiungitur,
1696 3005 1742 3028 est
1765 3007 1838 3027 vera
1869 2996 2052 3037 permissive
2075 3003 2106 3027 et
2133 2996 2372 3036 particulariter,
2398 2995 2524 3031 scilicet,

1455 3043 1514 3073 etsi
1537 3042 1689 3082 impediat
1713 3041 1977 3072 contrahendum.
2003 3041 2047 3071 Ita
2072 3041 2160 3081 quod
2188 3040 2256 3080 ipse
2278 3039 2432 3080 loquendi
2456 3049 2525 3069 mo—

1454 3087 1514 3117 dus
1538 3086 1757 3127 permissivum
1777 3085 2035 3121 verificationem,
2053 3095 2135 3126 quae
2153 3084 2348 3125 particularis
2368 3094 2435 3114 esse
2454 3091 2525 3124 pot-

1454 3137 1510 3167 est,
1535 3130 1682 3161 insinuet.
1707 3131 1749 3161 Et
1770 3130 1814 3160 sic
1827 3130 1952 3161 videtur
1974 3129 2210 3170 exponendum,
2235 3139 2274 3159 ne
2299 3128 2453 3159 novitates
2478 3128 2525 3158 in-

1454 3175 1620 3205 ducantur.
1646 3175 1688 3205 Et
1710 3174 1754 3205 sic
1778 3174 1818 3204 ad
1841 3174 2027 3205 huiusmodi
2051 3174 2171 3204 litterae
2194 3172 2443 3203 verificationem
2460 3172 2525 3202 suf-

1453 3217 1518 3249 ficit
1541 3219 1631 3258 quod
1658 3225 1767 3259 raptus
1800 3217 1913 3259 aliquis
1936 3217 2088 3258 impediat
2116 3217 2383 3253 contrahendum,
2409 3216 2526 3247 scilicet

1453 3270 1562 3303 raptus
1585 3262 1705 3293 alienae
1724 3272 1871 3302 sponsae.

2542 562 2551 571 ⁸
2559 561 2616 583 Dist.
2624 567 2692 583 xxxiv
2702 567 2752 589 sqq.

2546 1146 2554 1154 ⁸
2570 1143 2623 1165 Vid.
2635 1143 2757 1166 Correcto-

2545 1176 2581 1192 res
2596 1170 2714 1192 Romanos
2728 1170 2757 1191 ad

2546 1196 2756 1219 dict.ean.Placuit.

2556 2344 2565 2352 ⁸
2579 2342 2649 2364 Num.
2660 2349 2674 2369 ι,
2690 2342 2767 2370 Quat*

2554 2370 2609 2391 tum.
