<?xml version="1.0" encoding="UTF-8"?>
<!DOCTYPE html PUBLIC "-//W3C//DTD XHTML 1.0 Transitional//EN"
    "http://www.w3.org/TR/xhtml1/DTD/xhtml1-transitional.dtd">
<html xmlns="http://www.w3.org/1999/xhtml" xml:lang="en" lang="en">
 <head>
  <title>
</title>
<meta http-equiv="Content-Type" content="text/html;charset=utf-8" />
  <meta name='ocr-system' content='tesseract 3.04.00' />
  <meta name='ocr-capabilities' content='ocr_page ocr_carea ocr_par ocr_line ocrx_word'/>
</head>
<body>
  <div class='ocr_page' id='page_1' title='image "./operaomniaiussui10thom_0324.png"; bbox 0 0 2768 4198; ppageno 0'>
   <div class='ocr_carea' id='block_1_1' title="bbox 59 1382 271 1435">
    <p class='ocr_par' dir='ltr' id='par_1_1' title="bbox 59 1382 271 1435">
     <span class='ocr_line' id='line_1_1' title="bbox 59 1382 271 1413; baseline -0.005 -9"><span class='ocrx_word' id='word_1_1' title='bbox 59 1384 69 1394; x_wconf 75' lang='lat'>⁴</span> <span class='ocrx_word' id='word_1_2' title='bbox 99 1383 106 1389; x_wconf 75' lang='grc'><em>”</em></span> <span class='ocrx_word' id='word_1_3' title='bbox 121 1389 142 1413; x_wconf 88' lang='lat' dir='ltr'><strong>p.</strong></span> <span class='ocrx_word' id='word_1_4' title='bbox 166 1389 221 1409; x_wconf 68' lang='lat' dir='ltr'><strong>xzv,</strong></span> <span class='ocrx_word' id='word_1_5' title='bbox 241 1382 271 1405; x_wconf 85' lang='lat' dir='ltr'><strong>al.</strong></span> 
     </span>
     <span class='ocr_line' id='line_1_2' title="bbox 60 1413 270 1435; baseline -0.005 -4"><span class='ocrx_word' id='word_1_6' title='bbox 60 1416 114 1435; x_wconf 81' lang='lat' dir='ltr'><strong>xvii,</strong></span> <span class='ocrx_word' id='word_1_7' title='bbox 123 1415 145 1431; x_wconf 85' lang='lat' dir='ltr'><strong>in</strong></span> <span class='ocrx_word' id='word_1_8' title='bbox 156 1413 199 1431; x_wconf 84' lang='lat' dir='ltr'><strong>vet.</strong></span> <span class='ocrx_word' id='word_1_9' title='bbox 208 1415 270 1431; x_wconf 84' lang='lat' dir='ltr'><strong>xxxi.</strong></span> 
     </span>
    </p>
   </div>
   <div class='ocr_carea' id='block_1_2' title="bbox 60 1484 142 1506">
    <p class='ocr_par' dir='ltr' id='par_1_2' title="bbox 60 1484 142 1506">
     <span class='ocr_line' id='line_1_3' title="bbox 60 1484 142 1506; baseline 0.012 -1"><span class='ocrx_word' id='word_1_10' title='bbox 60 1486 70 1495; x_wconf 76' lang='grc'><em>·</em></span> <span class='ocrx_word' id='word_1_11' title='bbox 84 1484 142 1506; x_wconf 85' lang='lat' dir='ltr'><strong>Ibid.</strong></span> 
     </span>
    </p>
   </div>
   <div class='ocr_carea' id='block_1_3' title="bbox 60 2072 185 2095">
    <p class='ocr_par' dir='ltr' id='par_1_3' title="bbox 60 2072 185 2095">
     <span class='ocr_line' id='line_1_4' title="bbox 60 2072 185 2095; baseline 0.008 -2"><span class='ocrx_word' id='word_1_12' title='bbox 60 2074 71 2084; x_wconf 75' lang='lat'>⁸</span> <span class='ocrx_word' id='word_1_13' title='bbox 84 2072 150 2094; x_wconf 77' lang='lat' dir='ltr'><strong>Vers.</strong></span> <span class='ocrx_word' id='word_1_14' title='bbox 165 2079 185 2095; x_wconf 79' lang='lat'><strong>2·</strong></span> 
     </span>
    </p>
   </div>
   <div class='ocr_carea' id='block_1_4' title="bbox 64 2687 273 2714">
    <p class='ocr_par' dir='ltr' id='par_1_4' title="bbox 64 2687 273 2714">
     <span class='ocr_line' id='line_1_5' title="bbox 64 2687 273 2714; baseline -0.005 -6"><span class='ocrx_word' id='word_1_15' title='bbox 64 2689 74 2699; x_wconf 77' lang='lat'><em>⁰</em></span> <span class='ocrx_word' id='word_1_16' title='bbox 88 2688 123 2708; x_wconf 84' lang='lat' dir='ltr'><strong>De</strong></span> <span class='ocrx_word' id='word_1_17' title='bbox 132 2687 180 2714; x_wconf 84' lang='lat' dir='ltr'><strong>Ira,</strong></span> <span class='ocrx_word' id='word_1_18' title='bbox 192 2693 230 2714; x_wconf 90' lang='lat' dir='ltr'><strong>qu.</strong></span> <span class='ocrx_word' id='word_1_19' title='bbox 241 2692 273 2708; x_wconf 90' lang='grc' dir='ltr'>ιιι.</span> 
     </span>
    </p>
   </div>
   <div class='ocr_carea' id='block_1_5' title="bbox 64 2727 237 2775">
    <p class='ocr_par' dir='ltr' id='par_1_5' title="bbox 64 2727 237 2775">
     <span class='ocr_line' id='line_1_6' title="bbox 64 2727 237 2749; baseline -0.012 0"><span class='ocrx_word' id='word_1_20' title='bbox 64 2730 73 2738; x_wconf 85' lang='grc'><em>·</em></span> <span class='ocrx_word' id='word_1_21' title='bbox 88 2727 122 2749; x_wconf 83' lang='lat' dir='ltr'><strong>Cf.</strong></span> <span class='ocrx_word' id='word_1_22' title='bbox 138 2733 201 2748; x_wconf 85' lang='lat' dir='ltr'><strong>num.</strong></span> <span class='ocrx_word' id='word_1_23' title='bbox 215 2732 237 2747; x_wconf 85' lang='lat' dir='ltr'><strong>n.</strong></span> 
     </span>
     <span class='ocr_line' id='line_1_7' title="bbox 64 2754 237 2775; baseline -0.012 0"><span class='ocrx_word' id='word_1_24' title='bbox 64 2756 85 2766; x_wconf 79' lang='lat'><strong>⁸·</strong></span> <span class='ocrx_word' id='word_1_25' title='bbox 99 2754 207 2775; x_wconf 73' lang='lat' dir='ltr'><strong>Conclus.</strong></span> <span class='ocrx_word' id='word_1_26' title='bbox 223 2759 237 2774; x_wconf 98' lang='grc' dir='ltr'>ι.</span> 
     </span>
    </p>
   </div>
   <div class='ocr_carea' id='block_1_6' title="bbox 66 3123 254 3172">
    <p class='ocr_par' dir='ltr' id='par_1_6' title="bbox 66 3123 254 3172">
     <span class='ocr_line' id='line_1_8' title="bbox 68 3123 254 3145; baseline -0.011 0"><span class='ocrx_word' id='word_1_27' title='bbox 68 3124 77 3133; x_wconf 77' lang='grc'><strong>”</strong></span> <span class='ocrx_word' id='word_1_28' title='bbox 92 3123 127 3145; x_wconf 86' lang='lat' dir='ltr'><strong>Cf.</strong></span> <span class='ocrx_word' id='word_1_29' title='bbox 143 3129 205 3144; x_wconf 88' lang='lat' dir='ltr'><strong>num.</strong></span> <span class='ocrx_word' id='word_1_30' title='bbox 221 3129 254 3144; x_wconf 92' lang='grc' dir='ltr'>ιιι.</span> 
     </span>
     <span class='ocr_line' id='line_1_9' title="bbox 66 3150 243 3172; baseline 0 -1"><span class='ocrx_word' id='word_1_31' title='bbox 66 3150 87 3161; x_wconf 74' lang='lat'><strong>’⁸</strong></span> <span class='ocrx_word' id='word_1_32' title='bbox 102 3150 210 3172; x_wconf 75' lang='lat' dir='ltr'><strong>Conclus.</strong></span> <span class='ocrx_word' id='word_1_33' title='bbox 227 3156 243 3171; x_wconf 85' lang='grc' dir='ltr'>ι.</span> 
     </span>
    </p>
   </div>
   <div class='ocr_carea' id='block_1_7' title="bbox 68 3300 278 3348">
    <p class='ocr_par' dir='ltr' id='par_1_7' title="bbox 68 3300 278 3348">
     <span class='ocr_line' id='line_1_10' title="bbox 69 3300 278 3326; baseline 0 -5"><span class='ocrx_word' id='word_1_34' title='bbox 69 3301 78 3311; x_wconf 81' lang='grc'><em>·</em></span> <span class='ocrx_word' id='word_1_35' title='bbox 98 3300 133 3321; x_wconf 68' lang='grc' dir='ltr'><strong>(ἶίΔ</strong></span> <span class='ocrx_word' id='word_1_36' title='bbox 156 3306 219 3321; x_wconf 86' lang='lat' dir='ltr'><strong>num.</strong></span> <span class='ocrx_word' id='word_1_37' title='bbox 240 3306 278 3326; x_wconf 75' lang='grc' dir='ltr'>ιιι,</span> 
     </span>
     <span class='ocr_line' id='line_1_11' title="bbox 68 3326 223 3348; baseline 0 0"><span class='ocrx_word' id='word_1_38' title='bbox 68 3327 106 3348; x_wconf 83' lang='lat' dir='ltr'><strong>Ad</strong></span> <span class='ocrx_word' id='word_1_39' title='bbox 119 3326 145 3348; x_wconf 73' lang='lat' dir='ltr'><strong>id</strong></span> <span class='ocrx_word' id='word_1_40' title='bbox 159 3332 223 3348; x_wconf 83' lang='lat' dir='ltr'><strong>vero.</strong></span> 
     </span>
    </p>
   </div>
   <div class='ocr_carea' id='block_1_8' title="bbox 71 3517 253 3565">
    <p class='ocr_par' dir='ltr' id='par_1_8' title="bbox 71 3517 253 3565">
     <span class='ocr_line' id='line_1_12' title="bbox 71 3517 253 3539; baseline -0.011 0"><span class='ocrx_word' id='word_1_41' title='bbox 71 3519 79 3526; x_wconf 82' lang='lat'>⁸</span> <span class='ocrx_word' id='word_1_42' title='bbox 95 3517 130 3539; x_wconf 77' lang='lat' dir='ltr'><strong>Cf.</strong></span> <span class='ocrx_word' id='word_1_43' title='bbox 146 3523 209 3538; x_wconf 68' lang='lat' dir='ltr'><strong>num,</strong></span> <span class='ocrx_word' id='word_1_44' title='bbox 225 3522 253 3537; x_wconf 84' lang='lat' dir='ltr'><strong>iv.</strong></span> 
     </span>
     <span class='ocr_line' id='line_1_13' title="bbox 71 3543 249 3565; baseline -0.006 0"><span class='ocrx_word' id='word_1_45' title='bbox 71 3546 90 3554; x_wconf 82' lang='lat'><strong>⁸·</strong></span> <span class='ocrx_word' id='word_1_46' title='bbox 105 3543 214 3565; x_wconf 72' lang='lat' dir='ltr'><strong>Conclus.</strong></span> <span class='ocrx_word' id='word_1_47' title='bbox 229 3549 249 3564; x_wconf 76' lang='lat'><strong>².</strong></span> 
     </span>
    </p>
   </div>
   <div class='ocr_carea' id='block_1_9' title="bbox 306 331 379 368">
    <p class='ocr_par' dir='ltr' id='par_1_9' title="bbox 306 331 379 368">
     <span class='ocr_line' id='line_1_14' title="bbox 306 331 379 368; baseline 0 -1"><span class='ocrx_word' id='word_1_48' title='bbox 306 331 379 368; x_wconf 86' lang='lat'><strong>282</strong></span> 
     </span>
    </p>
   </div>
   <div class='ocr_carea' id='block_1_10' title="bbox 948 321 1841 372">
    <p class='ocr_par' dir='ltr' id='par_1_10' title="bbox 948 321 1841 372">
     <span class='ocr_line' id='line_1_15' title="bbox 948 321 1841 372; baseline -0.007 -9"><span class='ocrx_word' id='word_1_49' title='bbox 948 325 1214 372; x_wconf 91' lang='lat' dir='ltr'>QUAESTIO</span> <span class='ocrx_word' id='word_1_50' title='bbox 1244 323 1416 370; x_wconf 87' lang='lat' dir='ltr'>CLVIII,</span> <span class='ocrx_word' id='word_1_51' title='bbox 1446 322 1744 359; x_wconf 90' lang='lat' dir='ltr'>ARTICULUS</span> <span class='ocrx_word' id='word_1_52' title='bbox 1773 321 1841 358; x_wconf 91' lang='lat' dir='ltr'><strong>Vll</strong></span> 
     </span>
    </p>
   </div>
   <div class='ocr_carea' id='block_1_11' title="bbox 776 475 2016 603">
    <p class='ocr_par' dir='ltr' id='par_1_11' title="bbox 776 475 2016 603">
     <span class='ocr_line' id='line_1_16' title="bbox 1087 475 1707 518; baseline -0.003 0"><span class='ocrx_word' id='word_1_53' title='bbox 1087 475 1406 518; x_wconf 88' lang='lat' dir='ltr'>ARTICULUS</span> <span class='ocrx_word' id='word_1_54' title='bbox 1437 475 1707 516; x_wconf 89' lang='lat' dir='ltr'>SEPTIMUS</span> 
     </span>
     <span class='ocr_line' id='line_1_17' title="bbox 776 567 2016 603; baseline -0.004 0"><span class='ocrx_word' id='word_1_55' title='bbox 776 571 930 603; x_wconf 84' lang='lat' dir='ltr'>UTRUM</span> <span class='ocrx_word' id='word_1_56' title='bbox 955 568 1297 601; x_wconf 86' lang='lat' dir='ltr'>CONVENIENTER</span> <span class='ocrx_word' id='word_1_57' title='bbox 1320 567 1622 598; x_wconf 80' lang='lat' dir='ltr'><strong>Ass1GNENTUR</strong></span> <span class='ocrx_word' id='word_1_58' title='bbox 1646 567 1725 598; x_wconf 86' lang='lat' dir='ltr'><strong>SEX</strong></span> <span class='ocrx_word' id='word_1_59' title='bbox 1750 568 1890 599; x_wconf 73' lang='lat' dir='ltr'><strong>FILIAE</strong></span> <span class='ocrx_word' id='word_1_60' title='bbox 1916 568 2016 599; x_wconf 81' lang='lat' dir='ltr'>IRAE</span> 
     </span>
    </p>
   </div>
   <div class='ocr_carea' id='block_1_12' title="bbox 830 647 1963 683">
    <p class='ocr_par' dir='ltr' id='par_1_12' title="bbox 830 647 1963 683">
     <span class='ocr_line' id='line_1_18' title="bbox 830 647 1963 683; baseline -0.001 -8"><span class='ocrx_word' id='word_1_61' title='bbox 830 652 920 683; x_wconf 82' lang='lat' dir='ltr'><strong>Supra,</strong></span> <span class='ocrx_word' id='word_1_62' title='bbox 941 658 984 682; x_wconf 92' lang='lat' dir='ltr'><strong>qu.</strong></span> <span class='ocrx_word' id='word_1_63' title='bbox 1004 656 1096 679; x_wconf 86' lang='lat' dir='ltr'><strong>xxxv11‚</strong></span> <span class='ocrx_word' id='word_1_64' title='bbox 1117 655 1162 674; x_wconf 87' lang='lat' dir='ltr'><strong>art.</strong></span> <span class='ocrx_word' id='word_1_65' title='bbox 1185 655 1207 679; x_wconf 90' lang='lat'><strong>2,</strong></span> <span class='ocrx_word' id='word_1_66' title='bbox 1228 648 1260 672; x_wconf 86' lang='lat' dir='ltr'><strong>ad</strong></span> <span class='ocrx_word' id='word_1_67' title='bbox 1284 656 1309 678; x_wconf 89' lang='lat'><strong>1;</strong></span> <span class='ocrx_word' id='word_1_68' title='bbox 1330 655 1373 680; x_wconf 90' lang='lat' dir='ltr'><strong>qu.</strong></span> <span class='ocrx_word' id='word_1_69' title='bbox 1393 655 1443 678; x_wconf 80' lang='lat' dir='ltr'><strong>xm,</strong></span> <span class='ocrx_word' id='word_1_70' title='bbox 1463 653 1510 673; x_wconf 87' lang='lat' dir='ltr'><strong>art.</strong></span> <span class='ocrx_word' id='word_1_71' title='bbox 1531 655 1558 678; x_wconf 81' lang='lat'><strong>23</strong></span> <span class='ocrx_word' id='word_1_72' title='bbox 1580 647 1622 672; x_wconf 86' lang='lat' dir='ltr'><strong>De</strong></span> <span class='ocrx_word' id='word_1_73' title='bbox 1640 647 1723 678; x_wconf 79' lang='lat' dir='ltr'><strong>Malo,</strong></span> <span class='ocrx_word' id='word_1_74' title='bbox 1744 656 1788 681; x_wconf 92' lang='lat' dir='ltr'><strong>qu.</strong></span> <span class='ocrx_word' id='word_1_75' title='bbox 1808 656 1852 678; x_wconf 73' lang='grc' dir='ltr'>ιιι,</span> <span class='ocrx_word' id='word_1_76' title='bbox 1871 654 1917 675; x_wconf 83' lang='lat' dir='ltr'><strong>art.</strong></span> <span class='ocrx_word' id='word_1_77' title='bbox 1939 648 1963 674; x_wconf 85' lang='lat'><strong>5.</strong></span> 
     </span>
    </p>
   </div>
   <div class='ocr_carea' id='block_1_13' title="bbox 295 740 511 940">
    <p class='ocr_par' dir='ltr' id='par_1_13' title="bbox 295 740 511 940">
     <span class='ocr_line' id='line_1_19' title="bbox 295 740 511 940; baseline 0 -122"><span class='ocrx_word' id='word_1_78' title='bbox 295 740 511 940; x_wconf 95' lang='lat' dir='ltr'><strong>   </strong></span> 
     </span>
    </p>
   </div>
   <div class='ocr_carea' id='block_1_14' title="bbox 355 781 1367 940">
    <p class='ocr_par' dir='ltr' id='par_1_14' title="bbox 355 781 1367 940">
     <span class='ocr_line' id='line_1_20' title="bbox 487 781 1366 830; baseline -0.006 -7"><span class='ocrx_word' id='word_1_79' title='bbox 487 803 490 810; x_wconf 61' lang='lat'>¹</span> <span class='ocrx_word' id='word_1_80' title='bbox 513 784 824 823; x_wconf 85' lang='lat' dir='ltr'><strong>inconvenienter</strong></span> <span class='ocrx_word' id='word_1_81' title='bbox 835 783 1073 830; x_wconf 85' lang='lat' dir='ltr'><strong>assignentur</strong></span> <span class='ocrx_word' id='word_1_82' title='bbox 1085 794 1149 819; x_wconf 88' lang='lat' dir='ltr'><strong>sex</strong></span> <span class='ocrx_word' id='word_1_83' title='bbox 1160 781 1284 819; x_wconf 90' lang='lat' dir='ltr'><strong>filiae</strong></span> <span class='ocrx_word' id='word_1_84' title='bbox 1276 794 1366 829; x_wconf 85' lang='lat' dir='ltr'><strong>irae,</strong></span> 
     </span>
     <span class='ocr_line' id='line_1_21' title="bbox 362 836 1367 888; baseline -0.004 -12"><span class='ocrx_word' id='word_1_85' title='bbox 362 881 365 886; x_wconf 58' lang='lat'><strong>.</strong></span> <span class='ocrx_word' id='word_1_86' title='bbox 401 858 437 886; x_wconf 60' lang='lat'><strong>⁷4</strong></span> <span class='ocrx_word' id='word_1_87' title='bbox 458 845 609 888; x_wconf 60' lang='grc' dir='ltr'>ἤςιιειε</span> <span class='ocrx_word' id='word_1_88' title='bbox 630 845 715 874; x_wconf 91' lang='lat' dir='ltr'><strong>sunt</strong></span> <span class='ocrx_word' id='word_1_89' title='bbox 744 838 844 883; x_wconf 79' lang='lat' dir='ltr'><strong>ri,xa</strong></span> <span class='ocrx_word' id='word_1_90' title='bbox 866 843 992 873; x_wconf 87' lang='lat' dir='ltr'><strong>tumor</strong></span> <span class='ocrx_word' id='word_1_91' title='bbox 1011 836 1156 882; x_wconf 81' lang='lat' dir='ltr'><strong>mentis,</strong></span> <span class='ocrx_word' id='word_1_92' title='bbox 1177 841 1367 872; x_wconf 87' lang='lat' dir='ltr'><strong>contume-</strong></span> 
     </span>
     <span class='ocr_line' id='line_1_22' title="bbox 355 860 1367 940; baseline -0.001 -13"><span class='ocrx_word' id='word_1_93' title='bbox 355 860 572 938; x_wconf 47' lang='lat' dir='ltr'><strong>{miza</strong></span> <span class='ocrx_word' id='word_1_94' title='bbox 589 891 746 936; x_wconf 85' lang='lat' dir='ltr'><strong>clamor,</strong></span> <span class='ocrx_word' id='word_1_95' title='bbox 763 890 984 940; x_wconf 81' lang='lat' dir='ltr'><strong>indignatio,</strong></span> <span class='ocrx_word' id='word_1_96' title='bbox 1001 890 1242 938; x_wconf 79' lang='lat' dir='ltr'><strong>blasphemia.</strong></span> <span class='ocrx_word' id='word_1_97' title='bbox 1265 890 1367 926; x_wconf 90' lang='lat' dir='ltr'><strong>Blas-</strong></span> 
     </span>
    </p>
   </div>
   <div class='ocr_carea' id='block_1_15' title="bbox 62 943 1366 995">
    <p class='ocr_par' dir='ltr' id='par_1_15' title="bbox 62 943 1366 995">
     <span class='ocr_line' id='line_1_23' title="bbox 62 943 1366 995; baseline -0.003 -11.96"><span class='ocrx_word' id='word_1_98' title='bbox 62 961 273 988; x_wconf 53' lang='lat' dir='ltr'><strong>Quaem-,nocui</strong></span> <span class='ocrx_word' id='word_1_99' title='bbox 300 945 453 995; x_wconf 89' lang='lat' dir='ltr'><strong>phemia</strong></span> <span class='ocrx_word' id='word_1_100' title='bbox 489 945 590 982; x_wconf 90' lang='lat' dir='ltr'><strong>enirn</strong></span> <span class='ocrx_word' id='word_1_101' title='bbox 628 944 783 993; x_wconf 89' lang='lat' dir='ltr'><strong>ponitur</strong></span> <span class='ocrx_word' id='word_1_102' title='bbox 816 945 863 981; x_wconf 91' lang='lat' dir='ltr'><strong>ab</strong></span> <span class='ocrx_word' id='word_1_103' title='bbox 899 944 1046 981; x_wconf 89' lang='lat' dir='ltr'>Isidoro</span> <span class='ocrx_word' id='word_1_104' title='bbox 1073 943 1093 965; x_wconf 72' lang='lat'><strong>&#39;¹‘</strong></span> <span class='ocrx_word' id='word_1_105' title='bbox 1121 943 1198 980; x_wconf 90' lang='lat' dir='ltr'><strong>filia</strong></span> <span class='ocrx_word' id='word_1_106' title='bbox 1236 955 1366 992; x_wconf 91' lang='lat' dir='ltr'><strong>super-</strong></span> 
     </span>
    </p>
   </div>
   <div class='ocr_carea' id='block_1_16' title="bbox 62 994 172 1015">
    <p class='ocr_par' dir='ltr' id='par_1_16' title="bbox 62 994 172 1015">
     <span class='ocr_line' id='line_1_24' title="bbox 62 994 172 1015; baseline -0.01 -6"><span class='ocrx_word' id='word_1_107' title='bbox 62 994 172 1015; x_wconf 27' lang='lat' dir='ltr'><strong>cap xv1.</strong></span> 
     </span>
    </p>
   </div>
   <div class='ocr_carea' id='block_1_17' title="bbox 301 997 1128 1047">
    <p class='ocr_par' dir='ltr' id='par_1_17' title="bbox 301 997 1128 1047">
     <span class='ocr_line' id='line_1_25' title="bbox 301 997 1128 1047; baseline -0.001 -12"><span class='ocrx_word' id='word_1_108' title='bbox 301 999 396 1036; x_wconf 86' lang='lat' dir='ltr'><strong>biae.</strong></span> <span class='ocrx_word' id='word_1_109' title='bbox 428 999 518 1035; x_wconf 89' lang='lat' dir='ltr'><strong>Non</strong></span> <span class='ocrx_word' id='word_1_110' title='bbox 549 1010 637 1046; x_wconf 90' lang='lat' dir='ltr'><strong>ergo</strong></span> <span class='ocrx_word' id='word_1_111' title='bbox 669 998 782 1035; x_wconf 88' lang='lat' dir='ltr'><strong>debet</strong></span> <span class='ocrx_word' id='word_1_112' title='bbox 809 997 903 1047; x_wconf 90' lang='lat' dir='ltr'><strong>poni</strong></span> <span class='ocrx_word' id='word_1_113' title='bbox 931 997 1010 1034; x_wconf 88' lang='lat' dir='ltr'><strong>filia</strong></span> <span class='ocrx_word' id='word_1_114' title='bbox 1038 997 1128 1034; x_wconf 91' lang='lat' dir='ltr'><strong>irae</strong></span> 
     </span>
    </p>
   </div>
   <div class='ocr_carea' id='block_1_18' title="bbox 299 1158 1367 1326">
    <p class='ocr_par' dir='ltr' id='par_1_18' title="bbox 299 1158 1367 1315">
     <span class='ocr_line' id='line_1_26' title="bbox 299 1158 735 1196; baseline 0 -1"><span class='ocrx_word' id='word_1_115' title='bbox 299 1159 369 1196; x_wconf 92' lang='lat' dir='ltr'><strong>rari</strong></span> <span class='ocrx_word' id='word_1_116' title='bbox 399 1159 495 1195; x_wconf 90' lang='lat' dir='ltr'><strong>inter</strong></span> <span class='ocrx_word' id='word_1_117' title='bbox 523 1159 618 1196; x_wconf 90' lang='lat' dir='ltr'><strong>filias</strong></span> <span class='ocrx_word' id='word_1_118' title='bbox 646 1158 735 1195; x_wconf 90' lang='lat' dir='ltr'><strong>irae.</strong></span> 
     </span>
     <span class='ocr_line' id='line_1_27' title="bbox 354 1211 1366 1260; baseline -0.002 -11"><span class='ocrx_word' id='word_1_119' title='bbox 354 1214 387 1250; x_wconf 89' lang='lat'><strong>3.</strong></span> <span class='ocrx_word' id='word_1_120' title='bbox 416 1213 650 1260; x_wconf 77' lang='lat' dir='ltr'>PRAETEREA,</span> <span class='ocrx_word' id='word_1_121' title='bbox 672 1218 799 1249; x_wconf 87' lang='lat' dir='ltr'><strong>tumor</strong></span> <span class='ocrx_word' id='word_1_122' title='bbox 822 1212 955 1248; x_wconf 84' lang='lat' dir='ltr'><strong>mentis</strong></span> <span class='ocrx_word' id='word_1_123' title='bbox 982 1211 1135 1248; x_wconf 90' lang='lat' dir='ltr'><strong>videtur</strong></span> <span class='ocrx_word' id='word_1_124' title='bbox 1155 1211 1257 1248; x_wconf 90' lang='lat' dir='ltr'><strong>idem</strong></span> <span class='ocrx_word' id='word_1_125' title='bbox 1284 1223 1366 1248; x_wconf 91' lang='lat' dir='ltr'><strong>esse</strong></span> 
     </span>
     <span class='ocr_line' id='line_1_28' title="bbox 299 1265 1367 1326; baseline -0.002 -23"><span class='ocrx_word' id='word_1_126' title='bbox 299 1267 402 1315; x_wconf 91' lang='lat' dir='ltr'><strong>quod</strong></span> <span class='ocrx_word' id='word_1_127' title='bbox 433 1266 622 1326; x_wconf 84' lang='lat' dir='ltr'><strong>superbia.</strong></span> <span class='ocrx_word' id='word_1_128' title='bbox 654 1265 842 1315; x_wconf 88' lang='lat' dir='ltr'><strong>Superbia</strong></span> <span class='ocrx_word' id='word_1_129' title='bbox 862 1273 991 1302; x_wconf 90' lang='lat' dir='ltr'><strong>autem</strong></span> <span class='ocrx_word' id='word_1_130' title='bbox 1022 1277 1099 1301; x_wconf 90' lang='lat' dir='ltr'><strong>non</strong></span> <span class='ocrx_word' id='word_1_131' title='bbox 1124 1272 1179 1301; x_wconf 91' lang='lat' dir='ltr'><strong>est</strong></span> <span class='ocrx_word' id='word_1_132' title='bbox 1205 1265 1283 1302; x_wconf 91' lang='lat' dir='ltr'><strong>filia</strong></span> <span class='ocrx_word' id='word_1_133' title='bbox 1304 1265 1367 1301; x_wconf 89' lang='lat' dir='ltr'><strong>ali-</strong></span> 
     </span>
    </p>
   </div>
   <div class='ocr_carea' id='block_1_19' title="bbox 299 1319 1395 1365">
    <p class='ocr_par' dir='ltr' id='par_1_19' title="bbox 299 1319 1395 1365">
     <span class='ocr_line' id='line_1_29' title="bbox 299 1319 1395 1365; baseline -0.001 -9"><span class='ocrx_word' id='word_1_134' title='bbox 299 1320 404 1356; x_wconf 91' lang='lat' dir='ltr'><strong>cuius</strong></span> <span class='ocrx_word' id='word_1_135' title='bbox 432 1319 524 1365; x_wconf 89' lang='lat' dir='ltr'><strong>vitii,</strong></span> <span class='ocrx_word' id='word_1_136' title='bbox 546 1320 613 1356; x_wconf 90' lang='lat' dir='ltr'><strong>sed</strong></span> <span class='ocrx_word' id='word_1_137' title='bbox 642 1326 765 1357; x_wconf 88' lang='lat' dir='ltr'><strong>mater</strong></span> <span class='ocrx_word' id='word_1_138' title='bbox 793 1319 962 1356; x_wconf 90' lang='lat' dir='ltr'><strong>omnium</strong></span> <span class='ocrx_word' id='word_1_139' title='bbox 991 1319 1181 1365; x_wconf 80' lang='lat' dir='ltr'><strong>vitiorum,</strong></span> <span class='ocrx_word' id='word_1_140' title='bbox 1205 1327 1246 1355; x_wconf 88' lang='lat' dir='ltr'><strong>ut</strong></span> <span class='ocrx_word' id='word_1_141' title='bbox 1275 1319 1368 1356; x_wconf 92' lang='lat' dir='ltr'><strong>Gre-</strong></span> <span class='ocrx_word' id='word_1_142' title='bbox 1394 1338 1395 1348; x_wconf 48' lang='grc' dir='ltr'>ι</span> 
     </span>
    </p>
   </div>
   <div class='ocr_carea' id='block_1_20' title="bbox 298 1372 1370 1636">
    <p class='ocr_par' dir='ltr' id='par_1_20' title="bbox 298 1372 1368 1464">
     <span class='ocr_line' id='line_1_30' title="bbox 298 1372 1368 1432; baseline -0.001 -22"><span class='ocrx_word' id='word_1_143' title='bbox 298 1374 427 1422; x_wconf 90' lang='lat' dir='ltr'><strong>gorius</strong></span> <span class='ocrx_word' id='word_1_144' title='bbox 458 1373 558 1421; x_wconf 88' lang='lat' dir='ltr'><strong>dicit,</strong></span> <span class='ocrx_word' id='word_1_145' title='bbox 580 1374 705 1410; x_wconf 91' lang='lat' dir='ltr'>XXXI</span> <span class='ocrx_word' id='word_1_146' title='bbox 727 1372 872 1410; x_wconf 89' lang='lat' dir='ltr'><strong>Moral.</strong></span> <span class='ocrx_word' id='word_1_147' title='bbox 893 1372 914 1394; x_wconf 75' lang='lat'><strong>&#39;¹‘</strong></span> <span class='ocrx_word' id='word_1_148' title='bbox 942 1373 1044 1432; x_wconf 77' lang='lat' dir='ltr'><strong>Ergo</strong></span> <span class='ocrx_word' id='word_1_149' title='bbox 1073 1380 1203 1409; x_wconf 89' lang='lat' dir='ltr'><strong>tumor</strong></span> <span class='ocrx_word' id='word_1_150' title='bbox 1229 1372 1368 1409; x_wconf 89' lang='lat' dir='ltr'><strong>mentis</strong></span> 
     </span>
     <span class='ocr_line' id='line_1_31' title="bbox 299 1416 1108 1464; baseline -0.003 0"><span class='ocrx_word' id='word_1_151' title='bbox 299 1440 377 1464; x_wconf 91' lang='lat' dir='ltr'><strong>non</strong></span> <span class='ocrx_word' id='word_1_152' title='bbox 407 1428 520 1464; x_wconf 91' lang='lat' dir='ltr'><strong>debet</strong></span> <span class='ocrx_word' id='word_1_153' title='bbox 549 1427 742 1464; x_wconf 89' lang='lat' dir='ltr'><strong>numerari</strong></span> <span class='ocrx_word' id='word_1_154' title='bbox 771 1426 867 1463; x_wconf 89' lang='lat' dir='ltr'><strong>inter</strong></span> <span class='ocrx_word' id='word_1_155' title='bbox 893 1416 990 1463; x_wconf 82' lang='lat' dir='ltr'><strong>filias</strong></span> <span class='ocrx_word' id='word_1_156' title='bbox 1018 1426 1108 1462; x_wconf 91' lang='lat' dir='ltr'><strong>irae.</strong></span> 
     </span>
    </p>

    <p class='ocr_par' dir='ltr' id='par_1_21' title="bbox 299 1478 1367 1582">
     <span class='ocr_line' id='line_1_32' title="bbox 354 1478 1367 1529; baseline -0.002 -12"><span class='ocrx_word' id='word_1_157' title='bbox 354 1481 428 1517; x_wconf 79' lang='lat' dir='ltr'><strong>SED</strong></span> <span class='ocrx_word' id='word_1_158' title='bbox 444 1492 590 1517; x_wconf 82' lang='lat' dir='ltr'>CONTRA</span> <span class='ocrx_word' id='word_1_159' title='bbox 605 1492 671 1517; x_wconf 85' lang='lat' dir='ltr'><strong>EST</strong></span> <span class='ocrx_word' id='word_1_160' title='bbox 686 1480 791 1529; x_wconf 92' lang='lat' dir='ltr'><strong>quod</strong></span> <span class='ocrx_word' id='word_1_161' title='bbox 808 1479 1026 1528; x_wconf 87' lang='lat' dir='ltr'><strong>Gregorius,</strong></span> <span class='ocrx_word' id='word_1_162' title='bbox 1043 1479 1169 1515; x_wconf 88' lang='lat' dir='ltr'>XXXI</span> <span class='ocrx_word' id='word_1_163' title='bbox 1181 1478 1367 1526; x_wconf 78' lang='lat' dir='ltr'><strong>Moral.*‚</strong></span> 
     </span>
     <span class='ocr_line' id='line_1_33' title="bbox 299 1533 803 1582; baseline -0.002 -11"><span class='ocrx_word' id='word_1_164' title='bbox 299 1534 464 1582; x_wconf 84' lang='lat' dir='ltr'><strong>assignat</strong></span> <span class='ocrx_word' id='word_1_165' title='bbox 491 1535 560 1571; x_wconf 90' lang='lat' dir='ltr'><strong>has</strong></span> <span class='ocrx_word' id='word_1_166' title='bbox 589 1533 685 1571; x_wconf 92' lang='lat' dir='ltr'><strong>filias</strong></span> <span class='ocrx_word' id='word_1_167' title='bbox 715 1535 803 1570; x_wconf 89' lang='lat' dir='ltr'><strong>irae.</strong></span> 
     </span>
    </p>

    <p class='ocr_par' dir='ltr' id='par_1_22' title="bbox 353 1585 1370 1636">
     <span class='ocr_line' id='line_1_34' title="bbox 353 1585 1370 1636; baseline -0.001 -12"><span class='ocrx_word' id='word_1_168' title='bbox 353 1589 580 1625; x_wconf 82' lang='lat' dir='ltr'>RESPONDEO</span> <span class='ocrx_word' id='word_1_169' title='bbox 601 1599 787 1624; x_wconf 70' lang='lat' dir='ltr'><strong>Dici-:noum</strong></span> <span class='ocrx_word' id='word_1_170' title='bbox 812 1586 917 1636; x_wconf 92' lang='lat' dir='ltr'><strong>quod</strong></span> <span class='ocrx_word' id='word_1_171' title='bbox 946 1586 1000 1623; x_wconf 92' lang='lat' dir='ltr'><strong>ira</strong></span> <span class='ocrx_word' id='word_1_172' title='bbox 1029 1593 1154 1635; x_wconf 88' lang='lat' dir='ltr'><strong>potest</strong></span> <span class='ocrx_word' id='word_1_173' title='bbox 1181 1585 1370 1635; x_wconf 89' lang='lat' dir='ltr'><strong>tripliciter</strong></span> 
     </span>
    </p>
   </div>
   <div class='ocr_carea' id='block_1_21' title="bbox 301 1639 1646 1737">
    <p class='ocr_par' dir='ltr' id='par_1_23' title="bbox 301 1639 1646 1737">
     <span class='ocr_line' id='line_1_35' title="bbox 301 1639 1397 1688; baseline -0.002 -10"><span class='ocrx_word' id='word_1_174' title='bbox 301 1641 545 1678; x_wconf 88' lang='lat' dir='ltr'><strong>considerari.</strong></span> <span class='ocrx_word' id='word_1_175' title='bbox 575 1641 662 1678; x_wconf 93' lang='lat' dir='ltr'><strong>Uno</strong></span> <span class='ocrx_word' id='word_1_176' title='bbox 697 1641 835 1686; x_wconf 92' lang='lat' dir='ltr'><strong>modo,</strong></span> <span class='ocrx_word' id='word_1_177' title='bbox 867 1639 1082 1677; x_wconf 89' lang='lat' dir='ltr'><strong>secundum</strong></span> <span class='ocrx_word' id='word_1_178' title='bbox 1113 1640 1217 1688; x_wconf 92' lang='lat' dir='ltr'><strong>quod</strong></span> <span class='ocrx_word' id='word_1_179' title='bbox 1247 1647 1304 1676; x_wconf 91' lang='lat' dir='ltr'><strong>est</strong></span> <span class='ocrx_word' id='word_1_180' title='bbox 1331 1639 1370 1676; x_wconf 91' lang='lat' dir='ltr'><strong>in</strong></span> <span class='ocrx_word' id='word_1_181' title='bbox 1395 1669 1397 1676; x_wconf 88' lang='grc'><em>,</em></span> 
     </span>
     <span class='ocr_line' id='line_1_36' title="bbox 1395 1693 1646 1737; baseline -0.008 -6"><span class='ocrx_word' id='word_1_182' title='bbox 1395 1719 1397 1737; x_wconf 56' lang='lat'>1</span> <span class='ocrx_word' id='word_1_183' title='bbox 1425 1693 1478 1731; x_wconf 91' lang='lat' dir='ltr'><strong>dit</strong></span> <span class='ocrx_word' id='word_1_184' title='bbox 1507 1706 1552 1730; x_wconf 86' lang='lat' dir='ltr'><strong>ex</strong></span> <span class='ocrx_word' id='word_1_185' title='bbox 1580 1693 1646 1730; x_wconf 88' lang='lat' dir='ltr'><strong>ira.</strong></span> 
     </span>
    </p>
   </div>
   <div class='ocr_carea' id='block_1_22' title="bbox 299 1692 1371 1913">
    <p class='ocr_par' dir='ltr' id='par_1_24' title="bbox 299 1692 1371 1903">
     <span class='ocr_line' id='line_1_37' title="bbox 300 1692 1369 1732; baseline -0.003 0"><span class='ocrx_word' id='word_1_186' title='bbox 300 1696 426 1732; x_wconf 90' lang='lat' dir='ltr'><strong>corde.</strong></span> <span class='ocrx_word' id='word_1_187' title='bbox 458 1696 507 1732; x_wconf 88' lang='lat' dir='ltr'><strong>Et</strong></span> <span class='ocrx_word' id='word_1_188' title='bbox 534 1694 587 1731; x_wconf 90' lang='lat' dir='ltr'><strong>sic</strong></span> <span class='ocrx_word' id='word_1_189' title='bbox 617 1707 661 1731; x_wconf 86' lang='lat' dir='ltr'><strong>ex</strong></span> <span class='ocrx_word' id='word_1_190' title='bbox 691 1694 744 1731; x_wconf 90' lang='lat' dir='ltr'><strong>ira</strong></span> <span class='ocrx_word' id='word_1_191' title='bbox 773 1701 979 1731; x_wconf 90' lang='lat' dir='ltr'><strong>nascuntur</strong></span> <span class='ocrx_word' id='word_1_192' title='bbox 999 1693 1077 1730; x_wconf 91' lang='lat' dir='ltr'><strong>duo</strong></span> <span class='ocrx_word' id='word_1_193' title='bbox 1105 1692 1207 1730; x_wconf 87' lang='lat' dir='ltr'><strong>vitia.</strong></span> <span class='ocrx_word' id='word_1_194' title='bbox 1239 1693 1369 1730; x_wconf 93' lang='lat' dir='ltr'><strong>Unum</strong></span> 
     </span>
     <span class='ocr_line' id='line_1_38' title="bbox 300 1746 1369 1798; baseline -0.004 -12"><span class='ocrx_word' id='word_1_195' title='bbox 300 1748 455 1798; x_wconf 90' lang='lat' dir='ltr'><strong>quidem</strong></span> <span class='ocrx_word' id='word_1_196' title='bbox 486 1761 531 1785; x_wconf 88' lang='lat' dir='ltr'><strong>ex</strong></span> <span class='ocrx_word' id='word_1_197' title='bbox 554 1755 660 1797; x_wconf 88' lang='lat' dir='ltr'><strong>parte</strong></span> <span class='ocrx_word' id='word_1_198' title='bbox 689 1748 770 1784; x_wconf 90' lang='lat' dir='ltr'><strong>eius</strong></span> <span class='ocrx_word' id='word_1_199' title='bbox 800 1754 931 1784; x_wconf 89' lang='lat' dir='ltr'><strong>contra</strong></span> <span class='ocrx_word' id='word_1_200' title='bbox 952 1759 1067 1795; x_wconf 91' lang='lat' dir='ltr'><strong>quem</strong></span> <span class='ocrx_word' id='word_1_201' title='bbox 1098 1746 1218 1783; x_wconf 91' lang='lat' dir='ltr'><strong>homo</strong></span> <span class='ocrx_word' id='word_1_202' title='bbox 1243 1746 1369 1783; x_wconf 91' lang='lat' dir='ltr'><strong>irasci—</strong></span> 
     </span>
     <span class='ocr_line' id='line_1_39' title="bbox 299 1799 1371 1850; baseline -0.004 -11"><span class='ocrx_word' id='word_1_203' title='bbox 299 1810 370 1848; x_wconf 83' lang='lat' dir='ltr'><strong>tur,</strong></span> <span class='ocrx_word' id='word_1_204' title='bbox 393 1814 509 1850; x_wconf 90' lang='lat' dir='ltr'><strong>quem</strong></span> <span class='ocrx_word' id='word_1_205' title='bbox 538 1809 686 1850; x_wconf 89' lang='lat' dir='ltr'><strong>reputat</strong></span> <span class='ocrx_word' id='word_1_206' title='bbox 714 1801 912 1848; x_wconf 90' lang='lat' dir='ltr'><strong>indignum</strong></span> <span class='ocrx_word' id='word_1_207' title='bbox 938 1808 978 1836; x_wconf 92' lang='lat' dir='ltr'><strong>ut</strong></span> <span class='ocrx_word' id='word_1_208' title='bbox 1007 1799 1076 1836; x_wconf 88' lang='lat' dir='ltr'><strong>sibi</strong></span> <span class='ocrx_word' id='word_1_209' title='bbox 1101 1800 1173 1836; x_wconf 89' lang='lat' dir='ltr'><strong>tale</strong></span> <span class='ocrx_word' id='word_1_210' title='bbox 1204 1799 1295 1848; x_wconf 91' lang='lat' dir='ltr'><strong>quid</strong></span> <span class='ocrx_word' id='word_1_211' title='bbox 1316 1799 1371 1836; x_wconf 92' lang='lat' dir='ltr'><strong>fe-</strong></span> 
     </span>
     <span class='ocr_line' id='line_1_40' title="bbox 301 1852 1369 1913; baseline -0.003 -20"><span class='ocrx_word' id='word_1_212' title='bbox 301 1856 401 1893; x_wconf 91' lang='lat' dir='ltr'><strong>cerit.</strong></span> <span class='ocrx_word' id='word_1_213' title='bbox 432 1856 481 1892; x_wconf 91' lang='lat' dir='ltr'><strong>Et</strong></span> <span class='ocrx_word' id='word_1_214' title='bbox 518 1855 570 1891; x_wconf 90' lang='lat' dir='ltr'><strong>sic</strong></span> <span class='ocrx_word' id='word_1_215' title='bbox 598 1854 752 1903; x_wconf 91' lang='lat' dir='ltr'><strong>ponitur</strong></span> <span class='ocrx_word' id='word_1_216' title='bbox 792 1853 1014 1913; x_wconf 78' lang='lat' dir='ltr'><strong>indignatio.</strong></span> <span class='ocrx_word' id='word_1_217' title='bbox 1035 1873 1060 1880; x_wconf 96' lang='lat'>-</span> <span class='ocrx_word' id='word_1_218' title='bbox 1089 1852 1204 1889; x_wconf 89' lang='lat' dir='ltr'><strong>Aliud</strong></span> <span class='ocrx_word' id='word_1_219' title='bbox 1239 1860 1369 1890; x_wconf 90' lang='lat' dir='ltr'><strong>autem</strong></span> 
     </span>
    </p>
   </div>
   <div class='ocr_carea' id='block_1_23' title="bbox 299 1905 1397 1956">
    <p class='ocr_par' dir='ltr' id='par_1_25' title="bbox 299 1905 1397 1956">
     <span class='ocr_line' id='line_1_41' title="bbox 299 1905 1397 1956; baseline -0.003 -11"><span class='ocrx_word' id='word_1_220' title='bbox 299 1909 432 1945; x_wconf 85' lang='lat' dir='ltr'><strong>vitium</strong></span> <span class='ocrx_word' id='word_1_221' title='bbox 462 1916 518 1945; x_wconf 89' lang='lat' dir='ltr'><strong>est</strong></span> <span class='ocrx_word' id='word_1_222' title='bbox 545 1920 591 1944; x_wconf 81' lang='lat' dir='ltr'><strong>ex</strong></span> <span class='ocrx_word' id='word_1_223' title='bbox 619 1914 725 1956; x_wconf 89' lang='lat' dir='ltr'><strong>parte</strong></span> <span class='ocrx_word' id='word_1_224' title='bbox 754 1907 811 1943; x_wconf 89' lang='lat' dir='ltr'><strong>sui</strong></span> <span class='ocrx_word' id='word_1_225' title='bbox 839 1906 976 1955; x_wconf 86' lang='lat' dir='ltr'><strong>ipsius:</strong></span> <span class='ocrx_word' id='word_1_226' title='bbox 1007 1906 1234 1954; x_wconf 86' lang='lat' dir='ltr'><strong>inquantum</strong></span> <span class='ocrx_word' id='word_1_227' title='bbox 1274 1905 1369 1943; x_wconf 88' lang='lat' dir='ltr'><strong>scili·</strong></span> <span class='ocrx_word' id='word_1_228' title='bbox 1396 1933 1397 1936; x_wconf 65' lang='lat'>,</span> 
     </span>
    </p>
   </div>
   <div class='ocr_carea' id='block_1_24' title="bbox 298 1959 1398 2223">
    <p class='ocr_par' dir='ltr' id='par_1_26' title="bbox 298 1959 1372 2169">
     <span class='ocr_line' id='line_1_42' title="bbox 300 1959 1370 2009; baseline -0.004 -10"><span class='ocrx_word' id='word_1_229' title='bbox 300 1970 357 1999; x_wconf 91' lang='lat' dir='ltr'><strong>cet</strong></span> <span class='ocrx_word' id='word_1_230' title='bbox 386 1962 570 2009; x_wconf 83' lang='lat' dir='ltr'><strong>excogitat</strong></span> <span class='ocrx_word' id='word_1_231' title='bbox 608 1961 776 1998; x_wconf 89' lang='lat' dir='ltr'><strong>diversas</strong></span> <span class='ocrx_word' id='word_1_232' title='bbox 812 1960 893 1996; x_wconf 91' lang='lat' dir='ltr'><strong>vias</strong></span> <span class='ocrx_word' id='word_1_233' title='bbox 922 1959 1133 2006; x_wconf 88' lang='lat' dir='ltr'><strong>vindictae,</strong></span> <span class='ocrx_word' id='word_1_234' title='bbox 1165 1966 1202 1995; x_wconf 92' lang='lat' dir='ltr'><strong>et</strong></span> <span class='ocrx_word' id='word_1_235' title='bbox 1233 1959 1370 1996; x_wconf 90' lang='lat' dir='ltr'><strong>talibus</strong></span> 
     </span>
     <span class='ocr_line' id='line_1_43' title="bbox 300 2013 1368 2063; baseline -0.003 -11"><span class='ocrx_word' id='word_1_236' title='bbox 300 2015 589 2063; x_wconf 87' lang='lat' dir='ltr'><strong>cogitationibus</strong></span> <span class='ocrx_word' id='word_1_237' title='bbox 628 2014 799 2051; x_wconf 89' lang='lat' dir='ltr'><strong>animum</strong></span> <span class='ocrx_word' id='word_1_238' title='bbox 839 2025 952 2050; x_wconf 90' lang='lat' dir='ltr'><strong>suum</strong></span> <span class='ocrx_word' id='word_1_239' title='bbox 987 2013 1125 2062; x_wconf 82' lang='lat' dir='ltr'><strong>replet,</strong></span> <span class='ocrx_word' id='word_1_240' title='bbox 1155 2013 1368 2050; x_wconf 91' lang='lat' dir='ltr'><strong>secundum</strong></span> 
     </span>
     <span class='ocr_line' id='line_1_44' title="bbox 298 2064 1398 2139; baseline -0.002 -33"><span class='ocrx_word' id='word_1_241' title='bbox 298 2069 389 2106; x_wconf 90' lang='lat' dir='ltr'><strong>illud</strong></span> <span class='ocrx_word' id='word_1_242' title='bbox 418 2070 487 2112; x_wconf 79' lang='lat' dir='ltr'><strong>Iob</strong></span> <span class='ocrx_word' id='word_1_243' title='bbox 506 2081 554 2105; x_wconf 85' lang='lat' dir='ltr'><strong>xv</strong></span> <span class='ocrx_word' id='word_1_244' title='bbox 573 2068 613 2104; x_wconf 76' lang='grc' dir='ltr'><strong>*ε</strong></span> <span class='ocrx_word' id='word_1_245' title='bbox 643 2067 832 2116; x_wconf 85' lang='lat' dir='ltr'><strong>Nunquid</strong></span> <span class='ocrx_word' id='word_1_246' title='bbox 861 2067 1011 2126; x_wconf 78' lang='lat' dir='ltr'><strong>sapiens</strong></span> <span class='ocrx_word' id='word_1_247' title='bbox 1039 2066 1206 2114; x_wconf 83' lang='lat' dir='ltr'><strong>implebit</strong></span> <span class='ocrx_word' id='word_1_248' title='bbox 1231 2064 1398 2139; x_wconf 50' lang='lat' dir='ltr'><strong>ardore!</strong></span> 
     </span>
     <span class='ocr_line' id='line_1_45' title="bbox 298 2121 1368 2180; baseline -0.002 -20"><span class='ocrx_word' id='word_1_249' title='bbox 298 2124 531 2160; x_wconf 82' lang='lat' dir='ltr'><strong>stomachum</strong></span> <span class='ocrx_word' id='word_1_250' title='bbox 566 2134 689 2158; x_wconf 85' lang='lat' dir='ltr'><strong>suum.</strong></span> <span class='ocrx_word' id='word_1_251' title='bbox 730 2122 778 2158; x_wconf 90' lang='lat' dir='ltr'><strong>Et</strong></span> <span class='ocrx_word' id='word_1_252' title='bbox 807 2121 859 2157; x_wconf 93' lang='lat' dir='ltr'><strong>sic</strong></span> <span class='ocrx_word' id='word_1_253' title='bbox 888 2121 1043 2180; x_wconf 81' lang='lat' dir='ltr'><strong>ponitur</strong></span> <span class='ocrx_word' id='word_1_254' title='bbox 1070 2126 1197 2157; x_wconf 89' lang='lat' dir='ltr'><strong>tumor</strong></span> <span class='ocrx_word' id='word_1_255' title='bbox 1224 2121 1368 2158; x_wconf 84' lang='lat' dir='ltr'><strong>mentis.</strong></span> 
     </span>
    </p>

    <p class='ocr_par' dir='ltr' id='par_1_27' title="bbox 352 2174 1398 2223">
     <span class='ocr_line' id='line_1_46' title="bbox 352 2174 1398 2223; baseline -0.001 -10"><span class='ocrx_word' id='word_1_256' title='bbox 352 2177 439 2213; x_wconf 92' lang='lat' dir='ltr'><strong>Alio</strong></span> <span class='ocrx_word' id='word_1_257' title='bbox 470 2175 590 2212; x_wconf 90' lang='lat' dir='ltr'><strong>modo</strong></span> <span class='ocrx_word' id='word_1_258' title='bbox 629 2175 889 2212; x_wconf 88' lang='lat' dir='ltr'><strong>consideratur</strong></span> <span class='ocrx_word' id='word_1_259' title='bbox 918 2174 972 2211; x_wconf 91' lang='lat' dir='ltr'><strong>ira</strong></span> <span class='ocrx_word' id='word_1_260' title='bbox 1010 2174 1224 2211; x_wconf 88' lang='lat' dir='ltr'><strong>secundum</strong></span> <span class='ocrx_word' id='word_1_261' title='bbox 1264 2174 1398 2223; x_wconf 93' lang='lat' dir='ltr'><strong>quod</strong></span> 
     </span>
    </p>
   </div>
   <div class='ocr_carea' id='block_1_25' title="bbox 513 728 1395 788">
    <p class='ocr_par' dir='ltr' id='par_1_28' title="bbox 513 728 1395 788">
     <span class='ocr_line' id='line_1_47' title="bbox 513 728 1395 788; baseline -0.007 -18"><span class='ocrx_word' id='word_1_262' title='bbox 513 747 534 771; x_wconf 91' lang='lat' dir='ltr'><strong>D</strong></span> <span class='ocrx_word' id='word_1_263' title='bbox 555 743 732 770; x_wconf 81' lang='lat' dir='ltr'>SEPTIMUM</span> <span class='ocrx_word' id='word_1_264' title='bbox 753 743 806 767; x_wconf 75' lang='lat' dir='ltr'><strong>sm</strong></span> <span class='ocrx_word' id='word_1_265' title='bbox 826 741 1066 767; x_wconf 77' lang='lat' dir='ltr'><strong>PROCEDITUR.</strong></span> <span class='ocrx_word' id='word_1_266' title='bbox 1083 729 1243 766; x_wconf 88' lang='lat' dir='ltr'><strong>Videtur</strong></span> <span class='ocrx_word' id='word_1_267' title='bbox 1261 728 1368 788; x_wconf 88' lang='lat' dir='ltr'><strong>quod</strong></span> <span class='ocrx_word' id='word_1_268' title='bbox 1394 753 1395 762; x_wconf 47' lang='grc' dir='ltr'>ι</span> 
     </span>
    </p>
   </div>
   <div class='ocr_carea' id='block_1_26' title="bbox 1393 727 1400 1958">
    <p class='ocr_par' dir='ltr' id='par_1_29' title="bbox 1393 727 1400 1958">
     <span class='ocr_line' id='line_1_48' title="bbox 1393 727 1400 1958; baseline 0 0"><span class='ocrx_word' id='word_1_269' title='bbox 1393 727 1400 1958; x_wconf 95' lang='lat' dir='ltr'><strong> </strong></span> 
     </span>
    </p>
   </div>
   <div class='ocr_carea' id='block_1_27' title="bbox 1421 727 2493 877">
    <p class='ocr_par' dir='ltr' id='par_1_30' title="bbox 1421 727 2493 877">
     <span class='ocr_line' id='line_1_49' title="bbox 1423 727 2493 779; baseline 0.006 -15"><span class='ocrx_word' id='word_1_270' title='bbox 1423 727 1567 765; x_wconf 90' lang='lat' dir='ltr'><strong>dictum</strong></span> <span class='ocrx_word' id='word_1_271' title='bbox 1588 736 1644 765; x_wconf 94' lang='lat' dir='ltr'><strong>est</strong></span> <span class='ocrx_word' id='word_1_272' title='bbox 1661 728 1682 750; x_wconf 76' lang='lat'><strong>&#39;¹‘</strong></span> <span class='ocrx_word' id='word_1_273' title='bbox 1711 728 1758 765; x_wconf 89' lang='lat' dir='ltr'><strong>de</strong></span> <span class='ocrx_word' id='word_1_274' title='bbox 1786 741 1832 765; x_wconf 92' lang='lat' dir='ltr'><strong>eo</strong></span> <span class='ocrx_word' id='word_1_275' title='bbox 1853 729 1920 778; x_wconf 85' lang='lat' dir='ltr'><strong>qui</strong></span> <span class='ocrx_word' id='word_1_276' title='bbox 1936 729 2024 766; x_wconf 87' lang='lat' dir='ltr'><strong>dicit</strong></span> <span class='ocrx_word' id='word_1_277' title='bbox 2039 731 2165 779; x_wconf 87' lang='lat' dir='ltr'><strong>fratri</strong></span> <span class='ocrx_word' id='word_1_278' title='bbox 2189 743 2271 778; x_wconf 81' lang='lat' dir='ltr'><strong>suo,</strong></span> <span class='ocrx_word' id='word_1_279' title='bbox 2295 733 2417 769; x_wconf 88' lang='lat' dir='ltr'><strong>Raca.</strong></span> <span class='ocrx_word' id='word_1_280' title='bbox 2443 733 2493 770; x_wconf 94' lang='lat' dir='ltr'><strong>Et</strong></span> 
     </span>
     <span class='ocr_line' id='line_1_50' title="bbox 1421 781 2493 832; baseline 0.005 -14"><span class='ocrx_word' id='word_1_281' title='bbox 1421 781 1474 818; x_wconf 92' lang='lat' dir='ltr'><strong>sic</strong></span> <span class='ocrx_word' id='word_1_282' title='bbox 1488 781 1642 830; x_wconf 89' lang='lat' dir='ltr'><strong>ponitur</strong></span> <span class='ocrx_word' id='word_1_283' title='bbox 1655 782 1819 819; x_wconf 87' lang='lat' dir='ltr'><strong>clamor:</strong></span> <span class='ocrx_word' id='word_1_284' title='bbox 1833 794 1903 831; x_wconf 88' lang='lat' dir='ltr'><strong>per</strong></span> <span class='ocrx_word' id='word_1_285' title='bbox 1917 795 2034 832; x_wconf 89' lang='lat' dir='ltr'><strong>quem</strong></span> <span class='ocrx_word' id='word_1_286' title='bbox 2050 783 2265 832; x_wconf 90' lang='lat' dir='ltr'><strong>intelligitur</strong></span> <span class='ocrx_word' id='word_1_287' title='bbox 2279 784 2493 823; x_wconf 89' lang='lat' dir='ltr'><strong>inordinata</strong></span> 
     </span>
     <span class='ocr_line' id='line_1_51' title="bbox 1422 835 2492 877; baseline 0.006 -6"><span class='ocrx_word' id='word_1_288' title='bbox 1422 843 1459 872; x_wconf 91' lang='lat' dir='ltr'><strong>et</strong></span> <span class='ocrx_word' id='word_1_289' title='bbox 1487 836 1645 872; x_wconf 83' lang='lat' dir='ltr'><strong>confusa</strong></span> <span class='ocrx_word' id='word_1_290' title='bbox 1671 835 1826 872; x_wconf 89' lang='lat' dir='ltr'><strong>locutio.</strong></span> <span class='ocrx_word' id='word_1_291' title='bbox 1852 858 1875 864; x_wconf 90' lang='lat'><em>-</em></span> <span class='ocrx_word' id='word_1_292' title='bbox 1905 836 1990 873; x_wconf 90' lang='lat' dir='ltr'><strong>Alia</strong></span> <span class='ocrx_word' id='word_1_293' title='bbox 2018 844 2145 873; x_wconf 85' lang='lat' dir='ltr'><strong>autem</strong></span> <span class='ocrx_word' id='word_1_294' title='bbox 2175 845 2231 874; x_wconf 92' lang='lat' dir='ltr'><strong>est</strong></span> <span class='ocrx_word' id='word_1_295' title='bbox 2262 837 2492 877; x_wconf 89' lang='lat' dir='ltr'><strong>inordinatio</strong></span> 
     </span>
    </p>
   </div>
   <div class='ocr_carea' id='block_1_28' title="bbox 1393 888 2493 939">
    <p class='ocr_par' dir='ltr' id='par_1_31' title="bbox 1393 888 2493 939">
     <span class='ocr_line' id='line_1_52' title="bbox 1393 888 2493 939; baseline 0.005 -14"><span class='ocrx_word' id='word_1_296' title='bbox 1393 927 1395 934; x_wconf 64' lang='grc'>,</span> <span class='ocrx_word' id='word_1_297' title='bbox 1421 889 1635 926; x_wconf 87' lang='lat' dir='ltr'><strong>secundum</strong></span> <span class='ocrx_word' id='word_1_298' title='bbox 1657 889 1763 936; x_wconf 91' lang='lat' dir='ltr'><strong>quod</strong></span> <span class='ocrx_word' id='word_1_299' title='bbox 1792 888 1926 938; x_wconf 85' lang='lat' dir='ltr'><strong>aliquis</strong></span> <span class='ocrx_word' id='word_1_300' title='bbox 1946 890 2163 939; x_wconf 89' lang='lat' dir='ltr'><strong>prorumpit</strong></span> <span class='ocrx_word' id='word_1_301' title='bbox 2190 891 2230 928; x_wconf 93' lang='lat' dir='ltr'><strong>in</strong></span> <span class='ocrx_word' id='word_1_302' title='bbox 2247 893 2368 929; x_wconf 87' lang='lat' dir='ltr'><strong>verba</strong></span> <span class='ocrx_word' id='word_1_303' title='bbox 2397 892 2493 930; x_wconf 83' lang='lat' dir='ltr'><strong>iniu-</strong></span> 
     </span>
    </p>
   </div>
   <div class='ocr_carea' id='block_1_29' title="bbox 1420 942 2494 991">
    <p class='ocr_par' dir='ltr' id='par_1_32' title="bbox 1420 942 2494 991">
     <span class='ocr_line' id='line_1_53' title="bbox 1420 942 2494 991; baseline 0.005 -13"><span class='ocrx_word' id='word_1_304' title='bbox 1420 942 1532 979; x_wconf 87' lang='lat' dir='ltr'><strong>riosa.</strong></span> <span class='ocrx_word' id='word_1_305' title='bbox 1559 942 1670 989; x_wconf 89' lang='lat' dir='ltr'><strong>Quae</strong></span> <span class='ocrx_word' id='word_1_306' title='bbox 1691 942 1847 991; x_wconf 91' lang='lat' dir='ltr'><strong>quidem</strong></span> <span class='ocrx_word' id='word_1_307' title='bbox 1863 943 1893 979; x_wconf 91' lang='lat' dir='ltr'><strong>si</strong></span> <span class='ocrx_word' id='word_1_308' title='bbox 1914 942 1986 979; x_wconf 85' lang='lat' dir='ltr'><strong>sint</strong></span> <span class='ocrx_word' id='word_1_309' title='bbox 2006 951 2138 980; x_wconf 90' lang='lat' dir='ltr'><strong>contra</strong></span> <span class='ocrx_word' id='word_1_310' title='bbox 2152 944 2292 991; x_wconf 91' lang='lat' dir='ltr'><strong>Deum,</strong></span> <span class='ocrx_word' id='word_1_311' title='bbox 2310 945 2379 982; x_wconf 91' lang='lat' dir='ltr'><strong>erit</strong></span> <span class='ocrx_word' id='word_1_312' title='bbox 2397 946 2494 983; x_wconf 83' lang='lat' dir='ltr'><strong>blas-</strong></span> 
     </span>
    </p>
   </div>
   <div class='ocr_carea' id='block_1_30' title="bbox 354 995 2491 1099">
    <p class='ocr_par' dir='ltr' id='par_1_33' title="bbox 354 994 2491 1089">
     <span class='ocr_line' id='line_1_54' title="bbox 1415 995 2491 1045; baseline 0.005 -13.874"><span class='ocrx_word' id='word_1_313' title='bbox 1415 996 1594 1045; x_wconf 84' lang='lat' dir='ltr'><strong>phemia,·</strong></span> <span class='ocrx_word' id='word_1_314' title='bbox 1623 995 1653 1032; x_wconf 88' lang='lat' dir='ltr'><strong>si</strong></span> <span class='ocrx_word' id='word_1_315' title='bbox 1683 1003 1812 1032; x_wconf 90' lang='lat' dir='ltr'><strong>autem</strong></span> <span class='ocrx_word' id='word_1_316' title='bbox 1835 1003 1966 1032; x_wconf 91' lang='lat' dir='ltr'><strong>contra</strong></span> <span class='ocrx_word' id='word_1_317' title='bbox 1993 996 2227 1045; x_wconf 85' lang='lat' dir='ltr'><strong>proximum,</strong></span> <span class='ocrx_word' id='word_1_318' title='bbox 2254 999 2491 1037; x_wconf 85' lang='lat' dir='ltr'><strong>contumelia.</strong></span> 
     </span>
     <span class='ocr_line' id='line_1_55' title="bbox 354 1050 1394 1099; baseline -0.002 -11"><span class='ocrx_word' id='word_1_319' title='bbox 354 1064 388 1089; x_wconf 93' lang='lat'><strong>2.</strong></span> <span class='ocrx_word' id='word_1_320' title='bbox 421 1052 659 1099; x_wconf 75' lang='lat' dir='ltr'>PRAETEREA,</span> <span class='ocrx_word' id='word_1_321' title='bbox 691 1051 825 1088; x_wconf 89' lang='lat' dir='ltr'><strong>odium</strong></span> <span class='ocrx_word' id='word_1_322' title='bbox 855 1051 1019 1088; x_wconf 89' lang='lat' dir='ltr'><strong>nascitur</strong></span> <span class='ocrx_word' id='word_1_323' title='bbox 1048 1063 1093 1087; x_wconf 82' lang='lat' dir='ltr'><strong>ex</strong></span> <span class='ocrx_word' id='word_1_324' title='bbox 1121 1050 1191 1087; x_wconf 89' lang='lat' dir='ltr'><strong>ira:</strong></span> <span class='ocrx_word' id='word_1_325' title='bbox 1219 1058 1261 1086; x_wconf 90' lang='lat' dir='ltr'><strong>ut</strong></span> <span class='ocrx_word' id='word_1_326' title='bbox 1288 1052 1366 1087; x_wconf 91' lang='lat' dir='ltr'><strong>Au·</strong></span> <span class='ocrx_word' id='word_1_327' title='bbox 1392 1069 1394 1075; x_wconf 40' lang='grc' dir='ltr'>ι</span> 
     </span>
    </p>
   </div>
   <div class='ocr_carea' id='block_1_31' title="bbox 61 1105 1366 1171">
    <p class='ocr_par' dir='ltr' id='par_1_34' title="bbox 61 1105 1366 1171">
     <span class='ocr_line' id='line_1_56' title="bbox 61 1105 1366 1171; baseline -0.003 -27"><span class='ocrx_word' id='word_1_328' title='bbox 61 1123 163 1171; x_wconf 51' lang='grc' dir='ltr'><strong>31Εὲιεῖ</strong></span> <span class='ocrx_word' id='word_1_329' title='bbox 187 1121 270 1147; x_wconf 75' lang='lat' dir='ltr'><strong>ccxi,</strong></span> <span class='ocrx_word' id='word_1_330' title='bbox 298 1105 468 1165; x_wconf 80' lang='lat' dir='ltr'><strong>gustinus</strong></span> <span class='ocrx_word' id='word_1_331' title='bbox 498 1105 597 1153; x_wconf 86' lang='lat' dir='ltr'><strong>dicit,</strong></span> <span class='ocrx_word' id='word_1_332' title='bbox 618 1105 655 1142; x_wconf 88' lang='lat' dir='ltr'><strong>in</strong></span> <span class='ocrx_word' id='word_1_333' title='bbox 687 1106 837 1155; x_wconf 80' lang='lat' dir='ltr'><strong>Regula</strong></span> <span class='ocrx_word' id='word_1_334' title='bbox 856 1105 887 1142; x_wconf 73' lang='lat'><strong>²¹⁶.</strong></span> <span class='ocrx_word' id='word_1_335' title='bbox 918 1106 1020 1153; x_wconf 91' lang='lat' dir='ltr'><strong>Ergo</strong></span> <span class='ocrx_word' id='word_1_336' title='bbox 1048 1105 1204 1141; x_wconf 89' lang='lat' dir='ltr'><strong>deberet</strong></span> <span class='ocrx_word' id='word_1_337' title='bbox 1231 1116 1366 1141; x_wconf 89' lang='lat' dir='ltr'><strong>nume-</strong></span> 
     </span>
    </p>
   </div>
   <div class='ocr_carea' id='block_1_32' title="bbox 1421 1049 2534 1691">
    <p class='ocr_par' dir='ltr' id='par_1_35' title="bbox 1421 1049 2495 1260">
     <span class='ocr_line' id='line_1_57' title="bbox 1474 1049 2494 1102; baseline 0.004 -16"><span class='ocrx_word' id='word_1_338' title='bbox 1474 1049 1607 1086; x_wconf 92' lang='lat' dir='ltr'><strong>Tertio</strong></span> <span class='ocrx_word' id='word_1_339' title='bbox 1628 1049 1749 1086; x_wconf 91' lang='lat' dir='ltr'><strong>modo</strong></span> <span class='ocrx_word' id='word_1_340' title='bbox 1780 1049 2042 1087; x_wconf 89' lang='lat' dir='ltr'><strong>consideratur</strong></span> <span class='ocrx_word' id='word_1_341' title='bbox 2069 1050 2123 1087; x_wconf 90' lang='lat' dir='ltr'><strong>ira</strong></span> <span class='ocrx_word' id='word_1_342' title='bbox 2144 1051 2358 1089; x_wconf 90' lang='lat' dir='ltr'><strong>secundum</strong></span> <span class='ocrx_word' id='word_1_343' title='bbox 2388 1052 2494 1102; x_wconf 92' lang='lat' dir='ltr'><strong>quod</strong></span> 
     </span>
     <span class='ocr_line' id='line_1_58' title="bbox 1421 1102 2495 1153; baseline 0.003 -13"><span class='ocrx_word' id='word_1_344' title='bbox 1421 1104 1595 1153; x_wconf 90' lang='lat' dir='ltr'><strong>procedit</strong></span> <span class='ocrx_word' id='word_1_345' title='bbox 1621 1115 1744 1151; x_wconf 88' lang='lat' dir='ltr'><strong>usque</strong></span> <span class='ocrx_word' id='word_1_346' title='bbox 1766 1104 1814 1141; x_wconf 86' lang='lat' dir='ltr'><strong>ad</strong></span> <span class='ocrx_word' id='word_1_347' title='bbox 1844 1103 2000 1141; x_wconf 86' lang='lat' dir='ltr'><strong>factum.</strong></span> <span class='ocrx_word' id='word_1_348' title='bbox 2030 1103 2080 1140; x_wconf 91' lang='lat' dir='ltr'><strong>Et</strong></span> <span class='ocrx_word' id='word_1_349' title='bbox 2098 1102 2152 1140; x_wconf 89' lang='lat' dir='ltr'><strong>sic</strong></span> <span class='ocrx_word' id='word_1_350' title='bbox 2173 1116 2218 1141; x_wconf 84' lang='lat' dir='ltr'><strong>ex</strong></span> <span class='ocrx_word' id='word_1_351' title='bbox 2246 1103 2301 1142; x_wconf 88' lang='lat' dir='ltr'><strong>ira</strong></span> <span class='ocrx_word' id='word_1_352' title='bbox 2323 1105 2495 1143; x_wconf 91' lang='lat' dir='ltr'><strong>oriuntur</strong></span> 
     </span>
     <span class='ocr_line' id='line_1_59' title="bbox 1421 1156 2495 1216; baseline 0.003 -22"><span class='ocrx_word' id='word_1_353' title='bbox 1421 1157 1551 1194; x_wconf 90' lang='lat' dir='ltr'><strong>rixae.</strong></span> <span class='ocrx_word' id='word_1_354' title='bbox 1579 1169 1649 1206; x_wconf 90' lang='lat' dir='ltr'><strong>per</strong></span> <span class='ocrx_word' id='word_1_355' title='bbox 1671 1167 1773 1204; x_wconf 90' lang='lat' dir='ltr'><strong>quas</strong></span> <span class='ocrx_word' id='word_1_356' title='bbox 1811 1156 2069 1216; x_wconf 83' lang='lat' dir='ltr'><strong>intelliguntur</strong></span> <span class='ocrx_word' id='word_1_357' title='bbox 2097 1157 2229 1195; x_wconf 91' lang='lat' dir='ltr'><strong>omnia</strong></span> <span class='ocrx_word' id='word_1_358' title='bbox 2261 1166 2495 1197; x_wconf 87' lang='lat' dir='ltr'><strong>nocumenta</strong></span> 
     </span>
     <span class='ocr_line' id='line_1_60' title="bbox 1422 1209 2271 1260; baseline 0 -12"><span class='ocrx_word' id='word_1_359' title='bbox 1422 1223 1522 1260; x_wconf 87' lang='lat' dir='ltr'><strong>quae</strong></span> <span class='ocrx_word' id='word_1_360' title='bbox 1551 1211 1651 1248; x_wconf 91' lang='lat' dir='ltr'><strong>facto</strong></span> <span class='ocrx_word' id='word_1_361' title='bbox 1680 1210 1863 1259; x_wconf 85' lang='lat' dir='ltr'><strong>proximis</strong></span> <span class='ocrx_word' id='word_1_362' title='bbox 1891 1209 2103 1248; x_wconf 90' lang='lat' dir='ltr'><strong>inferuntur</strong></span> <span class='ocrx_word' id='word_1_363' title='bbox 2132 1223 2177 1248; x_wconf 83' lang='lat' dir='ltr'><strong>ex</strong></span> <span class='ocrx_word' id='word_1_364' title='bbox 2205 1211 2271 1249; x_wconf 90' lang='lat' dir='ltr'><strong>ira.</strong></span> 
     </span>
    </p>

    <p class='ocr_par' dir='ltr' id='par_1_36' title="bbox 1422 1265 2534 1691">
     <span class='ocr_line' id='line_1_61' title="bbox 1475 1265 2495 1315; baseline 0.002 -14"><span class='ocrx_word' id='word_1_365' title='bbox 1475 1266 1535 1301; x_wconf 82' lang='lat' dir='ltr'><strong>An</strong></span> <span class='ocrx_word' id='word_1_366' title='bbox 1565 1276 1703 1302; x_wconf 84' lang='lat' dir='ltr'>PRlMUM</span> <span class='ocrx_word' id='word_1_367' title='bbox 1730 1275 1829 1301; x_wconf 79' lang='lat' dir='ltr'>ERGO</span> <span class='ocrx_word' id='word_1_368' title='bbox 1860 1276 2044 1302; x_wconf 76' lang='lat' dir='ltr'><strong>mcENDUM</strong></span> <span class='ocrx_word' id='word_1_369' title='bbox 2066 1266 2171 1314; x_wconf 88' lang='lat' dir='ltr'><strong>quod</strong></span> <span class='ocrx_word' id='word_1_370' title='bbox 2199 1265 2437 1315; x_wconf 86' lang='lat' dir='ltr'><strong>blasphemia</strong></span> <span class='ocrx_word' id='word_1_371' title='bbox 2456 1265 2495 1303; x_wconf 91' lang='lat' dir='ltr'><strong>in</strong></span> 
     </span>
     <span class='ocr_line' id='line_1_62' title="bbox 1422 1317 2495 1370; baseline 0.003 -16"><span class='ocrx_word' id='word_1_372' title='bbox 1422 1330 1540 1367; x_wconf 90' lang='lat' dir='ltr'><strong>quam</strong></span> <span class='ocrx_word' id='word_1_373' title='bbox 1560 1317 1695 1366; x_wconf 89' lang='lat' dir='ltr'><strong>aliquis</strong></span> <span class='ocrx_word' id='word_1_374' title='bbox 1723 1317 1940 1368; x_wconf 86' lang='lat' dir='ltr'><strong>prorumpit</strong></span> <span class='ocrx_word' id='word_1_375' title='bbox 1964 1318 2172 1355; x_wconf 90' lang='lat' dir='ltr'><strong>deliberata</strong></span> <span class='ocrx_word' id='word_1_376' title='bbox 2200 1327 2341 1367; x_wconf 87' lang='lat' dir='ltr'><strong>mente,</strong></span> <span class='ocrx_word' id='word_1_377' title='bbox 2361 1332 2495 1370; x_wconf 88' lang='lat' dir='ltr'><strong>proce-</strong></span> 
     </span>
     <span class='ocr_line' id='line_1_63' title="bbox 1423 1371 2495 1422; baseline 0.003 -14"><span class='ocrx_word' id='word_1_378' title='bbox 1423 1371 1476 1408; x_wconf 92' lang='lat' dir='ltr'><strong>dit</strong></span> <span class='ocrx_word' id='word_1_379' title='bbox 1505 1383 1550 1408; x_wconf 87' lang='lat' dir='ltr'><strong>ex</strong></span> <span class='ocrx_word' id='word_1_380' title='bbox 1575 1371 1755 1421; x_wconf 89' lang='lat' dir='ltr'><strong>superbia</strong></span> <span class='ocrx_word' id='word_1_381' title='bbox 1783 1371 1951 1409; x_wconf 88' lang='lat' dir='ltr'><strong>hominis</strong></span> <span class='ocrx_word' id='word_1_382' title='bbox 1972 1379 2104 1409; x_wconf 86' lang='lat' dir='ltr'><strong>contra</strong></span> <span class='ocrx_word' id='word_1_383' title='bbox 2133 1373 2260 1410; x_wconf 87' lang='lat' dir='ltr'><strong>Deum</strong></span> <span class='ocrx_word' id='word_1_384' title='bbox 2280 1385 2320 1410; x_wconf 91' lang='lat' dir='ltr'><strong>se</strong></span> <span class='ocrx_word' id='word_1_385' title='bbox 2350 1373 2495 1422; x_wconf 88' lang='lat' dir='ltr'><strong>erigen-</strong></span> 
     </span>
     <span class='ocr_line' id='line_1_64' title="bbox 1422 1424 2534 1476; baseline 0.003 -14"><span class='ocrx_word' id='word_1_386' title='bbox 1422 1425 1488 1462; x_wconf 86' lang='lat' dir='ltr'><strong>tis:</strong></span> <span class='ocrx_word' id='word_1_387' title='bbox 1519 1425 1621 1473; x_wconf 84' lang='lat' dir='ltr'><strong>quia,</strong></span> <span class='ocrx_word' id='word_1_388' title='bbox 1651 1433 1692 1462; x_wconf 93' lang='lat' dir='ltr'><strong>ut</strong></span> <span class='ocrx_word' id='word_1_389' title='bbox 1721 1424 1856 1462; x_wconf 91' lang='lat' dir='ltr'><strong>dicitur</strong></span> <span class='ocrx_word' id='word_1_390' title='bbox 1882 1425 1999 1463; x_wconf 88' lang='lat' dir='ltr'><strong>Eccli.</strong></span> <span class='ocrx_word' id='word_1_391' title='bbox 2019 1438 2043 1462; x_wconf 87' lang='lat' dir='ltr'><strong>x</strong></span> <span class='ocrx_word' id='word_1_392' title='bbox 2061 1425 2093 1472; x_wconf 68' lang='lat'><strong>²¹³,</strong></span> <span class='ocrx_word' id='word_1_393' title='bbox 2122 1425 2270 1463; x_wconf 89' lang='lat' dir='ltr'><strong>initium</strong></span> <span class='ocrx_word' id='word_1_394' title='bbox 2297 1427 2499 1476; x_wconf 66' lang='lat' dir='ltr'><strong>superbiae}</strong></span> <span class='ocrx_word' id='word_1_395' title='bbox 2522 1441 2534 1454; x_wconf 70' lang='lat'>⁸</span> 
     </span>
     <span class='ocr_line' id='line_1_65' title="bbox 1422 1479 2496 1528; baseline 0.003 -13"><span class='ocrx_word' id='word_1_396' title='bbox 1422 1479 1585 1516; x_wconf 83' lang='lat' dir='ltr'><strong>hominis</strong></span> <span class='ocrx_word' id='word_1_397' title='bbox 1612 1484 1828 1528; x_wconf 84' lang='lat' dir='ltr'><strong>apostatare</strong></span> <span class='ocrx_word' id='word_1_398' title='bbox 1855 1491 1879 1515; x_wconf 92' lang='lat' dir='ltr'><strong>a</strong></span> <span class='ocrx_word' id='word_1_399' title='bbox 1907 1480 2015 1524; x_wconf 88' lang='lat' dir='ltr'><strong>Deo;</strong></span> <span class='ocrx_word' id='word_1_400' title='bbox 2044 1479 2152 1526; x_wconf 85' lang='lat' dir='ltr'><strong>idest,</strong></span> <span class='ocrx_word' id='word_1_401' title='bbox 2171 1481 2351 1518; x_wconf 83' lang='lat' dir='ltr'><strong>recedere</strong></span> <span class='ocrx_word' id='word_1_402' title='bbox 2380 1493 2402 1518; x_wconf 91' lang='lat' dir='ltr'><strong>a</strong></span> <span class='ocrx_word' id='word_1_403' title='bbox 2429 1493 2496 1518; x_wconf 90' lang='lat' dir='ltr'><strong>ve-</strong></span> 
     </span>
     <span class='ocr_line' id='line_1_66' title="bbox 1423 1532 2496 1583; baseline 0.003 -14"><span class='ocrx_word' id='word_1_404' title='bbox 1423 1532 1621 1570; x_wconf 89' lang='lat' dir='ltr'><strong>neratione</strong></span> <span class='ocrx_word' id='word_1_405' title='bbox 1660 1532 1740 1569; x_wconf 89' lang='lat' dir='ltr'><strong>eius</strong></span> <span class='ocrx_word' id='word_1_406' title='bbox 1771 1540 1826 1569; x_wconf 92' lang='lat' dir='ltr'><strong>est</strong></span> <span class='ocrx_word' id='word_1_407' title='bbox 1853 1532 1976 1581; x_wconf 89' lang='lat' dir='ltr'><strong>prima</strong></span> <span class='ocrx_word' id='word_1_408' title='bbox 2013 1533 2216 1582; x_wconf 89' lang='lat' dir='ltr'><strong>superbiae</strong></span> <span class='ocrx_word' id='word_1_409' title='bbox 2244 1545 2354 1583; x_wconf 87' lang='lat' dir='ltr'><strong>pars,</strong></span> <span class='ocrx_word' id='word_1_410' title='bbox 2385 1542 2422 1571; x_wconf 94' lang='lat' dir='ltr'><strong>et</strong></span> <span class='ocrx_word' id='word_1_411' title='bbox 2451 1544 2496 1572; x_wconf 87' lang='lat' dir='ltr'><strong>ex</strong></span> 
     </span>
     <span class='ocr_line' id='line_1_67' title="bbox 1423 1585 2495 1637; baseline 0.003 -14"><span class='ocrx_word' id='word_1_412' title='bbox 1423 1587 1498 1623; x_wconf 92' lang='lat' dir='ltr'><strong>hoc</strong></span> <span class='ocrx_word' id='word_1_413' title='bbox 1519 1586 1637 1623; x_wconf 89' lang='lat' dir='ltr'><strong>oritur</strong></span> <span class='ocrx_word' id='word_1_414' title='bbox 1666 1586 1916 1635; x_wconf 90' lang='lat' dir='ltr'><strong>blasphemia.</strong></span> <span class='ocrx_word' id='word_1_415' title='bbox 1949 1585 2026 1623; x_wconf 91' lang='lat' dir='ltr'><strong>Sed</strong></span> <span class='ocrx_word' id='word_1_416' title='bbox 2046 1587 2286 1636; x_wconf 90' lang='lat' dir='ltr'><strong>blasphemia</strong></span> <span class='ocrx_word' id='word_1_417' title='bbox 2314 1587 2353 1625; x_wconf 90' lang='lat' dir='ltr'><strong>in</strong></span> <span class='ocrx_word' id='word_1_418' title='bbox 2377 1597 2495 1637; x_wconf 85' lang='lat' dir='ltr'><strong>quam</strong></span> 
     </span>
     <span class='ocr_line' id='line_1_68' title="bbox 1423 1639 2496 1691; baseline 0.003 -15"><span class='ocrx_word' id='word_1_419' title='bbox 1423 1639 1557 1688; x_wconf 90' lang='lat' dir='ltr'><strong>aliquis</strong></span> <span class='ocrx_word' id='word_1_420' title='bbox 1585 1639 1801 1688; x_wconf 90' lang='lat' dir='ltr'><strong>prorumpit</strong></span> <span class='ocrx_word' id='word_1_421' title='bbox 1829 1652 1873 1677; x_wconf 87' lang='lat' dir='ltr'><strong>ex</strong></span> <span class='ocrx_word' id='word_1_422' title='bbox 1904 1639 2167 1677; x_wconf 89' lang='lat' dir='ltr'><strong>commotione</strong></span> <span class='ocrx_word' id='word_1_423' title='bbox 2195 1640 2333 1688; x_wconf 81' lang='lat' dir='ltr'><strong>animi,</strong></span> <span class='ocrx_word' id='word_1_424' title='bbox 2363 1654 2496 1691; x_wconf 91' lang='lat' dir='ltr'><strong>proce-</strong></span> 
     </span>
    </p>
   </div>
   <div class='ocr_carea' id='block_1_33' title="bbox 1423 1747 2498 1946">
    <p class='ocr_par' dir='ltr' id='par_1_37' title="bbox 1423 1747 2498 1946">
     <span class='ocr_line' id='line_1_69' title="bbox 1477 1747 2496 1795; baseline 0.003 -12"><span class='ocrx_word' id='word_1_425' title='bbox 1477 1748 1536 1783; x_wconf 81' lang='lat' dir='ltr'><strong>An</strong></span> <span class='ocrx_word' id='word_1_426' title='bbox 1574 1758 1766 1783; x_wconf 77' lang='lat' dir='ltr'>SECUNDUM</span> <span class='ocrx_word' id='word_1_427' title='bbox 1795 1757 1981 1783; x_wconf 66' lang='lat' dir='ltr'><strong>memnon</strong></span> <span class='ocrx_word' id='word_1_428' title='bbox 2014 1747 2120 1795; x_wconf 91' lang='lat' dir='ltr'><strong>quod</strong></span> <span class='ocrx_word' id='word_1_429' title='bbox 2149 1747 2303 1794; x_wconf 81' lang='lat' dir='ltr'><strong>odium,</strong></span> <span class='ocrx_word' id='word_1_430' title='bbox 2333 1748 2402 1785; x_wconf 90' lang='lat' dir='ltr'><strong>etsi</strong></span> <span class='ocrx_word' id='word_1_431' title='bbox 2431 1748 2496 1786; x_wconf 87' lang='lat' dir='ltr'><strong>ali-</strong></span> 
     </span>
     <span class='ocr_line' id='line_1_70' title="bbox 1424 1799 2494 1851; baseline 0.003 -15"><span class='ocrx_word' id='word_1_432' title='bbox 1424 1799 1580 1848; x_wconf 92' lang='lat' dir='ltr'><strong>quando</strong></span> <span class='ocrx_word' id='word_1_433' title='bbox 1617 1807 1796 1836; x_wconf 89' lang='lat' dir='ltr'><strong>nascatur</strong></span> <span class='ocrx_word' id='word_1_434' title='bbox 1831 1811 1875 1836; x_wconf 85' lang='lat' dir='ltr'><strong>ex</strong></span> <span class='ocrx_word' id='word_1_435' title='bbox 1909 1799 1982 1847; x_wconf 90' lang='lat' dir='ltr'><strong>ira,</strong></span> <span class='ocrx_word' id='word_1_436' title='bbox 2012 1808 2143 1837; x_wconf 87' lang='lat' dir='ltr'><strong>tamen</strong></span> <span class='ocrx_word' id='word_1_437' title='bbox 2177 1801 2294 1838; x_wconf 89' lang='lat' dir='ltr'><strong>habet</strong></span> <span class='ocrx_word' id='word_1_438' title='bbox 2328 1801 2494 1851; x_wconf 87' lang='lat' dir='ltr'><strong>aliquam</strong></span> 
     </span>
     <span class='ocr_line' id='line_1_71' title="bbox 1423 1853 2498 1902; baseline 0.004 -13"><span class='ocrx_word' id='word_1_439' title='bbox 1423 1853 1592 1901; x_wconf 88' lang='lat' dir='ltr'><strong>priorem</strong></span> <span class='ocrx_word' id='word_1_440' title='bbox 1623 1864 1780 1890; x_wconf 88' lang='lat' dir='ltr'><strong>causam</strong></span> <span class='ocrx_word' id='word_1_441' title='bbox 1811 1865 1856 1890; x_wconf 87' lang='lat' dir='ltr'><strong>ex</strong></span> <span class='ocrx_word' id='word_1_442' title='bbox 1885 1865 1961 1901; x_wconf 89' lang='lat' dir='ltr'><strong>qua</strong></span> <span class='ocrx_word' id='word_1_443' title='bbox 1990 1853 2168 1891; x_wconf 88' lang='lat' dir='ltr'><strong>directius</strong></span> <span class='ocrx_word' id='word_1_444' title='bbox 2196 1853 2326 1902; x_wconf 90' lang='lat' dir='ltr'><strong>oritur,</strong></span> <span class='ocrx_word' id='word_1_445' title='bbox 2357 1854 2498 1898; x_wconf 86' lang='lat' dir='ltr'><strong>scilicet</strong></span> 
     </span>
     <span class='ocr_line' id='line_1_72' title="bbox 1424 1905 2496 1946; baseline 0.004 -4"><span class='ocrx_word' id='word_1_446' title='bbox 1424 1905 1630 1943; x_wconf 88' lang='lat' dir='ltr'><strong>tristitiam:</strong></span> <span class='ocrx_word' id='word_1_447' title='bbox 1661 1905 1755 1942; x_wconf 89' lang='lat' dir='ltr'><strong>sicut</strong></span> <span class='ocrx_word' id='word_1_448' title='bbox 1782 1918 1801 1942; x_wconf 91' lang='lat' dir='ltr'><strong>e</strong></span> <span class='ocrx_word' id='word_1_449' title='bbox 1823 1906 2012 1943; x_wconf 89' lang='lat' dir='ltr'><strong>contrario</strong></span> <span class='ocrx_word' id='word_1_450' title='bbox 2033 1919 2144 1944; x_wconf 91' lang='lat' dir='ltr'><strong>amor</strong></span> <span class='ocrx_word' id='word_1_451' title='bbox 2171 1907 2338 1944; x_wconf 88' lang='lat' dir='ltr'><strong>nascitur</strong></span> <span class='ocrx_word' id='word_1_452' title='bbox 2366 1920 2411 1945; x_wconf 87' lang='lat' dir='ltr'><strong>ex</strong></span> <span class='ocrx_word' id='word_1_453' title='bbox 2432 1909 2496 1946; x_wconf 93' lang='lat' dir='ltr'><strong>de·</strong></span> 
     </span>
    </p>
   </div>
   <div class='ocr_carea' id='block_1_34' title="bbox 1396 1958 2498 2072">
    <p class='ocr_par' dir='ltr' id='par_1_38' title="bbox 1396 1958 2498 2062">
     <span class='ocr_line' id='line_1_73' title="bbox 1396 1958 2498 2012; baseline 0.004 -17"><span class='ocrx_word' id='word_1_454' title='bbox 1396 1967 1398 2012; x_wconf 53' lang='grc' dir='ltr'>ζ</span> <span class='ocrx_word' id='word_1_455' title='bbox 1424 1959 1624 1996; x_wconf 87' lang='lat' dir='ltr'><strong>lectatione</strong></span> <span class='ocrx_word' id='word_1_456' title='bbox 1640 1963 1669 1995; x_wconf 58' lang='grc' dir='ltr'><strong>α.</strong></span> <span class='ocrx_word' id='word_1_457' title='bbox 1692 1959 1750 1995; x_wconf 89' lang='lat' dir='ltr'><strong>Ex</strong></span> <span class='ocrx_word' id='word_1_458' title='bbox 1770 1958 1915 1996; x_wconf 79' lang='lat' dir='ltr'><strong>tristitIa</strong></span> <span class='ocrx_word' id='word_1_459' title='bbox 1934 1966 2062 1996; x_wconf 84' lang='lat' dir='ltr'><strong>autem</strong></span> <span class='ocrx_word' id='word_1_460' title='bbox 2083 1960 2183 1998; x_wconf 87' lang='lat' dir='ltr'><strong>illata</strong></span> <span class='ocrx_word' id='word_1_461' title='bbox 2202 1961 2439 2009; x_wconf 88' lang='lat' dir='ltr'><strong>quandoque</strong></span> <span class='ocrx_word' id='word_1_462' title='bbox 2456 1961 2498 2000; x_wconf 86' lang='lat' dir='ltr'><strong>in</strong></span> 
     </span>
     <span class='ocr_line' id='line_1_74' title="bbox 1396 2012 2498 2072; baseline 0.002 -22"><span class='ocrx_word' id='word_1_463' title='bbox 1396 2044 1398 2054; x_wconf 77' lang='grc'>,</span> <span class='ocrx_word' id='word_1_464' title='bbox 1424 2013 1533 2060; x_wconf 83' lang='lat' dir='ltr'><strong>iram,</strong></span> <span class='ocrx_word' id='word_1_465' title='bbox 1550 2012 1814 2072; x_wconf 80' lang='lat' dir='ltr'><strong>quandoque</strong></span> <span class='ocrx_word' id='word_1_466' title='bbox 1806 2024 1843 2049; x_wconf 82' lang='lat' dir='ltr'><strong>in</strong></span> <span class='ocrx_word' id='word_1_467' title='bbox 1865 2012 1998 2050; x_wconf 90' lang='lat' dir='ltr'><strong>odium</strong></span> <span class='ocrx_word' id='word_1_468' title='bbox 2020 2013 2154 2062; x_wconf 89' lang='lat' dir='ltr'><strong>aliquis</strong></span> <span class='ocrx_word' id='word_1_469' title='bbox 2173 2021 2364 2051; x_wconf 89' lang='lat' dir='ltr'><strong>movetur.</strong></span> <span class='ocrx_word' id='word_1_470' title='bbox 2385 2015 2498 2053; x_wconf 85' lang='lat' dir='ltr'><strong>Unde</strong></span> 
     </span>
    </p>
   </div>
   <div class='ocr_carea' id='block_1_35' title="bbox 1425 2066 2499 2168">
    <p class='ocr_par' dir='ltr' id='par_1_39' title="bbox 1425 2066 2499 2168">
     <span class='ocr_line' id='line_1_75' title="bbox 1425 2066 2499 2126; baseline 0.002 -22"><span class='ocrx_word' id='word_1_471' title='bbox 1425 2066 1715 2104; x_wconf 88' lang='lat' dir='ltr'><strong>convenientius</strong></span> <span class='ocrx_word' id='word_1_472' title='bbox 1753 2066 1822 2103; x_wconf 88' lang='lat' dir='ltr'><strong>fuit</strong></span> <span class='ocrx_word' id='word_1_473' title='bbox 1855 2067 1962 2126; x_wconf 83' lang='lat' dir='ltr'><strong>quod</strong></span> <span class='ocrx_word' id='word_1_474' title='bbox 1995 2067 2129 2104; x_wconf 91' lang='lat' dir='ltr'><strong>odium</strong></span> <span class='ocrx_word' id='word_1_475' title='bbox 2165 2075 2374 2116; x_wconf 89' lang='lat' dir='ltr'><strong>poneretur</strong></span> <span class='ocrx_word' id='word_1_476' title='bbox 2409 2067 2499 2106; x_wconf 90' lang='lat' dir='ltr'><strong>oriri</strong></span> 
     </span>
     <span class='ocr_line' id='line_1_76' title="bbox 1425 2119 1950 2168; baseline -0.002 -10"><span class='ocrx_word' id='word_1_477' title='bbox 1425 2133 1471 2158; x_wconf 86' lang='lat' dir='ltr'><strong>ex</strong></span> <span class='ocrx_word' id='word_1_478' title='bbox 1499 2119 1636 2158; x_wconf 88' lang='lat' dir='ltr'><strong>acedia</strong></span> <span class='ocrx_word' id='word_1_479' title='bbox 1661 2132 1780 2168; x_wconf 90' lang='lat' dir='ltr'><strong>quam</strong></span> <span class='ocrx_word' id='word_1_480' title='bbox 1810 2131 1854 2156; x_wconf 86' lang='lat' dir='ltr'><strong>ex</strong></span> <span class='ocrx_word' id='word_1_481' title='bbox 1884 2119 1950 2158; x_wconf 89' lang='lat' dir='ltr'><strong>ira.</strong></span> 
     </span>
    </p>
   </div>
   <div class='ocr_carea' id='block_1_36' title="bbox 1477 2174 2500 2222">
    <p class='ocr_par' dir='ltr' id='par_1_40' title="bbox 1477 2174 2500 2222">
     <span class='ocr_line' id='line_1_77' title="bbox 1477 2174 2500 2222; baseline 0.003 -12"><span class='ocrx_word' id='word_1_482' title='bbox 1477 2176 1538 2211; x_wconf 84' lang='lat' dir='ltr'><strong>An</strong></span> <span class='ocrx_word' id='word_1_483' title='bbox 1565 2185 1727 2211; x_wconf 70' lang='lat' dir='ltr'><strong>‘ri-:Rriun</strong></span> <span class='ocrx_word' id='word_1_484' title='bbox 1748 2185 1934 2211; x_wconf 77' lang='lat' dir='ltr'>DICENDUM</span> <span class='ocrx_word' id='word_1_485' title='bbox 1963 2174 2070 2222; x_wconf 91' lang='lat' dir='ltr'><strong>quod</strong></span> <span class='ocrx_word' id='word_1_486' title='bbox 2095 2181 2224 2211; x_wconf 90' lang='lat' dir='ltr'><strong>tumor</strong></span> <span class='ocrx_word' id='word_1_487' title='bbox 2253 2174 2390 2212; x_wconf 90' lang='lat' dir='ltr'><strong>mentis</strong></span> <span class='ocrx_word' id='word_1_488' title='bbox 2419 2187 2500 2213; x_wconf 80' lang='lat' dir='ltr'><strong>non</strong></span> 
     </span>
    </p>
   </div>
   <div class='ocr_carea' id='block_1_37' title="bbox 300 2227 2500 2331">
    <p class='ocr_par' dir='ltr' id='par_1_41' title="bbox 300 2227 2500 2331">
     <span class='ocr_line' id='line_1_78' title="bbox 300 2227 2500 2288; baseline 0 -22"><span class='ocrx_word' id='word_1_489' title='bbox 300 2238 355 2267; x_wconf 93' lang='lat' dir='ltr'><strong>est</strong></span> <span class='ocrx_word' id='word_1_490' title='bbox 385 2230 422 2266; x_wconf 90' lang='lat' dir='ltr'><strong>in</strong></span> <span class='ocrx_word' id='word_1_491' title='bbox 451 2242 529 2266; x_wconf 92' lang='lat' dir='ltr'><strong>ore.</strong></span> <span class='ocrx_word' id='word_1_492' title='bbox 561 2230 608 2265; x_wconf 88' lang='lat' dir='ltr'><strong>Et</strong></span> <span class='ocrx_word' id='word_1_493' title='bbox 628 2229 681 2265; x_wconf 89' lang='lat' dir='ltr'><strong>sic</strong></span> <span class='ocrx_word' id='word_1_494' title='bbox 711 2241 754 2265; x_wconf 87' lang='lat' dir='ltr'><strong>ex</strong></span> <span class='ocrx_word' id='word_1_495' title='bbox 785 2228 838 2264; x_wconf 89' lang='lat' dir='ltr'><strong>ira</strong></span> <span class='ocrx_word' id='word_1_496' title='bbox 859 2227 999 2277; x_wconf 88' lang='lat' dir='ltr'><strong>duplex</strong></span> <span class='ocrx_word' id='word_1_497' title='bbox 1028 2227 1257 2265; x_wconf 91' lang='lat' dir='ltr'><strong>inordinatio</strong></span> <span class='ocrx_word' id='word_1_498' title='bbox 1282 2240 1371 2277; x_wconf 90' lang='lat' dir='ltr'><strong>pro·</strong></span> <span class='ocrx_word' id='word_1_499' title='bbox 1396 2228 1398 2274; x_wconf 65' lang='lat' dir='ltr'><strong>l</strong></span> <span class='ocrx_word' id='word_1_500' title='bbox 1425 2227 1607 2288; x_wconf 85' lang='lat' dir='ltr'><strong>accipitur</strong></span> <span class='ocrx_word' id='word_1_501' title='bbox 1635 2227 1696 2264; x_wconf 85' lang='lat' dir='ltr'><strong>hic</strong></span> <span class='ocrx_word' id='word_1_502' title='bbox 1715 2239 1786 2276; x_wconf 90' lang='lat' dir='ltr'><strong>pro</strong></span> <span class='ocrx_word' id='word_1_503' title='bbox 1817 2227 2017 2276; x_wconf 88' lang='lat' dir='ltr'><strong>superbia.</strong></span> <span class='ocrx_word' id='word_1_504' title='bbox 2047 2227 2115 2265; x_wconf 90' lang='lat' dir='ltr'><strong>sed</strong></span> <span class='ocrx_word' id='word_1_505' title='bbox 2142 2240 2213 2278; x_wconf 92' lang='lat' dir='ltr'><strong>pro</strong></span> <span class='ocrx_word' id='word_1_506' title='bbox 2243 2228 2415 2276; x_wconf 84' lang='lat' dir='ltr'><strong>quodam</strong></span> <span class='ocrx_word' id='word_1_507' title='bbox 2436 2240 2500 2266; x_wconf 72' lang='lat' dir='ltr'><strong>cos-</strong></span> 
     </span>
     <span class='ocr_line' id='line_1_79' title="bbox 300 2275 2497 2331; baseline -0 -11"><span class='ocrx_word' id='word_1_508' title='bbox 300 2284 410 2320; x_wconf 89' lang='lat' dir='ltr'><strong>cedit.</strong></span> <span class='ocrx_word' id='word_1_509' title='bbox 449 2283 535 2320; x_wconf 90' lang='lat' dir='ltr'><strong>Una</strong></span> <span class='ocrx_word' id='word_1_510' title='bbox 564 2282 719 2330; x_wconf 91' lang='lat' dir='ltr'><strong>quidem</strong></span> <span class='ocrx_word' id='word_1_511' title='bbox 757 2282 969 2319; x_wconf 90' lang='lat' dir='ltr'><strong>secundum</strong></span> <span class='ocrx_word' id='word_1_512' title='bbox 999 2281 1074 2318; x_wconf 94' lang='lat' dir='ltr'><strong>hoc</strong></span> <span class='ocrx_word' id='word_1_513' title='bbox 1110 2281 1215 2331; x_wconf 93' lang='lat' dir='ltr'><strong>quod</strong></span> <span class='ocrx_word' id='word_1_514' title='bbox 1249 2282 1369 2318; x_wconf 89' lang='lat' dir='ltr'><strong>homo</strong></span> <span class='ocrx_word' id='word_1_515' title='bbox 1396 2275 1398 2318; x_wconf 93' lang='grc' dir='ltr'>Ι</span> <span class='ocrx_word' id='word_1_516' title='bbox 1425 2289 1516 2319; x_wconf 90' lang='lat' dir='ltr'><strong>natu</strong></span> <span class='ocrx_word' id='word_1_517' title='bbox 1546 2281 1627 2318; x_wconf 81' lang='lat' dir='ltr'><strong>sive</strong></span> <span class='ocrx_word' id='word_1_518' title='bbox 1656 2280 1816 2318; x_wconf 88' lang='lat' dir='ltr'><strong>audacia</strong></span> <span class='ocrx_word' id='word_1_519' title='bbox 1840 2280 2008 2318; x_wconf 87' lang='lat' dir='ltr'><strong>hominis</strong></span> <span class='ocrx_word' id='word_1_520' title='bbox 2037 2281 2254 2319; x_wconf 90' lang='lat' dir='ltr'><strong>intentantis</strong></span> <span class='ocrx_word' id='word_1_521' title='bbox 2276 2278 2497 2320; x_wconf 78' lang='lat' dir='ltr'><strong>vindictaui.</strong></span> 
     </span>
    </p>
   </div>
   <div class='ocr_carea' id='block_1_38' title="bbox 300 2335 1398 2385">
    <p class='ocr_par' dir='ltr' id='par_1_42' title="bbox 300 2335 1398 2385">
     <span class='ocr_line' id='line_1_80' title="bbox 300 2335 1398 2385; baseline -0.002 -11"><span class='ocrx_word' id='word_1_522' title='bbox 300 2338 337 2374; x_wconf 92' lang='lat' dir='ltr'><strong>in</strong></span> <span class='ocrx_word' id='word_1_523' title='bbox 367 2337 486 2373; x_wconf 91' lang='lat' dir='ltr'><strong>modo</strong></span> <span class='ocrx_word' id='word_1_524' title='bbox 516 2335 697 2385; x_wconf 89' lang='lat' dir='ltr'><strong>loquendi</strong></span> <span class='ocrx_word' id='word_1_525' title='bbox 728 2335 823 2372; x_wconf 89' lang='lat' dir='ltr'><strong>iram</strong></span> <span class='ocrx_word' id='word_1_526' title='bbox 845 2347 955 2372; x_wconf 91' lang='lat' dir='ltr'><strong>suam</strong></span> <span class='ocrx_word' id='word_1_527' title='bbox 986 2335 1247 2372; x_wconf 90' lang='lat' dir='ltr'><strong>demonstrat:</strong></span> <span class='ocrx_word' id='word_1_528' title='bbox 1277 2335 1398 2375; x_wconf 90' lang='lat' dir='ltr'><strong>sicut</strong></span> 
     </span>
    </p>
   </div>
   <div class='ocr_carea' id='block_1_39' title="bbox 353 2451 1022 2486">
    <p class='ocr_par' dir='ltr' id='par_1_43' title="bbox 353 2451 1022 2486">
     <span class='ocr_line' id='line_1_81' title="bbox 353 2451 1022 2486; baseline -0.001 -8"><span class='ocrx_word' id='word_1_529' title='bbox 353 2453 381 2486; x_wconf 84' lang='grc' dir='ltr'><strong>α)</strong></span> <span class='ocrx_word' id='word_1_530' title='bbox 401 2453 583 2478; x_wconf 82' lang='lat' dir='ltr'><strong>delectatione.</strong></span> <span class='ocrx_word' id='word_1_531' title='bbox 595 2466 615 2471; x_wconf 94' lang='lat'>-</span> <span class='ocrx_word' id='word_1_532' title='bbox 634 2451 773 2477; x_wconf 79' lang='lat' dir='ltr'><strong>dilectione</strong></span> <span class='ocrx_word' id='word_1_533' title='bbox 792 2451 934 2483; x_wconf 84' lang='lat' dir='ltr'><strong>PACILpK</strong></span> <span class='ocrx_word' id='word_1_534' title='bbox 954 2456 978 2476; x_wconf 83' lang='lat' dir='ltr'><strong>et</strong></span> <span class='ocrx_word' id='word_1_535' title='bbox 996 2459 1022 2477; x_wconf 81' lang='lat' dir='ltr'><strong>a.</strong></span> 
     </span>
    </p>
   </div>
   <div class='ocr_carea' id='block_1_40' title="bbox 1396 2325 2499 2385">
    <p class='ocr_par' dir='ltr' id='par_1_44' title="bbox 1396 2325 2499 2385">
     <span class='ocr_line' id='line_1_82' title="bbox 1396 2325 2499 2385; baseline 0.002 -13.053"><span class='ocrx_word' id='word_1_536' title='bbox 1396 2325 1598 2372; x_wconf 74' lang='lat' dir='ltr'><strong>‘Audacia</strong></span> <span class='ocrx_word' id='word_1_537' title='bbox 1627 2342 1755 2372; x_wconf 89' lang='lat' dir='ltr'><strong>autem</strong></span> <span class='ocrx_word' id='word_1_538' title='bbox 1786 2342 1841 2371; x_wconf 91' lang='lat' dir='ltr'><strong>est</strong></span> <span class='ocrx_word' id='word_1_539' title='bbox 1867 2334 2004 2382; x_wconf 84' lang='lat' dir='ltr'><strong>vitium</strong></span> <span class='ocrx_word' id='word_1_540' title='bbox 2025 2334 2235 2372; x_wconf 86' lang='lat' dir='ltr'><strong>fortitudini</strong></span> <span class='ocrx_word' id='word_1_541' title='bbox 2263 2335 2499 2385; x_wconf 89' lang='lat' dir='ltr'><strong>oppositum.</strong></span> 
     </span>
    </p>
   </div>
   <div class='ocr_carea' id='block_1_41' title="bbox 978 2544 1815 2578">
    <p class='ocr_par' dir='ltr' id='par_1_45' title="bbox 978 2544 1815 2578">
     <span class='ocr_line' id='line_1_83' title="bbox 978 2544 1815 2578; baseline -0.001 0"><span class='ocrx_word' id='word_1_542' title='bbox 978 2546 1314 2578; x_wconf 66' lang='lat' dir='ltr'><strong>Commentario.</strong></span> <span class='ocrx_word' id='word_1_543' title='bbox 1335 2544 1590 2578; x_wconf 71' lang='lat' dir='ltr'><strong>Oardinalis</strong></span> <span class='ocrx_word' id='word_1_544' title='bbox 1611 2544 1815 2578; x_wconf 75' lang='lat' dir='ltr'><strong>Caietam</strong></span> 
     </span>
    </p>
   </div>
   <div class='ocr_carea' id='block_1_42' title="bbox 301 2633 1374 2898">
    <p class='ocr_par' dir='ltr' id='par_1_46' title="bbox 301 2633 1374 2898">
     <span class='ocr_line' id='line_1_84' title="bbox 330 2633 1373 2674; baseline -0.002 -9"><span class='ocrx_word' id='word_1_545' title='bbox 330 2645 350 2665; x_wconf 80' lang='grc' dir='ltr'><strong>Ν</strong></span> <span class='ocrx_word' id='word_1_546' title='bbox 375 2634 506 2665; x_wconf 90' lang='lat' dir='ltr'><strong>articulo</strong></span> <span class='ocrx_word' id='word_1_547' title='bbox 531 2633 668 2674; x_wconf 88' lang='lat' dir='ltr'><strong>septimo</strong></span> <span class='ocrx_word' id='word_1_548' title='bbox 692 2633 834 2664; x_wconf 87' lang='lat' dir='ltr'><strong>eiusdem</strong></span> <span class='ocrx_word' id='word_1_549' title='bbox 863 2633 1059 2674; x_wconf 84' lang='lat' dir='ltr'><strong>quaestionis</strong></span> <span class='ocrx_word' id='word_1_550' title='bbox 1088 2633 1373 2674; x_wconf 87' lang='lat' dir='ltr'><strong>centesimaequin-</strong></span> 
     </span>
     <span class='ocr_line' id='line_1_85' title="bbox 304 2647 1372 2720; baseline -0.001 -11"><span class='ocrx_word' id='word_1_551' title='bbox 304 2647 675 2720; x_wconf 83' lang='lat' dir='ltr'><strong>lquagesimaeoctavae,</strong></span> <span class='ocrx_word' id='word_1_552' title='bbox 697 2678 793 2708; x_wconf 86' lang='lat' dir='ltr'><strong>dubia</strong></span> <span class='ocrx_word' id='word_1_553' title='bbox 818 2678 919 2708; x_wconf 90' lang='lat' dir='ltr'><strong>multa</strong></span> <span class='ocrx_word' id='word_1_554' title='bbox 939 2688 975 2709; x_wconf 91' lang='lat' dir='ltr'><strong>ex</strong></span> <span class='ocrx_word' id='word_1_555' title='bbox 995 2678 1144 2714; x_wconf 85' lang='lat' dir='ltr'><strong>Martino,</strong></span> <span class='ocrx_word' id='word_1_556' title='bbox 1162 2678 1218 2709; x_wconf 92' lang='lat' dir='ltr'><strong>ubi</strong></span> <span class='ocrx_word' id='word_1_557' title='bbox 1234 2688 1330 2718; x_wconf 89' lang='lat' dir='ltr'><strong>supra</strong></span> <span class='ocrx_word' id='word_1_558' title='bbox 1346 2678 1372 2715; x_wconf 84' lang='grc'><strong>*,</strong></span> 
     </span>
     <span class='ocr_line' id='line_1_86' title="bbox 302 2722 1373 2764; baseline -0.002 -9"><span class='ocrx_word' id='word_1_559' title='bbox 302 2730 481 2755; x_wconf 90' lang='lat' dir='ltr'><strong>occurrunt.</strong></span> <span class='ocrx_word' id='word_1_560' title='bbox 494 2724 637 2754; x_wconf 87' lang='lat' dir='ltr'><strong>Primum</strong></span> <span class='ocrx_word' id='word_1_561' title='bbox 648 2723 676 2760; x_wconf 66' lang='lat'><strong>¹⁸,</strong></span> <span class='ocrx_word' id='word_1_562' title='bbox 690 2722 770 2753; x_wconf 81' lang='lat' dir='ltr'><strong>circa</strong></span> <span class='ocrx_word' id='word_1_563' title='bbox 783 2723 1038 2764; x_wconf 84' lang='lat' dir='ltr'><strong>indignationem</strong></span> <span class='ocrx_word' id='word_1_564' title='bbox 1047 2722 1095 2753; x_wconf 72' lang='lat'><strong>*⁸¹1</strong></span> <span class='ocrx_word' id='word_1_565' title='bbox 1110 2723 1199 2764; x_wconf 94' lang='lat' dir='ltr'><strong>quod</strong></span> <span class='ocrx_word' id='word_1_566' title='bbox 1213 2732 1279 2753; x_wconf 92' lang='lat' dir='ltr'><strong>non</strong></span> <span class='ocrx_word' id='word_1_567' title='bbox 1293 2723 1373 2753; x_wconf 88' lang='lat' dir='ltr'><strong>bene</strong></span> 
     </span>
     <span class='ocr_line' id='line_1_87' title="bbox 302 2767 1374 2809; baseline -0.001 -10"><span class='ocrx_word' id='word_1_568' title='bbox 302 2768 470 2809; x_wconf 82' lang='lat' dir='ltr'><strong>exponitur</strong></span> <span class='ocrx_word' id='word_1_569' title='bbox 485 2768 518 2798; x_wconf 91' lang='lat' dir='ltr'><strong>in</strong></span> <span class='ocrx_word' id='word_1_570' title='bbox 534 2767 644 2804; x_wconf 89' lang='lat' dir='ltr'><strong>littera,</strong></span> <span class='ocrx_word' id='word_1_571' title='bbox 661 2767 779 2798; x_wconf 89' lang='lat' dir='ltr'><strong>scilicet</strong></span> <span class='ocrx_word' id='word_1_572' title='bbox 795 2767 885 2808; x_wconf 92' lang='lat' dir='ltr'><strong>quod</strong></span> <span class='ocrx_word' id='word_1_573' title='bbox 904 2767 943 2798; x_wconf 92' lang='lat' dir='ltr'><strong>sit</strong></span> <span class='ocrx_word' id='word_1_574' title='bbox 963 2769 1123 2808; x_wconf 80' lang='lat' dir='ltr'><strong>reputatio</strong></span> <span class='ocrx_word' id='word_1_575' title='bbox 1142 2767 1269 2808; x_wconf 79' lang='lat' dir='ltr'><strong>indigni</strong></span> <span class='ocrx_word' id='word_1_576' title='bbox 1289 2767 1374 2808; x_wconf 85' lang='lat' dir='ltr'><strong>quod</strong></span> 
     </span>
     <span class='ocr_line' id='line_1_88' title="bbox 301 2811 1371 2853; baseline -0.002 -9"><span class='ocrx_word' id='word_1_577' title='bbox 301 2814 360 2844; x_wconf 82' lang='lat' dir='ltr'><strong>sibi</strong></span> <span class='ocrx_word' id='word_1_578' title='bbox 376 2813 440 2844; x_wconf 89' lang='lat' dir='ltr'><strong>tale</strong></span> <span class='ocrx_word' id='word_1_579' title='bbox 455 2813 531 2853; x_wconf 83' lang='lat' dir='ltr'><strong>quid</strong></span> <span class='ocrx_word' id='word_1_580' title='bbox 538 2811 670 2853; x_wconf 87' lang='lat' dir='ltr'><strong>fecerit.</strong></span> <span class='ocrx_word' id='word_1_581' title='bbox 695 2812 812 2848; x_wconf 91' lang='lat' dir='ltr'><strong>Primo,</strong></span> <span class='ocrx_word' id='word_1_582' title='bbox 830 2811 905 2852; x_wconf 86' lang='lat' dir='ltr'><strong>quia</strong></span> <span class='ocrx_word' id='word_1_583' title='bbox 921 2812 963 2842; x_wconf 80' lang='lat' dir='ltr'><strong>ita</strong></span> <span class='ocrx_word' id='word_1_584' title='bbox 980 2819 1027 2843; x_wconf 90' lang='lat' dir='ltr'><strong>est</strong></span> <span class='ocrx_word' id='word_1_585' title='bbox 1046 2812 1188 2843; x_wconf 86' lang='lat' dir='ltr'><strong>defectus</strong></span> <span class='ocrx_word' id='word_1_586' title='bbox 1202 2812 1234 2842; x_wconf 90' lang='lat' dir='ltr'><strong>in</strong></span> <span class='ocrx_word' id='word_1_587' title='bbox 1252 2812 1371 2843; x_wconf 87' lang='lat' dir='ltr'><strong>multis.</strong></span> 
     </span>
     <span class='ocr_line' id='line_1_89' title="bbox 301 2856 1372 2898; baseline -0.001 -10"><span class='ocrx_word' id='word_1_588' title='bbox 301 2859 383 2888; x_wconf 88' lang='lat' dir='ltr'><strong>Nam</strong></span> <span class='ocrx_word' id='word_1_589' title='bbox 407 2857 580 2898; x_wconf 84' lang='lat' dir='ltr'><strong>aliquando</strong></span> <span class='ocrx_word' id='word_1_590' title='bbox 609 2857 706 2887; x_wconf 89' lang='lat' dir='ltr'><strong>iratus</strong></span> <span class='ocrx_word' id='word_1_591' title='bbox 730 2856 808 2886; x_wconf 89' lang='lat' dir='ltr'><strong>nihil</strong></span> <span class='ocrx_word' id='word_1_592' title='bbox 833 2857 871 2887; x_wconf 93' lang='lat' dir='ltr'><strong>de</strong></span> <span class='ocrx_word' id='word_1_593' title='bbox 895 2857 958 2887; x_wconf 90' lang='lat' dir='ltr'><strong>hoc</strong></span> <span class='ocrx_word' id='word_1_594' title='bbox 981 2857 1175 2893; x_wconf 86' lang='lat' dir='ltr'><strong>considerat,</strong></span> <span class='ocrx_word' id='word_1_595' title='bbox 1199 2857 1372 2898; x_wconf 82' lang='lat' dir='ltr'><strong>aliquando</strong></span> 
     </span>
    </p>
   </div>
   <div class='ocr_carea' id='block_1_43' title="bbox 302 2901 1400 2942">
    <p class='ocr_par' dir='ltr' id='par_1_47' title="bbox 302 2901 1400 2942">
     <span class='ocr_line' id='line_1_90' title="bbox 302 2901 1400 2942; baseline 0 -10"><span class='ocrx_word' id='word_1_596' title='bbox 302 2902 359 2933; x_wconf 89' lang='lat' dir='ltr'><strong>scit</strong></span> <span class='ocrx_word' id='word_1_597' title='bbox 382 2911 414 2932; x_wconf 90' lang='lat' dir='ltr'><strong>se</strong></span> <span class='ocrx_word' id='word_1_598' title='bbox 430 2902 492 2932; x_wconf 92' lang='lat' dir='ltr'><strong>hoc</strong></span> <span class='ocrx_word' id='word_1_599' title='bbox 512 2901 703 2931; x_wconf 88' lang='lat' dir='ltr'><strong>demeruisse</strong></span> <span class='ocrx_word' id='word_1_600' title='bbox 727 2901 816 2942; x_wconf 92' lang='lat' dir='ltr'><strong>quod</strong></span> <span class='ocrx_word' id='word_1_601' title='bbox 836 2902 874 2931; x_wconf 85' lang='lat' dir='ltr'><strong>ab</strong></span> <span class='ocrx_word' id='word_1_602' title='bbox 891 2911 929 2931; x_wconf 92' lang='lat' dir='ltr'><strong>eo</strong></span> <span class='ocrx_word' id='word_1_603' title='bbox 946 2901 1136 2932; x_wconf 85' lang='lat' dir='ltr'><strong>laederetur:</strong></span> <span class='ocrx_word' id='word_1_604' title='bbox 1162 2901 1373 2932; x_wconf 88' lang='lat' dir='ltr'><strong>nihilominus</strong></span> <span class='ocrx_word' id='word_1_605' title='bbox 1398 2918 1400 2927; x_wconf 60' lang='lat' dir='ltr'>v</span> 
     </span>
    </p>
   </div>
   <div class='ocr_carea' id='block_1_44' title="bbox 302 2945 1378 3696">
    <p class='ocr_par' dir='ltr' id='par_1_48' title="bbox 302 2945 1375 3119">
     <span class='ocr_line' id='line_1_91' title="bbox 302 2945 1374 2986; baseline -0.001 -9"><span class='ocrx_word' id='word_1_606' title='bbox 302 2946 454 2977; x_wconf 86' lang='lat' dir='ltr'><strong>irascitur.</strong></span> <span class='ocrx_word' id='word_1_607' title='bbox 479 2964 498 2968; x_wconf 95' lang='lat'>-</span> <span class='ocrx_word' id='word_1_608' title='bbox 523 2945 689 2982; x_wconf 87' lang='lat' dir='ltr'><strong>Secundo,</strong></span> <span class='ocrx_word' id='word_1_609' title='bbox 714 2945 790 2986; x_wconf 86' lang='lat' dir='ltr'><strong>quia</strong></span> <span class='ocrx_word' id='word_1_610' title='bbox 813 2946 857 2976; x_wconf 85' lang='lat' dir='ltr'><strong>sic</strong></span> <span class='ocrx_word' id='word_1_611' title='bbox 881 2953 1008 2985; x_wconf 88' lang='lat' dir='ltr'><strong>accepta</strong></span> <span class='ocrx_word' id='word_1_612' title='bbox 1031 2946 1206 2986; x_wconf 85' lang='lat' dir='ltr'><strong>indignatio</strong></span> <span class='ocrx_word' id='word_1_613' title='bbox 1238 2956 1303 2977; x_wconf 91' lang='lat' dir='ltr'><strong>non</strong></span> <span class='ocrx_word' id='word_1_614' title='bbox 1328 2953 1374 2977; x_wconf 90' lang='lat' dir='ltr'><strong>est</strong></span> 
     </span>
     <span class='ocr_line' id='line_1_92' title="bbox 302 2990 1375 3027; baseline 0 -6"><span class='ocrx_word' id='word_1_615' title='bbox 302 2991 365 3021; x_wconf 85' lang='lat' dir='ltr'><strong>filia</strong></span> <span class='ocrx_word' id='word_1_616' title='bbox 388 2991 433 3021; x_wconf 86' lang='lat' dir='ltr'><strong>ira</strong></span> <span class='ocrx_word' id='word_1_617' title='bbox 454 3014 461 3021; x_wconf 96' lang='lat'><strong>.</strong></span> <span class='ocrx_word' id='word_1_618' title='bbox 494 2990 659 3020; x_wconf 87' lang='lat' dir='ltr'><strong>Probatur.</strong></span> <span class='ocrx_word' id='word_1_619' title='bbox 691 2990 775 3027; x_wconf 89' lang='lat' dir='ltr'><strong>Quia</strong></span> <span class='ocrx_word' id='word_1_620' title='bbox 800 3000 866 3020; x_wconf 91' lang='lat' dir='ltr'><strong>non</strong></span> <span class='ocrx_word' id='word_1_621' title='bbox 891 2990 996 3020; x_wconf 90' lang='lat' dir='ltr'><strong>omnis</strong></span> <span class='ocrx_word' id='word_1_622' title='bbox 1024 2990 1094 3021; x_wconf 89' lang='lat' dir='ltr'><strong>talis</strong></span> <span class='ocrx_word' id='word_1_623' title='bbox 1118 2991 1296 3022; x_wconf 81' lang='lat' dir='ltr'><strong>aestimatio</strong></span> <span class='ocrx_word' id='word_1_624' title='bbox 1328 2997 1375 3021; x_wconf 93' lang='lat' dir='ltr'><strong>est</strong></span> 
     </span>
     <span class='ocr_line' id='line_1_93' title="bbox 302 3001 1375 3073; baseline 0 -7"><span class='ocrx_word' id='word_1_625' title='bbox 302 3001 579 3073; x_wconf 43' lang='lat' dir='ltr'><strong>vitiosazeiconstat</strong></span> <span class='ocrx_word' id='word_1_626' title='bbox 602 3041 708 3065; x_wconf 85' lang='lat' dir='ltr'><strong>autern</strong></span> <span class='ocrx_word' id='word_1_627' title='bbox 733 3044 865 3064; x_wconf 89' lang='lat' dir='ltr'><strong>omnem</strong></span> <span class='ocrx_word' id='word_1_628' title='bbox 885 3041 991 3065; x_wconf 84' lang='lat' dir='ltr'><strong>actum</strong></span> <span class='ocrx_word' id='word_1_629' title='bbox 1014 3035 1064 3065; x_wconf 90' lang='lat' dir='ltr'><strong>vel</strong></span> <span class='ocrx_word' id='word_1_630' title='bbox 1087 3035 1232 3066; x_wconf 88' lang='lat' dir='ltr'><strong>habitum</strong></span> <span class='ocrx_word' id='word_1_631' title='bbox 1256 3046 1274 3066; x_wconf 85' lang='lat' dir='ltr'><strong>a</strong></span> <span class='ocrx_word' id='word_1_632' title='bbox 1298 3035 1375 3067; x_wconf 87' lang='lat' dir='ltr'><strong>Gre-</strong></span> 
     </span>
     <span class='ocr_line' id='line_1_94' title="bbox 303 3078 1157 3119; baseline 0 -9"><span class='ocrx_word' id='word_1_633' title='bbox 303 3080 393 3119; x_wconf 87' lang='lat' dir='ltr'><strong>gorio</strong></span> <span class='ocrx_word' id='word_1_634' title='bbox 417 3079 612 3119; x_wconf 88' lang='lat' dir='ltr'><strong>assignatum</strong></span> <span class='ocrx_word' id='word_1_635' title='bbox 636 3089 695 3119; x_wconf 92' lang='lat' dir='ltr'><strong>pro</strong></span> <span class='ocrx_word' id='word_1_636' title='bbox 719 3078 784 3109; x_wconf 89' lang='lat' dir='ltr'><strong>filia</strong></span> <span class='ocrx_word' id='word_1_637' title='bbox 806 3078 880 3114; x_wconf 85' lang='lat' dir='ltr'><strong>irae,</strong></span> <span class='ocrx_word' id='word_1_638' title='bbox 905 3089 972 3109; x_wconf 90' lang='lat' dir='ltr'><strong>esse</strong></span> <span class='ocrx_word' id='word_1_639' title='bbox 995 3078 1157 3110; x_wconf 87' lang='lat' dir='ltr'><strong>vitiosum.</strong></span> 
     </span>
    </p>

    <p class='ocr_par' dir='ltr' id='par_1_49' title="bbox 306 3123 1375 3287">
     <span class='ocr_line' id='line_1_95' title="bbox 359 3123 1375 3165; baseline 0 -11"><span class='ocrx_word' id='word_1_640' title='bbox 359 3124 502 3155; x_wconf 83' lang='lat' dir='ltr'><strong>Dubium</strong></span> <span class='ocrx_word' id='word_1_641' title='bbox 525 3124 701 3154; x_wconf 85' lang='lat' dir='ltr'><strong>secundum</strong></span> <span class='ocrx_word' id='word_1_642' title='bbox 717 3123 734 3142; x_wconf 84' lang='grc'><strong>*</strong></span> <span class='ocrx_word' id='word_1_643' title='bbox 759 3130 804 3153; x_wconf 91' lang='lat' dir='ltr'><strong>est</strong></span> <span class='ocrx_word' id='word_1_644' title='bbox 821 3123 901 3154; x_wconf 84' lang='lat' dir='ltr'><strong>circa</strong></span> <span class='ocrx_word' id='word_1_645' title='bbox 925 3129 1081 3154; x_wconf 84' lang='lat' dir='ltr'><strong>tumorem</strong></span> <span class='ocrx_word' id='word_1_646' title='bbox 1094 3124 1144 3154; x_wconf 84' lang='grc'><strong>**;</strong></span> <span class='ocrx_word' id='word_1_647' title='bbox 1168 3124 1258 3165; x_wconf 91' lang='lat' dir='ltr'><strong>quod</strong></span> <span class='ocrx_word' id='word_1_648' title='bbox 1279 3124 1375 3155; x_wconf 86' lang='lat' dir='ltr'><strong>etiam</strong></span> 
     </span>
     <span class='ocr_line' id='line_1_96' title="bbox 306 3167 1375 3209; baseline 0.001 -11"><span class='ocrx_word' id='word_1_649' title='bbox 306 3169 386 3198; x_wconf 84' lang='lat' dir='ltr'><strong>male</strong></span> <span class='ocrx_word' id='word_1_650' title='bbox 411 3168 579 3208; x_wconf 86' lang='lat' dir='ltr'><strong>exponitur</strong></span> <span class='ocrx_word' id='word_1_651' title='bbox 602 3167 634 3198; x_wconf 89' lang='lat' dir='ltr'><strong>in</strong></span> <span class='ocrx_word' id='word_1_652' title='bbox 658 3168 769 3198; x_wconf 83' lang='lat' dir='ltr'><strong>littera.</strong></span> <span class='ocrx_word' id='word_1_653' title='bbox 795 3167 879 3205; x_wconf 84' lang='lat' dir='ltr'><strong>Quia</strong></span> <span class='ocrx_word' id='word_1_654' title='bbox 903 3169 1098 3209; x_wconf 82' lang='lat' dir='ltr'><strong>excogitatio</strong></span> <span class='ocrx_word' id='word_1_655' title='bbox 1122 3170 1249 3199; x_wconf 84' lang='lat' dir='ltr'><strong>viarum</strong></span> <span class='ocrx_word' id='word_1_656' title='bbox 1274 3169 1375 3199; x_wconf 78' lang='lat' dir='ltr'><strong>vindi-</strong></span> 
     </span>
     <span class='ocr_line' id='line_1_97' title="bbox 306 3211 1375 3254; baseline 0.001 -11"><span class='ocrx_word' id='word_1_657' title='bbox 306 3213 399 3243; x_wconf 83' lang='lat' dir='ltr'><strong>candi</strong></span> <span class='ocrx_word' id='word_1_658' title='bbox 422 3223 487 3243; x_wconf 90' lang='lat' dir='ltr'><strong>non</strong></span> <span class='ocrx_word' id='word_1_659' title='bbox 513 3212 647 3253; x_wconf 89' lang='lat' dir='ltr'><strong>pertinet</strong></span> <span class='ocrx_word' id='word_1_660' title='bbox 670 3212 709 3242; x_wconf 88' lang='lat' dir='ltr'><strong>ad</strong></span> <span class='ocrx_word' id='word_1_661' title='bbox 733 3211 827 3248; x_wconf 84' lang='lat' dir='ltr'><strong>filias,</strong></span> <span class='ocrx_word' id='word_1_662' title='bbox 853 3212 934 3243; x_wconf 91' lang='lat' dir='ltr'><strong>sicut</strong></span> <span class='ocrx_word' id='word_1_663' title='bbox 964 3222 1022 3243; x_wconf 90' lang='lat' dir='ltr'><strong>nec</strong></span> <span class='ocrx_word' id='word_1_664' title='bbox 1046 3212 1198 3244; x_wconf 84' lang='lat' dir='ltr'><strong>vindicta:</strong></span> <span class='ocrx_word' id='word_1_665' title='bbox 1229 3214 1283 3244; x_wconf 89' lang='lat' dir='ltr'><strong>sed</strong></span> <span class='ocrx_word' id='word_1_666' title='bbox 1307 3223 1375 3254; x_wconf 91' lang='lat' dir='ltr'><strong>per—</strong></span> 
     </span>
     <span class='ocr_line' id='line_1_98' title="bbox 306 3256 854 3287; baseline 0 0"><span class='ocrx_word' id='word_1_667' title='bbox 306 3257 384 3287; x_wconf 89' lang='lat' dir='ltr'><strong>tinet</strong></span> <span class='ocrx_word' id='word_1_668' title='bbox 407 3258 446 3287; x_wconf 88' lang='lat' dir='ltr'><strong>ad</strong></span> <span class='ocrx_word' id='word_1_669' title='bbox 470 3257 640 3287; x_wconf 90' lang='lat' dir='ltr'><strong>consilium</strong></span> <span class='ocrx_word' id='word_1_670' title='bbox 663 3256 854 3287; x_wconf 88' lang='lat' dir='ltr'><strong>vindicandi.</strong></span> 
     </span>
    </p>

    <p class='ocr_par' dir='ltr' id='par_1_50' title="bbox 309 3300 1377 3516">
     <span class='ocr_line' id='line_1_99' title="bbox 363 3300 1376 3343; baseline 0.002 -12"><span class='ocrx_word' id='word_1_671' title='bbox 363 3301 493 3337; x_wconf 88' lang='lat' dir='ltr'><strong>Deinde,</strong></span> <span class='ocrx_word' id='word_1_672' title='bbox 518 3311 576 3341; x_wconf 92' lang='lat' dir='ltr'><strong>pro</strong></span> <span class='ocrx_word' id='word_1_673' title='bbox 601 3301 667 3332; x_wconf 89' lang='lat' dir='ltr'><strong>istis</strong></span> <span class='ocrx_word' id='word_1_674' title='bbox 692 3302 815 3331; x_wconf 83' lang='lat' dir='ltr'><strong>duabus</strong></span> <span class='ocrx_word' id='word_1_675' title='bbox 839 3300 965 3331; x_wconf 82' lang='lat' dir='ltr'><strong>filiabus</strong></span> <span class='ocrx_word' id='word_1_676' title='bbox 989 3301 1084 3332; x_wconf 89' lang='lat' dir='ltr'><strong>simul</strong></span> <span class='ocrx_word' id='word_1_677' title='bbox 1099 3302 1126 3333; x_wconf 90' lang='lat'><strong>*.</strong></span> <span class='ocrx_word' id='word_1_678' title='bbox 1151 3301 1252 3333; x_wconf 83' lang='lat' dir='ltr'><strong>Iratus</strong></span> <span class='ocrx_word' id='word_1_679' title='bbox 1276 3312 1376 3343; x_wconf 84' lang='lat' dir='ltr'><strong>quan-</strong></span> 
     </span>
     <span class='ocr_line' id='line_1_100' title="bbox 309 3345 1376 3387; baseline 0.002 -12"><span class='ocrx_word' id='word_1_680' title='bbox 309 3345 415 3385; x_wconf 89' lang='lat' dir='ltr'><strong>doque</strong></span> <span class='ocrx_word' id='word_1_681' title='bbox 438 3345 556 3385; x_wconf 87' lang='lat' dir='ltr'><strong>profert</strong></span> <span class='ocrx_word' id='word_1_682' title='bbox 581 3346 669 3386; x_wconf 83' lang='lat' dir='ltr'><strong>signa</strong></span> <span class='ocrx_word' id='word_1_683' title='bbox 692 3345 917 3386; x_wconf 87' lang='lat' dir='ltr'><strong>indignationis</strong></span> <span class='ocrx_word' id='word_1_684' title='bbox 936 3356 1025 3382; x_wconf 90' lang='lat' dir='ltr'><strong>voce,</strong></span> <span class='ocrx_word' id='word_1_685' title='bbox 1043 3353 1134 3383; x_wconf 91' lang='lat' dir='ltr'><strong>nutu,</strong></span> <span class='ocrx_word' id='word_1_686' title='bbox 1151 3353 1258 3387; x_wconf 88' lang='lat' dir='ltr'><strong>gestu:</strong></span> <span class='ocrx_word' id='word_1_687' title='bbox 1284 3353 1315 3377; x_wconf 90' lang='lat' dir='ltr'><strong>et</strong></span> <span class='ocrx_word' id='word_1_688' title='bbox 1337 3347 1376 3377; x_wconf 90' lang='lat' dir='ltr'><strong>si-</strong></span> 
     </span>
     <span class='ocr_line' id='line_1_101' title="bbox 309 3389 1377 3431; baseline 0.003 -13"><span class='ocrx_word' id='word_1_689' title='bbox 309 3389 423 3419; x_wconf 90' lang='lat' dir='ltr'><strong>militer</strong></span> <span class='ocrx_word' id='word_1_690' title='bbox 453 3389 539 3428; x_wconf 83' lang='lat' dir='ltr'><strong>signa</strong></span> <span class='ocrx_word' id='word_1_691' title='bbox 563 3400 639 3420; x_wconf 82' lang='lat' dir='ltr'><strong>suae</strong></span> <span class='ocrx_word' id='word_1_692' title='bbox 668 3390 885 3430; x_wconf 80' lang='lat' dir='ltr'><strong>praestantiae.</strong></span> <span class='ocrx_word' id='word_1_693' title='bbox 918 3391 958 3421; x_wconf 93' lang='lat' dir='ltr'><strong>Et</strong></span> <span class='ocrx_word' id='word_1_694' title='bbox 985 3390 1043 3421; x_wconf 84' lang='lat' dir='ltr'><strong>ista</strong></span> <span class='ocrx_word' id='word_1_695' title='bbox 1072 3401 1138 3421; x_wconf 91' lang='lat' dir='ltr'><strong>non</strong></span> <span class='ocrx_word' id='word_1_696' title='bbox 1168 3397 1310 3431; x_wconf 89' lang='lat' dir='ltr'><strong>spectant</strong></span> <span class='ocrx_word' id='word_1_697' title='bbox 1337 3392 1377 3421; x_wconf 81' lang='lat' dir='ltr'><strong>ad</strong></span> 
     </span>
     <span class='ocr_line' id='line_1_102' title="bbox 309 3433 1377 3476; baseline 0.004 -14"><span class='ocrx_word' id='word_1_698' title='bbox 309 3433 416 3468; x_wconf 80' lang='lat' dir='ltr'><strong>rixam,</strong></span> <span class='ocrx_word' id='word_1_699' title='bbox 435 3434 670 3470; x_wconf 84' lang='lat' dir='ltr'><strong>contumeliam,</strong></span> <span class='ocrx_word' id='word_1_700' title='bbox 688 3435 919 3474; x_wconf 81' lang='lat' dir='ltr'><strong>blasphemiam</strong></span> <span class='ocrx_word' id='word_1_701' title='bbox 935 3442 990 3465; x_wconf 85' lang='lat' dir='ltr'><strong>aut</strong></span> <span class='ocrx_word' id='word_1_702' title='bbox 1006 3435 1188 3466; x_wconf 87' lang='lat' dir='ltr'><strong>clamorem.</strong></span> <span class='ocrx_word' id='word_1_703' title='bbox 1206 3436 1291 3475; x_wconf 83' lang='lat' dir='ltr'><strong>Ergo</strong></span> <span class='ocrx_word' id='word_1_704' title='bbox 1308 3445 1377 3476; x_wconf 88' lang='lat' dir='ltr'><strong>spe-</strong></span> 
     </span>
     <span class='ocr_line' id='line_1_103' title="bbox 310 3477 1117 3516; baseline 0.004 -9"><span class='ocrx_word' id='word_1_705' title='bbox 310 3484 394 3509; x_wconf 88' lang='lat' dir='ltr'><strong>ctant</strong></span> <span class='ocrx_word' id='word_1_706' title='bbox 417 3477 455 3506; x_wconf 83' lang='lat' dir='ltr'><strong>ad</strong></span> <span class='ocrx_word' id='word_1_707' title='bbox 479 3477 728 3516; x_wconf 82' lang='lat' dir='ltr'><strong>indignationem</strong></span> <span class='ocrx_word' id='word_1_708' title='bbox 755 3486 784 3509; x_wconf 89' lang='lat' dir='ltr'><strong>et</strong></span> <span class='ocrx_word' id='word_1_709' title='bbox 807 3486 969 3509; x_wconf 88' lang='lat' dir='ltr'><strong>tumorem</strong></span> <span class='ocrx_word' id='word_1_710' title='bbox 993 3479 1117 3510; x_wconf 88' lang='lat' dir='ltr'><strong>mentis.</strong></span> 
     </span>
    </p>

    <p class='ocr_par' dir='ltr' id='par_1_51' title="bbox 310 3521 1378 3696">
     <span class='ocr_line' id='line_1_104' title="bbox 364 3521 1378 3565; baseline 0.003 -14"><span class='ocrx_word' id='word_1_711' title='bbox 364 3521 504 3551; x_wconf 86' lang='lat' dir='ltr'><strong>Dubium</strong></span> <span class='ocrx_word' id='word_1_712' title='bbox 522 3523 649 3552; x_wconf 84' lang='lat' dir='ltr'><strong>tertium</strong></span> <span class='ocrx_word' id='word_1_713' title='bbox 662 3522 679 3541; x_wconf 91' lang='lat'>*</span> <span class='ocrx_word' id='word_1_714' title='bbox 695 3529 741 3552; x_wconf 88' lang='lat' dir='ltr'><strong>est</strong></span> <span class='ocrx_word' id='word_1_715' title='bbox 754 3523 832 3553; x_wconf 91' lang='lat' dir='ltr'><strong>circa</strong></span> <span class='ocrx_word' id='word_1_716' title='bbox 849 3524 1021 3554; x_wconf 85' lang='lat' dir='ltr'><strong>clamorem</strong></span> <span class='ocrx_word' id='word_1_717' title='bbox 1034 3524 1083 3554; x_wconf 82' lang='grc'><strong>**;</strong></span> <span class='ocrx_word' id='word_1_718' title='bbox 1105 3524 1194 3565; x_wconf 92' lang='lat' dir='ltr'><strong>quod</strong></span> <span class='ocrx_word' id='word_1_719' title='bbox 1210 3523 1305 3554; x_wconf 88' lang='lat' dir='ltr'><strong>etiam</strong></span> <span class='ocrx_word' id='word_1_720' title='bbox 1318 3523 1378 3553; x_wconf 90' lang='lat' dir='ltr'><strong>mi-</strong></span> 
     </span>
     <span class='ocr_line' id='line_1_105' title="bbox 311 3566 1377 3609; baseline 0.003 -14"><span class='ocrx_word' id='word_1_721' title='bbox 311 3575 369 3596; x_wconf 89' lang='lat' dir='ltr'><strong>nus</strong></span> <span class='ocrx_word' id='word_1_722' title='bbox 393 3566 473 3596; x_wconf 90' lang='lat' dir='ltr'><strong>bene</strong></span> <span class='ocrx_word' id='word_1_723' title='bbox 497 3566 665 3606; x_wconf 88' lang='lat' dir='ltr'><strong>exponitur</strong></span> <span class='ocrx_word' id='word_1_724' title='bbox 689 3576 743 3606; x_wconf 91' lang='lat' dir='ltr'><strong>per</strong></span> <span class='ocrx_word' id='word_1_725' title='bbox 767 3567 984 3597; x_wconf 79' lang='lat' dir='ltr'><strong>inordinatam</strong></span> <span class='ocrx_word' id='word_1_726' title='bbox 1001 3573 1032 3598; x_wconf 89' lang='lat' dir='ltr'><strong>et</strong></span> <span class='ocrx_word' id='word_1_727' title='bbox 1055 3568 1222 3609; x_wconf 83' lang='lat' dir='ltr'><strong>confusam</strong></span> <span class='ocrx_word' id='word_1_728' title='bbox 1248 3568 1377 3598; x_wconf 82' lang='lat' dir='ltr'><strong>locutio-</strong></span> 
     </span>
     <span class='ocr_line' id='line_1_106' title="bbox 310 3610 1378 3651; baseline 0.001 -11"><span class='ocrx_word' id='word_1_729' title='bbox 310 3620 392 3641; x_wconf 90' lang='lat' dir='ltr'><strong>nem.</strong></span> <span class='ocrx_word' id='word_1_730' title='bbox 424 3610 550 3646; x_wconf 88' lang='lat' dir='ltr'><strong>Primo,</strong></span> <span class='ocrx_word' id='word_1_731' title='bbox 575 3610 650 3650; x_wconf 87' lang='lat' dir='ltr'><strong>quia</strong></span> <span class='ocrx_word' id='word_1_732' title='bbox 681 3610 807 3650; x_wconf 89' lang='lat' dir='ltr'><strong>reliquit</strong></span> <span class='ocrx_word' id='word_1_733' title='bbox 838 3612 926 3651; x_wconf 94' lang='lat' dir='ltr'><strong>quod</strong></span> <span class='ocrx_word' id='word_1_734' title='bbox 951 3618 996 3641; x_wconf 89' lang='lat' dir='ltr'><strong>est</strong></span> <span class='ocrx_word' id='word_1_735' title='bbox 1020 3612 1058 3642; x_wconf 88' lang='lat' dir='ltr'><strong>de</strong></span> <span class='ocrx_word' id='word_1_736' title='bbox 1086 3612 1207 3642; x_wconf 82' lang='lat' dir='ltr'><strong>ratione</strong></span> <span class='ocrx_word' id='word_1_737' title='bbox 1232 3611 1378 3642; x_wconf 87' lang='lat' dir='ltr'><strong>clamoris</strong></span> 
     </span>
     <span class='ocr_line' id='line_1_107' title="bbox 310 3654 1377 3696; baseline 0 -12"><span class='ocrx_word' id='word_1_738' title='bbox 310 3654 437 3691; x_wconf 83' lang='lat' dir='ltr'><strong>vocalis,</strong></span> <span class='ocrx_word' id='word_1_739' title='bbox 454 3661 484 3684; x_wconf 88' lang='lat' dir='ltr'><strong>et</strong></span> <span class='ocrx_word' id='word_1_740' title='bbox 508 3654 657 3694; x_wconf 84' lang='lat' dir='ltr'><strong>expressit</strong></span> <span class='ocrx_word' id='word_1_741' title='bbox 681 3664 762 3695; x_wconf 89' lang='lat' dir='ltr'><strong>quae</strong></span> <span class='ocrx_word' id='word_1_742' title='bbox 786 3655 825 3684; x_wconf 93' lang='lat' dir='ltr'><strong>ad</strong></span> <span class='ocrx_word' id='word_1_743' title='bbox 849 3655 916 3685; x_wconf 88' lang='lat' dir='ltr'><strong>eius</strong></span> <span class='ocrx_word' id='word_1_744' title='bbox 936 3655 1091 3686; x_wconf 86' lang='lat' dir='ltr'><strong>rationem</strong></span> <span class='ocrx_word' id='word_1_745' title='bbox 1115 3666 1181 3686; x_wconf 90' lang='lat' dir='ltr'><strong>non</strong></span> <span class='ocrx_word' id='word_1_746' title='bbox 1205 3655 1377 3696; x_wconf 88' lang='lat' dir='ltr'><strong>pertinent:</strong></span> 
     </span>
    </p>
   </div>
   <div class='ocr_carea' id='block_1_45' title="bbox 1397 2632 1406 3678">
    <p class='ocr_par' dir='ltr' id='par_1_52' title="bbox 1397 2632 1406 3678">
     <span class='ocr_line' id='line_1_108' title="bbox 1397 2632 1406 3678; baseline 0 0"><span class='ocrx_word' id='word_1_747' title='bbox 1397 2632 1406 3678; x_wconf 95' lang='lat' dir='ltr'><strong> </strong></span> 
     </span>
    </p>
   </div>
   <div class='ocr_carea' id='block_1_46' title="bbox 1425 2633 2502 2764">
    <p class='ocr_par' dir='ltr' id='par_1_53' title="bbox 1425 2633 2502 2764">
     <span class='ocr_line' id='line_1_109' title="bbox 1425 2633 2501 2676; baseline 0.004 -13"><span class='ocrx_word' id='word_1_748' title='bbox 1425 2633 1563 2664; x_wconf 79' lang='lat' dir='ltr'><strong>maxime</strong></span> <span class='ocrx_word' id='word_1_749' title='bbox 1587 2633 1612 2663; x_wconf 93' lang='lat' dir='ltr'><strong>si</strong></span> <span class='ocrx_word' id='word_1_750' title='bbox 1636 2643 1692 2673; x_wconf 89' lang='lat' dir='ltr'><strong>per</strong></span> <span class='ocrx_word' id='word_1_751' title='bbox 1725 2633 1940 2664; x_wconf 85' lang='lat' dir='ltr'><strong>inordinatam</strong></span> <span class='ocrx_word' id='word_1_752' title='bbox 1970 2633 2117 2675; x_wconf 81' lang='lat' dir='ltr'><strong>intelligit</strong></span> <span class='ocrx_word' id='word_1_753' title='bbox 2139 2635 2248 2675; x_wconf 85' lang='lat' dir='ltr'><strong>quoad</strong></span> <span class='ocrx_word' id='word_1_754' title='bbox 2276 2635 2501 2676; x_wconf 78' lang='lat' dir='ltr'><strong>prolationem.</strong></span> 
     </span>
     <span class='ocr_line' id='line_1_110' title="bbox 1426 2677 2502 2720; baseline 0.003 -12"><span class='ocrx_word' id='word_1_755' title='bbox 1426 2687 1493 2708; x_wconf 90' lang='lat' dir='ltr'><strong>non</strong></span> <span class='ocrx_word' id='word_1_756' title='bbox 1510 2678 1619 2718; x_wconf 80' lang='lat' dir='ltr'><strong>quoad</strong></span> <span class='ocrx_word' id='word_1_757' title='bbox 1635 2678 1791 2708; x_wconf 81' lang='lat' dir='ltr'><strong>moralem</strong></span> <span class='ocrx_word' id='word_1_758' title='bbox 1807 2677 2089 2709; x_wconf 81' lang='lat' dir='ltr'><strong>inordinationem.</strong></span> <span class='ocrx_word' id='word_1_759' title='bbox 2113 2695 2135 2702; x_wconf 91' lang='lat'>-</span> <span class='ocrx_word' id='word_1_760' title='bbox 2158 2678 2318 2714; x_wconf 83' lang='lat' dir='ltr'><strong>Secundo,</strong></span> <span class='ocrx_word' id='word_1_761' title='bbox 2334 2680 2502 2720; x_wconf 83' lang='lat' dir='ltr'><strong>reprehen-</strong></span> 
     </span>
     <span class='ocr_line' id='line_1_111' title="bbox 1427 2722 2501 2764; baseline 0.002 -11"><span class='ocrx_word' id='word_1_762' title='bbox 1427 2723 1512 2753; x_wconf 91' lang='lat' dir='ltr'><strong>ditur</strong></span> <span class='ocrx_word' id='word_1_763' title='bbox 1534 2722 1567 2763; x_wconf 94' lang='lat' dir='ltr'><strong>ly</strong></span> <span class='ocrx_word' id='word_1_764' title='bbox 1591 2723 1728 2754; x_wconf 83' lang='lat' dir='ltr'><strong>locutio:</strong></span> <span class='ocrx_word' id='word_1_765' title='bbox 1751 2722 1827 2763; x_wconf 84' lang='lat' dir='ltr'><strong>quia</strong></span> <span class='ocrx_word' id='word_1_766' title='bbox 1850 2722 1973 2754; x_wconf 86' lang='lat' dir='ltr'><strong>clamor</strong></span> <span class='ocrx_word' id='word_1_767' title='bbox 1994 2723 2047 2754; x_wconf 90' lang='lat' dir='ltr'><strong>ille</strong></span> <span class='ocrx_word' id='word_1_768' title='bbox 2070 2722 2244 2764; x_wconf 78' lang='lat' dir='ltr'><strong>aliquando</strong></span> <span class='ocrx_word' id='word_1_769' title='bbox 2268 2722 2304 2754; x_wconf 90' lang='lat' dir='ltr'><strong>fit</strong></span> <span class='ocrx_word' id='word_1_770' title='bbox 2322 2723 2389 2754; x_wconf 81' lang='lat' dir='ltr'><strong>sine</strong></span> <span class='ocrx_word' id='word_1_771' title='bbox 2411 2724 2501 2755; x_wconf 85' lang='lat' dir='ltr'><strong>locu·</strong></span> 
     </span>
    </p>
   </div>
   <div class='ocr_carea' id='block_1_47' title="bbox 1398 2767 2502 2808">
    <p class='ocr_par' dir='ltr' id='par_1_54' title="bbox 1398 2767 2502 2808">
     <span class='ocr_line' id='line_1_112' title="bbox 1398 2767 2502 2808; baseline 0.002 -11"><span class='ocrx_word' id='word_1_772' title='bbox 1398 2789 1399 2798; x_wconf 63' lang='lat'><strong>.</strong></span> <span class='ocrx_word' id='word_1_773' title='bbox 1426 2767 1524 2798; x_wconf 88' lang='lat' dir='ltr'><strong>tione.</strong></span> <span class='ocrx_word' id='word_1_774' title='bbox 1548 2785 1568 2790; x_wconf 93' lang='lat'><em>-</em></span> <span class='ocrx_word' id='word_1_775' title='bbox 1592 2767 1702 2798; x_wconf 80' lang='lat' dir='ltr'><strong>Tertio</strong></span> <span class='ocrx_word' id='word_1_776' title='bbox 1727 2767 1817 2808; x_wconf 82' lang='lat' dir='ltr'><strong>quia,</strong></span> <span class='ocrx_word' id='word_1_777' title='bbox 1841 2767 1914 2798; x_wconf 88' lang='lat' dir='ltr'><strong>licet</strong></span> <span class='ocrx_word' id='word_1_778' title='bbox 1940 2767 2064 2798; x_wconf 83' lang='lat' dir='ltr'><strong>clamor</strong></span> <span class='ocrx_word' id='word_1_779' title='bbox 2094 2767 2243 2799; x_wconf 74' lang='lat' dir='ltr'><strong>definitus</strong></span> <span class='ocrx_word' id='word_1_780' title='bbox 2265 2777 2284 2798; x_wconf 81' lang='lat' dir='ltr'><strong>a</strong></span> <span class='ocrx_word' id='word_1_781' title='bbox 2307 2768 2436 2799; x_wconf 71' lang='lat' dir='ltr'><strong>Thomu</strong></span> <span class='ocrx_word' id='word_1_782' title='bbox 2462 2775 2502 2799; x_wconf 75' lang='lat' dir='ltr'><strong>ex</strong></span> 
     </span>
    </p>
   </div>
   <div class='ocr_carea' id='block_1_48' title="bbox 1417 2812 2539 3120">
    <p class='ocr_par' dir='ltr' id='par_1_55' title="bbox 1426 2812 2500 2932">
     <span class='ocr_line' id='line_1_113' title="bbox 1426 2812 2499 2852; baseline 0.001 -10"><span class='ocrx_word' id='word_1_783' title='bbox 1426 2812 1471 2842; x_wconf 79' lang='lat' dir='ltr'><strong>ira</strong></span> <span class='ocrx_word' id='word_1_784' title='bbox 1495 2812 1625 2848; x_wconf 86' lang='lat' dir='ltr'><strong>oriatur,</strong></span> <span class='ocrx_word' id='word_1_785' title='bbox 1650 2822 1715 2842; x_wconf 91' lang='lat' dir='ltr'><strong>non</strong></span> <span class='ocrx_word' id='word_1_786' title='bbox 1739 2818 1847 2842; x_wconf 81' lang='lat' dir='ltr'><strong>tamen</strong></span> <span class='ocrx_word' id='word_1_787' title='bbox 1869 2818 1916 2843; x_wconf 87' lang='lat' dir='ltr'><strong>est</strong></span> <span class='ocrx_word' id='word_1_788' title='bbox 1939 2812 2014 2843; x_wconf 76' lang='lat' dir='ltr'><strong>satis</strong></span> <span class='ocrx_word' id='word_1_789' title='bbox 2037 2812 2181 2852; x_wconf 79' lang='lat' dir='ltr'><strong>generale</strong></span> <span class='ocrx_word' id='word_1_790' title='bbox 2204 2821 2324 2848; x_wconf 79' lang='lat' dir='ltr'><strong>nomen</strong></span> <span class='ocrx_word' id='word_1_791' title='bbox 2347 2812 2388 2843; x_wconf 82' lang='lat' dir='ltr'><strong>ad</strong></span> <span class='ocrx_word' id='word_1_792' title='bbox 2411 2821 2499 2843; x_wconf 81' lang='lat' dir='ltr'><strong>com-</strong></span> 
     </span>
     <span class='ocr_line' id='line_1_114' title="bbox 1426 2855 2500 2898; baseline 0.001 -11"><span class='ocrx_word' id='word_1_793' title='bbox 1426 2856 1689 2897; x_wconf 89' lang='lat' dir='ltr'><strong>prehendendum</strong></span> <span class='ocrx_word' id='word_1_794' title='bbox 1705 2857 1816 2887; x_wconf 82' lang='lat' dir='ltr'><strong>omnia</strong></span> <span class='ocrx_word' id='word_1_795' title='bbox 1832 2866 1914 2898; x_wconf 85' lang='lat' dir='ltr'><strong>quae</strong></span> <span class='ocrx_word' id='word_1_796' title='bbox 1931 2866 1988 2897; x_wconf 84' lang='lat' dir='ltr'><strong>per</strong></span> <span class='ocrx_word' id='word_1_797' title='bbox 2003 2857 2178 2888; x_wconf 82' lang='lat' dir='ltr'><strong>clamorem</strong></span> <span class='ocrx_word' id='word_1_798' title='bbox 2192 2857 2256 2888; x_wconf 79' lang='lat' dir='ltr'><strong>irae</strong></span> <span class='ocrx_word' id='word_1_799' title='bbox 2271 2855 2371 2887; x_wconf 79' lang='lat' dir='ltr'><strong>filiam</strong></span> <span class='ocrx_word' id='word_1_800' title='bbox 2390 2855 2500 2888; x_wconf 79' lang='lat' dir='ltr'><strong>docto’-</strong></span> 
     </span>
     <span class='ocr_line' id='line_1_115' title="bbox 1427 2901 1730 2932; baseline -0.003 0"><span class='ocrx_word' id='word_1_801' title='bbox 1427 2911 1474 2932; x_wconf 90' lang='lat' dir='ltr'><strong>res</strong></span> <span class='ocrx_word' id='word_1_802' title='bbox 1498 2901 1730 2932; x_wconf 85' lang='lat' dir='ltr'><strong>intellexerunt.</strong></span> 
     </span>
    </p>

    <p class='ocr_par' dir='ltr' id='par_1_56' title="bbox 1417 2945 2539 3120">
     <span class='ocr_line' id='line_1_116' title="bbox 1482 2945 2539 2987; baseline -0.001 -11"><span class='ocrx_word' id='word_1_803' title='bbox 1482 2946 1625 2977; x_wconf 82' lang='lat' dir='ltr'><strong>Dubium</strong></span> <span class='ocrx_word' id='word_1_804' title='bbox 1642 2951 1794 2987; x_wconf 85' lang='lat' dir='ltr'><strong>quartum</strong></span> <span class='ocrx_word' id='word_1_805' title='bbox 1810 2945 1828 2965; x_wconf 83' lang='grc'>*</span> <span class='ocrx_word' id='word_1_806' title='bbox 1846 2953 1893 2977; x_wconf 90' lang='lat' dir='ltr'><strong>est</strong></span> <span class='ocrx_word' id='word_1_807' title='bbox 1908 2946 1989 2976; x_wconf 82' lang='lat' dir='ltr'><strong>circa</strong></span> <span class='ocrx_word' id='word_1_808' title='bbox 2005 2947 2113 2976; x_wconf 81' lang='lat' dir='ltr'><strong>rixam</strong></span> <span class='ocrx_word' id='word_1_809' title='bbox 2126 2945 2176 2976; x_wconf 53' lang='grc' dir='ltr'><strong>*τ</strong></span> <span class='ocrx_word' id='word_1_810' title='bbox 2201 2945 2291 2986; x_wconf 89' lang='lat' dir='ltr'><strong>quod</strong></span> <span class='ocrx_word' id='word_1_811' title='bbox 2307 2945 2403 2976; x_wconf 83' lang='lat' dir='ltr'><strong>etiam</strong></span> <span class='ocrx_word' id='word_1_812' title='bbox 2418 2945 2502 2976; x_wconf 83' lang='lat' dir='ltr'><strong>male</strong></span> <span class='ocrx_word' id='word_1_813' title='bbox 2528 2953 2539 2964; x_wconf 88' lang='grc'><em>·</em></span> 
     </span>
     <span class='ocr_line' id='line_1_117' title="bbox 1427 2989 2500 3031; baseline -0.001 -10"><span class='ocrx_word' id='word_1_814' title='bbox 1427 2990 1599 3031; x_wconf 86' lang='lat' dir='ltr'><strong>exponitur</strong></span> <span class='ocrx_word' id='word_1_815' title='bbox 1622 3000 1681 3031; x_wconf 92' lang='lat' dir='ltr'><strong>pro</strong></span> <span class='ocrx_word' id='word_1_816' title='bbox 1705 2991 1794 3021; x_wconf 86' lang='lat' dir='ltr'><strong>omni</strong></span> <span class='ocrx_word' id='word_1_817' title='bbox 1825 2995 2015 3021; x_wconf 81' lang='lat' dir='ltr'><strong>nocumento</strong></span> <span class='ocrx_word' id='word_1_818' title='bbox 2037 2989 2123 3031; x_wconf 81' lang='lat' dir='ltr'><strong>quod</strong></span> <span class='ocrx_word' id='word_1_819' title='bbox 2142 2989 2239 3030; x_wconf 73' lang='lat' dir='ltr'><strong>sacto</strong></span> <span class='ocrx_word' id='word_1_820' title='bbox 2263 2990 2426 3030; x_wconf 79' lang='lat' dir='ltr'><strong>proximis</strong></span> <span class='ocrx_word' id='word_1_821' title='bbox 2452 2991 2500 3020; x_wconf 86' lang='lat' dir='ltr'><strong>in-</strong></span> 
     </span>
     <span class='ocr_line' id='line_1_118' title="bbox 1417 3033 2501 3076; baseline -0.001 -10"><span class='ocrx_word' id='word_1_822' title='bbox 1417 3034 1537 3076; x_wconf 85' lang='lat' dir='ltr'><strong>fertur</strong></span> <span class='ocrx_word' id='word_1_823' title='bbox 1565 3045 1607 3066; x_wconf 85' lang='lat' dir='ltr'><strong>ex</strong></span> <span class='ocrx_word' id='word_1_824' title='bbox 1637 3036 1698 3066; x_wconf 83' lang='lat' dir='ltr'><strong>ira.</strong></span> <span class='ocrx_word' id='word_1_825' title='bbox 1736 3034 1820 3072; x_wconf 83' lang='lat' dir='ltr'><strong>Quia</strong></span> <span class='ocrx_word' id='word_1_826' title='bbox 1850 3035 1958 3066; x_wconf 85' lang='lat' dir='ltr'><strong>nullus</strong></span> <span class='ocrx_word' id='word_1_827' title='bbox 1988 3041 2077 3066; x_wconf 80' lang='lat' dir='ltr'><strong>actus</strong></span> <span class='ocrx_word' id='word_1_828' title='bbox 2100 3033 2249 3075; x_wconf 82' lang='lat' dir='ltr'><strong>proprius</strong></span> <span class='ocrx_word' id='word_1_829' title='bbox 2277 3033 2411 3064; x_wconf 80' lang='lat' dir='ltr'><strong>alicuius</strong></span> <span class='ocrx_word' id='word_1_830' title='bbox 2433 3034 2501 3066; x_wconf 83' lang='lat' dir='ltr'><strong>vitii</strong></span> 
     </span>
     <span class='ocr_line' id='line_1_119' title="bbox 1429 3077 2502 3120; baseline 0 -10"><span class='ocrx_word' id='word_1_831' title='bbox 1429 3079 1581 3120; x_wconf 79' lang='lat' dir='ltr'><strong>capitalis,</strong></span> <span class='ocrx_word' id='word_1_832' title='bbox 1607 3079 1672 3110; x_wconf 88' lang='lat' dir='ltr'><strong>sive</strong></span> <span class='ocrx_word' id='word_1_833' title='bbox 1695 3079 1736 3110; x_wconf 88' lang='lat' dir='ltr'><strong>sit</strong></span> <span class='ocrx_word' id='word_1_834' title='bbox 1758 3085 1847 3110; x_wconf 83' lang='lat' dir='ltr'><strong>actus</strong></span> <span class='ocrx_word' id='word_1_835' title='bbox 1870 3078 1999 3110; x_wconf 85' lang='lat' dir='ltr'><strong>interior</strong></span> <span class='ocrx_word' id='word_1_836' title='bbox 2022 3078 2086 3109; x_wconf 85' lang='lat' dir='ltr'><strong>sive</strong></span> <span class='ocrx_word' id='word_1_837' title='bbox 2099 3077 2259 3116; x_wconf 68' lang='lat' dir='ltr'><strong>exterior,</strong></span> <span class='ocrx_word' id='word_1_838' title='bbox 2284 3078 2416 3118; x_wconf 86' lang='lat' dir='ltr'><strong>ponitur</strong></span> <span class='ocrx_word' id='word_1_839' title='bbox 2437 3078 2502 3110; x_wconf 79' lang='lat' dir='ltr'><strong>filia</strong></span> 
     </span>
    </p>
   </div>
   <div class='ocr_carea' id='block_1_49' title="bbox 1400 3121 2501 3164">
    <p class='ocr_par' dir='ltr' id='par_1_57' title="bbox 1400 3121 2501 3164">
     <span class='ocr_line' id='line_1_120' title="bbox 1400 3121 2501 3164; baseline -0.001 -9"><span class='ocrx_word' id='word_1_840' title='bbox 1400 3149 1402 3156; x_wconf 93' lang='lat'><strong>.</strong></span> <span class='ocrx_word' id='word_1_841' title='bbox 1427 3124 1513 3155; x_wconf 86' lang='lat' dir='ltr'><strong>illius</strong></span> <span class='ocrx_word' id='word_1_842' title='bbox 1529 3124 1607 3155; x_wconf 86' lang='lat' dir='ltr'><strong>vitii.</strong></span> <span class='ocrx_word' id='word_1_843' title='bbox 1631 3124 1694 3155; x_wconf 91' lang='lat' dir='ltr'><strong>Sed</strong></span> <span class='ocrx_word' id='word_1_844' title='bbox 1710 3124 1785 3163; x_wconf 80' lang='lat' dir='ltr'><strong>rixa,</strong></span> <span class='ocrx_word' id='word_1_845' title='bbox 1801 3123 1846 3154; x_wconf 77' lang='lat' dir='ltr'><strong>sic</strong></span> <span class='ocrx_word' id='word_1_846' title='bbox 1868 3129 2006 3164; x_wconf 73' lang='lat' dir='ltr'><strong>sumpta,</strong></span> <span class='ocrx_word' id='word_1_847' title='bbox 2022 3121 2177 3163; x_wconf 80' lang='lat' dir='ltr'><strong>significat</strong></span> <span class='ocrx_word' id='word_1_848' title='bbox 2190 3128 2299 3153; x_wconf 79' lang='lat' dir='ltr'><strong>actum</strong></span> <span class='ocrx_word' id='word_1_849' title='bbox 2314 3123 2501 3155; x_wconf 86' lang='lat' dir='ltr'><strong>exteriorem</strong></span> 
     </span>
    </p>
   </div>
   <div class='ocr_carea' id='block_1_50' title="bbox 1428 3166 2503 3652">
    <p class='ocr_par' dir='ltr' id='par_1_58' title="bbox 1428 3166 2501 3254">
     <span class='ocr_line' id='line_1_121' title="bbox 1428 3166 2501 3209; baseline 0 -10"><span class='ocrx_word' id='word_1_850' title='bbox 1428 3169 1505 3200; x_wconf 86' lang='lat' dir='ltr'><strong>irae:</strong></span> <span class='ocrx_word' id='word_1_851' title='bbox 1531 3169 1607 3209; x_wconf 84' lang='lat' dir='ltr'><strong>quia</strong></span> <span class='ocrx_word' id='word_1_852' title='bbox 1626 3175 1778 3209; x_wconf 85' lang='lat' dir='ltr'><strong>appetens</strong></span> <span class='ocrx_word' id='word_1_853' title='bbox 1794 3167 1967 3199; x_wconf 81' lang='lat' dir='ltr'><strong>vindictam</strong></span> <span class='ocrx_word' id='word_1_854' title='bbox 1989 3166 2063 3198; x_wconf 78' lang='lat' dir='ltr'><strong>facit</strong></span> <span class='ocrx_word' id='word_1_855' title='bbox 2084 3177 2154 3198; x_wconf 75' lang='lat' dir='ltr'><strong>eam</strong></span> <span class='ocrx_word' id='word_1_856' title='bbox 2170 3167 2318 3198; x_wconf 88' lang='lat' dir='ltr'><strong>nocendo</strong></span> <span class='ocrx_word' id='word_1_857' title='bbox 2342 3167 2501 3208; x_wconf 87' lang='lat' dir='ltr'><strong>proximo.</strong></span> 
     </span>
     <span class='ocr_line' id='line_1_122' title="bbox 1429 3210 2182 3254; baseline -0.004 -10"><span class='ocrx_word' id='word_1_858' title='bbox 1429 3214 1515 3254; x_wconf 84' lang='lat' dir='ltr'><strong>Ergo</strong></span> <span class='ocrx_word' id='word_1_859' title='bbox 1539 3213 1614 3250; x_wconf 82' lang='lat' dir='ltr'><strong>rixa,</strong></span> <span class='ocrx_word' id='word_1_860' title='bbox 1639 3213 1683 3244; x_wconf 82' lang='lat' dir='ltr'><strong>sic</strong></span> <span class='ocrx_word' id='word_1_861' title='bbox 1703 3219 1839 3253; x_wconf 72' lang='lat' dir='ltr'><strong>accepta,</strong></span> <span class='ocrx_word' id='word_1_862' title='bbox 1864 3221 1930 3242; x_wconf 88' lang='lat' dir='ltr'><strong>non</strong></span> <span class='ocrx_word' id='word_1_863' title='bbox 1953 3218 2000 3242; x_wconf 74' lang='lat' dir='ltr'><strong>est</strong></span> <span class='ocrx_word' id='word_1_864' title='bbox 2022 3210 2086 3242; x_wconf 78' lang='lat' dir='ltr'><strong>filia</strong></span> <span class='ocrx_word' id='word_1_865' title='bbox 2108 3211 2182 3242; x_wconf 83' lang='lat' dir='ltr'><strong>irae.</strong></span> 
     </span>
    </p>

    <p class='ocr_par' dir='ltr' id='par_1_59' title="bbox 1430 3255 2503 3564">
     <span class='ocr_line' id='line_1_123' title="bbox 1485 3255 2501 3298; baseline 0 -10"><span class='ocrx_word' id='word_1_866' title='bbox 1485 3258 1628 3288; x_wconf 88' lang='lat' dir='ltr'><strong>Dubium</strong></span> <span class='ocrx_word' id='word_1_867' title='bbox 1652 3258 1800 3298; x_wconf 84' lang='lat' dir='ltr'><strong>quintum</strong></span> <span class='ocrx_word' id='word_1_868' title='bbox 1815 3256 1835 3276; x_wconf 81' lang='grc'>*</span> <span class='ocrx_word' id='word_1_869' title='bbox 1857 3262 1904 3287; x_wconf 88' lang='lat' dir='ltr'><strong>est</strong></span> <span class='ocrx_word' id='word_1_870' title='bbox 1934 3255 2015 3286; x_wconf 82' lang='lat' dir='ltr'><strong>circa</strong></span> <span class='ocrx_word' id='word_1_871' title='bbox 2042 3256 2267 3288; x_wconf 83' lang='lat' dir='ltr'><strong>contumeliam</strong></span> <span class='ocrx_word' id='word_1_872' title='bbox 2299 3262 2330 3287; x_wconf 91' lang='lat' dir='ltr'><strong>et</strong></span> <span class='ocrx_word' id='word_1_873' title='bbox 2357 3256 2501 3298; x_wconf 74' lang='lat' dir='ltr'><strong>blasphe-</strong></span> 
     </span>
     <span class='ocr_line' id='line_1_124' title="bbox 1430 3299 2500 3343; baseline -0.001 -10"><span class='ocrx_word' id='word_1_874' title='bbox 1430 3303 1527 3333; x_wconf 84' lang='lat' dir='ltr'><strong>miam</strong></span> <span class='ocrx_word' id='word_1_875' title='bbox 1542 3302 1577 3332; x_wconf 79' lang='lat' dir='ltr'><strong>*z</strong></span> <span class='ocrx_word' id='word_1_876' title='bbox 1603 3302 1693 3343; x_wconf 90' lang='lat' dir='ltr'><strong>quod</strong></span> <span class='ocrx_word' id='word_1_877' title='bbox 1716 3301 1799 3332; x_wconf 76' lang='lat' dir='ltr'><strong>male</strong></span> <span class='ocrx_word' id='word_1_878' title='bbox 1823 3307 1991 3341; x_wconf 86' lang='lat' dir='ltr'><strong>utramque</strong></span> <span class='ocrx_word' id='word_1_879' title='bbox 2013 3301 2135 3330; x_wconf 86' lang='lat' dir='ltr'><strong>Auctor</strong></span> <span class='ocrx_word' id='word_1_880' title='bbox 2159 3299 2299 3331; x_wconf 86' lang='lat' dir='ltr'><strong>definivit</strong></span> <span class='ocrx_word' id='word_1_881' title='bbox 2318 3310 2374 3341; x_wconf 87' lang='lat' dir='ltr'><strong>per</strong></span> <span class='ocrx_word' id='word_1_882' title='bbox 2392 3301 2500 3339; x_wconf 77' lang='lat' dir='ltr'><strong>verba,</strong></span> 
     </span>
     <span class='ocr_line' id='line_1_125' title="bbox 1431 3344 2500 3386; baseline -0.001 -9"><span class='ocrx_word' id='word_1_883' title='bbox 1431 3346 1656 3386; x_wconf 85' lang='lat' dir='ltr'><strong>distinguendo</strong></span> <span class='ocrx_word' id='word_1_884' title='bbox 1681 3355 1732 3376; x_wconf 78' lang='lat' dir='ltr'><strong>eas</strong></span> <span class='ocrx_word' id='word_1_885' title='bbox 1757 3352 1866 3376; x_wconf 88' lang='lat' dir='ltr'><strong>contra</strong></span> <span class='ocrx_word' id='word_1_886' title='bbox 1888 3344 2017 3374; x_wconf 80' lang='lat' dir='ltr'><strong>iniurias</strong></span> <span class='ocrx_word' id='word_1_887' title='bbox 2041 3354 2122 3385; x_wconf 81' lang='lat' dir='ltr'><strong>quae</strong></span> <span class='ocrx_word' id='word_1_888' title='bbox 2148 3345 2326 3376; x_wconf 91' lang='lat' dir='ltr'><strong>consistunt</strong></span> <span class='ocrx_word' id='word_1_889' title='bbox 2349 3345 2382 3376; x_wconf 90' lang='lat' dir='ltr'><strong>in</strong></span> <span class='ocrx_word' id='word_1_890' title='bbox 2406 3345 2500 3376; x_wconf 83' lang='lat' dir='ltr'><strong>facto.</strong></span> 
     </span>
     <span class='ocr_line' id='line_1_126' title="bbox 1431 3388 2502 3430; baseline -0.001 -9"><span class='ocrx_word' id='word_1_891' title='bbox 1431 3390 1597 3428; x_wconf 83' lang='lat' dir='ltr'><strong>Quoniam</strong></span> <span class='ocrx_word' id='word_1_892' title='bbox 1621 3389 1814 3420; x_wconf 86' lang='lat' dir='ltr'><strong>contumelia</strong></span> <span class='ocrx_word' id='word_1_893' title='bbox 1837 3388 1931 3419; x_wconf 85' lang='lat' dir='ltr'><strong>etiam</strong></span> <span class='ocrx_word' id='word_1_894' title='bbox 1957 3389 2100 3419; x_wconf 86' lang='lat' dir='ltr'><strong>consistit</strong></span> <span class='ocrx_word' id='word_1_895' title='bbox 2123 3389 2156 3419; x_wconf 88' lang='lat' dir='ltr'><strong>in</strong></span> <span class='ocrx_word' id='word_1_896' title='bbox 2181 3389 2277 3420; x_wconf 83' lang='lat' dir='ltr'><strong>facto:</strong></span> <span class='ocrx_word' id='word_1_897' title='bbox 2308 3397 2343 3421; x_wconf 92' lang='lat' dir='ltr'><strong>ut</strong></span> <span class='ocrx_word' id='word_1_898' title='bbox 2367 3396 2453 3430; x_wconf 82' lang='lat' dir='ltr'><strong>patet</strong></span> <span class='ocrx_word' id='word_1_899' title='bbox 2475 3389 2502 3420; x_wconf 86' lang='lat' dir='ltr'><strong>si</strong></span> 
     </span>
     <span class='ocr_line' id='line_1_127' title="bbox 1431 3432 2503 3476; baseline 0 -11"><span class='ocrx_word' id='word_1_900' title='bbox 1431 3435 1503 3476; x_wconf 89' lang='lat' dir='ltr'><strong>quis</strong></span> <span class='ocrx_word' id='word_1_901' title='bbox 1528 3435 1656 3474; x_wconf 84' lang='lat' dir='ltr'><strong>signum</strong></span> <span class='ocrx_word' id='word_1_902' title='bbox 1686 3432 1899 3464; x_wconf 87' lang='lat' dir='ltr'><strong>meretricium</strong></span> <span class='ocrx_word' id='word_1_903' title='bbox 1929 3440 2060 3472; x_wconf 90' lang='lat' dir='ltr'><strong>poneret</strong></span> <span class='ocrx_word' id='word_1_904' title='bbox 2089 3433 2120 3463; x_wconf 93' lang='lat' dir='ltr'><strong>in</strong></span> <span class='ocrx_word' id='word_1_905' title='bbox 2145 3434 2229 3464; x_wconf 90' lang='lat' dir='ltr'><strong>ostio</strong></span> <span class='ocrx_word' id='word_1_906' title='bbox 2258 3440 2432 3465; x_wconf 84' lang='lat' dir='ltr'><strong>matronae.</strong></span> <span class='ocrx_word' id='word_1_907' title='bbox 2461 3433 2503 3465; x_wconf 87' lang='lat' dir='ltr'><strong>Et</strong></span> 
     </span>
     <span class='ocr_line' id='line_1_128' title="bbox 1432 3477 2501 3520; baseline -0.001 -11"><span class='ocrx_word' id='word_1_908' title='bbox 1432 3479 1574 3509; x_wconf 89' lang='lat' dir='ltr'><strong>similiter</strong></span> <span class='ocrx_word' id='word_1_909' title='bbox 1589 3477 1785 3517; x_wconf 82' lang='lat' dir='ltr'><strong>blasphemia</strong></span> <span class='ocrx_word' id='word_1_910' title='bbox 1802 3477 1945 3508; x_wconf 89' lang='lat' dir='ltr'><strong>consistit</strong></span> <span class='ocrx_word' id='word_1_911' title='bbox 1963 3477 1995 3507; x_wconf 90' lang='lat' dir='ltr'><strong>in</strong></span> <span class='ocrx_word' id='word_1_912' title='bbox 2013 3477 2113 3508; x_wconf 84' lang='lat' dir='ltr'><strong>facto:</strong></span> <span class='ocrx_word' id='word_1_913' title='bbox 2139 3485 2174 3509; x_wconf 91' lang='lat' dir='ltr'><strong>ut</strong></span> <span class='ocrx_word' id='word_1_914' title='bbox 2190 3485 2275 3519; x_wconf 84' lang='lat' dir='ltr'><strong>patet</strong></span> <span class='ocrx_word' id='word_1_915' title='bbox 2291 3478 2316 3509; x_wconf 86' lang='lat' dir='ltr'><strong>si</strong></span> <span class='ocrx_word' id='word_1_916' title='bbox 2331 3478 2404 3520; x_wconf 90' lang='lat' dir='ltr'><strong>quis</strong></span> <span class='ocrx_word' id='word_1_917' title='bbox 2423 3478 2501 3509; x_wconf 80' lang='lat' dir='ltr'><strong>ima-</strong></span> 
     </span>
     <span class='ocr_line' id='line_1_129' title="bbox 1432 3520 2074 3564; baseline 0 -11"><span class='ocrx_word' id='word_1_918' title='bbox 1432 3523 1539 3564; x_wconf 83' lang='lat' dir='ltr'><strong>ginem</strong></span> <span class='ocrx_word' id='word_1_919' title='bbox 1563 3520 1712 3553; x_wconf 87' lang='lat' dir='ltr'><strong>Crucifixi</strong></span> <span class='ocrx_word' id='word_1_920' title='bbox 1737 3531 1774 3551; x_wconf 85' lang='lat' dir='ltr'><strong>ex</strong></span> <span class='ocrx_word' id='word_1_921' title='bbox 1796 3521 1841 3551; x_wconf 85' lang='lat' dir='ltr'><strong>ira</strong></span> <span class='ocrx_word' id='word_1_922' title='bbox 1865 3522 2074 3554; x_wconf 69' lang='lat' dir='ltr'><strong>conculcaret.</strong></span> 
     </span>
    </p>

    <p class='ocr_par' dir='ltr' id='par_1_60' title="bbox 1432 3565 2501 3652">
     <span class='ocr_line' id='line_1_130' title="bbox 1487 3565 2499 3598; baseline 0.001 -2"><span class='ocrx_word' id='word_1_923' title='bbox 1487 3567 1628 3597; x_wconf 89' lang='lat' dir='ltr'><strong>Dubium</strong></span> <span class='ocrx_word' id='word_1_924' title='bbox 1652 3570 1778 3596; x_wconf 84' lang='lat' dir='ltr'><strong>sextum</strong></span> <span class='ocrx_word' id='word_1_925' title='bbox 1796 3566 1813 3585; x_wconf 87' lang='grc'><em>*</em></span> <span class='ocrx_word' id='word_1_926' title='bbox 1837 3573 1882 3596; x_wconf 88' lang='lat' dir='ltr'><strong>est</strong></span> <span class='ocrx_word' id='word_1_927' title='bbox 1899 3566 1979 3597; x_wconf 86' lang='lat' dir='ltr'><strong>circa</strong></span> <span class='ocrx_word' id='word_1_928' title='bbox 1995 3577 2107 3598; x_wconf 89' lang='lat' dir='ltr'><strong>omnes</strong></span> <span class='ocrx_word' id='word_1_929' title='bbox 2124 3567 2197 3598; x_wconf 78' lang='lat' dir='ltr'><strong>istas</strong></span> <span class='ocrx_word' id='word_1_930' title='bbox 2213 3577 2266 3598; x_wconf 87' lang='lat' dir='ltr'><strong>sex</strong></span> <span class='ocrx_word' id='word_1_931' title='bbox 2281 3565 2360 3597; x_wconf 85' lang='lat' dir='ltr'><strong>filias</strong></span> <span class='ocrx_word' id='word_1_932' title='bbox 2375 3566 2438 3597; x_wconf 81' lang='lat' dir='ltr'><strong>irae</strong></span> <span class='ocrx_word' id='word_1_933' title='bbox 2449 3566 2499 3597; x_wconf 77' lang='lat'>*¹⁸¹2</span> 
     </span>
     <span class='ocr_line' id='line_1_131' title="bbox 1432 3610 2501 3652; baseline 0.002 -12"><span class='ocrx_word' id='word_1_934' title='bbox 1432 3611 1519 3651; x_wconf 80' lang='lat' dir='ltr'><strong>quod</strong></span> <span class='ocrx_word' id='word_1_935' title='bbox 1552 3610 1698 3641; x_wconf 89' lang='lat' dir='ltr'><strong>oriuntur</strong></span> <span class='ocrx_word' id='word_1_936' title='bbox 1729 3620 1765 3640; x_wconf 87' lang='lat' dir='ltr'><strong>ex</strong></span> <span class='ocrx_word' id='word_1_937' title='bbox 1796 3610 1840 3640; x_wconf 86' lang='lat' dir='ltr'><strong>ira</strong></span> <span class='ocrx_word' id='word_1_938' title='bbox 1873 3621 1937 3641; x_wconf 91' lang='lat' dir='ltr'><strong>non</strong></span> <span class='ocrx_word' id='word_1_939' title='bbox 1962 3611 1994 3641; x_wconf 93' lang='lat' dir='ltr'><strong>in</strong></span> <span class='ocrx_word' id='word_1_940' title='bbox 2018 3621 2130 3652; x_wconf 87' lang='lat' dir='ltr'><strong>genere</strong></span> <span class='ocrx_word' id='word_1_941' title='bbox 2162 3621 2274 3642; x_wconf 83' lang='lat' dir='ltr'><strong>causae</strong></span> <span class='ocrx_word' id='word_1_942' title='bbox 2297 3610 2408 3642; x_wconf 78' lang='lat' dir='ltr'><strong>finalis.</strong></span> <span class='ocrx_word' id='word_1_943' title='bbox 2439 3610 2501 3642; x_wconf 91' lang='lat' dir='ltr'><strong>Sed</strong></span> 
     </span>
    </p>
   </div>
   <div class='ocr_carea' id='block_1_51' title="bbox 1404 3654 2418 3698">
    <p class='ocr_par' dir='ltr' id='par_1_61' title="bbox 1404 3654 2418 3698">
     <span class='ocr_line' id='line_1_132' title="bbox 1404 3654 2418 3698; baseline 0.001 -14"><span class='ocrx_word' id='word_1_944' title='bbox 1404 3681 1406 3692; x_wconf 61' lang='lat'>‚</span> <span class='ocrx_word' id='word_1_945' title='bbox 1432 3655 1507 3696; x_wconf 87' lang='lat' dir='ltr'><strong>quia</strong></span> <span class='ocrx_word' id='word_1_946' title='bbox 1531 3664 1596 3684; x_wconf 89' lang='lat' dir='ltr'><strong>non</strong></span> <span class='ocrx_word' id='word_1_947' title='bbox 1621 3655 1742 3695; x_wconf 84' lang='lat' dir='ltr'><strong>probat,</strong></span> <span class='ocrx_word' id='word_1_948' title='bbox 1767 3654 1839 3685; x_wconf 91' lang='lat' dir='ltr'><strong>ideo</strong></span> <span class='ocrx_word' id='word_1_949' title='bbox 1864 3665 1928 3686; x_wconf 91' lang='lat' dir='ltr'><strong>non</strong></span> <span class='ocrx_word' id='word_1_950' title='bbox 1953 3655 2048 3686; x_wconf 83' lang='lat' dir='ltr'><strong>affero</strong></span> <span class='ocrx_word' id='word_1_951' title='bbox 2072 3655 2193 3698; x_wconf 81' lang='lat' dir='ltr'><strong>aliquid</strong></span> <span class='ocrx_word' id='word_1_952' title='bbox 2212 3655 2418 3696; x_wconf 80' lang='lat' dir='ltr'><strong>probationis.</strong></span> 
     </span>
    </p>
   </div>
   <div class='ocr_carea' id='block_1_52' title="bbox 2519 741 2706 771">
    <p class='ocr_par' dir='ltr' id='par_1_62' title="bbox 2519 741 2706 771">
     <span class='ocr_line' id='line_1_133' title="bbox 2519 741 2706 771; baseline -0.005 -7"><span class='ocrx_word' id='word_1_953' title='bbox 2519 742 2530 754; x_wconf 73' lang='lat'>⁸</span> <span class='ocrx_word' id='word_1_954' title='bbox 2544 743 2594 764; x_wconf 80' lang='lat' dir='ltr'><strong>Art.</strong></span> <span class='ocrx_word' id='word_1_955' title='bbox 2609 747 2629 770; x_wconf 79' lang='lat'><strong>5,</strong></span> <span class='ocrx_word' id='word_1_956' title='bbox 2643 741 2672 763; x_wconf 73' lang='lat' dir='ltr'><strong>ad</strong></span> <span class='ocrx_word' id='word_1_957' title='bbox 2686 748 2706 771; x_wconf 75' lang='lat'><strong>3.</strong></span> 
     </span>
    </p>
   </div>
   <div class='ocr_carea' id='block_1_53' title="bbox 2547 1441 2662 1469">
    <p class='ocr_par' dir='ltr' id='par_1_63' title="bbox 2547 1441 2662 1469">
     <span class='ocr_line' id='line_1_134' title="bbox 2547 1441 2662 1469; baseline 0.009 -6"><span class='ocrx_word' id='word_1_958' title='bbox 2547 1441 2616 1464; x_wconf 76' lang='lat' dir='ltr'><strong>ven.</strong></span> <span class='ocrx_word' id='word_1_959' title='bbox 2631 1447 2662 1469; x_wconf 78' lang='grc'><strong>14.</strong></span> 
     </span>
    </p>
   </div>
   <div class='ocr_carea' id='block_1_54' title="bbox 2529 2952 2708 3006">
    <p class='ocr_par' dir='ltr' id='par_1_64' title="bbox 2529 2952 2708 3006">
     <span class='ocr_line' id='line_1_135' title="bbox 2553 2952 2706 2975; baseline -0.007 0"><span class='ocrx_word' id='word_1_960' title='bbox 2553 2952 2589 2975; x_wconf 77' lang='lat' dir='ltr'><strong>Cf.</strong></span> <span class='ocrx_word' id='word_1_961' title='bbox 2604 2957 2668 2975; x_wconf 81' lang='lat' dir='ltr'><strong>uum.</strong></span> <span class='ocrx_word' id='word_1_962' title='bbox 2683 2959 2706 2975; x_wconf 83' lang='lat' dir='ltr'><strong>v.</strong></span> 
     </span>
     <span class='ocr_line' id='line_1_136' title="bbox 2529 2979 2708 3006; baseline 0.006 -1"><span class='ocrx_word' id='word_1_963' title='bbox 2529 2980 2551 2992; x_wconf 73' lang='lat'><strong>&#39;⁴</strong></span> <span class='ocrx_word' id='word_1_964' title='bbox 2564 2979 2675 3006; x_wconf 65' lang='lat' dir='ltr'><strong>Gauda·-</strong></span> <span class='ocrx_word' id='word_1_965' title='bbox 2688 2985 2708 3003; x_wconf 70' lang='grc' dir='ltr'>ι</span> 
     </span>
    </p>
   </div>
   <div class='ocr_carea' id='block_1_55' title="bbox 2527 3264 2714 3334">
    <p class='ocr_par' dir='ltr' id='par_1_65' title="bbox 2527 3264 2714 3334">
     <span class='ocr_line' id='line_1_137' title="bbox 2527 3264 2714 3287; baseline -0.011 1"><span class='ocrx_word' id='word_1_966' title='bbox 2527 3265 2539 3277; x_wconf 85' lang='grc'><em>·</em></span> <span class='ocrx_word' id='word_1_967' title='bbox 2553 3264 2588 3287; x_wconf 70' lang='lat' dir='ltr'><strong>ef.</strong></span> <span class='ocrx_word' id='word_1_968' title='bbox 2604 3269 2668 3287; x_wconf 72' lang='lat' dir='ltr'><strong>nan.</strong></span> <span class='ocrx_word' id='word_1_969' title='bbox 2682 3268 2714 3286; x_wconf 76' lang='lat' dir='ltr'><strong>vt.</strong></span> 
     </span>
     <span class='ocr_line' id='line_1_138' title="bbox 2528 3305 2698 3334; baseline -0.006 -5"><span class='ocrx_word' id='word_1_970' title='bbox 2528 3305 2698 3334; x_wconf 44' lang='lat' dir='ltr'><strong>’condus</strong></span> 
     </span>
    </p>
   </div>
   <div class='ocr_carea' id='block_1_56' title="bbox 2528 3565 2727 3620">
    <p class='ocr_par' dir='ltr' id='par_1_66' title="bbox 2528 3565 2727 3620">
     <span class='ocr_line' id='line_1_139' title="bbox 2529 3565 2727 3588; baseline -0.005 0"><span class='ocrx_word' id='word_1_971' title='bbox 2529 3567 2539 3577; x_wconf 66' lang='lat'>⁶</span> <span class='ocrx_word' id='word_1_972' title='bbox 2553 3565 2588 3588; x_wconf 73' lang='lat' dir='ltr'><strong>ef.</strong></span> <span class='ocrx_word' id='word_1_973' title='bbox 2608 3570 2672 3588; x_wconf 80' lang='lat' dir='ltr'><strong>num.</strong></span> <span class='ocrx_word' id='word_1_974' title='bbox 2687 3570 2727 3587; x_wconf 81' lang='lat' dir='ltr'><strong>vn.</strong></span> 
     </span>
     <span class='ocr_line' id='line_1_140' title="bbox 2528 3591 2708 3620; baseline -0.011 -5"><span class='ocrx_word' id='word_1_975' title='bbox 2528 3594 2550 3603; x_wconf 78' lang='lat'><strong>⁸·</strong></span> <span class='ocrx_word' id='word_1_976' title='bbox 2563 3591 2674 3615; x_wconf 65' lang='lat' dir='ltr'><strong>condus.</strong></span> <span class='ocrx_word' id='word_1_977' title='bbox 2688 3597 2708 3620; x_wconf 87' lang='lat'><strong>7.</strong></span> 
     </span>
    </p>
   </div>
  </div>
 </body>
</html>
