2768 4198
53 853 170 904 ὥρα.
193 859 254 876 cxxv
260 869 267 880 ,

50 3301 60 3312 ⁸
75 3281 192 3329 Vax-29.

973 269 1242 316 QUAESTIO
1273 269 1451 316 cxxvi,
1481 268 1781 306 ARTICULUS
1812 269 1823 304 1
2448 276 2498 312 47

582 460 998 538 QUAESTIO
1044 459 2219 518 CENTESIMAVIGESIMASEXTA

1019 582 1102 622 DE
1136 582 1301 622 VITIO
1336 581 1785 623 INTIMIDITATIS*

1126 698 1161 723 IN
1190 697 1287 724 Duos
1314 698 1519 724 ARTICULOS
1548 698 1666 723 DIVISA

380 805 488 831 ElNDE
526 793 851 830 considerandum
886 801 942 830 est
978 794 1025 830 de
1053 793 1148 830 vitio
1192 793 1371 830 intimidi-

379 847 464 886 tatis
478 847 509 885 ²¹¹.

296 903 344 939 Et
374 902 474 938 circa
502 901 578 938 hoc
605 909 845 949 quaeruntur
874 901 965 938 duo.

1479 793 1631 830 Primo:
1668 801 1795 830 utrum
1831 793 2049 831 intimidum
2089 806 2172 830 esse
2208 793 2254 830 sit
2282 801 2497 842 peccatum.

1481 900 1682 937 Secundo:
1712 908 1842 936 utrum
1872 909 2093 948 opponatur
2120 899 2341 937 fortitudini.

1121 1008 1444 1052 ARTICULUS
1474 1008 1682 1052 PRIMUS

987 1103 1144 1134 UTRUM
1169 1102 1441 1133 1NT1M1D1TAS
1471 1102 1540 1133 SIT
1563 1101 1806 1133 PECCATUM

327 1208 395 1237 tw«
412 1214 445 1233 *s

315 1224 488 1306 ⁵2⁴

330 1298 342 1352 'v'
354 1303 435 1356 ‘³12
447 1287 498 1369 eq.-

295 1519 399 1570 Ergo
427 1531 512 1556 esse
540 1516 783 1567 impavidum
813 1527 893 1552 non
922 1522 978 1551 est
1005 1521 1218 1563 peccatum.

350 1584 386 1610 2.
415 1573 658 1617 Pmmam,
694 1569 866 1607 maxime
901 1568 1077 1606 terribilis
1100 1566 1116 1597 β
1152 1572 1207 1604 est
1242 1577 1366 1613 mors,

240 1645 268 1656 ··
294 1625 510 1664 secundum
538 1624 832 1674 Philosophum,
862 1623 901 1660 in
930 1624 980 1660 Ill
1009 1621 1131 1660 Ethic.
1147 1621 1168 1643 *
1193 1619 1271 1658 Sed
1297 1631 1369 1656 nec

261 1676 268 1684 ’
294 1688 461 1723 mortem
475 1685 627 1729 oportet
640 1678 788 1725 timere,
805 1677 1020 1715 secundum
1036 1675 1127 1713 illud
1144 1674 1280 1713 Matth.
1296 1672 1367 1710 x*:

248 1767 259 1771 -
293 1733 424 1773 Nolite
441 1734 574 1772 timere
600 1744 664 1770 eos
683 1731 749 1781 qui
771 1732 946 1769 occidunt
973 1741 1131 1779 corpus.-
1159 1741 1232 1766 nec
1252 1727 1368 1764 etiam

294 1787 438 1838 aliquid
461 1787 568 1837 quod
588 1787 637 1824 ab
658 1785 817 1823 homine
837 1785 957 1835 possit
982 1783 1122 1829 inferri,
1152 1782 1367 1820 secundum
1395 1815 1396 1819 ,

294 1842 385 1880 illud
414 1841 534 1880 Isaiae
563 1840 655 1878 L1*:
690 1839 782 1882 Quis
809 1845 861 1886 tu,
892 1845 933 1876 ut
963 1839 1095 1876 timeas
1131 1837 1180 1874 ab
1217 1835 1370 1872 homine
1394 1835 1397 1838 ’

293 1894 476 1933 mortali?
495 1895 598 1943 Ergo
618 1892 861 1943 impavidum
882 1905 966 1930 esse
986 1904 1066 1929 non
1082 1898 1137 1928 est
1151 1897 1366 1939 peccatum.

350 1950 385 1987 3.
415 1949 651 1994 Pmamnm,
681 1948 797 1984 timor
826 1959 872 1984 ex
891 1958 1024 1984 amore
1045 1943 1224 1990 nascitur,
1246 1951 1287 1980 ut
1307 1955 1369 1980 su·
1394 1991 1396 1997 Α

294 2002 398 2052 pra*
433 2002 577 2040 dictum
616 2008 683 2038 est.
722 2000 800 2038 Sed
829 2000 920 2038 nihil
957 1998 1200 2037 mundanum
1235 2009 1367 2034 amare
1395 2027 1396 2039 ,

294 2055 457 2106 pertinet
476 2055 525 2093 ad
550 2054 824 2104 perfectionem
854 2053 1020 2091 virtutis:
1050 2052 1152 2103 quia,
1179 2058 1220 2088 ut
1237 2052 1369 2099 Augu·
1394 2055 1396 2079 ἲ

225 2138 231 2144 -
295 2109 415 2148 stinus
445 2109 545 2155 dicit,
574 2108 613 2145 in
643 2109 732 2145 XIV
760 2109 807 2145 de
830 2109 910 2146 Civ.
931 2108 1006 2145 Dei
1018 2106 1050 2154 *,
1079 2117 1193 2144 amor
1215 2105 1292 2142 Dei
1309 2117 1368 2141 us·
1394 2102 1396 2126 Τ

294 2175 367 2213 que
394 2164 446 2200 ad
472 2168 724 2211 contemptum
752 2162 822 2208 sui,
841 2161 947 2211 facit
971 2162 1070 2198 cives
1097 2159 1258 2197 civitatis
1285 2170 1369 2196 cae·
1394 2157 1396 2206 J

293 2218 404 2256 lestis.
425 2217 528 2265 Ergo
544 2215 635 2253 nihil
654 2216 870 2253 humanum
890 2214 1097 2252 formidare
1116 2212 1270 2250 videtur
1288 2224 1367 2249 non
1394 2254 1396 2257 f

295 2283 378 2310 esse
406 2278 622 2321 peceatum.

349 2325 424 2362 Suo
453 2334 602 2362 CONTRA
624 2334 692 2361 Εετ
718 2322 824 2372 quod
845 2321 894 2359 de
917 2321 1044 2359 iudice
1064 2320 1197 2369 iniquo
1219 2318 1367 2365 dicitur,

294 2379 389 2416 Luc.
408 2375 540 2424 xvm*‚
570 2377 677 2425 quod
706 2388 775 2414 nec
802 2377 928 2414 Deum
957 2375 1122 2420 timebat,
1151 2385 1221 2411 nec
1248 2373 1369 2410 homi-

293 2444 381 2470 nem
409 2432 665 2468 reverebatur.

347 2486 578 2523 stpoumzo
620 2495 806 2522 mensuum
848 2483 968 2533 quod,
999 2482 1088 2531 quia
1108 2486 1123 2508 Υ
1165 2481 1282 2518 timor
1323 2481 1397 2533 ex}

293 2551 428 2577 amore
457 2538 641 2586 nascitur,
678 2537 782 2575 idem
812 2537 997 2575 iudicium
1025 2535 1179 2574 videtur
1207 2547 1292 2572 esse
1321 2535 1369 2573 de
1395 2541 1396 2569 3

293 2605 427 2631 amore
457 2600 494 2630 et
523 2592 571 2630 de
598 2592 749 2629 timore.
789 2591 924 2639 Agitur
951 2598 1081 2628 autem
1118 2601 1222 2627 nunc
1250 2590 1298 2627 de
1326 2590 1370 2627 ti·
1395 2612 1396 2615 =

293 2659 405 2684 more
425 2659 503 2696 quo
523 2646 626 2683 mala
644 2645 871 2695 temporalia
890 2645 1084 2691 timentur,
1104 2643 1170 2693 qui
1190 2643 1370 2693 provenit

293 2713 340 2738 ex
358 2700 626 2750 temporalium
646 2701 839 2737 bonorum
869 2710 1013 2736 amore.
1044 2698 1212 2735 luditum
1237 2706 1367 2735 autem

293 2762 350 2792 est
369 2755 576 2804 unicuique
597 2753 819 2791 naturaliter
832 2760 873 2790 ut
892 2752 1089 2802 propriam
1109 2751 1231 2789 vitam
1252 2760 1368 2799 amet,

293 2816 329 2846 et
357 2821 403 2846 ea
432 2821 531 2859 quae
557 2809 606 2846 ad
625 2808 749 2857 ipsam
779 2807 1015 2851 ordinantur,
1045 2803 1205 2843 tamen⁶
1235 2806 1366 2843 debito

292 2863 432 2900 modo:
462 2862 673 2913 utsscilicet
702 2869 878 2898 amentur
906 2860 1131 2897 huiusmodi
1158 2872 1237 2897 non
1257 2860 1367 2908 quasi

290 2916 378 2955 finis
408 2916 659 2954 constituatur
686 2916 724 2952 in
755 2915 820 2959 eis,
851 2914 918 2951 sed
941 2915 1156 2951 secundum
1187 2914 1294 2961 quod
1314 2914 1367 2951 eis

291 2971 478 3009 utendum
503 2978 559 3007 est
578 2977 736 3019 propter
755 2968 934 3005 ultimum
963 2968 1096 3005 finem.
1127 2967 1240 3005 Unde
1260 2968 1366 3017 quod

291 3024 425 3074 aliquis
451 3024 604 3062 deficiat
622 3037 645 3061 a
661 3022 791 3061 debito
806 3022 926 3060 modo
947 3021 1090 3059 amoris
1106 3021 1293 3070 ipsorum,
1311 3030 1368 3059 est

291 3086 423 3116 contra
437 3079 652 3116 naturalem
667 3076 970 3115 inclinationem:
993 3083 1030 3112 et
1039 3088 1109 3124 per
1124 3087 1367 3124 consequens
1393 3102 1395 3126 ÷

291 3140 347 3170 est
365 3140 579 3183 peccatum.
610 3133 823 3181 Nunquam
843 3139 974 3167 tamen
993 3142 1016 3167 a
1035 3128 1099 3166 tali
1119 3141 1251 3166 amore
1270 3136 1367 3166 tota·
1393 3160 1395 3162 .

1393 3182 1395 3189 ’
1421 3183 1512 3220 bent
1532 3182 1727 3219 contemni
1748 3182 1851 3218 bona
1866 3181 2091 3231 temporalia
2111 3182 2338 3230 inquantum
2358 3181 2493 3218 instru-

290 3185 374 3223 liter
392 3186 528 3235 aliquis
548 3185 706 3223 decidit:
731 3184 822 3234 quia
842 3184 880 3221 id
900 3183 1007 3233 quod
1029 3190 1086 3220 est
1104 3190 1263 3220 naturae
1278 3186 1291 3203 ⁸
1310 3190 1367 3220 to-

290 3239 411 3277 taliter
428 3240 536 3289 perdi
561 3252 641 3277 non
660 3247 798 3288 potest.
830 3239 993 3287 Propter
1021 3237 1125 3286 quod
1155 3237 1366 3286 Apostolus

291 3292 391 3339 dicit,
421 3293 473 3330 ad
497 3292 719 3343 Ephes.v*,
736 3291 842 3342 quod
872 3303 982 3329 nemo
1013 3302 1180 3340 unquam
1210 3302 1366 3327 carnem
1393 3331 1394 3335 Ἰ

343 3409 371 3440 α)
386 3415 441 3440 pro
459 3408 700 3434 commendatione.
711 3423 729 3428 -
748 3409 774 3434 in
793 3408 1026 3434 commendatione
1045 3408 1093 3436 La,
1109 3407 1135 3431 in
1155 3406 1364 3432 commendatio-
1389 3404 1391 3448 J

290 3451 349 3469 nem
369 3444 398 3469 P.

343 3478 368 3512 β)
389 3479 510 3504 maxime
528 3479 666 3505 terribilis.
678 3494 698 3499 -
717 3480 838 3506 maxime
852 3479 1014 3505 terribilium
1028 3478 1227 3511 ABCFHleK,
1243 3477 1364 3502 maxime
1389 3503 1391 3514 ζ

289 3515 409 3541 terribile
427 3515 474 3546 sK,
494 3515 644 3539 maximum
664 3515 824 3540 terribilium
844 3515 941 3540 PDGa.

342 3551 370 3585 γ)
389 3551 461 3583 quia.
474 3565 493 3570 —
511 3550 573 3575 Om.
592 3550 699 3582 AFpEl.

343 3586 369 3618 δ)
389 3590 488 3612 tamen.
501 3601 521 3606 -
538 3593 598 3611 cum
618 3585 749 3611 PCEGIa.

343 3623 365 3655 ε)
386 3625 509 3647 naturae.
521 3635 540 3641 -
559 3622 684 3647 naturale
703 3621 820 3647 PACLa.

359 1389 363 1391 μ
449 1369 456 1382 ¹
482 1357 608 1405 'usti‚
637 1367 717 1392 non
746 1362 802 1391 est
828 1361 1044 1403 peccatum.
1085 1351 1163 1388 Sed
1191 1351 1230 1388 in
1259 1363 1367 1387 com·
1393 1368 1395 1395 ς

295 1411 588 1451 mendationem
625 1408 697 1446 viri
735 1407 822 1445 iusti
861 1406 1015 1454 dicitur,
1052 1406 1167 1443 Pron.
1197 1403 1365 1442 xxvx11*:
1394 1416 1395 1451 ᾗ

293 1467 438 1512 Iustus,
472 1464 583 1514 quasi
608 1463 665 1500 leo
695 1461 904 1510 confidens,
942 1461 1084 1509 absque
1111 1464 1258 1496 terrore
1285 1459 1366 1496 erit.
1394 1492 1395 1503 ,

508 1208 532 1234 1>
561 1206 700 1233 Palmum
729 1206 783 1232 stc
809 1202 1052 1230 PRocaniTua.
1081 1189 1242 1227 Videtur
1261 1189 1367 1238 quod
1391 1189 1394 1239 ξ
1419 1202 1530 1227 suam
1551 1190 1637 1227 odio
1651 1190 1793 1227 habuit.
1821 1189 1932 1228 Unde
1955 1189 2069 1226 etiarn
2090 1189 2139 1227 illi
2159 1191 2226 1239 qui
2240 1191 2388 1241 seipsos
2408 1193 2500 1230 inte-

508 1247 730 1303 intimiditas
773 1258 852 1284 non
902 1245 948 1282 sit
989 1251 1205 1294 peccatum.
1249 1244 1367 1302 Quod
1392 1279 1394 1307 Ι

490 1300 611 1341 enim
632 1300 787 1351 ponitur
805 1311 876 1349 pro
897 1298 1237 1336 commendatione
1254 1302 1271 1318 ‘²
1294 1296 1367 1333 viri
1392 1312 1396 1319 ¹

1421 1243 1574 1291 rimunt,
1597 1256 1643 1281 ex
1671 1255 1803 1280 amore
1838 1243 1962 1281 carnis
1991 1256 2083 1281 suae
2102 1244 2179 1281 hoc
2206 1245 2360 1293 faciunt,
2382 1258 2499 1295 quam

1420 1298 1559 1334 volunt
1578 1310 1600 1334 a
1619 1297 1884 1346 praesentibus
1904 1297 2085 1346 angustiis
2111 1297 2263 1335 liberari
2282 1297 2306 1336 ζ.

1476 1351 1588 1389 Unde
1627 1351 1849 1400 contingere
1884 1359 2011 1400 potest
2048 1352 2155 1399 quod
2193 1352 2329 1401 aliquis
2372 1353 2500 1391 minus

1423 1417 1540 1454 quam
1570 1404 1710 1442 debeat
1737 1405 1882 1452 timeat,
1903 1413 2070 1442 mortem
2108 1413 2144 1442 et
2173 1405 2245 1443 alia
2274 1409 2500 1456 temporalia

1422 1459 1538 1506 mala,
1569 1467 1726 1508 propter
1755 1459 1830 1496 hoc
1859 1458 1966 1508 quod
1995 1459 2124 1496 minus
2153 1459 2283 1497 debito
2309 1470 2412 1499 amet
2442 1475 2498 1499 ea.

1423 1513 1502 1550 Sed
1531 1513 1638 1562 quod
1667 1512 1758 1550 nihil
1787 1513 1927 1550 horum
1952 1512 2095 1561 timeat,
2117 1525 2196 1550 non
2215 1522 2341 1563 potest
2370 1527 2415 1552 ex
2443 1524 2500 1553 to-

1422 1566 1486 1604 tali
1516 1566 1667 1604 defectu
1697 1566 1840 1604 amoris
1870 1566 2108 1615 contingere:
2145 1567 2212 1605 sed
2243 1579 2288 1605 ex
2317 1581 2363 1606 eo
2393 1571 2499 1619 quod

1423 1620 1599 1658 aestimat
1628 1621 1731 1658 mala
1751 1620 1929 1670 opposita
1949 1620 2061 1658 bonis
2089 1632 2189 1669 quae
2209 1630 2324 1670 amat,
2347 1622 2417 1660 sibi
2437 1636 2499 1661 su-

1422 1675 1659 1724 pervenire*²
1689 1687 1768 1712 non
1788 1687 1917 1724 posse.
1949 1674 2067 1722 Quod
2097 1675 2331 1725 quandoque
2353 1677 2498 1715 contin-

1422 1729 1474 1778 git
1503 1741 1548 1766 ex
1568 1728 1749 1778 superbia
1769 1728 1887 1766 animi
1908 1728 1955 1766 de
1976 1740 2016 1766 se
2036 1731 2318 1778 praesumentis
2348 1739 2383 1768 et
2403 1731 2498 1769 alios

1423 1783 1726 1821 contemnentis:
1756 1782 1972 1820 secundum
2001 1783 2107 1832 quod
2136 1783 2272 1821 dicitur
2294 1786 2365 1822 Iob
2384 1784 2496 1823 xm*:
2526 1787 2718 1815 ’Vm-²⁴³⁵·

1422 1839 1563 1874 Factus
1581 1842 1635 1874 est
1655 1842 1695 1873 ut
1712 1836 1858 1873 nullum
1887 1837 2050 1874 timeret:
2079 1849 2192 1875 omne
2208 1838 2368 1876 sublime
2385 1840 2496 1878 videt.

1424 1891 1672 1940 Quandoque
1700 1898 1831 1928 autem
1861 1890 2043 1938 contingit
2072 1902 2116 1927 ex
2142 1891 2292 1928 defectu
2322 1893 2494 1931 rationis:

1423 1945 1519 1981 sicut
1534 1943 1793 1994 Philosophus
1808 1943 1908 1991 dicit,
1926 1943 1964 1980 in
1981 1945 2030 1980 111
2046 1944 2167 1982 Ethic.
2179 1945 2210 1992 ³¹²,
2222 1946 2328 1994 quod
2341 1946 2471 1984 Celtae
2482 1944 2495 1968 ⁰
2523 1952 2689 2000 §.efflat
2700 1958 2740 1999 {23

1423 2006 1580 2048 propter
1608 1997 1802 2035 stultitiam
1829 1997 1922 2035 nihil
1951 1997 2095 2035 timent.
2126 1999 2238 2036 Unde
2266 2007 2370 2048 patet
2390 2001 2496 2050 quod

1424 2065 1507 2090 esse
1535 2051 1778 2101 impavidum
1814 2059 1870 2088 est
1896 2050 2099 2090 vitiosum:
2134 2052 2217 2089 sive
2247 2061 2422 2091 causetur
2450 2067 2497 2092 ex

1424 2107 1575 2144 defectu
1604 2105 1759 2152 amoris,
1789 2105 1870 2142 sive
1900 2113 2077 2142 causetur
2107 2117 2151 2142 ex
2171 2107 2336 2144 elatione
2366 2108 2494 2155 animi,

1422 2161 1503 2198 sive
1533 2166 1710 2197 causetur
1735 2171 1780 2196 ex
1808 2158 2031 2204 stoliditate;
2062 2172 2161 2207 quae
2191 2167 2319 2198 tamen
2343 2170 2497 2199 excusat

1423 2227 1446 2251 a
1473 2221 1634 2263 peccato
1663 2213 1693 2249 si
1723 2212 1769 2250 sit
1796 2212 2037 2250 invincibilis.

1477 2270 1537 2305 An
1566 2278 1704 2304 ptumum
1738 2278 1838 2304 ERGO
1866 2277 2053 2304 DicENDUM
2091 2267 2198 2316 quod
2234 2268 2354 2305 iustus
2392 2281 2496 2306 com·
2553 2310 2556 2313 ,

1424 2321 1629 2359 mendatur
1666 2333 1688 2357 a
1717 2320 1855 2358 timore
1895 2320 2111 2358 retrahente
2137 2326 2145 2341 ‘
2185 2333 2274 2358 eum
2309 2333 2332 2358 a
2368 2322 2495 2360 bono:

1423 2388 1502 2413 non
1531 2375 1637 2424 quod
1665 2374 1712 2411 sit
1740 2375 1886 2423 absque
1917 2374 2022 2411 omni
2043 2374 2193 2412 timore.
2224 2374 2373 2413 Dicitur
2392 2376 2496 2414 enim

1395 2429 1396 2476 s
1422 2428 1614 2467 Eccli.1*:
1635 2428 1711 2471 Qui
1722 2429 1803 2466 sine
1817 2428 1953 2466 timore
1967 2434 2032 2474 est,
2048 2440 2124 2466 non
2133 2429 2274 2477 poterit
2288 2430 2496 2479 iustificari.
2524 2445 2535 2456 ·
2550 2445 2616 2468 vers.
2631 2446 2666 2467 28.

1477 2485 1537 2521 An
1566 2494 1759 2520 SECUNDUM
1788 2494 1975 2520 mcuunuu
2003 2482 2109 2532 quod
2138 2494 2261 2531 mors,
2296 2484 2358 2520 vel
2387 2484 2496 2534 quid-

1424 2537 1516 2587 quid
1545 2537 1645 2574 aliud
1675 2537 1724 2573 ab
1752 2536 1911 2573 homine
1932 2536 2083 2574 mortali
2102 2544 2229 2585 potest
2256 2537 2395 2585 inferri,
2417 2551 2496 2576 non

1424 2599 1480 2628 est
1508 2603 1554 2628 ea
1583 2590 1731 2628 ratione
1759 2590 1976 2628 timendum
2005 2598 2045 2627 ut
2073 2602 2095 2627 a
2124 2590 2263 2627 iustitia
2283 2593 2494 2630 recedatur.

1424 2645 1493 2682 Est
1520 2652 1651 2682 tamen
1680 2644 1896 2682 timendum
1925 2643 2150 2693 inquantum
2181 2657 2250 2693 per
2269 2645 2345 2682 hoc
2373 2646 2494 2682 homo

1394 2714 1396 2718 ⁴
1421 2706 1547 2748 potest
1576 2698 1752 2748 impediri
1783 2699 1832 2735 ab
1860 2698 2042 2746 operibus
2071 2698 2261 2745 virtuosis,
2291 2699 2353 2735 vel
2375 2711 2494 2747 quan-

1421 2761 1503 2789 tum
1533 2753 1583 2790 ad
1612 2765 1670 2799 se,
1707 2752 1769 2789 vel
1799 2759 1986 2800 quantum
2016 2751 2064 2789 ad
2093 2752 2308 2801 profectum
2346 2759 2495 2801 quern*

1421 2807 1459 2844 in
1489 2806 1570 2843 aliis
1600 2806 1696 2843 facit.
1734 2805 1846 2843 Unde
1876 2805 2011 2843 dicitur
2042 2807 2157 2842 Prov.
2185 2805 2297 2843 xlv*:
2337 2807 2495 2856 Sapiens
2526 2817 2661 2839 ·Vers.1⁶.

1421 2861 1535 2906 timet,
1565 2866 1601 2897 et
1626 2860 1790 2896 declinat
1814 2871 1838 2896 a
1867 2859 1982 2897 malo.

1475 2916 1535 2950 AD
1563 2925 1725 2951 τεκτιυΜ
1760 2925 1946 2950 DlCENDUM
1985 2913 2091 2961 quod
2130 2914 2233 2949 bona
2265 2913 2494 2962 temporalia

1422 2967 1565 3005 debent
1604 2966 1798 3004 contemni
1838 2964 2054 3016 quantum²
2091 2979 2163 3003 nos
2196 2966 2411 3015 impediunt
2444 2967 2492 3004 ab

1422 3033 1556 3058 amore
1587 3029 1622 3058 et
1649 3020 1789 3058 timore
1818 3021 1903 3058 Dei.
1944 3021 1993 3058 Et
2022 3020 2236 3057 secundum
2266 3020 2342 3057 hoc
2378 3020 2491 3057 etiam

1421 3087 1501 3112 non
1531 3075 1673 3112 debent
1700 3074 1843 3111 timeri:
1883 3075 1986 3111 unde
2020 3074 2154 3111 dicitur
2181 3074 2298 3110 Eccli.
2327 3074 2491 3111 xxxw*:
2521 3077 2652 3099 'Vm-¹⁶·

1425 3129 1500 3171 Qui
1527 3129 1632 3166 timet
1648 3130 1774 3165 Deum
1794 3128 1888 3165 nihil
1914 3128 2122 3177 trepidabit.
2153 3128 2245 3164 Non
2271 3135 2398 3164 autem
2429 3128 2493 3165 de-

1421 3235 1635 3273 mentaliter
1650 3248 1721 3273 nos
1741 3235 1874 3272 iuvant
1893 3235 1942 3272 ad
1963 3247 2007 3272 ea
2027 3247 2125 3284 quae
2142 3244 2230 3272 sunt
2245 3234 2364 3272 divini
2384 3247 2492 3272 amo-

1421 3302 1472 3327 ris
1502 3297 1538 3326 et
1565 3297 1725 3326 timoris.

1472 3403 1498 3435 ζ)
1517 3404 1639 3429 liberari.
1651 3417 1670 3423 -
1688 3403 1803 3428 liberare
1822 3403 1894 3428 PGa.

1471 3441 1498 3472 η)
1517 3440 1699 3472 supervenire.
1710 3453 1730 3458 -
1747 3439 1889 3464 subvenire
1908 3439 1954 3464 Pa.

1472 3474 1497 3508 θ)
1520 3477 1618 3501 Celtae.
1631 3489 1649 3494 -
1667 3475 1744 3500 stulti
1763 3475 1843 3499 PLsA
1864 3480 1889 3499 et
1907 3482 1933 3504 a,
1953 3482 2006 3500 om.
2026 3475 2058 3500 D.

1474 3512 1492 3544 ι)
1513 3511 1674 3537 retrahente.
1687 3525 1705 3529 —
1725 3518 1776 3536 non
1797 3510 1951 3535 retrahente
1970 3511 2004 3541 Ρ;
2024 3518 2072 3543 pro
2091 3518 2109 3535 a
2128 3511 2204 3540 bono,
2224 3518 2241 3535 a
2260 3511 2333 3535 mala
2353 3512 2383 3536 L.

1472 3548 1497 3579 κ)
1515 3547 1666 3581 profectum
1687 3554 1773 3578 quem.
1785 3560 1804 3565 -
1820 3547 1968 3580 perfectum
1982 3547 2056 3579 quod
2068 3547 2162 3580 BEFpl
2178 3552 2203 3572 et
2215 3554 2240 3575 a,
2251 3547 2403 3581 profectum
2419 3547 2491 3579 quod

1418 3584 1546 3609 ACDKsl.

1471 3618 1499 3651 λ)
1519 3621 1659 3652 quantum.
1673 3632 1692 3637 -
1711 3618 1869 3650 inquantum
1890 3617 2024 3643 PCDGlL.
