2768 4198
61 635 72 647 “
81 636 136 658 Loc.
145 635 183 658 cit.
192 635 216 657 in
223 641 271 663 arg.

54 2345 77 2389 3¹
85 2345 154 2370 Vn.
168 2353 185 2370 ι.

38 2718 254 2758 ..αι-,ιιι

69 3030 279 3054 ’laPrlnoubm

69 3253 255 3277 ‘emmam

73 3342 83 3352 ⁸
94 3341 163 3370 Καρ.
179 3341 209 3363 ad
222 3349 246 3368 4·

947 287 1216 333 QUAESTIO
1247 287 1442 336 CLXXII,
1471 289 1771 326 ARTICULUS
1802 289 1832 324 11

298 368 475 399 secundum
498 373 630 396 naturae
652 365 798 396 ordinem
822 365 1044 401 revelationes;
1069 366 1127 402 vel,
1152 366 1241 407 quod
1266 366 1365 406 magis

299 418 463 447 consonat,
487 410 636 451 perspicit
659 409 789 440 subtiles
813 416 922 440 motus
945 409 1164 450 imaginativae
1181 420 1218 440 ex
1233 410 1365 451 impres-

299 457 389 487 sione
411 464 578 487 causarum
602 453 811 490 naturalium,
843 463 879 484 ex
905 454 1022 494 quibus
1046 455 1187 485 motibus
1211 455 1364 495 imagina-

2410 290 2483 337 379

1420 367 1587 407 prophetia
1610 376 1710 397 nova:
1739 367 1794 397 sed
1818 373 1864 397 sat
1887 373 1934 397 est
1961 366 1986 396 si
2010 365 2049 396 sit
2071 365 2219 406 antiqua,
2243 366 2329 396 iuxta
2353 368 2485 397 verbum

1419 411 1564 442 Abrahae
1580 411 1620 441 ad
1637 411 1781 442 divitem:
1804 411 1935 442 Habent
1948 411 2087 451 Moysen
2105 415 2135 440 et
2144 410 2337 451 prophetas:
2351 412 2487 442 audiant

1392 490 1394 496 Ι
1421 457 1492 486 illos
1503 456 1530 487 *.
1547 456 1588 486 Et
1602 455 1634 486 in
1651 455 1762 486 ordine
1777 455 1909 496 quidem
1925 455 1965 485 ad
1981 454 2126 485 divinum
2142 454 2275 491 cultum,
2289 462 2335 485 est
2352 455 2486 485 omnino

299 501 380 532 tivae
396 499 576 531 lucentibus
597 498 720 529 lumine
739 498 916 529 intellectus
933 498 1063 538 agentis,
1082 506 1112 530 et
1127 499 1261 530 alicuius
1286 499 1366 530 forte
1392 497 1394 504 ³
1421 500 1593 530 necessaria
1609 500 1775 540 prophetia
1791 510 1828 530 ex
1844 507 1932 540 parte
1949 499 2057 535 nostri,
2075 506 2110 530 ut
2126 499 2323 539 praedictum
2339 506 2386 529 est
2399 499 2425 529 *.
2453 500 2487 529 In
2515 512 2525 521 ·

299 544 470 585 superioris
492 543 680 578 intellectus,
705 549 852 573 movetur
875 543 1052 573 intellectus
1077 551 1183 574 noster
1206 544 1366 584 possibilis
1392 559 1394 587 1
1420 545 1530 574 ordine
1555 552 1663 575 autem
1686 544 1725 574 ad
1749 544 1820 581 alia,
1845 543 2018 574 necessaria
2041 550 2087 574 est
2111 544 2151 574 ad
2168 543 2229 574 hoc
2245 551 2280 574 ut
2302 543 2423 573 firmior
2443 544 2488 574 ef-

298 589 338 619 ad
362 587 622 628 cognoscendum
645 587 791 617 futurum
814 587 846 617 in
872 587 1027 627 praesenti
1047 587 1138 628 signo
1154 595 1366 628 repraesenta·
1392 595 1394 627 l
1420 588 1610 629 ficaciorque
1639 588 1678 619 sit
1705 588 1818 629 populi
1849 588 2052 628 gubernatio:
2083 588 2212 619 verbum
2245 587 2403 628 siquidem
2426 589 2488 618 Dei

299 640 378 664 tum.
403 633 444 663 Et
467 633 529 663 hoc
552 631 652 662 modo
671 631 797 662 videtur
818 631 870 662 ille
887 632 978 662 cuius
994 632 1140 663 meminit
1155 632 1328 672 Gregorius
1339 633 1366 669 *‚
1393 629 1394 650 ³

299 677 488 717 praevidisse
512 676 731 716 sepeliendum
755 686 788 706 se
812 676 844 706 in
869 676 984 707 Sancto
1009 677 1107 707 Sixto.

354 720 407 751 111.
431 721 467 751 In
491 720 697 760 responsione
721 721 761 750 ad
784 727 944 761 quartum,
970 731 1044 751 cum
1067 721 1145 761 legis
1162 722 1366 761 prophetiam

1421 633 1563 664 validum
1578 638 1635 669 est,
1649 638 1680 663 et
1685 633 1920 673 penetrabilius
1932 634 2019 663 omni
2032 632 2155 673 gladio,
2169 639 2225 663 etc.
2236 633 2254 652 *
2269 633 2310 663 Et
2322 639 2488 672 propterea

1420 677 1452 707 in
1477 677 1578 707 littera
1602 677 1732 713 dicitur,
1757 677 1799 707 Et
1816 678 1992 717 praecipue
2010 684 2087 707 etc.:
2113 683 2148 707 ut
2179 676 2296 708 scilicet
2320 683 2488 717 utramque

1393 736 1395 738 ·
1422 721 1639 752 necessitatem
1663 722 1852 752 ostenderet.

299 766 513 796 necessariam
538 765 581 795 ad
602 765 717 805 populi
742 765 1031 806 gubernationem,
1057 775 1124 796 non
1147 765 1303 805 intelligas
1328 766 1367 795 de
1392 757 1395 791 3

1070 920 1392 962 ARTICULUS
1423 920 1724 962 SECUNDUS

804 1014 962 1044 UTRUM
984 1013 1265 1044 PROPHETICA
1289 1013 1539 1045 REVELATIO
1565 1013 1666 1043 FIAT
1690 1013 1772 1043 PER
1796 1013 1997 1044 ANGELos

676 1092 706 1117 111
729 1093 804 1118 Cont.
826 1093 913 1121 Gent„
933 1100 988 1125 cap.
1008 1099 1080 1123 cuv;
1102 1092 1143 1116 De
1165 1091 1254 1122 Ver-it„
1275 1100 1320 1124 qu.
1338 1100 1381 1123 xn,
1401 1097 1448 1117 art.
1467 1091 1498 1122 83
1521 1092 1550 1116 In
1572 1091 1679 1120 Isaiam,
1700 1099 1757 1123 cap.
1775 1099 1816 1122 vx;
1837 1092 1866 1116 In
1886 1091 1993 1121 Matth„
2013 1099 2067 1124 cap.
2087 1100 2114 1118 11.

340 1205 363 1222 Ι,
386 1192 401 1215 φ
422 1196 490 1236 as<
513 1185 536 1211 n
552 1185 744 1211 SECUNDUM
759 1185 812 1211 s1c
826 1184 1068 1210 PROCEDITUR.
1086 1173 1248 1210 Videtur
1264 1173 1369 1221 quod
1396 1203 1397 1219 Ξ

370 1222 377 1230 ’
432 1216 484 1286 ’ζμ
514 1227 736 1276 prophetica
756 1226 936 1263 revelatio
965 1238 1043 1263 non
1063 1226 1130 1262 fiat
1156 1238 1227 1274 per
1255 1237 1370 1273 ange·
1396 1252 1397 1255 η

458 1285 481 1319 C
496 1277 582 1317 los.
619 1280 767 1318 Dicitur
795 1281 897 1317 enirn
928 1280 1016 1327 Sap.
1037 1278 1136 1325 vl1*,
1165 1279 1272 1327 quod
1303 1279 1369 1314 Sa-

402 1334 408 1342 '
470 1324 499 1365 Nx
514 1333 654 1383 pientia
674 1333 746 1370 Dei
766 1333 804 1370 in
823 1333 972 1370 animas
990 1337 1140 1369 sanctas
1154 1337 1172 1353 ²
1190 1343 1231 1368 se
1249 1337 1370 1368 trans-

286 1387 389 1435 fert,
419 1392 457 1423 et
488 1387 632 1424 amicos
665 1387 741 1423 Dei
767 1392 804 1423 et
822 1387 1028 1435 prophetas
1059 1385 1256 1422 constituit.
1293 1385 1370 1422 Sed

301 1440 446 1476 amicos
466 1440 539 1476 Dei
560 1439 750 1477 constituit
768 1439 1002 1476 immediate.
1025 1439 1127 1486 Ergo
1149 1437 1263 1475 etiam
1283 1450 1371 1487 pro-

299 1493 436 1542 phetas
463 1493 552 1530 facit
574 1493 806 1539 immediate,
828 1505 907 1530 non
930 1491 1186 1529 mediantibus
1214 1491 1369 1539 angelis.

355 1557 391 1583 2.
420 1547 665 1593 Palm-sam,
695 1545 898 1595 prophetia
926 1545 1081 1595 ponitur
1108 1545 1205 1582 inter
1232 1546 1371 1593 gratias

300 1599 414 1648 gratis
443 1600 562 1638 datas.
593 1600 671 1637 Sed
699 1599 841 1647 gratiae
859 1599 974 1647 gratis
998 1599 1109 1636 datae
1137 1606 1225 1635 sunt
1244 1611 1266 1635 a
1287 1598 1370 1648 Spi-

265 1669 273 1677 ·
301 1652 374 1690 ritu
405 1653 568 1690 Sancto:
603 1652 817 1690 secundum
852 1653 942 1690 illud
961 1652 1000 1688 *z
1039 1652 1253 1689 Divisiones
1279 1664 1371 1702 gra·
1397 1680 1399 1700 a

300 1706 439 1743 aarum
458 1711 563 1743 sunt:
592 1707 690 1743 idem
709 1711 835 1743 autem
860 1706 1030 1755 Spiritus.
1061 1706 1153 1742 Non
1173 1717 1264 1753 ergo
1283 1718 1370 1754 pro·
1397 1702 1399 1717 ‘

300 1759 451 1809 phetica
479 1759 662 1797 revelatio
690 1760 735 1796 fit
761 1760 898 1808 angelo
928 1759 1134 1796 mediante.

357 1813 392 1850 3.
421 1813 667 1860 Pam-mm,
697 1813 951 1850 Cassiodorus
970 1812 991 1835 ²¹⁴
1025 1812 1115 1849 dicit
1143 1811 1249 1860 quod
1282 1824 1371 1861 pro—

300 1866 430 1915 phetia
459 1875 515 1903 est
541 1867 671 1904 divina
699 1866 890 1904 revelatio.
929 1866 968 1903 Si
998 1874 1126 1902 autem
1159 1866 1268 1902 fieret
1303 1877 1373 1914 per

301 1920 475 1968 angelos,
506 1920 693 1958 diceretur
721 1920 890 1968 angelica
918 1919 1110 1957 revelatio,
1150 1919 1243 1956 Non
1281 1930 1371 1967 ergo
1398 1933 1400 1945 2

300 1973 504 2022 prophetia
531 1974 575 2011 fit
602 1986 672 2023 per
701 1974 869 2022 angelos.

357 2027 432 2064 SED
461 2037 608 2064 CONTRA
636 2038 703 2064 asr
730 2027 836 2076 quod
864 2025 1073 2075 Dionysius
1102 2024 1201 2072 dicit,
1225 2036 1260 2062 1v
1287 2037 1372 2074 cap.

307 2080 409 2117 Cael.
437 2080 574 2117 ffers
603 2081 764 2118 Divinas
782 2080 943 2118 visiones
970 2079 1130 2129 gloriosi
1147 2079 1279 2115 Patres
1307 2092 1373 2116 no-

300 2134 371 2170 stri
395 2133 522 2183 adepti
536 2140 624 2171 sunt
635 2145 711 2183 per
736 2134 880 2171 medias
907 2133 1082 2170 caelestes
1104 2132 1268 2169 virtutes.
1300 2133 1375 2169 L‘o-

302 2187 429 2236 quitur
456 2195 585 2224 autem
613 2187 666 2224 ibi
695 2187 742 2224 de
762 2187 976 2224 visionibus
997 2185 1241 2236 propheticis.
1271 2186 1374 2234 Ergo

301 2240 485 2278 revelatio
513 2240 739 2290 prophetica
765 2241 810 2278 fit
836 2241 979 2288 angelis
1008 2238 1276 2277 mediantibus.

357 2295 585 2332 Respounso
614 2306 800 2332 menapum
829 2294 947 2343 quod,
968 2294 1065 2330 sicut
1091 2293 1301 2341 Apostolus
1322 2292 1376 2329 di-

304 2347 364 2394 cit,
393 2349 507 2385 Rom.
526 2359 588 2385 xm
607 2347 638 2394 *,
669 2359 767 2396 quae
793 2360 818 2385 a
845 2348 929 2384 Deo
956 2353 1054 2393 sunt,
1074 2346 1250 2383 ordinata
1277 2351 1374 2383 sunt.

301 2401 435 2438 Habet
459 2408 588 2438 autem
603 2402 678 2438 *hoc
699 2401 904 2438 divinitatis
922 2400 1029 2446 ordo,
1050 2400 1147 2437 sicut
1165 2399 1377 2448 Dionysius

357 2517 386 2548 α)
405 2517 512 2542 animas
530 2520 648 2542 sanctas.
660 2530 676 2535 -
696 2516 790 2541 anima
807 2519 904 2542 sancta
922 2516 1126 2549 ABEFHKLpC
1145 2520 1172 2540 et
1190 2522 1216 2541 a.

1425 1172 1512 1209 dicit
1530 1172 1562 1219 ³¹⁶,
1594 1178 1634 1208 ut
1660 1172 1792 1220 infima
1811 1184 1885 1220 per
1903 1173 2027 1209 media
2055 1173 2238 1221 disponat.
2267 1173 2403 1221 Angeli
2427 1186 2492 1210 au-

1424 1233 1503 1261 tem
1532 1225 1648 1262 medii
1676 1233 1763 1261 sunt
1791 1225 1888 1262 inter
1915 1226 2043 1262 Deum
2074 1233 2109 1261 et
2137 1226 2330 1273 homines,
2359 1233 2492 1275 utpote

1423 1279 1509 1327 plus
1528 1278 1797 1327 participantes
1818 1278 1865 1315 de
1885 1278 2118 1327 perfectione
2148 1279 2300 1316 divinae
2316 1280 2492 1316 bonitatis

1425 1343 1542 1380 quam
1572 1331 1760 1368 homines.
1791 1333 1840 1368 Et
1867 1332 1954 1368 ideo
1975 1331 2269 1369 illuminationes
2290 1341 2326 1369 et
2350 1334 2493 1370 revela-

1424 1384 1548 1421 tiones
1583 1384 1736 1421 divinae
1766 1397 1787 1421 a
1815 1386 1901 1422 Deo
1939 1385 1988 1421 ad
2026 1384 2200 1421 homines
2238 1398 2307 1434 per
2338 1387 2493 1434 angelos

1426 1438 1657 1475 deferuntur.
1686 1438 1915 1487 Prophetica
1944 1445 2071 1474 autem
2102 1438 2265 1485 cognitio
2290 1439 2332 1475 fit
2360 1451 2493 1476 secun—

1426 1491 1519 1528 dum
1559 1491 1877 1528 illuminationem
1922 1498 1957 1527 et
1994 1491 2267 1528 revelationem
2311 1491 2493 1529 divinam.

1425 1545 1537 1582 Unde
1567 1544 1812 1581 manifestum
1843 1552 1898 1581 est
1925 1543 2031 1592 quod
2059 1544 2126 1580 fiat
2153 1556 2222 1593 per
2250 1545 2417 1592 angelos.

1478 1599 1538 1634 Ab
1567 1609 1705 1635 PmMUM
1726 1609 1824 1634 ERGO
1853 1609 2038 1634 mcaNDUM
2063 1598 2169 1645 quod
2198 1597 2343 1642 caritas,
2364 1610 2496 1635 secun-

1426 1651 1520 1689 dum
1558 1663 1675 1699 quam
1704 1651 1748 1688 fit
1775 1651 1896 1687 homo
1933 1651 2078 1687 amicus
2107 1650 2200 1697 Dei,
2232 1658 2287 1687 est
2313 1651 2494 1699 perfectio

1423 1704 1644 1751 voluntatis,
1678 1704 1716 1741 in
1750 1716 1866 1753 quarn
1894 1705 1997 1740 solus
2026 1705 2132 1741 Deus
2165 1704 2385 1753 imprimere
2413 1713 2496 1753 pot-

1427 1766 1482 1795 est
1499 1758 1531 1795 *.
1568 1757 1645 1795 Sed
1673 1758 1873 1806 prophetia
1902 1765 1957 1794 est
1984 1757 2164 1806 perfectio
2198 1757 2428 1804 intellectus,
2458 1758 2496 1795 in

1425 1824 1541 1861 quem
1562 1811 1674 1848 etiam
1705 1812 1860 1859 angelus
1888 1818 2013 1859 potest
2031 1810 2262 1860 imprimere,
2291 1818 2333 1847 ut
2361 1811 2397 1848 in
2418 1812 2497 1848 Pri-

1426 1877 1492 1902 mo
1511 1864 1532 1886 '¹‘
1561 1864 1704 1901 dictum
1735 1872 1800 1901 est.
1839 1865 1889 1901 Et
1926 1864 2012 1901 ideo
2042 1876 2119 1900 non
2149 1872 2204 1900 est
2233 1864 2363 1901 similis
2401 1865 2494 1902 ratio

1427 1919 1474 1956 de
1503 1925 1681 1966 utroque.

1479 1973 1538 2008 Ab
1559 1982 1751 2008 SECUNDUM
1770 1982 1956 2007 D1CENDUM
1976 1970 2083 2018 quod
2098 1970 2237 2018 gratiae
2257 1970 2370 2018 gratis
2386 1971 2496 2008 datae

1426 2025 1683 2062 attribuuntur
1698 2023 1853 2073 Spiritui
1874 2024 2015 2060 Sancto
2037 2023 2132 2060 sicut
2146 2023 2271 2072 primo
2286 2023 2494 2073 principio:

1427 2079 1493 2127 qui
1521 2086 1650 2115 tamen
1679 2085 1860 2126 operatur
1886 2077 2107 2114 huiusmodi
2141 2077 2278 2125 gratias
2306 2077 2343 2115 in
2372 2078 2497 2114 homi-

1428 2132 1540 2169 nibus
1568 2131 1761 2168 mediante
1789 2130 1997 2167 ministerio
2027 2131 2263 2179 angelorum.

1482 2186 1542 2222 An
1555 2196 1716 2222 TERT1UM
1735 2196 1920 2221 mCENDUM
1940 2184 2046 2232 quod
2067 2184 2238 2233 operatio
2258 2183 2498 2220 instrumenti

1429 2238 1644 2275 attribuitur
1672 2237 1870 2287 principali
1905 2238 2046 2285 agenti,
2077 2237 2114 2274 in
2144 2237 2250 2274 cuius
2278 2236 2414 2273 virtute
2443 2236 2497 2273 in-

1430 2299 1684 2329 strumentum
1713 2291 1798 2339 agit.
1837 2291 1886 2327 Et
1916 2290 2004 2337 quia
2032 2290 2203 2327 minister
2239 2298 2294 2327 est
2323 2290 2416 2327 sicut
2444 2290 2498 2327 in—

1430 2352 1705 2391 strumentum,
1735 2344 1877 2381 ideirco
1912 2343 2136 2393 prophetica
2173 2343 2369 2390 revelatio,
2399 2356 2497 2392 quae

1429 2399 1472 2436 fit
1500 2397 1709 2436 ministerio
1738 2398 1972 2446 angelorum,
2003 2397 2138 2434 dicitur
2167 2409 2248 2434 esse
2279 2396 2417 2434 divina.

990 2594 1327 2627 Commentariis.
1351 2593 1607 2626 Cardinalis
1631 2592 1834 2625 Caietam

333 2686 355 2707 Ν
377 2675 512 2708 articulo
536 2675 678 2706 secundo
706 2674 850 2706 eiusdem
881 2673 1374 2714 centesimaeseptuagesimaese-

307 2687 458 2752 leundae
474 2719 681 2761 quaestionis,
697 2719 795 2750 dubia
811 2719 878 2750 duo
893 2725 1074 2750 occurrunt.
1098 2717 1278 2755 Primum*,
1295 2718 1376 2749 circa

302 2765 575 2797 illuminationem
590 2763 824 2805 propheticam:
844 2774 885 2794 an
901 2763 1018 2794 scilicet
1033 2764 1073 2794 sit
1087 2763 1128 2794 ab
1140 2762 1253 2802 angelo
1265 2762 1375 2803 quoad

302 2811 412 2853 ipsum
429 2810 541 2840 lumen
560 2808 796 2851 propheticum,
812 2818 854 2839 an
869 2818 948 2839 non.
969 2808 1010 2839 Et
1026 2815 1072 2838 est
1087 2807 1168 2838 ratio
1184 2806 1271 2838 dubii
1287 2806 1374 2847 quia,

280 2871 283 2874 >
303 2855 330 2886 si
352 2855 463 2886 lumen
487 2853 711 2895 propheticum
735 2863 802 2883 non
826 2859 907 2883 esset
929 2853 968 2883 ab
992 2852 1115 2892 angelo,
1141 2851 1255 2882 frustra
1273 2851 1306 2881 in
1325 2850 1375 2881 lit-

304 2906 370 2931 tera
393 2898 550 2930 diceretur
572 2905 759 2939 utrumque,
785 2897 902 2928 scilicet
925 2897 1177 2927 illuminationes
1199 2901 1230 2927 et
1252 2896 1374 2926 revela-

305 2945 418 2975 tiones.
441 2942 621 2974 Suffecisset
636 2942 795 2984 siquidem
811 2941 928 2972 dicere:
953 2941 1178 2972 Revelationes
1194 2949 1258 2980 per
1272 2949 1374 2981 ange-

305 2988 356 3020 los
375 2987 582 3029 deferamur.

362 3031 398 3063 In
413 3032 602 3073 oppositum
617 3038 726 3062 autem
738 3037 785 3062 est
800 3030 876 3072 quia
886 3032 1020 3068 Auctor,
1032 3029 1065 3060 in
1080 3028 1237 3070 principio
1247 3028 1264 3048 *
1278 3028 1375 3058 huius

307 3075 470 3115 Summae,
487 3086 543 3118 qu.
560 3087 619 3112 αι,
644 3082 700 3107 art.
723 3087 749 3112 1,
767 3075 807 3106 ad
829 3086 854 3111 1,
879 3074 972 3115 ponit
995 3074 1086 3115 quod
1108 3073 1218 3104 lumen
1243 3071 1317 3103 fidei
1341 3071 1374 3102 in

307 3119 467 3151 intellectu
490 3127 600 3152 nostro
624 3127 670 3151 est
692 3119 875 3150 immediate
899 3129 917 3149 a
940 3120 1021 3149 Deo.
1045 3118 1130 3158 Ergo
1146 3128 1163 3148 a
1179 3117 1302 3148 fortiori
1325 3116 1375 3147 lu-

308 3173 382 3237 ffen
404 3164 637 3205 propheticum,
662 3165 751 3206 quod
775 3164 849 3196 facit
865 3163 1054 3194 evidentiam
1071 3172 1183 3193 eorum
1203 3172 1285 3203 quae
1301 3167 1375 3192 sunt

333 3207 394 3238 dei.

365 3251 403 3282 Il.
427 3250 611 3283 Secundum
626 3253 762 3284 dubium
775 3253 793 3272 *
816 3259 864 3284 est
879 3253 960 3283 circa
975 3251 1217 3292 inspirationem
1240 3249 1377 3290 prophe-

309 3295 421 3326 ticam:
445 3305 486 3326 an
509 3295 548 3326 sit
569 3297 609 3327 ab
632 3298 756 3338 angelo.
780 3297 912 3329 Dictum
935 3304 981 3328 est
1005 3296 1091 3327 enim
1114 3295 1147 3326 in
1177 3306 1186 3325 1
1207 3302 1263 3326 art.
1288 3304 1376 3335 prae·
1400 3302 1402 3319 ι’

310 3339 378 3370 ced.
395 3349 450 3380 qu.
461 3338 490 3376 ¹⁸,
505 3340 595 3381 quod
609 3341 650 3371 ad
665 3342 868 3382 prophetiam
879 3341 1050 3382 requiritur
1066 3339 1240 3380 inspiratio.
1266 3339 1307 3369 Et
1329 3345 1376 3369 est
1400 3347 1403 3380 ἦ

309 3383 390 3415 ratio
414 3382 502 3414 dubii
532 3383 608 3424 quia
630 3383 664 3415 in
685 3386 894 3426 responsione
917 3386 957 3416 ad
980 3385 1122 3426 primum
1150 3384 1263 3415 dicitur
1286 3383 1376 3424 quod

310 3437 376 3458 non
400 3433 448 3458 est
470 3427 581 3458 eadem
602 3428 683 3459 ratio
707 3429 746 3459 de
765 3430 979 3470 spectantibus
996 3430 1036 3460 ad
1051 3429 1258 3465 intellectum,
1283 3435 1314 3459 et
1337 3428 1376 3458 de

309 3471 525 3512 spectantibus
548 3471 589 3502 ad
610 3471 826 3510 voluntatem,
849 3474 1005 3515 quoniam
1028 3474 1159 3514 angelus
1189 3479 1296 3513 potest
1317 3472 1377 3502 im-

310 3516 446 3557 primere
462 3515 495 3546 in
517 3515 725 3553 intellectum,
742 3526 808 3547 non
830 3525 937 3549 autem
952 3518 985 3549 in
1008 3519 1219 3549 voluntatem.
1244 3517 1379 3548 Constat
1402 3515 1404 3529 ³

311 3567 420 3635 {iu-tem
446 3560 536 3601 quod
567 3559 730 3600 inspiratio
759 3560 944 3601 prophetica
966 3562 1006 3593 ad
1027 3562 1226 3593 voluntatem
1249 3568 1377 3602 spectat.

325 3612 419 3646 gltur.

1485 2673 1537 2705 111.
1559 2673 1609 2703 Ad
1621 2672 1763 2713 primum
1779 2671 1924 2707 dubium,
1940 2670 1979 2701 de
1995 2670 2229 2700 illuminatione
2236 2670 2263 2707 ¹⁸,
2281 2670 2394 2701 dicitur
2408 2671 2497 2711 quod

1427 2717 1620 2748 illuminatio
1644 2715 1839 2757 prophetica,
1863 2715 1972 2756 quoad
2002 2714 2240 2755 supernaturale
2267 2714 2378 2745 lumen
2407 2716 2496 2755 quod

1429 2762 1528 2793 menti
1551 2761 1725 2802 prophetae
1747 2760 1935 2796 infunditur,
1960 2769 2025 2789 non
2049 2766 2096 2789 est
2118 2759 2158 2789 ab
2181 2759 2306 2799 angelo,
2322 2759 2377 2789 sed
2393 2769 2411 2789 a
2427 2760 2496 2790 Deo

1428 2806 1622 2837 immediate.
1645 2804 1814 2843 Quoniam·
1833 2804 1975 2844 regulare
1998 2810 2045 2834 est
2067 2803 2156 2844 quod
2181 2803 2288 2834 nullus
2313 2810 2434 2834 creatus
2450 2804 2497 2834 in-

1428 2851 1572 2882 tellectus
1603 2856 1708 2892 potest
1735 2849 1834 2880 alium
1860 2848 2040 2879 illuminare
2063 2848 2125 2878 hoc
2148 2847 2264 2884 modo,
2290 2847 2407 2878 scilicet
2430 2853 2496 2879 tra-

1427 2895 1531 2926 dendo
1547 2895 1596 2925 illi
1618 2895 1725 2925 lumen
1741 2895 1808 2924 sive
1823 2898 1963 2924 naturae
1979 2893 2047 2923 sive
2061 2893 2191 2933 gratiae
2208 2893 2275 2923 sive
2288 2892 2436 2933 gloriae:
2459 2899 2496 2923 ut

1429 2946 1515 2980 patet
1544 2939 1583 2970 ab
1612 2941 1752 2969 Auctore
1774 2937 1807 2967 in
1835 2937 1943 2968 Primo
1966 2936 2062 2967 huius
2086 2936 2200 2976 Operis
2225 2936 2332 2972 Libro,
2357 2946 2411 2976 qu.
2428 2947 2495 2973 cvr,

1427 2991 1484 3015 art.
1508 2995 1534 3020 1,
1554 2984 1594 3014 ad
1615 2993 1644 3014 2.
1669 2983 1762 3013 Unde
1779 2982 2021 3013 concedendum
2037 2988 2084 3011 est
2106 2981 2196 3021 quod
2213 2987 2278 3011 tam
2297 2981 2408 3011 lumen
2424 2980 2497 3011 fidei

1429 3038 1527 3069 quam
1550 3028 1660 3058 lumen
1680 3026 1914 3067 propheticum,
1930 3025 2010 3056 illud
2025 3024 2196 3061 habituale‚
2212 3025 2274 3055 hoc
2290 3035 2346 3065 per
2361 3025 2495 3055 modum

1427 3071 1627 3108 transeuntis,
1652 3082 1669 3102 a
1693 3071 1762 3102 Deo
1787 3077 1833 3101 est
1855 3069 2047 3100 immediate.
2072 3069 2214 3100 Vocatur
2236 3076 2343 3100 autem
2367 3069 2497 3109 angelus

1427 3116 1607 3148 illuminare
1624 3115 1790 3146 hominem
1810 3114 1861 3145 vel
1883 3124 1940 3155 per
1959 3114 2095 3144 modurn
2116 3113 2368 3150 confortationis,
2386 3120 2417 3144 et
2435 3114 2497 3144 hoc

1428 3171 1465 3192 ex
1488 3167 1576 3201 parte
1591 3160 1786 3195 intellectus;
1811 3159 1861 3189 vel
1884 3169 1941 3199 per
1957 3158 2093 3188 modum
2109 3158 2260 3194 docentis,
2277 3157 2498 3197 distinguentis

1428 3204 1702 3246 proponentisque
1725 3203 1976 3244 perceptibiliter,
2001 3209 2032 3232 et
2054 3202 2116 3232 hoc
2140 3212 2176 3232 ex
2199 3209 2286 3242 parte
2310 3201 2353 3232 rei
2378 3202 2496 3232 revela-

1428 3257 1496 3285 tae;
1521 3256 1557 3280 ut
1575 3254 1662 3289 patet
1677 3248 1715 3278 ab
1732 3250 1872 3278 Auctore
1895 3247 1928 3277 in
1951 3247 2030 3277 locis
2054 3246 2241 3287 praeeuntis.
2265 3246 2307 3277 Et
2329 3246 2402 3277 ideo
2425 3257 2497 3277 vere

1429 3294 1550 3325 dictum
1573 3299 1620 3323 est
1643 3292 1732 3332 quod
1754 3291 1937 3322 illuminant
1960 3298 1991 3322 et
2013 3290 2161 3321 revelant.

1486 3338 1539 3368 lv.
1563 3337 1615 3368 Ad
1637 3336 1815 3367 secundum
1829 3336 1847 3355 *
1870 3335 1984 3366 dicitur
2006 3335 2095 3376 quod
2118 3334 2282 3375 inspiratio
2301 3334 2497 3375 prophetica,
2525 3342 2535 3353 ⁸

1429 3392 1504 3413 cum
1523 3391 1589 3412 non
1612 3381 1751 3422 requirat
1773 3380 1913 3421 aliquam
1936 3379 2180 3419 impressionem
2196 3378 2228 3409 in
2245 3379 2443 3410 voluntatem
2462 3389 2498 3409 ex

1429 3433 1516 3467 parte
1539 3426 1639 3466 ipsius
1662 3424 1850 3461 voluntatis,
1875 3424 1929 3455 sed
1953 3424 2054 3464 possit
2076 3423 2234 3454 mediante
2258 3423 2385 3454 obiecto
2409 3423 2498 3453 insti-

1430 3471 1535 3511 gativo
1559 3470 1599 3501 ad
1622 3469 1832 3500 elevationem
1855 3468 1969 3499 mentis
1991 3467 2068 3504 fieri,
2092 3468 2131 3498 ab
2155 3467 2267 3508 angelo
2291 3467 2358 3498 fieri
2381 3474 2497 3508 potest.

1430 3514 1613 3546 Differentia
1642 3523 1781 3554 namque
1803 3513 1836 3543 in
1858 3513 1959 3544 littera
1987 3512 2091 3553 posita
2122 3522 2188 3543 non
2211 3512 2327 3543 militat
2349 3512 2497 3542 adversus

1431 3560 1502 3596 hoc,
1520 3565 1650 3600 propter
1666 3558 1782 3590 dictam
1796 3557 1968 3588 rationem:
1988 3557 2064 3598 quia
2080 3556 2198 3587 scilicet
2212 3556 2377 3597 inspiratio
2393 3562 2498 3596 potest

1404 3631 1407 3638 ,
1433 3615 1470 3635 ex
1492 3610 1579 3644 parte
1603 3602 1718 3634 obiecti
1741 3601 1818 3633 fieri.
1849 3601 1984 3632 Constat
2010 3600 2096 3646 enim
2126 3601 2215 3642 quod
2239 3601 2369 3640 angelus
2393 3605 2497 3639 potest

2515 458 2524 467 ⁸
2539 457 2594 478 Luc.
2614 463 2663 485 cap.
2678 464 2724 484 xvr,

2515 490 2573 505 vers.
2588 490 2623 512 29.

2564 516 2587 531 u.
2598 516 2672 537 ‹za-xxi,
2683 514 2725 532 art.

2514 543 2533 564 5,
2590 540 2685 558 tument.
2703 543 2725 558 n.

2514 570 2536 584 v.

2516 629 2687 657 'AdHeb cap
2695 635 2726 656 iv,

2518 662 2574 677 vers.
2591 661 2619 677 12.

2519 1186 2530 1196 ¹·
2536 1184 2600 1206 Cael.
2604 1183 2673 1205 Hier.
2679 1190 2729 1211 cap.

2519 1218 2555 1237 1v;
2576 1210 2638 1232 Eccl.
2662 1210 2730 1232 Hier.

2519 1244 2569 1265 cap.
2585 1244 2606 1258 v.

2523 1762 2532 1772 ⁸
2546 1761 2573 1782 D.
2587 1767 2626 1789 3¹¹·

2524 1871 2534 1881 ⁸
2548 1871 2596 1898 Qu.
2608 1873 2733 1897 exunt-1.

2524 2675 2535 2685 ⁸
2547 2674 2617 2696 Num.
2633 2680 2648 2695 1.

2548 3341 2617 3363 Num.
2632 3347 2654 3362 n.
