<?xml version="1.0" encoding="UTF-8"?>
<!DOCTYPE html PUBLIC "-//W3C//DTD XHTML 1.0 Transitional//EN"
    "http://www.w3.org/TR/xhtml1/DTD/xhtml1-transitional.dtd">
<html xmlns="http://www.w3.org/1999/xhtml" xml:lang="en" lang="en">
 <head>
  <title>
</title>
<meta http-equiv="Content-Type" content="text/html;charset=utf-8" />
  <meta name='ocr-system' content='tesseract 3.04.00' />
  <meta name='ocr-capabilities' content='ocr_page ocr_carea ocr_par ocr_line ocrx_word'/>
</head>
<body>
  <div class='ocr_page' id='page_1' title='image "./operaomniaiussui10thom_0590.png"; bbox 0 0 2768 4198; ppageno 0'>
   <div class='ocr_carea' id='block_1_1' title="bbox 40 1145 467 1338">
    <p class='ocr_par' dir='ltr' id='par_1_1' title="bbox 40 1145 467 1338">
     <span class='ocr_line' id='line_1_1' title="bbox 40 1145 467 1338; baseline 0 2860"><span class='ocrx_word' id='word_1_1' title='bbox 40 1145 467 1338; x_wconf 95' lang='lat' dir='ltr'> </span> 
     </span>
    </p>
   </div>
   <div class='ocr_carea' id='block_1_2' title="bbox 268 261 341 307">
    <p class='ocr_par' dir='ltr' id='par_1_2' title="bbox 268 261 341 307">
     <span class='ocr_line' id='line_1_2' title="bbox 268 261 341 307; baseline 0 -10"><span class='ocrx_word' id='word_1_2' title='bbox 268 261 341 307; x_wconf 89' lang='lat'>548</span> 
     </span>
    </p>
   </div>
   <div class='ocr_carea' id='block_1_3' title="bbox 872 257 1849 305">
    <p class='ocr_par' dir='ltr' id='par_1_3' title="bbox 872 257 1849 305">
     <span class='ocr_line' id='line_1_3' title="bbox 872 257 1849 305; baseline -0.001 -9"><span class='ocrx_word' id='word_1_3' title='bbox 872 258 1140 305; x_wconf 83' lang='lat' dir='ltr'>QUAEsT1o</span> <span class='ocrx_word' id='word_1_4' title='bbox 1172 257 1421 305; x_wconf 81' lang='lat' dir='ltr'>CLxxxlx,</span> <span class='ocrx_word' id='word_1_5' title='bbox 1451 258 1751 296; x_wconf 83' lang='lat' dir='ltr'>ARTICULUS</span> <span class='ocrx_word' id='word_1_6' title='bbox 1780 258 1849 296; x_wconf 89' lang='lat' dir='ltr'>v11</span> 
     </span>
    </p>
   </div>
   <div class='ocr_carea' id='block_1_4' title="bbox 941 372 1773 406">
    <p class='ocr_par' dir='ltr' id='par_1_4' title="bbox 941 372 1773 406">
     <span class='ocr_line' id='line_1_4' title="bbox 941 372 1773 406; baseline -0.001 0"><span class='ocrx_word' id='word_1_7' title='bbox 941 373 1274 406; x_wconf 79' lang='lat' dir='ltr'>Commentaria</span> <span class='ocrx_word' id='word_1_8' title='bbox 1297 372 1549 405; x_wconf 80' lang='lat' dir='ltr'>Cardinalis</span> <span class='ocrx_word' id='word_1_9' title='bbox 1571 373 1773 406; x_wconf 77' lang='lat' dir='ltr'>Caietani</span> 
     </span>
    </p>
   </div>
   <div class='ocr_carea' id='block_1_5' title="bbox 264 451 2456 588">
    <p class='ocr_par' dir='ltr' id='par_1_5' title="bbox 264 451 2456 588">
     <span class='ocr_line' id='line_1_5' title="bbox 294 451 2456 496; baseline -0 -8"><span class='ocrx_word' id='word_1_10' title='bbox 294 468 314 488; x_wconf 78' lang='lat' dir='ltr'>N</span> <span class='ocrx_word' id='word_1_11' title='bbox 338 457 470 488; x_wconf 88' lang='lat' dir='ltr'>articulo</span> <span class='ocrx_word' id='word_1_12' title='bbox 494 463 581 487; x_wconf 88' lang='lat' dir='ltr'>sexto</span> <span class='ocrx_word' id='word_1_13' title='bbox 606 455 748 486; x_wconf 89' lang='lat' dir='ltr'>eiusdem</span> <span class='ocrx_word' id='word_1_14' title='bbox 772 453 983 495; x_wconf 87' lang='lat' dir='ltr'>quaestionis,</span> <span class='ocrx_word' id='word_1_15' title='bbox 1007 453 1040 483; x_wconf 89' lang='lat' dir='ltr'>in</span> <span class='ocrx_word' id='word_1_16' title='bbox 1065 452 1272 493; x_wconf 85' lang='lat' dir='ltr'>responsione</span> <span class='ocrx_word' id='word_1_17' title='bbox 1292 452 1331 482; x_wconf 87' lang='lat' dir='ltr'>ad</span> <span class='ocrx_word' id='word_1_18' title='bbox 1356 451 1359 477; x_wconf 88' lang='grc' dir='ltr'>Ι</span> <span class='ocrx_word' id='word_1_19' title='bbox 1385 453 1465 493; x_wconf 91' lang='lat' dir='ltr'>tiqui</span> <span class='ocrx_word' id='word_1_20' title='bbox 1489 453 1653 493; x_wconf 87' lang='lat' dir='ltr'>temporis.</span> <span class='ocrx_word' id='word_1_21' title='bbox 1688 455 1772 484; x_wconf 87' lang='lat' dir='ltr'>Nam</span> <span class='ocrx_word' id='word_1_22' title='bbox 1795 455 1883 495; x_wconf 82' lang='lat' dir='ltr'>apud</span> <span class='ocrx_word' id='word_1_23' title='bbox 1905 462 2041 492; x_wconf 85' lang='lat' dir='ltr'>veteres,</span> <span class='ocrx_word' id='word_1_24' title='bbox 2066 465 2126 495; x_wconf 93' lang='lat' dir='ltr'>pro</span> <span class='ocrx_word' id='word_1_25' title='bbox 2154 455 2291 496; x_wconf 83' lang='lat' dir='ltr'>pecunia</span> <span class='ocrx_word' id='word_1_26' title='bbox 2321 465 2456 496; x_wconf 79' lang='lat' dir='ltr'>persona</span> 
     </span>
     <span class='ocr_line' id='line_1_6' title="bbox 267 472 2455 543; baseline 0 -11"><span class='ocrx_word' id='word_1_27' title='bbox 267 472 437 538; x_wconf 81' lang='lat' dir='ltr'>Itertium,</span> <span class='ocrx_word' id='word_1_28' title='bbox 463 508 539 531; x_wconf 89' lang='lat' dir='ltr'>nota</span> <span class='ocrx_word' id='word_1_29' title='bbox 572 501 647 530; x_wconf 93' lang='lat' dir='ltr'>duo.</span> <span class='ocrx_word' id='word_1_30' title='bbox 679 499 801 535; x_wconf 88' lang='lat' dir='ltr'>Primo,</span> <span class='ocrx_word' id='word_1_31' title='bbox 827 505 946 538; x_wconf 86' lang='lat' dir='ltr'>quanta</span> <span class='ocrx_word' id='word_1_32' title='bbox 979 497 1151 527; x_wconf 86' lang='lat' dir='ltr'>differentia</span> <span class='ocrx_word' id='word_1_33' title='bbox 1182 504 1228 528; x_wconf 91' lang='lat' dir='ltr'>est</span> <span class='ocrx_word' id='word_1_34' title='bbox 1252 497 1332 527; x_wconf 87' lang='lat' dir='ltr'>inter</span> <span class='ocrx_word' id='word_1_35' title='bbox 1357 518 1359 543; x_wconf 71' lang='grc' dir='ltr'>Ι</span> <span class='ocrx_word' id='word_1_36' title='bbox 1383 497 1473 528; x_wconf 91' lang='lat' dir='ltr'>liberi</span> <span class='ocrx_word' id='word_1_37' title='bbox 1497 498 1637 528; x_wconf 87' lang='lat' dir='ltr'>hominis</span> <span class='ocrx_word' id='word_1_38' title='bbox 1662 499 1878 538; x_wconf 80' lang='lat' dir='ltr'>obligabatur:</span> <span class='ocrx_word' id='word_1_39' title='bbox 1904 507 1940 530; x_wconf 89' lang='lat' dir='ltr'>ut</span> <span class='ocrx_word' id='word_1_40' title='bbox 1954 507 2040 540; x_wconf 85' lang='lat' dir='ltr'>patet</span> <span class='ocrx_word' id='word_1_41' title='bbox 2057 501 2098 531; x_wconf 89' lang='lat' dir='ltr'>lv</span> <span class='ocrx_word' id='word_1_42' title='bbox 2115 501 2285 542; x_wconf 80' lang='lat' dir='ltr'>Reg.1v*‚</span> <span class='ocrx_word' id='word_1_43' title='bbox 2311 501 2365 532; x_wconf 90' lang='lat' dir='ltr'>ubi</span> <span class='ocrx_word' id='word_1_44' title='bbox 2385 511 2455 532; x_wconf 87' lang='lat' dir='ltr'>mu-</span> 
     </span>
     <span class='ocr_line' id='line_1_7' title="bbox 264 541 2455 588; baseline -0.001 -10"><span class='ocrx_word' id='word_1_45' title='bbox 264 546 406 578; x_wconf 90' lang='lat' dir='ltr'>debitum</span> <span class='ocrx_word' id='word_1_46' title='bbox 430 553 560 581; x_wconf 89' lang='lat' dir='ltr'>certum,</span> <span class='ocrx_word' id='word_1_47' title='bbox 586 551 616 575; x_wconf 90' lang='lat' dir='ltr'>et</span> <span class='ocrx_word' id='word_1_48' title='bbox 639 544 782 574; x_wconf 86' lang='lat' dir='ltr'>debitum</span> <span class='ocrx_word' id='word_1_49' title='bbox 806 542 1096 573; x_wconf 86' lang='lat' dir='ltr'>indeterminatum.</span> <span class='ocrx_word' id='word_1_50' title='bbox 1121 541 1228 572; x_wconf 88' lang='lat' dir='ltr'>Habes</span> <span class='ocrx_word' id='word_1_51' title='bbox 1245 541 1331 572; x_wconf 89' lang='lat' dir='ltr'>euim</span> <span class='ocrx_word' id='word_1_52' title='bbox 1357 558 1359 588; x_wconf 51' lang='lat'>1</span> <span class='ocrx_word' id='word_1_53' title='bbox 1384 541 1441 572; x_wconf 91' lang='lat' dir='ltr'>lier</span> <span class='ocrx_word' id='word_1_54' title='bbox 1464 541 1559 572; x_wconf 87' lang='lat' dir='ltr'>vidua</span> <span class='ocrx_word' id='word_1_55' title='bbox 1583 542 1790 583; x_wconf 87' lang='lat' dir='ltr'>conqueritur</span> <span class='ocrx_word' id='word_1_56' title='bbox 1813 545 1900 583; x_wconf 88' lang='lat' dir='ltr'>apud</span> <span class='ocrx_word' id='word_1_57' title='bbox 1923 544 2066 575; x_wconf 88' lang='lat' dir='ltr'>Eliseutn</span> <span class='ocrx_word' id='word_1_58' title='bbox 2090 545 2178 586; x_wconf 93' lang='lat' dir='ltr'>quod</span> <span class='ocrx_word' id='word_1_59' title='bbox 2207 545 2343 576; x_wconf 86' lang='lat' dir='ltr'>creditor</span> <span class='ocrx_word' id='word_1_60' title='bbox 2371 555 2455 576; x_wconf 81' lang='lat' dir='ltr'>acce—</span> 
     </span>
    </p>
   </div>
   <div class='ocr_carea' id='block_1_6' title="bbox 262 586 1332 763">
    <p class='ocr_par' dir='ltr' id='par_1_6' title="bbox 262 586 1330 627">
     <span class='ocr_line' id='line_1_8' title="bbox 262 586 1330 627; baseline -0.007 -5"><span class='ocrx_word' id='word_1_61' title='bbox 262 591 448 623; x_wconf 88' lang='lat' dir='ltr'>huiusmodi</span> <span class='ocrx_word' id='word_1_62' title='bbox 473 589 660 619; x_wconf 85' lang='lat' dir='ltr'>differentias</span> <span class='ocrx_word' id='word_1_63' title='bbox 683 598 720 618; x_wconf 83' lang='lat' dir='ltr'>ex</span> <span class='ocrx_word' id='word_1_64' title='bbox 744 587 871 617; x_wconf 84' lang='lat' dir='ltr'>effectu:</span> <span class='ocrx_word' id='word_1_65' title='bbox 905 587 995 627; x_wconf 88' lang='lat' dir='ltr'>quod</span> <span class='ocrx_word' id='word_1_66' title='bbox 1019 586 1178 626; x_wconf 89' lang='lat' dir='ltr'>obligatus</span> <span class='ocrx_word' id='word_1_67' title='bbox 1203 586 1242 615; x_wconf 87' lang='lat' dir='ltr'>ad</span> <span class='ocrx_word' id='word_1_68' title='bbox 1267 596 1330 616; x_wconf 91' lang='lat' dir='ltr'>cer-</span> 
     </span>
    </p>

    <p class='ocr_par' dir='ltr' id='par_1_7' title="bbox 264 630 1332 671">
     <span class='ocr_line' id='line_1_9' title="bbox 264 630 1332 671; baseline -0.006 -4"><span class='ocrx_word' id='word_1_69' title='bbox 264 643 334 667; x_wconf 89' lang='lat' dir='ltr'>tum</span> <span class='ocrx_word' id='word_1_70' title='bbox 358 635 510 670; x_wconf 83' lang='lat' dir='ltr'>debiturn,</span> <span class='ocrx_word' id='word_1_71' title='bbox 539 639 663 664; x_wconf 89' lang='lat' dir='ltr'>tenetur</span> <span class='ocrx_word' id='word_1_72' title='bbox 685 632 765 663; x_wconf 91' lang='lat' dir='ltr'>illud</span> <span class='ocrx_word' id='word_1_73' title='bbox 790 632 949 662; x_wconf 83' lang='lat' dir='ltr'>exsolvere</span> <span class='ocrx_word' id='word_1_74' title='bbox 979 638 1152 671; x_wconf 80' lang='lat' dir='ltr'>antequam</span> <span class='ocrx_word' id='word_1_75' title='bbox 1183 630 1332 670; x_wconf 85' lang='lat' dir='ltr'>disponat</span> 
     </span>
    </p>

    <p class='ocr_par' dir='ltr' id='par_1_8' title="bbox 263 675 1318 763">
     <span class='ocr_line' id='line_1_10' title="bbox 263 675 1262 720; baseline -0.008 -8"><span class='ocrx_word' id='word_1_76' title='bbox 263 683 302 712; x_wconf 91' lang='lat' dir='ltr'>de</span> <span class='ocrx_word' id='word_1_77' title='bbox 325 681 444 720; x_wconf 87' lang='lat' dir='ltr'>seipso;</span> <span class='ocrx_word' id='word_1_78' title='bbox 469 678 627 718; x_wconf 86' lang='lat' dir='ltr'>obligatus</span> <span class='ocrx_word' id='word_1_79' title='bbox 651 683 759 708; x_wconf 88' lang='lat' dir='ltr'>autem</span> <span class='ocrx_word' id='word_1_80' title='bbox 782 676 814 706; x_wconf 89' lang='lat' dir='ltr'>in</span> <span class='ocrx_word' id='word_1_81' title='bbox 839 675 1016 712; x_wconf 87' lang='lat' dir='ltr'>communi,</span> <span class='ocrx_word' id='word_1_82' title='bbox 1037 685 1104 705; x_wconf 88' lang='lat' dir='ltr'>non</span> <span class='ocrx_word' id='word_1_83' title='bbox 1127 681 1262 705; x_wconf 86' lang='lat' dir='ltr'>tenetur.</span> 
     </span>
     <span class='ocr_line' id='line_1_11' title="bbox 318 718 1331 763; baseline -0.006 -8"><span class='ocrx_word' id='word_1_84' title='bbox 318 724 475 760; x_wconf 86' lang='lat' dir='ltr'>Secundo,</span> <span class='ocrx_word' id='word_1_85' title='bbox 493 729 612 763; x_wconf 87' lang='lat' dir='ltr'>quanta</span> <span class='ocrx_word' id='word_1_86' title='bbox 635 720 809 752; x_wconf 87' lang='lat' dir='ltr'>differentia</span> <span class='ocrx_word' id='word_1_87' title='bbox 825 727 872 751; x_wconf 87' lang='lat' dir='ltr'>est</span> <span class='ocrx_word' id='word_1_88' title='bbox 886 719 968 750; x_wconf 91' lang='lat' dir='ltr'>inter</span> <span class='ocrx_word' id='word_1_89' title='bbox 990 720 1075 760; x_wconf 85' lang='lat' dir='ltr'>leges</span> <span class='ocrx_word' id='word_1_90' title='bbox 1099 718 1209 756; x_wconf 84' lang='lat' dir='ltr'>nostri,</span> <span class='ocrx_word' id='word_1_91' title='bbox 1226 725 1258 749; x_wconf 90' lang='lat' dir='ltr'>et</span> <span class='ocrx_word' id='word_1_92' title='bbox 1277 728 1331 749; x_wconf 88' lang='lat' dir='ltr'>an-</span> 
     </span>
    </p>
   </div>
   <div class='ocr_carea' id='block_1_7' title="bbox 1384 586 2455 716">
    <p class='ocr_par' dir='ltr' id='par_1_9' title="bbox 1384 586 2455 716">
     <span class='ocr_line' id='line_1_12' title="bbox 1385 586 2454 629; baseline 0.005 -14"><span class='ocrx_word' id='word_1_93' title='bbox 1385 593 1498 626; x_wconf 87' lang='lat' dir='ltr'>pturus</span> <span class='ocrx_word' id='word_1_94' title='bbox 1522 594 1588 616; x_wconf 87' lang='lat' dir='ltr'>erat</span> <span class='ocrx_word' id='word_1_95' title='bbox 1610 586 1693 617; x_wconf 90' lang='lat' dir='ltr'>filios</span> <span class='ocrx_word' id='word_1_96' title='bbox 1717 597 1793 617; x_wconf 90' lang='lat' dir='ltr'>suos</span> <span class='ocrx_word' id='word_1_97' title='bbox 1817 587 1849 618; x_wconf 93' lang='lat' dir='ltr'>in</span> <span class='ocrx_word' id='word_1_98' title='bbox 1873 598 1980 619; x_wconf 86' lang='lat' dir='ltr'>servos</span> <span class='ocrx_word' id='word_1_99' title='bbox 2010 599 2070 629; x_wconf 92' lang='lat' dir='ltr'>pro</span> <span class='ocrx_word' id='word_1_100' title='bbox 2098 589 2233 629; x_wconf 88' lang='lat' dir='ltr'>pecunia</span> <span class='ocrx_word' id='word_1_101' title='bbox 2257 589 2315 620; x_wconf 88' lang='lat' dir='ltr'>sibi</span> <span class='ocrx_word' id='word_1_102' title='bbox 2340 589 2454 620; x_wconf 89' lang='lat' dir='ltr'>debita.</span> 
     </span>
     <span class='ocr_line' id='line_1_13' title="bbox 1384 631 2455 673; baseline 0.006 -13"><span class='ocrx_word' id='word_1_103' title='bbox 1384 631 1480 661; x_wconf 89' lang='lat' dir='ltr'>Nunc</span> <span class='ocrx_word' id='word_1_104' title='bbox 1502 640 1578 661; x_wconf 92' lang='lat' dir='ltr'>vero</span> <span class='ocrx_word' id='word_1_105' title='bbox 1600 631 1670 662; x_wconf 81' lang='lat' dir='ltr'>iura</span> <span class='ocrx_word' id='word_1_106' title='bbox 1700 631 1877 672; x_wconf 77' lang='lat' dir='ltr'>disponunt</span> <span class='ocrx_word' id='word_1_107' title='bbox 1906 642 2078 673; x_wconf 82' lang='lat' dir='ltr'>personam</span> <span class='ocrx_word' id='word_1_108' title='bbox 2103 633 2194 664; x_wconf 84' lang='lat' dir='ltr'>liberi</span> <span class='ocrx_word' id='word_1_109' title='bbox 2222 633 2365 666; x_wconf 70' lang='lat' dir='ltr'>hominis</span> <span class='ocrx_word' id='word_1_110' title='bbox 2389 643 2455 665; x_wconf 84' lang='lat' dir='ltr'>non</span> 
     </span>
     <span class='ocr_line' id='line_1_14' title="bbox 1386 674 1955 716; baseline 0.005 -11"><span class='ocrx_word' id='word_1_111' title='bbox 1386 674 1519 715; x_wconf 86' lang='lat' dir='ltr'>obligari</span> <span class='ocrx_word' id='word_1_112' title='bbox 1542 685 1602 716; x_wconf 88' lang='lat' dir='ltr'>pro</span> <span class='ocrx_word' id='word_1_113' title='bbox 1625 675 1734 706; x_wconf 84' lang='lat' dir='ltr'>debito</span> <span class='ocrx_word' id='word_1_114' title='bbox 1758 676 1955 716; x_wconf 72' lang='lat' dir='ltr'>pecuniario.</span> 
     </span>
    </p>
   </div>
   <div class='ocr_carea' id='block_1_8' title="bbox 609 872 2106 1001">
    <p class='ocr_par' dir='ltr' id='par_1_10' title="bbox 609 872 2106 1001">
     <span class='ocr_line' id='line_1_15' title="bbox 1046 872 1668 916; baseline 0 0"><span class='ocrx_word' id='word_1_115' title='bbox 1046 872 1368 916; x_wconf 89' lang='lat' dir='ltr'>ARTICULUS</span> <span class='ocrx_word' id='word_1_116' title='bbox 1399 872 1668 916; x_wconf 87' lang='lat' dir='ltr'>SEPTIMUS</span> 
     </span>
     <span class='ocr_line' id='line_1_16' title="bbox 609 964 2106 1001; baseline -0.001 0"><span class='ocrx_word' id='word_1_117' title='bbox 609 969 764 1001; x_wconf 86' lang='lat' dir='ltr'>UTRUM</span> <span class='ocrx_word' id='word_1_118' title='bbox 787 966 1052 999; x_wconf 81' lang='lat' dir='ltr'>PRESBYTERI</span> <span class='ocrx_word' id='word_1_119' title='bbox 1077 964 1240 998; x_wconf 71' lang='lat' dir='ltr'><strong>CURATI</strong></span> <span class='ocrx_word' id='word_1_120' title='bbox 1264 965 1443 998; x_wconf 70' lang='lat' dir='ltr'>Possm-r</span> <span class='ocrx_word' id='word_1_121' title='bbox 1467 965 1611 998; x_wconf 72' lang='lat' dir='ltr'>merra</span> <span class='ocrx_word' id='word_1_122' title='bbox 1635 966 1907 999; x_wconf 82' lang='lat' dir='ltr'>RELIGIONEM</span> <span class='ocrx_word' id='word_1_123' title='bbox 1930 967 2106 999; x_wconf 81' lang='lat' dir='ltr'>INGREDI</span> 
     </span>
    </p>
   </div>
   <div class='ocr_carea' id='block_1_9' title="bbox 897 1044 1817 1081">
    <p class='ocr_par' dir='ltr' id='par_1_11' title="bbox 897 1044 1817 1081">
     <span class='ocr_line' id='line_1_17' title="bbox 897 1044 1817 1081; baseline 0.001 -9"><span class='ocrx_word' id='word_1_124' title='bbox 897 1048 989 1081; x_wconf 75' lang='lat' dir='ltr'>Supra,</span> <span class='ocrx_word' id='word_1_125' title='bbox 1008 1055 1053 1080; x_wconf 90' lang='lat' dir='ltr'>qu.</span> <span class='ocrx_word' id='word_1_126' title='bbox 1073 1054 1188 1078; x_wconf 73' lang='lat' dir='ltr'>cuxxrv,</span> <span class='ocrx_word' id='word_1_127' title='bbox 1208 1051 1256 1072; x_wconf 79' lang='lat' dir='ltr'>art.</span> <span class='ocrx_word' id='word_1_128' title='bbox 1275 1044 1292 1070; x_wconf 87' lang='lat'><strong>6</strong></span> <span class='ocrx_word' id='word_1_129' title='bbox 1299 1054 1306 1077; x_wconf 85' lang='lat'>;</span> <span class='ocrx_word' id='word_1_130' title='bbox 1327 1046 1369 1072; x_wconf 88' lang='lat' dir='ltr'>De</span> <span class='ocrx_word' id='word_1_131' title='bbox 1388 1046 1461 1080; x_wconf 66' lang='lat' dir='ltr'>Pers.</span> <span class='ocrx_word' id='word_1_132' title='bbox 1485 1046 1561 1073; x_wconf 80' lang='lat' dir='ltr'>Vitae</span> <span class='ocrx_word' id='word_1_133' title='bbox 1580 1046 1664 1080; x_wconf 67' lang='lat' dir='ltr'>Spin,</span> <span class='ocrx_word' id='word_1_134' title='bbox 1684 1055 1741 1081; x_wconf 73' lang='grc' dir='ltr'>αφ.</span> <span class='ocrx_word' id='word_1_135' title='bbox 1759 1054 1817 1073; x_wconf 85' lang='lat' dir='ltr'>xxv.</span> 
     </span>
    </p>
   </div>
   <div class='ocr_carea' id='block_1_10' title="bbox 397 1125 2456 1178">
    <p class='ocr_par' dir='ltr' id='par_1_12' title="bbox 397 1125 2456 1178">
     <span class='ocr_line' id='line_1_18' title="bbox 397 1125 2456 1178; baseline 0 -10"><span class='ocrx_word' id='word_1_136' title='bbox 397 1160 420 1173; x_wconf 53' lang='lat' dir='ltr'><em>s</em></span> <span class='ocrx_word' id='word_1_137' title='bbox 444 1154 449 1166; x_wconf 48' lang='lat' dir='ltr'><strong><em>s</em></strong></span> <span class='ocrx_word' id='word_1_138' title='bbox 475 1142 497 1168; x_wconf 83' lang='lat'>1)</span> <span class='ocrx_word' id='word_1_139' title='bbox 512 1140 693 1167; x_wconf 77' lang='grc' dir='ltr'>εΕΡτιΜυΜ</span> <span class='ocrx_word' id='word_1_140' title='bbox 713 1140 767 1166; x_wconf 78' lang='lat' dir='ltr'>sm</span> <span class='ocrx_word' id='word_1_141' title='bbox 782 1139 1026 1165; x_wconf 78' lang='lat' dir='ltr'>PROCEmTUR.</span> <span class='ocrx_word' id='word_1_142' title='bbox 1041 1127 1205 1164; x_wconf 88' lang='lat' dir='ltr'>Videtur</span> <span class='ocrx_word' id='word_1_143' title='bbox 1224 1126 1330 1176; x_wconf 89' lang='lat' dir='ltr'>quod</span> <span class='ocrx_word' id='word_1_144' title='bbox 1353 1126 1356 1155; x_wconf 69' lang='lat' dir='ltr'>l</span> <span class='ocrx_word' id='word_1_145' title='bbox 1382 1134 1458 1172; x_wconf 86' lang='lat' dir='ltr'>est,</span> <span class='ocrx_word' id='word_1_146' title='bbox 1488 1125 1669 1175; x_wconf 84' lang='lat' dir='ltr'>obligatio</span> <span class='ocrx_word' id='word_1_147' title='bbox 1697 1126 1779 1164; x_wconf 86' lang='lat' dir='ltr'>voti</span> <span class='ocrx_word' id='word_1_148' title='bbox 1807 1127 1982 1176; x_wconf 85' lang='lat' dir='ltr'>perpetui</span> <span class='ocrx_word' id='word_1_149' title='bbox 2017 1127 2229 1178; x_wconf 82' lang='lat' dir='ltr'>praefertur</span> <span class='ocrx_word' id='word_1_150' title='bbox 2261 1128 2367 1167; x_wconf 89' lang='lat' dir='ltr'>omni</span> <span class='ocrx_word' id='word_1_151' title='bbox 2396 1125 2456 1168; x_wconf 82' lang='lat' dir='ltr'>alii</span> 
     </span>
    </p>
   </div>
   <div class='ocr_carea' id='block_1_11' title="bbox 259 1179 1329 1406">
    <p class='ocr_par' dir='ltr' id='par_1_13' title="bbox 259 1179 1329 1394">
     <span class='ocr_line' id='line_1_19' title="bbox 422 1179 1328 1233; baseline -0.005 -11.752"><span class='ocrx_word' id='word_1_152' title='bbox 422 1182 686 1233; x_wconf 87' lang='lat' dir='ltr'>presbyteri</span> <span class='ocrx_word' id='word_1_153' title='bbox 711 1181 829 1219; x_wconf 88' lang='lat' dir='ltr'>curati</span> <span class='ocrx_word' id='word_1_154' title='bbox 856 1193 935 1219; x_wconf 90' lang='lat' dir='ltr'>non</span> <span class='ocrx_word' id='word_1_155' title='bbox 963 1189 1125 1230; x_wconf 87' lang='lat' dir='ltr'>possunt</span> <span class='ocrx_word' id='word_1_156' title='bbox 1153 1179 1252 1217; x_wconf 89' lang='lat' dir='ltr'>licite</span> <span class='ocrx_word' id='word_1_157' title='bbox 1271 1191 1328 1217; x_wconf 92' lang='lat' dir='ltr'>re-</span> 
     </span>
     <span class='ocr_line' id='line_1_20' title="bbox 416 1233 1327 1286; baseline -0.004 -11"><span class='ocrx_word' id='word_1_158' title='bbox 416 1249 418 1251; x_wconf 79' lang='grc'><strong>’</strong></span> <span class='ocrx_word' id='word_1_159' title='bbox 457 1236 654 1286; x_wconf 89' lang='lat' dir='ltr'>ligionem</span> <span class='ocrx_word' id='word_1_160' title='bbox 674 1235 832 1284; x_wconf 87' lang='lat' dir='ltr'>ingredi.</span> <span class='ocrx_word' id='word_1_161' title='bbox 863 1234 963 1272; x_wconf 91' lang='lat' dir='ltr'>Dicit</span> <span class='ocrx_word' id='word_1_162' title='bbox 982 1234 1085 1272; x_wconf 90' lang='lat' dir='ltr'>enirn</span> <span class='ocrx_word' id='word_1_163' title='bbox 1107 1233 1327 1283; x_wconf 88' lang='lat' dir='ltr'>Gregorius,</span> 
     </span>
     <span class='ocr_line' id='line_1_21' title="bbox 452 1287 1329 1338; baseline -0.004 -9.919"><span class='ocrx_word' id='word_1_164' title='bbox 452 1291 514 1328; x_wconf 89' lang='lat' dir='ltr'>in</span> <span class='ocrx_word' id='word_1_165' title='bbox 541 1290 724 1328; x_wconf 87' lang='lat' dir='ltr'>Pastoral.</span> <span class='ocrx_word' id='word_1_166' title='bbox 744 1289 776 1337; x_wconf 85' lang='grc'>*,</span> <span class='ocrx_word' id='word_1_167' title='bbox 807 1289 913 1338; x_wconf 92' lang='lat' dir='ltr'>quod</span> <span class='ocrx_word' id='word_1_168' title='bbox 932 1288 992 1326; x_wconf 92' lang='lat' dir='ltr'>ille</span> <span class='ocrx_word' id='word_1_169' title='bbox 1013 1287 1078 1336; x_wconf 92' lang='lat' dir='ltr'>qui</span> <span class='ocrx_word' id='word_1_170' title='bbox 1099 1299 1230 1326; x_wconf 87' lang='lat' dir='ltr'>curam</span> <span class='ocrx_word' id='word_1_171' title='bbox 1251 1287 1329 1325; x_wconf 91' lang='lat' dir='ltr'>ani-</span> 
     </span>
     <span class='ocr_line' id='line_1_22' title="bbox 259 1341 1327 1406; baseline -0.004 -24"><span class='ocrx_word' id='word_1_172' title='bbox 259 1356 410 1382; x_wconf 88' lang='lat' dir='ltr'>marum</span> <span class='ocrx_word' id='word_1_173' title='bbox 440 1344 606 1406; x_wconf 89' lang='lat' dir='ltr'>suscipit,</span> <span class='ocrx_word' id='word_1_174' title='bbox 630 1343 844 1381; x_wconf 82' lang='lat' dir='ltr'>terribiliter</span> <span class='ocrx_word' id='word_1_175' title='bbox 871 1343 1097 1380; x_wconf 76' lang='lat' dir='ltr'>admonetur</span> <span class='ocrx_word' id='word_1_176' title='bbox 1124 1354 1210 1379; x_wconf 92' lang='lat' dir='ltr'>cum</span> <span class='ocrx_word' id='word_1_177' title='bbox 1239 1341 1327 1379; x_wconf 87' lang='lat' dir='ltr'>dici-</span> 
     </span>
    </p>
   </div>
   <div class='ocr_carea' id='block_1_12' title="bbox 1379 1155 2495 1395">
    <p class='ocr_par' dir='ltr' id='par_1_14' title="bbox 1379 1155 2495 1395">
     <span class='ocr_line' id='line_1_23' title="bbox 1382 1155 2455 1232; baseline 0.006 -16"><span class='ocrx_word' id='word_1_178' title='bbox 1382 1155 1614 1228; x_wconf 86' lang='lat' dir='ltr'>obligationi.</span> <span class='ocrx_word' id='word_1_179' title='bbox 1646 1179 1817 1229; x_wconf 78' lang='lat' dir='ltr'>Obligati</span> <span class='ocrx_word' id='word_1_180' title='bbox 1837 1189 1968 1219; x_wconf 84' lang='lat' dir='ltr'>autem</span> <span class='ocrx_word' id='word_1_181' title='bbox 1988 1189 2084 1219; x_wconf 84' lang='lat' dir='ltr'>voto</span> <span class='ocrx_word' id='word_1_182' title='bbox 2111 1190 2300 1232; x_wconf 88' lang='lat' dir='ltr'>perpetuo</span> <span class='ocrx_word' id='word_1_183' title='bbox 2329 1191 2366 1220; x_wconf 92' lang='lat' dir='ltr'>et</span> <span class='ocrx_word' id='word_1_184' title='bbox 2395 1190 2455 1223; x_wconf 91' lang='lat' dir='ltr'>so-</span> 
     </span>
     <span class='ocr_line' id='line_1_24' title="bbox 1381 1233 2457 1297; baseline 0.006 -27"><span class='ocrx_word' id='word_1_185' title='bbox 1381 1233 1498 1271; x_wconf 88' lang='lat' dir='ltr'>lemni</span> <span class='ocrx_word' id='word_1_186' title='bbox 1527 1234 1575 1272; x_wconf 90' lang='lat' dir='ltr'>ad</span> <span class='ocrx_word' id='word_1_187' title='bbox 1603 1235 1824 1272; x_wconf 86' lang='lat' dir='ltr'>vacandum</span> <span class='ocrx_word' id='word_1_188' title='bbox 1855 1234 1992 1272; x_wconf 89' lang='lat' dir='ltr'>divinis</span> <span class='ocrx_word' id='word_1_189' title='bbox 2021 1234 2234 1285; x_wconf 88' lang='lat' dir='ltr'>obsequiis,</span> <span class='ocrx_word' id='word_1_190' title='bbox 2273 1237 2457 1297; x_wconf 88' lang='lat' dir='ltr'>competit</span> 
     </span>
     <span class='ocr_line' id='line_1_25' title="bbox 1379 1287 2495 1346; baseline 0.004 -22"><span class='ocrx_word' id='word_1_191' title='bbox 1379 1287 1533 1336; x_wconf 89' lang='lat' dir='ltr'>proprie</span> <span class='ocrx_word' id='word_1_192' title='bbox 1555 1287 1743 1337; x_wconf 89' lang='lat' dir='ltr'>episcopis</span> <span class='ocrx_word' id='word_1_193' title='bbox 1764 1296 1800 1325; x_wconf 88' lang='lat' dir='ltr'>et</span> <span class='ocrx_word' id='word_1_194' title='bbox 1819 1288 2001 1337; x_wconf 87' lang='lat' dir='ltr'>religiosis</span> <span class='ocrx_word' id='word_1_195' title='bbox 2019 1287 2050 1326; x_wconf 67' lang='lat'>⁸¹.</span> <span class='ocrx_word' id='word_1_196' title='bbox 2081 1288 2296 1340; x_wconf 88' lang='lat' dir='ltr'>Presbyteri</span> <span class='ocrx_word' id='word_1_197' title='bbox 2324 1298 2454 1346; x_wconf 83' lang='lat' dir='ltr'>autem</span> <span class='ocrx_word' id='word_1_198' title='bbox 2485 1298 2495 1309; x_wconf 89' lang='grc'><em>·</em></span> 
     </span>
     <span class='ocr_line' id='line_1_26' title="bbox 1382 1341 2457 1395; baseline 0.006 -18"><span class='ocrx_word' id='word_1_199' title='bbox 1382 1341 1500 1378; x_wconf 85' lang='lat' dir='ltr'>curati</span> <span class='ocrx_word' id='word_1_200' title='bbox 1529 1349 1566 1378; x_wconf 92' lang='lat' dir='ltr'>et</span> <span class='ocrx_word' id='word_1_201' title='bbox 1594 1341 1852 1380; x_wconf 86' lang='lat' dir='ltr'>archidiaconi</span> <span class='ocrx_word' id='word_1_202' title='bbox 1890 1354 1968 1380; x_wconf 91' lang='lat' dir='ltr'>non</span> <span class='ocrx_word' id='word_1_203' title='bbox 1998 1341 2215 1391; x_wconf 87' lang='lat' dir='ltr'>obligantur</span> <span class='ocrx_word' id='word_1_204' title='bbox 2241 1351 2335 1386; x_wconf 85' lang='lat' dir='ltr'>voto</span> <span class='ocrx_word' id='word_1_205' title='bbox 2370 1356 2457 1395; x_wconf 88' lang='lat' dir='ltr'>per·</span> 
     </span>
    </p>
   </div>
   <div class='ocr_carea' id='block_1_13' title="bbox 259 1395 2455 1451">
    <p class='ocr_par' dir='ltr' id='par_1_15' title="bbox 259 1395 2455 1451">
     <span class='ocr_line' id='line_1_27' title="bbox 259 1395 2455 1451; baseline 0 -16"><span class='ocrx_word' id='word_1_206' title='bbox 259 1405 340 1436; x_wconf 83' lang='lat' dir='ltr'>tur.-</span> <span class='ocrx_word' id='word_1_207' title='bbox 372 1397 449 1434; x_wconf 89' lang='lat' dir='ltr'>Fili</span> <span class='ocrx_word' id='word_1_208' title='bbox 474 1399 544 1444; x_wconf 90' lang='lat' dir='ltr'>mi,</span> <span class='ocrx_word' id='word_1_209' title='bbox 572 1398 606 1435; x_wconf 91' lang='lat' dir='ltr'>si</span> <span class='ocrx_word' id='word_1_210' title='bbox 630 1396 875 1447; x_wconf 88' lang='lat' dir='ltr'>spoponderis</span> <span class='ocrx_word' id='word_1_211' title='bbox 896 1408 972 1445; x_wconf 88' lang='lat' dir='ltr'>pro</span> <span class='ocrx_word' id='word_1_212' title='bbox 1000 1395 1124 1433; x_wconf 90' lang='lat' dir='ltr'>amico</span> <span class='ocrx_word' id='word_1_213' title='bbox 1158 1401 1237 1442; x_wconf 92' lang='lat' dir='ltr'>tuo,</span> <span class='ocrx_word' id='word_1_214' title='bbox 1266 1395 1328 1432; x_wconf 87' lang='lat' dir='ltr'>de·</span> <span class='ocrx_word' id='word_1_215' title='bbox 1353 1406 1356 1451; x_wconf 49' lang='grc' dir='ltr'><strong>ς</strong></span> <span class='ocrx_word' id='word_1_216' title='bbox 1381 1402 1498 1444; x_wconf 91' lang='lat' dir='ltr'>petuo</span> <span class='ocrx_word' id='word_1_217' title='bbox 1528 1402 1565 1431; x_wconf 91' lang='lat' dir='ltr'>et</span> <span class='ocrx_word' id='word_1_218' title='bbox 1592 1395 1757 1432; x_wconf 89' lang='lat' dir='ltr'>solemni</span> <span class='ocrx_word' id='word_1_219' title='bbox 1791 1395 1842 1433; x_wconf 88' lang='lat' dir='ltr'>ad</span> <span class='ocrx_word' id='word_1_220' title='bbox 1877 1407 2010 1433; x_wconf 89' lang='lat' dir='ltr'>curam</span> <span class='ocrx_word' id='word_1_221' title='bbox 2039 1397 2256 1435; x_wconf 81' lang='lat' dir='ltr'>animarum</span> <span class='ocrx_word' id='word_1_222' title='bbox 2293 1398 2455 1437; x_wconf 87' lang='lat' dir='ltr'>retinen-</span> 
     </span>
    </p>
   </div>
   <div class='ocr_carea' id='block_1_14' title="bbox 248 1449 1327 1500">
    <p class='ocr_par' dir='ltr' id='par_1_16' title="bbox 248 1449 1327 1500">
     <span class='ocr_line' id='line_1_28' title="bbox 248 1449 1327 1500; baseline -0.002 -12"><span class='ocrx_word' id='word_1_223' title='bbox 248 1452 376 1500; x_wconf 87' lang='lat' dir='ltr'>fixisti</span> <span class='ocrx_word' id='word_1_224' title='bbox 393 1453 496 1500; x_wconf 85' lang='lat' dir='ltr'>apud</span> <span class='ocrx_word' id='word_1_225' title='bbox 513 1457 739 1489; x_wconf 89' lang='lat' dir='ltr'>extraneum</span> <span class='ocrx_word' id='word_1_226' title='bbox 759 1462 917 1487; x_wconf 91' lang='lat' dir='ltr'>manum</span> <span class='ocrx_word' id='word_1_227' title='bbox 934 1455 951 1471; x_wconf 82' lang='lat'>‘²</span> <span class='ocrx_word' id='word_1_228' title='bbox 971 1454 1088 1489; x_wconf 90' lang='lat' dir='ltr'>tuam.</span> <span class='ocrx_word' id='word_1_229' title='bbox 1114 1449 1164 1486; x_wconf 90' lang='lat' dir='ltr'>Et</span> <span class='ocrx_word' id='word_1_230' title='bbox 1182 1449 1327 1486; x_wconf 87' lang='lat' dir='ltr'>subdit:</span> 
     </span>
    </p>
   </div>
   <div class='ocr_carea' id='block_1_15' title="bbox 1382 1447 2456 1509">
    <p class='ocr_par' dir='ltr' id='par_1_17' title="bbox 1382 1447 2456 1509">
     <span class='ocr_line' id='line_1_29' title="bbox 1382 1447 2456 1509; baseline 0.007 -25"><span class='ocrx_word' id='word_1_231' title='bbox 1382 1447 1485 1495; x_wconf 86' lang='lat' dir='ltr'>darn,</span> <span class='ocrx_word' id='word_1_232' title='bbox 1515 1447 1612 1485; x_wconf 91' lang='lat' dir='ltr'>sicut</span> <span class='ocrx_word' id='word_1_233' title='bbox 1630 1448 1680 1486; x_wconf 91' lang='lat' dir='ltr'>ad</span> <span class='ocrx_word' id='word_1_234' title='bbox 1699 1450 1775 1486; x_wconf 89' lang='lat' dir='ltr'>hoc</span> <span class='ocrx_word' id='word_1_235' title='bbox 1795 1449 2011 1499; x_wconf 88' lang='lat' dir='ltr'>obligantur</span> <span class='ocrx_word' id='word_1_236' title='bbox 2031 1450 2213 1501; x_wconf 89' lang='lat' dir='ltr'>episcopi.</span> <span class='ocrx_word' id='word_1_237' title='bbox 2243 1450 2356 1490; x_wconf 87' lang='lat' dir='ltr'>Unde</span> <span class='ocrx_word' id='word_1_238' title='bbox 2377 1449 2456 1509; x_wconf 74' lang='lat' dir='ltr'>epi-</span> 
     </span>
    </p>
   </div>
   <div class='ocr_carea' id='block_1_16' title="bbox 259 1498 2457 1559">
    <p class='ocr_par' dir='ltr' id='par_1_18' title="bbox 259 1498 2457 1559">
     <span class='ocr_line' id='line_1_30' title="bbox 259 1498 2457 1559; baseline 0 -16"><span class='ocrx_word' id='word_1_239' title='bbox 259 1506 451 1555; x_wconf 85' lang='lat' dir='ltr'>Spondere</span> <span class='ocrx_word' id='word_1_240' title='bbox 470 1517 634 1554; x_wconf 83' lang='lat' dir='ltr'>namque</span> <span class='ocrx_word' id='word_1_241' title='bbox 655 1516 730 1554; x_wconf 90' lang='lat' dir='ltr'>pro</span> <span class='ocrx_word' id='word_1_242' title='bbox 749 1504 873 1542; x_wconf 90' lang='lat' dir='ltr'>amico</span> <span class='ocrx_word' id='word_1_243' title='bbox 893 1509 948 1540; x_wconf 87' lang='lat' dir='ltr'>est</span> <span class='ocrx_word' id='word_1_244' title='bbox 963 1503 1134 1540; x_wconf 88' lang='lat' dir='ltr'>animam</span> <span class='ocrx_word' id='word_1_245' title='bbox 1162 1503 1327 1540; x_wconf 84' lang='lat' dir='ltr'>alienam</span> <span class='ocrx_word' id='word_1_246' title='bbox 1353 1499 1356 1530; x_wconf 78' lang='lat'><strong>¹</strong></span> <span class='ocrx_word' id='word_1_247' title='bbox 1381 1501 1487 1551; x_wconf 90' lang='lat' dir='ltr'>scopi</span> <span class='ocrx_word' id='word_1_248' title='bbox 1509 1502 1773 1554; x_wconf 82' lang='lat' dir='ltr'>praesulatum</span> <span class='ocrx_word' id='word_1_249' title='bbox 1802 1515 1877 1540; x_wconf 87' lang='lat' dir='ltr'>non</span> <span class='ocrx_word' id='word_1_250' title='bbox 1891 1509 2052 1553; x_wconf 84' lang='lat' dir='ltr'>possunt</span> <span class='ocrx_word' id='word_1_251' title='bbox 2077 1504 2250 1542; x_wconf 87' lang='lat' dir='ltr'>deserere</span> <span class='ocrx_word' id='word_1_252' title='bbox 2276 1498 2457 1559; x_wconf 73' lang='lat' dir='ltr'>quac-uni-</span> 
     </span>
    </p>
   </div>
   <div class='ocr_carea' id='block_1_17' title="bbox 260 1555 1355 1608">
    <p class='ocr_par' dir='ltr' id='par_1_19' title="bbox 260 1555 1355 1608">
     <span class='ocr_line' id='line_1_31' title="bbox 260 1555 1355 1608; baseline -0.004 -11"><span class='ocrx_word' id='word_1_253' title='bbox 260 1559 296 1596; x_wconf 87' lang='lat' dir='ltr'>in</span> <span class='ocrx_word' id='word_1_254' title='bbox 320 1559 492 1608; x_wconf 87' lang='lat' dir='ltr'>periculo</span> <span class='ocrx_word' id='word_1_255' title='bbox 520 1570 613 1596; x_wconf 88' lang='lat' dir='ltr'>suae</span> <span class='ocrx_word' id='word_1_256' title='bbox 633 1557 928 1595; x_wconf 84' lang='lat' dir='ltr'>conversationis</span> <span class='ocrx_word' id='word_1_257' title='bbox 948 1557 1130 1607; x_wconf 87' lang='lat' dir='ltr'>accipere.</span> <span class='ocrx_word' id='word_1_258' title='bbox 1162 1555 1239 1594; x_wconf 89' lang='lat' dir='ltr'>Sed</span> <span class='ocrx_word' id='word_1_259' title='bbox 1268 1555 1355 1593; x_wconf 90' lang='lat' dir='ltr'>ille</span> 
     </span>
    </p>
   </div>
   <div class='ocr_carea' id='block_1_18' title="bbox 260 1610 1330 1714">
    <p class='ocr_par' dir='ltr' id='par_1_20' title="bbox 260 1610 1330 1714">
     <span class='ocr_line' id='line_1_32' title="bbox 260 1610 1330 1672; baseline -0.003 -23"><span class='ocrx_word' id='word_1_260' title='bbox 260 1613 325 1661; x_wconf 93' lang='lat' dir='ltr'>qui</span> <span class='ocrx_word' id='word_1_261' title='bbox 345 1612 533 1672; x_wconf 82' lang='lat' dir='ltr'>obligatur</span> <span class='ocrx_word' id='word_1_262' title='bbox 551 1611 698 1649; x_wconf 90' lang='lat' dir='ltr'>homini</span> <span class='ocrx_word' id='word_1_263' title='bbox 726 1624 797 1660; x_wconf 91' lang='lat' dir='ltr'>pro</span> <span class='ocrx_word' id='word_1_264' title='bbox 818 1611 947 1659; x_wconf 87' lang='lat' dir='ltr'>aliquo</span> <span class='ocrx_word' id='word_1_265' title='bbox 967 1610 1108 1657; x_wconf 87' lang='lat' dir='ltr'>debito,</span> <span class='ocrx_word' id='word_1_266' title='bbox 1139 1622 1218 1647; x_wconf 92' lang='lat' dir='ltr'>non</span> <span class='ocrx_word' id='word_1_267' title='bbox 1246 1617 1330 1659; x_wconf 90' lang='lat' dir='ltr'>pot-</span> 
     </span>
     <span class='ocr_line' id='line_1_33' title="bbox 261 1663 1326 1714; baseline -0.003 -11"><span class='ocrx_word' id='word_1_268' title='bbox 261 1674 316 1703; x_wconf 88' lang='lat' dir='ltr'>est</span> <span class='ocrx_word' id='word_1_269' title='bbox 344 1666 483 1702; x_wconf 87' lang='lat' dir='ltr'>intrare</span> <span class='ocrx_word' id='word_1_270' title='bbox 503 1666 726 1714; x_wconf 84' lang='lat' dir='ltr'>religionem</span> <span class='ocrx_word' id='word_1_271' title='bbox 755 1664 825 1701; x_wconf 89' lang='lat' dir='ltr'>nisi</span> <span class='ocrx_word' id='word_1_272' title='bbox 845 1665 970 1702; x_wconf 87' lang='lat' dir='ltr'>solvat</span> <span class='ocrx_word' id='word_1_273' title='bbox 998 1663 1035 1700; x_wconf 93' lang='lat' dir='ltr'>id</span> <span class='ocrx_word' id='word_1_274' title='bbox 1064 1664 1170 1713; x_wconf 89' lang='lat' dir='ltr'>quod</span> <span class='ocrx_word' id='word_1_275' title='bbox 1199 1663 1326 1711; x_wconf 88' lang='lat' dir='ltr'>debet,</span> 
     </span>
    </p>
   </div>
   <div class='ocr_carea' id='block_1_19' title="bbox 93 1716 1355 1820">
    <p class='ocr_par' dir='ltr' id='par_1_21' title="bbox 93 1716 1355 1820">
     <span class='ocr_line' id='line_1_34' title="bbox 93 1716 1328 1767; baseline -0.003 -11"><span class='ocrx_word' id='word_1_276' title='bbox 93 1733 118 1748; x_wconf 77' lang='lat' dir='ltr'>ar</span> <span class='ocrx_word' id='word_1_277' title='bbox 162 1733 230 1753; x_wconf 49' lang='grc' dir='ltr'>,ενι</span> <span class='ocrx_word' id='word_1_278' title='bbox 259 1719 290 1756; x_wconf 92' lang='lat' dir='ltr'>si</span> <span class='ocrx_word' id='word_1_279' title='bbox 310 1718 428 1767; x_wconf 89' lang='lat' dir='ltr'>possit</span> <span class='ocrx_word' id='word_1_280' title='bbox 445 1719 477 1756; x_wconf 75' lang='lat'>²¹².</span> <span class='ocrx_word' id='word_1_281' title='bbox 509 1719 608 1756; x_wconf 90' lang='lat' dir='ltr'>Cum</span> <span class='ocrx_word' id='word_1_282' title='bbox 630 1730 719 1766; x_wconf 92' lang='lat' dir='ltr'>ergo</span> <span class='ocrx_word' id='word_1_283' title='bbox 740 1717 920 1754; x_wconf 90' lang='lat' dir='ltr'>sacerdos</span> <span class='ocrx_word' id='word_1_284' title='bbox 948 1716 1068 1766; x_wconf 89' lang='lat' dir='ltr'>possit</span> <span class='ocrx_word' id='word_1_285' title='bbox 1097 1727 1227 1753; x_wconf 89' lang='lat' dir='ltr'>euram</span> <span class='ocrx_word' id='word_1_286' title='bbox 1249 1716 1328 1753; x_wconf 86' lang='lat' dir='ltr'>ani—</span> 
     </span>
     <span class='ocr_line' id='line_1_35' title="bbox 259 1768 1355 1820; baseline -0.004 -11"><span class='ocrx_word' id='word_1_287' title='bbox 259 1783 411 1809; x_wconf 89' lang='lat' dir='ltr'>marum</span> <span class='ocrx_word' id='word_1_288' title='bbox 441 1783 565 1820; x_wconf 86' lang='lat' dir='ltr'>agere,</span> <span class='ocrx_word' id='word_1_289' title='bbox 595 1771 643 1809; x_wconf 91' lang='lat' dir='ltr'>ad</span> <span class='ocrx_word' id='word_1_290' title='bbox 664 1782 781 1820; x_wconf 89' lang='lat' dir='ltr'>quam</span> <span class='ocrx_word' id='word_1_291' title='bbox 805 1783 845 1808; x_wconf 91' lang='lat' dir='ltr'>se</span> <span class='ocrx_word' id='word_1_292' title='bbox 866 1770 1048 1819; x_wconf 89' lang='lat' dir='ltr'>obligavit</span> <span class='ocrx_word' id='word_1_293' title='bbox 1067 1770 1105 1806; x_wconf 92' lang='lat' dir='ltr'>in</span> <span class='ocrx_word' id='word_1_294' title='bbox 1127 1768 1328 1819; x_wconf 73' lang='lat' dir='ltr'>periculol³</span> <span class='ocrx_word' id='word_1_295' title='bbox 1354 1768 1355 1777; x_wconf 62' lang='lat'>¹</span> 
     </span>
    </p>
   </div>
   <div class='ocr_carea' id='block_1_20' title="bbox 258 1823 1327 1873">
    <p class='ocr_par' dir='ltr' id='par_1_22' title="bbox 258 1823 1327 1873">
     <span class='ocr_line' id='line_1_36' title="bbox 258 1823 1327 1873; baseline -0.003 -10"><span class='ocrx_word' id='word_1_296' title='bbox 258 1826 407 1863; x_wconf 86' lang='lat' dir='ltr'>animae</span> <span class='ocrx_word' id='word_1_297' title='bbox 437 1837 546 1872; x_wconf 89' lang='lat' dir='ltr'>suae,</span> <span class='ocrx_word' id='word_1_298' title='bbox 576 1825 728 1862; x_wconf 90' lang='lat' dir='ltr'>videtur</span> <span class='ocrx_word' id='word_1_299' title='bbox 755 1823 860 1873; x_wconf 93' lang='lat' dir='ltr'>quod</span> <span class='ocrx_word' id='word_1_300' title='bbox 889 1836 968 1861; x_wconf 90' lang='lat' dir='ltr'>non</span> <span class='ocrx_word' id='word_1_301' title='bbox 996 1823 1106 1860; x_wconf 91' lang='lat' dir='ltr'>liceat</span> <span class='ocrx_word' id='word_1_302' title='bbox 1135 1823 1189 1870; x_wconf 88' lang='lat' dir='ltr'>ei,</span> <span class='ocrx_word' id='word_1_303' title='bbox 1218 1835 1327 1873; x_wconf 92' lang='lat' dir='ltr'>prae-</span> 
     </span>
    </p>
   </div>
   <div class='ocr_carea' id='block_1_21' title="bbox 1381 1550 2457 1606">
    <p class='ocr_par' dir='ltr' id='par_1_23' title="bbox 1381 1550 2457 1606">
     <span class='ocr_line' id='line_1_37' title="bbox 1381 1550 2457 1606; baseline 0.006 -15"><span class='ocrx_word' id='word_1_304' title='bbox 1381 1567 1454 1604; x_wconf 88' lang='lat' dir='ltr'>que</span> <span class='ocrx_word' id='word_1_305' title='bbox 1482 1555 1691 1603; x_wconf 85' lang='lat' dir='ltr'>occasione,</span> <span class='ocrx_word' id='word_1_306' title='bbox 1717 1550 1859 1606; x_wconf 81' lang='lat' dir='ltr'>absque</span> <span class='ocrx_word' id='word_1_307' title='bbox 1885 1558 2108 1595; x_wconf 86' lang='lat' dir='ltr'>auctoritate</span> <span class='ocrx_word' id='word_1_308' title='bbox 2134 1559 2307 1597; x_wconf 85' lang='lat' dir='ltr'>Romani</span> <span class='ocrx_word' id='word_1_309' title='bbox 2331 1554 2457 1597; x_wconf 83' lang='lat' dir='ltr'>Ponti·</span> 
     </span>
    </p>
   </div>
   <div class='ocr_carea' id='block_1_22' title="bbox 1353 1607 2457 1670">
    <p class='ocr_par' dir='ltr' id='par_1_24' title="bbox 1353 1607 2457 1670">
     <span class='ocr_line' id='line_1_38' title="bbox 1353 1607 2457 1670; baseline 0.005 -25"><span class='ocrx_word' id='word_1_310' title='bbox 1353 1618 1356 1670; x_wconf 58' lang='grc'>1</span> <span class='ocrx_word' id='word_1_311' title='bbox 1371 1609 1473 1656; x_wconf 89' lang='lat' dir='ltr'>ficis,</span> <span class='ocrx_word' id='word_1_312' title='bbox 1493 1618 1535 1646; x_wconf 92' lang='lat' dir='ltr'>ut</span> <span class='ocrx_word' id='word_1_313' title='bbox 1562 1609 1726 1647; x_wconf 88' lang='lat' dir='ltr'>habetur</span> <span class='ocrx_word' id='word_1_314' title='bbox 1754 1610 1887 1658; x_wconf 86' lang='lat' dir='ltr'>Extra,</span> <span class='ocrx_word' id='word_1_315' title='bbox 1916 1611 1963 1648; x_wconf 88' lang='lat' dir='ltr'>de</span> <span class='ocrx_word' id='word_1_316' title='bbox 1987 1611 2248 1662; x_wconf 83' lang='lat' dir='ltr'>Regularibus</span> <span class='ocrx_word' id='word_1_317' title='bbox 2274 1619 2311 1650; x_wconf 87' lang='lat' dir='ltr'>et</span> <span class='ocrx_word' id='word_1_318' title='bbox 2335 1607 2457 1651; x_wconf 63' lang='lat' dir='ltr'>transf-</span> 
     </span>
    </p>
   </div>
   <div class='ocr_carea' id='block_1_23' title="bbox 1381 1639 2458 1877">
    <p class='ocr_par' dir='ltr' id='par_1_25' title="bbox 1381 1639 2458 1877">
     <span class='ocr_line' id='line_1_39' title="bbox 1381 1639 2456 1714; baseline 0.005 -15"><span class='ocrx_word' id='word_1_319' title='bbox 1381 1663 1517 1700; x_wconf 85' lang='lat' dir='ltr'>euntib.</span> <span class='ocrx_word' id='word_1_320' title='bbox 1540 1663 1594 1700; x_wconf 83' lang='lat' dir='ltr'>ad</span> <span class='ocrx_word' id='word_1_321' title='bbox 1609 1663 1748 1714; x_wconf 71' lang='lat' dir='ltr'>Relig„</span> <span class='ocrx_word' id='word_1_322' title='bbox 1774 1675 1858 1714; x_wconf 87' lang='lat' dir='ltr'>cap.</span> <span class='ocrx_word' id='word_1_323' title='bbox 1877 1639 2012 1702; x_wconf 85' lang='lat' dir='ltr'>Licet..</span> <span class='ocrx_word' id='word_1_324' title='bbox 2041 1663 2299 1703; x_wconf 87' lang='lat' dir='ltr'>archidiaconi</span> <span class='ocrx_word' id='word_1_325' title='bbox 2327 1674 2456 1704; x_wconf 88' lang='lat' dir='ltr'>autem</span> 
     </span>
     <span class='ocr_line' id='line_1_40' title="bbox 1381 1716 2457 1767; baseline 0.005 -15"><span class='ocrx_word' id='word_1_326' title='bbox 1381 1722 1418 1752; x_wconf 93' lang='lat' dir='ltr'>et</span> <span class='ocrx_word' id='word_1_327' title='bbox 1445 1716 1656 1765; x_wconf 89' lang='lat' dir='ltr'>presbyteri</span> <span class='ocrx_word' id='word_1_328' title='bbox 1695 1716 1813 1754; x_wconf 83' lang='lat' dir='ltr'>curati</span> <span class='ocrx_word' id='word_1_329' title='bbox 1841 1726 2004 1767; x_wconf 88' lang='lat' dir='ltr'>possunt</span> <span class='ocrx_word' id='word_1_330' title='bbox 2035 1717 2151 1756; x_wconf 92' lang='lat' dir='ltr'>libere</span> <span class='ocrx_word' id='word_1_331' title='bbox 2187 1716 2457 1757; x_wconf 85' lang='lat' dir='ltr'>abrenuntiare</span> 
     </span>
     <span class='ocr_line' id='line_1_41' title="bbox 1382 1767 2458 1825; baseline 0.006 -20"><span class='ocrx_word' id='word_1_332' title='bbox 1382 1769 1567 1819; x_wconf 90' lang='lat' dir='ltr'>episcopo</span> <span class='ocrx_word' id='word_1_333' title='bbox 1597 1781 1729 1807; x_wconf 89' lang='lat' dir='ltr'>curam</span> <span class='ocrx_word' id='word_1_334' title='bbox 1758 1770 1812 1808; x_wconf 90' lang='lat' dir='ltr'>eis</span> <span class='ocrx_word' id='word_1_335' title='bbox 1839 1771 2101 1819; x_wconf 88' lang='lat' dir='ltr'>commissam,</span> <span class='ocrx_word' id='word_1_336' title='bbox 2114 1773 2274 1825; x_wconf 89' lang='lat' dir='ltr'>absque</span> <span class='ocrx_word' id='word_1_337' title='bbox 2303 1767 2458 1825; x_wconf 83' lang='lat' dir='ltr'>speciali</span> 
     </span>
     <span class='ocr_line' id='line_1_42' title="bbox 1382 1822 2457 1877; baseline 0.005 -18"><span class='ocrx_word' id='word_1_338' title='bbox 1382 1822 1533 1860; x_wconf 88' lang='lat' dir='ltr'>licentia</span> <span class='ocrx_word' id='word_1_339' title='bbox 1553 1823 1694 1872; x_wconf 86' lang='lat' dir='ltr'>Papae,</span> <span class='ocrx_word' id='word_1_340' title='bbox 1716 1823 1782 1872; x_wconf 87' lang='lat' dir='ltr'>qui</span> <span class='ocrx_word' id='word_1_341' title='bbox 1802 1824 1908 1862; x_wconf 91' lang='lat' dir='ltr'>solus</span> <span class='ocrx_word' id='word_1_342' title='bbox 1927 1832 2052 1874; x_wconf 92' lang='lat' dir='ltr'>potest</span> <span class='ocrx_word' id='word_1_343' title='bbox 2080 1822 2119 1863; x_wconf 93' lang='lat' dir='ltr'>in</span> <span class='ocrx_word' id='word_1_344' title='bbox 2137 1825 2239 1863; x_wconf 84' lang='lat' dir='ltr'>votis</span> <span class='ocrx_word' id='word_1_345' title='bbox 2262 1826 2457 1877; x_wconf 85' lang='lat' dir='ltr'>perpetuis</span> 
     </span>
    </p>
   </div>
   <div class='ocr_carea' id='block_1_24' title="bbox 2484 507 2608 529">
    <p class='ocr_par' dir='ltr' id='par_1_26' title="bbox 2484 507 2608 529">
     <span class='ocr_line' id='line_1_43' title="bbox 2484 507 2608 529; baseline 0.016 -2"><span class='ocrx_word' id='word_1_346' title='bbox 2484 507 2495 518; x_wconf 80' lang='lat'>⁸</span> <span class='ocrx_word' id='word_1_347' title='bbox 2509 507 2576 528; x_wconf 73' lang='lat' dir='ltr'>Vera.</span> <span class='ocrx_word' id='word_1_348' title='bbox 2601 522 2608 529; x_wconf 87' lang='lat'>.</span> 
     </span>
    </p>
   </div>
   <div class='ocr_carea' id='block_1_25' title="bbox 257 1877 1358 2301">
    <p class='ocr_par' dir='ltr' id='par_1_27' title="bbox 257 1877 1241 1926">
     <span class='ocr_line' id='line_1_44' title="bbox 257 1877 1241 1926; baseline -0.003 -10"><span class='ocrx_word' id='word_1_349' title='bbox 257 1879 431 1916; x_wconf 90' lang='lat' dir='ltr'>termissa</span> <span class='ocrx_word' id='word_1_350' title='bbox 460 1890 550 1915; x_wconf 92' lang='lat' dir='ltr'>cura</span> <span class='ocrx_word' id='word_1_351' title='bbox 578 1878 807 1924; x_wconf 90' lang='lat' dir='ltr'>animarum,</span> <span class='ocrx_word' id='word_1_352' title='bbox 837 1877 1061 1926; x_wconf 89' lang='lat' dir='ltr'>religionem</span> <span class='ocrx_word' id='word_1_353' title='bbox 1090 1877 1241 1914; x_wconf 89' lang='lat' dir='ltr'>intrare.</span> 
     </span>
    </p>

    <p class='ocr_par' dir='ltr' id='par_1_28' title="bbox 257 1929 1358 2248">
     <span class='ocr_line' id='line_1_45' title="bbox 313 1929 1327 1981; baseline -0.002 -12"><span class='ocrx_word' id='word_1_354' title='bbox 313 1944 347 1969; x_wconf 89' lang='lat'>2.</span> <span class='ocrx_word' id='word_1_355' title='bbox 370 1933 604 1979; x_wconf 78' lang='lat' dir='ltr'>PRAETEREA‚</span> <span class='ocrx_word' id='word_1_356' title='bbox 625 1931 731 1981; x_wconf 91' lang='lat' dir='ltr'>quod</span> <span class='ocrx_word' id='word_1_357' title='bbox 751 1930 817 1968; x_wconf 92' lang='lat' dir='ltr'>uni</span> <span class='ocrx_word' id='word_1_358' title='bbox 832 1931 928 1978; x_wconf 85' lang='lat' dir='ltr'>licet,</span> <span class='ocrx_word' id='word_1_359' title='bbox 945 1930 1027 1980; x_wconf 88' lang='lat' dir='ltr'>pari</span> <span class='ocrx_word' id='word_1_360' title='bbox 1043 1930 1190 1967; x_wconf 90' lang='lat' dir='ltr'>ratione</span> <span class='ocrx_word' id='word_1_361' title='bbox 1206 1929 1327 1967; x_wconf 89' lang='lat' dir='ltr'>omni-</span> 
     </span>
     <span class='ocr_line' id='line_1_46' title="bbox 257 1983 1329 2033; baseline -0.001 -11"><span class='ocrx_word' id='word_1_362' title='bbox 257 1986 330 2022; x_wconf 91' lang='lat' dir='ltr'>bus</span> <span class='ocrx_word' id='word_1_363' title='bbox 359 1985 544 2022; x_wconf 85' lang='lat' dir='ltr'>similibus</span> <span class='ocrx_word' id='word_1_364' title='bbox 573 1984 669 2022; x_wconf 92' lang='lat' dir='ltr'>licet.</span> <span class='ocrx_word' id='word_1_365' title='bbox 701 1985 777 2022; x_wconf 90' lang='lat' dir='ltr'>Sed</span> <span class='ocrx_word' id='word_1_366' title='bbox 808 1985 837 2021; x_wconf 91' lang='lat' dir='ltr'>si</span> <span class='ocrx_word' id='word_1_367' title='bbox 858 1996 994 2021; x_wconf 91' lang='lat' dir='ltr'>omnes</span> <span class='ocrx_word' id='word_1_368' title='bbox 1021 1983 1235 2033; x_wconf 91' lang='lat' dir='ltr'>presbyteri</span> <span class='ocrx_word' id='word_1_369' title='bbox 1263 1984 1329 2021; x_wconf 92' lang='lat' dir='ltr'>ha-</span> 
     </span>
     <span class='ocr_line' id='line_1_47' title="bbox 259 2037 1328 2086; baseline -0.002 -10"><span class='ocrx_word' id='word_1_370' title='bbox 259 2040 391 2076; x_wconf 90' lang='lat' dir='ltr'>bentes</span> <span class='ocrx_word' id='word_1_371' title='bbox 420 2051 551 2076; x_wconf 88' lang='lat' dir='ltr'>curam</span> <span class='ocrx_word' id='word_1_372' title='bbox 572 2038 788 2076; x_wconf 90' lang='lat' dir='ltr'>animarum</span> <span class='ocrx_word' id='word_1_373' title='bbox 818 2037 1039 2086; x_wconf 86' lang='lat' dir='ltr'>religionem</span> <span class='ocrx_word' id='word_1_374' title='bbox 1058 2037 1250 2084; x_wconf 89' lang='lat' dir='ltr'>intrarent,</span> <span class='ocrx_word' id='word_1_375' title='bbox 1271 2049 1328 2074; x_wconf 91' lang='lat' dir='ltr'>re-</span> 
     </span>
     <span class='ocr_line' id='line_1_48' title="bbox 259 2091 1328 2141; baseline -0.002 -11"><span class='ocrx_word' id='word_1_376' title='bbox 259 2099 459 2130; x_wconf 89' lang='lat' dir='ltr'>manerent</span> <span class='ocrx_word' id='word_1_377' title='bbox 494 2092 625 2141; x_wconf 92' lang='lat' dir='ltr'>plebes</span> <span class='ocrx_word' id='word_1_378' title='bbox 661 2092 807 2141; x_wconf 89' lang='lat' dir='ltr'>absque</span> <span class='ocrx_word' id='word_1_379' title='bbox 847 2103 937 2128; x_wconf 91' lang='lat' dir='ltr'>cura</span> <span class='ocrx_word' id='word_1_380' title='bbox 969 2098 1187 2140; x_wconf 87' lang='lat' dir='ltr'>pastorum:</span> <span class='ocrx_word' id='word_1_381' title='bbox 1223 2091 1328 2140; x_wconf 91' lang='lat' dir='ltr'>quod</span> 
     </span>
     <span class='ocr_line' id='line_1_49' title="bbox 260 2116 1358 2194; baseline -0.001 -11"><span class='ocrx_word' id='word_1_382' title='bbox 260 2153 357 2183; x_wconf 90' lang='lat' dir='ltr'>esset</span> <span class='ocrx_word' id='word_1_383' title='bbox 378 2145 666 2183; x_wconf 90' lang='lat' dir='ltr'>inconveniens.</span> <span class='ocrx_word' id='word_1_384' title='bbox 697 2146 799 2194; x_wconf 93' lang='lat' dir='ltr'>Ergo</span> <span class='ocrx_word' id='word_1_385' title='bbox 819 2144 973 2182; x_wconf 88' lang='lat' dir='ltr'>videtur</span> <span class='ocrx_word' id='word_1_386' title='bbox 991 2145 1098 2194; x_wconf 91' lang='lat' dir='ltr'>quod</span> <span class='ocrx_word' id='word_1_387' title='bbox 1116 2144 1328 2194; x_wconf 86' lang='lat' dir='ltr'>presbyteri</span> <span class='ocrx_word' id='word_1_388' title='bbox 1354 2116 1358 2168; x_wconf 67' lang='lat' dir='ltr'>l</span> 
     </span>
     <span class='ocr_line' id='line_1_50' title="bbox 260 2198 1215 2248; baseline -0.001 -12"><span class='ocrx_word' id='word_1_389' title='bbox 260 2198 376 2236; x_wconf 89' lang='lat' dir='ltr'>curati</span> <span class='ocrx_word' id='word_1_390' title='bbox 405 2211 483 2236; x_wconf 91' lang='lat' dir='ltr'>non</span> <span class='ocrx_word' id='word_1_391' title='bbox 511 2198 657 2248; x_wconf 91' lang='lat' dir='ltr'>possint</span> <span class='ocrx_word' id='word_1_392' title='bbox 686 2198 782 2236; x_wconf 90' lang='lat' dir='ltr'>licite</span> <span class='ocrx_word' id='word_1_393' title='bbox 811 2198 1036 2247; x_wconf 88' lang='lat' dir='ltr'>religionem</span> <span class='ocrx_word' id='word_1_394' title='bbox 1065 2198 1215 2235; x_wconf 87' lang='lat' dir='ltr'>intrare.</span> 
     </span>
    </p>

    <p class='ocr_par' dir='ltr' id='par_1_29' title="bbox 314 2251 1328 2301">
     <span class='ocr_line' id='line_1_51' title="bbox 314 2251 1328 2301; baseline -0.002 -11"><span class='ocrx_word' id='word_1_395' title='bbox 314 2254 349 2290; x_wconf 85' lang='lat'>3.</span> <span class='ocrx_word' id='word_1_396' title='bbox 380 2253 624 2298; x_wconf 54' lang='lat' dir='ltr'>Parmensi,</span> <span class='ocrx_word' id='word_1_397' title='bbox 659 2251 757 2289; x_wconf 90' lang='lat' dir='ltr'>inter</span> <span class='ocrx_word' id='word_1_398' title='bbox 784 2259 890 2288; x_wconf 87' lang='lat' dir='ltr'>actus</span> <span class='ocrx_word' id='word_1_399' title='bbox 923 2251 972 2289; x_wconf 85' lang='lat' dir='ltr'>ad</span> <span class='ocrx_word' id='word_1_400' title='bbox 1002 2264 1099 2301; x_wconf 92' lang='lat' dir='ltr'>quos</span> <span class='ocrx_word' id='word_1_401' title='bbox 1128 2251 1328 2300; x_wconf 85' lang='lat' dir='ltr'>religiones</span> 
     </span>
    </p>
   </div>
   <div class='ocr_carea' id='block_1_26' title="bbox 1354 1875 2458 2319">
    <p class='ocr_par' dir='ltr' id='par_1_30' title="bbox 1354 1875 2457 2022">
     <span class='ocr_line' id='line_1_52' title="bbox 1354 1875 2457 1929; baseline 0.005 -16"><span class='ocrx_word' id='word_1_402' title='bbox 1354 1885 1356 1904; x_wconf 77' lang='lat'>¹</span> <span class='ocrx_word' id='word_1_403' title='bbox 1382 1876 1615 1926; x_wconf 86' lang='lat' dir='ltr'>dispensare.</span> <span class='ocrx_word' id='word_1_404' title='bbox 1646 1875 1758 1914; x_wconf 91' lang='lat' dir='ltr'>Unde</span> <span class='ocrx_word' id='word_1_405' title='bbox 1788 1877 2033 1915; x_wconf 86' lang='lat' dir='ltr'>manifestum</span> <span class='ocrx_word' id='word_1_406' title='bbox 2055 1886 2111 1916; x_wconf 90' lang='lat' dir='ltr'>est</span> <span class='ocrx_word' id='word_1_407' title='bbox 2138 1879 2243 1929; x_wconf 91' lang='lat' dir='ltr'>quod</span> <span class='ocrx_word' id='word_1_408' title='bbox 2272 1880 2457 1918; x_wconf 83' lang='lat' dir='ltr'>archidia-</span> 
     </span>
     <span class='ocr_line' id='line_1_53' title="bbox 1383 1930 2457 1982; baseline 0.004 -15"><span class='ocrx_word' id='word_1_409' title='bbox 1383 1930 1489 1967; x_wconf 88' lang='lat' dir='ltr'>conis</span> <span class='ocrx_word' id='word_1_410' title='bbox 1525 1937 1562 1967; x_wconf 90' lang='lat' dir='ltr'>et</span> <span class='ocrx_word' id='word_1_411' title='bbox 1594 1930 1826 1980; x_wconf 84' lang='lat' dir='ltr'>presbyteris</span> <span class='ocrx_word' id='word_1_412' title='bbox 1855 1930 1993 1969; x_wconf 85' lang='lat' dir='ltr'>curatis</span> <span class='ocrx_word' id='word_1_413' title='bbox 2031 1930 2119 1969; x_wconf 91' lang='lat' dir='ltr'>licet</span> <span class='ocrx_word' id='word_1_414' title='bbox 2150 1931 2198 1970; x_wconf 89' lang='lat' dir='ltr'>ad</span> <span class='ocrx_word' id='word_1_415' title='bbox 2227 1932 2457 1982; x_wconf 78' lang='lat' dir='ltr'>religionem</span> 
     </span>
     <span class='ocr_line' id='line_1_54' title="bbox 1382 1983 1555 2022; baseline 0 -1"><span class='ocrx_word' id='word_1_416' title='bbox 1382 1983 1555 2022; x_wconf 87' lang='lat' dir='ltr'>transire.</span> 
     </span>
    </p>

    <p class='ocr_par' dir='ltr' id='par_1_31' title="bbox 1355 2037 2458 2301">
     <span class='ocr_line' id='line_1_55' title="bbox 1435 2037 2458 2091; baseline 0.004 -17"><span class='ocrx_word' id='word_1_417' title='bbox 1435 2039 1495 2075; x_wconf 83' lang='lat' dir='ltr'>An</span> <span class='ocrx_word' id='word_1_418' title='bbox 1524 2048 1663 2075; x_wconf 67' lang='lat' dir='ltr'>ramum</span> <span class='ocrx_word' id='word_1_419' title='bbox 1682 2047 1782 2074; x_wconf 74' lang='grc' dir='ltr'>ειισο</span> <span class='ocrx_word' id='word_1_420' title='bbox 1810 2048 1997 2076; x_wconf 69' lang='lat' dir='ltr'>nter-:unum</span> <span class='ocrx_word' id='word_1_421' title='bbox 2025 2037 2132 2088; x_wconf 92' lang='lat' dir='ltr'>quod</span> <span class='ocrx_word' id='word_1_422' title='bbox 2159 2038 2373 2089; x_wconf 85' lang='lat' dir='ltr'>presbyteri</span> <span class='ocrx_word' id='word_1_423' title='bbox 2393 2048 2458 2091; x_wconf 85' lang='lat' dir='ltr'>cu-</span> 
     </span>
     <span class='ocr_line' id='line_1_56' title="bbox 1382 2088 2456 2140; baseline 0.005 -13"><span class='ocrx_word' id='word_1_424' title='bbox 1382 2090 1450 2128; x_wconf 90' lang='lat' dir='ltr'>rati</span> <span class='ocrx_word' id='word_1_425' title='bbox 1489 2098 1526 2128; x_wconf 89' lang='lat' dir='ltr'>et</span> <span class='ocrx_word' id='word_1_426' title='bbox 1562 2089 1819 2128; x_wconf 81' lang='lat' dir='ltr'>archidiaconi</span> <span class='ocrx_word' id='word_1_427' title='bbox 1855 2089 2124 2140; x_wconf 85' lang='lat' dir='ltr'>obligaverunt</span> <span class='ocrx_word' id='word_1_428' title='bbox 2157 2103 2199 2129; x_wconf 89' lang='lat' dir='ltr'>se</span> <span class='ocrx_word' id='word_1_429' title='bbox 2236 2093 2286 2131; x_wconf 88' lang='lat' dir='ltr'>ad</span> <span class='ocrx_word' id='word_1_430' title='bbox 2324 2088 2456 2132; x_wconf 81' lang='lat' dir='ltr'>curam</span> 
     </span>
     <span class='ocr_line' id='line_1_57' title="bbox 1382 2140 2456 2194; baseline 0.004 -13"><span class='ocrx_word' id='word_1_431' title='bbox 1382 2144 1573 2193; x_wconf 87' lang='lat' dir='ltr'>agendam</span> <span class='ocrx_word' id='word_1_432' title='bbox 1602 2140 1844 2181; x_wconf 86' lang='lat' dir='ltr'>subditorum</span> <span class='ocrx_word' id='word_1_433' title='bbox 1879 2144 2051 2194; x_wconf 90' lang='lat' dir='ltr'>quandiu</span> <span class='ocrx_word' id='word_1_434' title='bbox 2080 2145 2244 2183; x_wconf 90' lang='lat' dir='ltr'>retinent</span> <span class='ocrx_word' id='word_1_435' title='bbox 2270 2145 2456 2186; x_wconf 74' lang='lat' dir='ltr'>archidia-</span> 
     </span>
     <span class='ocr_line' id='line_1_58' title="bbox 1355 2197 2458 2250; baseline 0.004 -16"><span class='ocrx_word' id='word_1_436' title='bbox 1355 2225 1357 2247; x_wconf 73' lang='grc'><strong>,</strong></span> <span class='ocrx_word' id='word_1_437' title='bbox 1383 2205 1566 2235; x_wconf 88' lang='lat' dir='ltr'>conatum</span> <span class='ocrx_word' id='word_1_438' title='bbox 1584 2198 1648 2236; x_wconf 87' lang='lat' dir='ltr'>vel</span> <span class='ocrx_word' id='word_1_439' title='bbox 1667 2197 1904 2247; x_wconf 83' lang='lat' dir='ltr'>parochiam.</span> <span class='ocrx_word' id='word_1_440' title='bbox 1926 2197 2020 2236; x_wconf 91' lang='lat' dir='ltr'>Non</span> <span class='ocrx_word' id='word_1_441' title='bbox 2039 2206 2169 2237; x_wconf 86' lang='lat' dir='ltr'>autern</span> <span class='ocrx_word' id='word_1_442' title='bbox 2189 2198 2458 2250; x_wconf 80' lang='lat' dir='ltr'>obligaverunt</span> 
     </span>
     <span class='ocr_line' id='line_1_59' title="bbox 1355 2249 2457 2319; baseline 0.005 -32"><span class='ocrx_word' id='word_1_443' title='bbox 1355 2259 1357 2275; x_wconf 76' lang='lat'>¹</span> <span class='ocrx_word' id='word_1_444' title='bbox 1383 2263 1423 2288; x_wconf 87' lang='lat' dir='ltr'>se</span> <span class='ocrx_word' id='word_1_445' title='bbox 1457 2251 1505 2288; x_wconf 83' lang='lat' dir='ltr'>ad</span> <span class='ocrx_word' id='word_1_446' title='bbox 1538 2252 1613 2288; x_wconf 87' lang='lat' dir='ltr'>hoc</span> <span class='ocrx_word' id='word_1_447' title='bbox 1651 2250 1756 2300; x_wconf 90' lang='lat' dir='ltr'>quod</span> <span class='ocrx_word' id='word_1_448' title='bbox 1789 2259 1976 2301; x_wconf 88' lang='lat' dir='ltr'>perpetuo</span> <span class='ocrx_word' id='word_1_449' title='bbox 2010 2251 2364 2292; x_wconf 82' lang='lat' dir='ltr'>archidiaconatum</span> <span class='ocrx_word' id='word_1_450' title='bbox 2392 2249 2457 2319; x_wconf 77' lang='lat' dir='ltr'>vei</span> 
     </span>
    </p>
   </div>
   <div class='ocr_carea' id='block_1_27' title="bbox 20 3489 232 3610">
    <p class='ocr_par' dir='ltr' id='par_1_32' title="bbox 21 3489 223 3585">
     <span class='ocr_line' id='line_1_60' title="bbox 78 3489 223 3505; baseline -0.008 0"><span class='ocrx_word' id='word_1_451' title='bbox 78 3490 99 3505; x_wconf 83' lang='lat' dir='ltr'>u.</span> <span class='ocrx_word' id='word_1_452' title='bbox 153 3489 223 3504; x_wconf 76' lang='lat' dir='ltr'>xxxiv</span> 
     </span>
     <span class='ocr_line' id='line_1_61' title="bbox 21 3510 232 3537; baseline -0.005 -6"><span class='ocrx_word' id='word_1_453' title='bbox 21 3514 90 3537; x_wconf 79' lang='lat' dir='ltr'>nn.5,</span> <span class='ocrx_word' id='word_1_454' title='bbox 100 3510 198 3532; x_wconf 83' lang='lat' dir='ltr'>Comme</span> <span class='ocrx_word' id='word_1_455' title='bbox 199 3513 232 3531; x_wconf 88' lang='lat' dir='ltr'>m.</span> 
     </span>
     <span class='ocr_line' id='line_1_62' title="bbox 38 3537 231 3562; baseline -0.006 -4"><span class='ocrx_word' id='word_1_456' title='bbox 38 3543 51 3558; x_wconf 93' lang='lat' dir='ltr'>u</span> <span class='ocrx_word' id='word_1_457' title='bbox 79 3553 84 3557; x_wconf 93' lang='lat'>.</span> <span class='ocrx_word' id='word_1_458' title='bbox 104 3543 124 3562; x_wconf 84' lang='lat'>1;</span> <span class='ocrx_word' id='word_1_459' title='bbox 143 3539 185 3558; x_wconf 78' lang='lat' dir='ltr'>art</span> <span class='ocrx_word' id='word_1_460' title='bbox 205 3537 231 3562; x_wconf 89' lang='grc'>6,</span> 
     </span>
     <span class='ocr_line' id='line_1_63' title="bbox 21 3563 198 3585; baseline -0.006 0"><span class='ocrx_word' id='word_1_461' title='bbox 21 3563 152 3585; x_wconf 70' lang='lat' dir='ltr'>Comment.</span> <span class='ocrx_word' id='word_1_462' title='bbox 168 3568 198 3584; x_wconf 88' lang='lat' dir='ltr'>nu</span> 
     </span>
    </p>

    <p class='ocr_par' dir='ltr' id='par_1_33' title="bbox 20 3596 70 3610">
     <span class='ocr_line' id='line_1_64' title="bbox 20 3596 70 3610; baseline 0 0"><span class='ocrx_word' id='word_1_463' title='bbox 20 3596 34 3610; x_wconf 76' lang='lat' dir='ltr'>V</span> <span class='ocrx_word' id='word_1_464' title='bbox 58 3596 70 3610; x_wconf 81' lang='lat' dir='ltr'>V</span> 
     </span>
    </p>
   </div>
   <div class='ocr_carea' id='block_1_28' title="bbox 259 2304 1329 2673">
    <p class='ocr_par' dir='ltr' id='par_1_34' title="bbox 259 2304 1329 2673">
     <span class='ocr_line' id='line_1_65' title="bbox 260 2304 1329 2354; baseline -0.001 -11"><span class='ocrx_word' id='word_1_465' title='bbox 260 2305 493 2352; x_wconf 86' lang='lat' dir='ltr'>ordinantur,</span> <span class='ocrx_word' id='word_1_466' title='bbox 523 2305 718 2354; x_wconf 90' lang='lat' dir='ltr'>praecipui</span> <span class='ocrx_word' id='word_1_467' title='bbox 738 2312 826 2342; x_wconf 90' lang='lat' dir='ltr'>sunt</span> <span class='ocrx_word' id='word_1_468' title='bbox 843 2305 892 2342; x_wconf 91' lang='lat' dir='ltr'>illi</span> <span class='ocrx_word' id='word_1_469' title='bbox 923 2305 1062 2354; x_wconf 89' lang='lat' dir='ltr'>quibus</span> <span class='ocrx_word' id='word_1_470' title='bbox 1081 2304 1218 2353; x_wconf 89' lang='lat' dir='ltr'>aliquis</span> <span class='ocrx_word' id='word_1_471' title='bbox 1239 2315 1329 2342; x_wconf 92' lang='lat' dir='ltr'>con-</span> 
     </span>
     <span class='ocr_line' id='line_1_66' title="bbox 259 2357 1328 2408; baseline -0.001 -13"><span class='ocrx_word' id='word_1_472' title='bbox 259 2359 441 2408; x_wconf 87' lang='lat' dir='ltr'>templata</span> <span class='ocrx_word' id='word_1_473' title='bbox 478 2357 559 2395; x_wconf 91' lang='lat' dir='ltr'>aliis</span> <span class='ocrx_word' id='word_1_474' title='bbox 595 2357 717 2395; x_wconf 77' lang='lat' dir='ltr'>tr‘adit.</span> <span class='ocrx_word' id='word_1_475' title='bbox 761 2357 996 2395; x_wconf 90' lang='lat' dir='ltr'>Huiusmodi</span> <span class='ocrx_word' id='word_1_476' title='bbox 1029 2365 1157 2395; x_wconf 89' lang='lat' dir='ltr'>autern</span> <span class='ocrx_word' id='word_1_477' title='bbox 1178 2363 1194 2386; x_wconf 73' lang='grc' dir='ltr'><strong>Υ</strong></span> <span class='ocrx_word' id='word_1_478' title='bbox 1223 2365 1328 2394; x_wconf 91' lang='lat' dir='ltr'>actus</span> 
     </span>
     <span class='ocr_line' id='line_1_67' title="bbox 261 2410 1326 2460; baseline -0.001 -12"><span class='ocrx_word' id='word_1_479' title='bbox 261 2418 485 2460; x_wconf 90' lang='lat' dir='ltr'>competunt</span> <span class='ocrx_word' id='word_1_480' title='bbox 521 2411 749 2460; x_wconf 87' lang='lat' dir='ltr'>presbyteris</span> <span class='ocrx_word' id='word_1_481' title='bbox 787 2411 924 2448; x_wconf 91' lang='lat' dir='ltr'>curatis</span> <span class='ocrx_word' id='word_1_482' title='bbox 962 2418 998 2447; x_wconf 90' lang='lat' dir='ltr'>et</span> <span class='ocrx_word' id='word_1_483' title='bbox 1032 2410 1326 2458; x_wconf 87' lang='lat' dir='ltr'>archidiaconis,</span> 
     </span>
     <span class='ocr_line' id='line_1_68' title="bbox 261 2463 1328 2514; baseline 0.001 -13"><span class='ocrx_word' id='word_1_484' title='bbox 261 2464 398 2514; x_wconf 91' lang='lat' dir='ltr'>quibus</span> <span class='ocrx_word' id='word_1_485' title='bbox 428 2476 472 2501; x_wconf 86' lang='lat' dir='ltr'>ex</span> <span class='ocrx_word' id='word_1_486' title='bbox 501 2464 630 2502; x_wconf 87' lang='lat' dir='ltr'>officio</span> <span class='ocrx_word' id='word_1_487' title='bbox 660 2463 842 2513; x_wconf 91' lang='lat' dir='ltr'>competit</span> <span class='ocrx_word' id='word_1_488' title='bbox 867 2463 1088 2514; x_wconf 88' lang='lat' dir='ltr'>praedicare</span> <span class='ocrx_word' id='word_1_489' title='bbox 1118 2471 1154 2501; x_wconf 92' lang='lat' dir='ltr'>et</span> <span class='ocrx_word' id='word_1_490' title='bbox 1182 2463 1328 2502; x_wconf 89' lang='lat' dir='ltr'>confes-</span> 
     </span>
     <span class='ocr_line' id='line_1_69' title="bbox 259 2516 1327 2567; baseline 0 -13"><span class='ocrx_word' id='word_1_491' title='bbox 259 2517 385 2555; x_wconf 90' lang='lat' dir='ltr'>siones</span> <span class='ocrx_word' id='word_1_492' title='bbox 414 2517 558 2555; x_wconf 88' lang='lat' dir='ltr'>audire.</span> <span class='ocrx_word' id='word_1_493' title='bbox 588 2518 691 2566; x_wconf 89' lang='lat' dir='ltr'>Ergo</span> <span class='ocrx_word' id='word_1_494' title='bbox 711 2516 863 2554; x_wconf 88' lang='lat' dir='ltr'>videtur</span> <span class='ocrx_word' id='word_1_495' title='bbox 891 2517 997 2566; x_wconf 93' lang='lat' dir='ltr'>quod</span> <span class='ocrx_word' id='word_1_496' title='bbox 1017 2529 1095 2554; x_wconf 90' lang='lat' dir='ltr'>non</span> <span class='ocrx_word' id='word_1_497' title='bbox 1115 2517 1224 2554; x_wconf 89' lang='lat' dir='ltr'>liceat</span> <span class='ocrx_word' id='word_1_498' title='bbox 1243 2529 1327 2567; x_wconf 88' lang='lat' dir='ltr'>pre-</span> 
     </span>
     <span class='ocr_line' id='line_1_70' title="bbox 259 2570 1328 2620; baseline 0 -12"><span class='ocrx_word' id='word_1_499' title='bbox 259 2572 411 2620; x_wconf 90' lang='lat' dir='ltr'>sbytero</span> <span class='ocrx_word' id='word_1_500' title='bbox 450 2578 580 2608; x_wconf 86' lang='lat' dir='ltr'>curato</span> <span class='ocrx_word' id='word_1_501' title='bbox 608 2571 671 2608; x_wconf 88' lang='lat' dir='ltr'>vel</span> <span class='ocrx_word' id='word_1_502' title='bbox 700 2570 969 2608; x_wconf 87' lang='lat' dir='ltr'>archidiacono</span> <span class='ocrx_word' id='word_1_503' title='bbox 1007 2570 1164 2608; x_wconf 88' lang='lat' dir='ltr'>transire</span> <span class='ocrx_word' id='word_1_504' title='bbox 1194 2570 1242 2608; x_wconf 87' lang='lat' dir='ltr'>ad</span> <span class='ocrx_word' id='word_1_505' title='bbox 1271 2583 1328 2608; x_wconf 91' lang='lat' dir='ltr'>re-</span> 
     </span>
     <span class='ocr_line' id='line_1_71' title="bbox 259 2624 450 2673; baseline 0.005 -12"><span class='ocrx_word' id='word_1_506' title='bbox 259 2624 450 2673; x_wconf 87' lang='lat' dir='ltr'>ligionem.</span> 
     </span>
    </p>
   </div>
   <div class='ocr_carea' id='block_1_29' title="bbox 313 2675 2458 2797">
    <p class='ocr_par' dir='ltr' id='par_1_35' title="bbox 313 2675 2454 2786">
     <span class='ocr_line' id='line_1_72' title="bbox 313 2675 1355 2731; baseline -0.001 -16"><span class='ocrx_word' id='word_1_507' title='bbox 313 2678 388 2715; x_wconf 81' lang='lat' dir='ltr'>SED</span> <span class='ocrx_word' id='word_1_508' title='bbox 417 2688 564 2715; x_wconf 72' lang='lat' dir='ltr'>coum</span> <span class='ocrx_word' id='word_1_509' title='bbox 592 2688 659 2714; x_wconf 82' lang='lat' dir='ltr'>EST</span> <span class='ocrx_word' id='word_1_510' title='bbox 686 2677 791 2726; x_wconf 91' lang='lat' dir='ltr'>quod</span> <span class='ocrx_word' id='word_1_511' title='bbox 820 2676 858 2713; x_wconf 93' lang='lat' dir='ltr'>in</span> <span class='ocrx_word' id='word_1_512' title='bbox 883 2675 1068 2725; x_wconf 87' lang='lat' dir='ltr'>Decretis,</span> <span class='ocrx_word' id='word_1_513' title='bbox 1090 2677 1180 2714; x_wconf 91' lang='lat' dir='ltr'>XIX</span> <span class='ocrx_word' id='word_1_514' title='bbox 1210 2688 1326 2725; x_wconf 67' lang='lat' dir='ltr'>caus,</span> <span class='ocrx_word' id='word_1_515' title='bbox 1353 2696 1355 2731; x_wconf 73' lang='lat'>3</span> 
     </span>
     <span class='ocr_line' id='line_1_73' title="bbox 1352 2731 2458 2797; baseline 0.005 -30"><span class='ocrx_word' id='word_1_516' title='bbox 1352 2769 1355 2797; x_wconf 61' lang='lat'>4</span> <span class='ocrx_word' id='word_1_517' title='bbox 1381 2732 1480 2768; x_wconf 85' lang='lat' dir='ltr'>enim</span> <span class='ocrx_word' id='word_1_518' title='bbox 1509 2732 1642 2778; x_wconf 84' lang='lat' dir='ltr'>modo,</span> <span class='ocrx_word' id='word_1_519' title='bbox 1671 2731 1706 2767; x_wconf 84' lang='lat' dir='ltr'>si</span> <span class='ocrx_word' id='word_1_520' title='bbox 1731 2743 1862 2769; x_wconf 88' lang='lat' dir='ltr'>omnes</span> <span class='ocrx_word' id='word_1_521' title='bbox 1889 2737 2011 2769; x_wconf 88' lang='lat' dir='ltr'>tecum</span> <span class='ocrx_word' id='word_1_522' title='bbox 2036 2733 2147 2780; x_wconf 88' lang='lat' dir='ltr'>fatui</span> <span class='ocrx_word' id='word_1_523' title='bbox 2175 2733 2267 2780; x_wconf 87' lang='lat' dir='ltr'>sint,</span> <span class='ocrx_word' id='word_1_524' title='bbox 2304 2734 2458 2787; x_wconf 79' lang='lat' dir='ltr'>sapiens</span> 
     </span>
    </p>
   </div>
   <div class='ocr_carea' id='block_1_30' title="bbox 256 2730 1355 3004">
    <p class='ocr_par' dir='ltr' id='par_1_36' title="bbox 256 2730 1327 2993">
     <span class='ocr_line' id='line_1_74' title="bbox 260 2730 1326 2780; baseline 0 -13"><span class='ocrx_word' id='word_1_525' title='bbox 260 2742 323 2780; x_wconf 91' lang='lat' dir='ltr'>qu.</span> <span class='ocrx_word' id='word_1_526' title='bbox 345 2742 380 2778; x_wconf 88' lang='lat'>11,</span> <span class='ocrx_word' id='word_1_527' title='bbox 411 2743 493 2780; x_wconf 91' lang='lat' dir='ltr'>cap.</span> <span class='ocrx_word' id='word_1_528' title='bbox 515 2730 628 2768; x_wconf 87' lang='lat' dir='ltr'>Duae</span> <span class='ocrx_word' id='word_1_529' title='bbox 654 2735 743 2767; x_wconf 89' lang='lat' dir='ltr'>sunt</span> <span class='ocrx_word' id='word_1_530' title='bbox 768 2730 881 2780; x_wconf 83' lang='lat' dir='ltr'>leges,</span> <span class='ocrx_word' id='word_1_531' title='bbox 912 2730 1066 2768; x_wconf 87' lang='lat' dir='ltr'>dicitur:</span> <span class='ocrx_word' id='word_1_532' title='bbox 1097 2731 1140 2767; x_wconf 88' lang='lat' dir='ltr'>Si</span> <span class='ocrx_word' id='word_1_533' title='bbox 1155 2731 1237 2779; x_wconf 87' lang='lat' dir='ltr'>quis</span> <span class='ocrx_word' id='word_1_534' title='bbox 1256 2730 1326 2768; x_wconf 89' lang='lat' dir='ltr'>cle-</span> 
     </span>
     <span class='ocr_line' id='line_1_75' title="bbox 259 2783 1327 2833; baseline 0.001 -13"><span class='ocrx_word' id='word_1_535' title='bbox 259 2785 427 2822; x_wconf 88' lang='lat' dir='ltr'>ricorum</span> <span class='ocrx_word' id='word_1_536' title='bbox 451 2785 488 2821; x_wconf 92' lang='lat' dir='ltr'>in</span> <span class='ocrx_word' id='word_1_537' title='bbox 509 2783 664 2822; x_wconf 89' lang='lat' dir='ltr'>ecclesia</span> <span class='ocrx_word' id='word_1_538' title='bbox 683 2795 753 2821; x_wconf 91' lang='lat' dir='ltr'>sua</span> <span class='ocrx_word' id='word_1_539' title='bbox 780 2785 850 2821; x_wconf 85' lang='lat' dir='ltr'>sub</span> <span class='ocrx_word' id='word_1_540' title='bbox 878 2783 1050 2833; x_wconf 89' lang='lat' dir='ltr'>episcopo</span> <span class='ocrx_word' id='word_1_541' title='bbox 1066 2783 1249 2833; x_wconf 85' lang='lat' dir='ltr'>populum</span> <span class='ocrx_word' id='word_1_542' title='bbox 1270 2795 1327 2821; x_wconf 88' lang='lat' dir='ltr'>re-</span> 
     </span>
     <span class='ocr_line' id='line_1_76' title="bbox 259 2837 1326 2887; baseline 0.001 -13"><span class='ocrx_word' id='word_1_543' title='bbox 259 2837 349 2875; x_wconf 89' lang='lat' dir='ltr'>tinet</span> <span class='ocrx_word' id='word_1_544' title='bbox 374 2844 410 2875; x_wconf 89' lang='lat' dir='ltr'>et</span> <span class='ocrx_word' id='word_1_545' title='bbox 435 2837 682 2875; x_wconf 88' lang='lat' dir='ltr'>saeculariter</span> <span class='ocrx_word' id='word_1_546' title='bbox 699 2837 801 2884; x_wconf 83' lang='lat' dir='ltr'>vivit,</span> <span class='ocrx_word' id='word_1_547' title='bbox 821 2837 865 2884; x_wconf 82' lang='lat' dir='ltr'>si,</span> <span class='ocrx_word' id='word_1_548' title='bbox 885 2838 1040 2887; x_wconf 71' lang='lat' dir='ltr'>afflatus</span> <span class='ocrx_word' id='word_1_549' title='bbox 1068 2837 1208 2887; x_wconf 86' lang='lat' dir='ltr'>Spiritu</span> <span class='ocrx_word' id='word_1_550' title='bbox 1232 2838 1326 2875; x_wconf 89' lang='lat' dir='ltr'>San—</span> 
     </span>
     <span class='ocr_line' id='line_1_77' title="bbox 258 2889 1355 2941; baseline 0.001 -13"><span class='ocrx_word' id='word_1_551' title='bbox 258 2897 316 2928; x_wconf 92' lang='lat' dir='ltr'>cto</span> <span class='ocrx_word' id='word_1_552' title='bbox 335 2889 360 2938; x_wconf 80' lang='lat'>⁶,</span> <span class='ocrx_word' id='word_1_553' title='bbox 390 2891 427 2928; x_wconf 92' lang='lat' dir='ltr'>in</span> <span class='ocrx_word' id='word_1_554' title='bbox 457 2891 584 2939; x_wconf 83' lang='lat' dir='ltr'>aliquo</span> <span class='ocrx_word' id='word_1_555' title='bbox 608 2891 836 2928; x_wconf 88' lang='lat' dir='ltr'>monasterio</span> <span class='ocrx_word' id='word_1_556' title='bbox 865 2890 925 2927; x_wconf 80' lang='lat' dir='ltr'>vel</span> <span class='ocrx_word' id='word_1_557' title='bbox 952 2891 1126 2941; x_wconf 83' lang='lat' dir='ltr'>regulari</span> <span class='ocrx_word' id='word_1_558' title='bbox 1142 2891 1355 2929; x_wconf 87' lang='lat' dir='ltr'>canonica</span> 
     </span>
     <span class='ocr_line' id='line_1_78' title="bbox 256 2943 1326 3004; baseline 0.001 -23"><span class='ocrx_word' id='word_1_559' title='bbox 256 2944 402 2981; x_wconf 81' lang='lat' dir='ltr'>salvari</span> <span class='ocrx_word' id='word_1_560' title='bbox 427 2956 466 2981; x_wconf 88' lang='lat' dir='ltr'>se</span> <span class='ocrx_word' id='word_1_561' title='bbox 494 2944 668 2991; x_wconf 87' lang='lat' dir='ltr'>voluerit,</span> <span class='ocrx_word' id='word_1_562' title='bbox 697 2944 810 2982; x_wconf 88' lang='lat' dir='ltr'>etiam</span> <span class='ocrx_word' id='word_1_563' title='bbox 842 2943 1014 3004; x_wconf 81' lang='lat' dir='ltr'>episcopo</span> <span class='ocrx_word' id='word_1_564' title='bbox 1042 2956 1110 2982; x_wconf 90' lang='lat' dir='ltr'>suo</span> <span class='ocrx_word' id='word_1_565' title='bbox 1139 2945 1326 2982; x_wconf 86' lang='lat' dir='ltr'>contradi-</span> 
     </span>
    </p>
   </div>
   <div class='ocr_carea' id='block_1_31' title="bbox 21 2996 1017 3059">
    <p class='ocr_par' dir='ltr' id='par_1_37' title="bbox 21 2996 1017 3059">
     <span class='ocr_line' id='line_1_79' title="bbox 21 2996 1017 3059; baseline 0.001 -26.027"><span class='ocrx_word' id='word_1_566' title='bbox 21 3013 97 3033; x_wconf 69' lang='grc' dir='ltr'>·.Αη</span> <span class='ocrx_word' id='word_1_567' title='bbox 117 3018 151 3059; x_wconf 71' lang='grc' dir='ltr'>3νι</span> <span class='ocrx_word' id='word_1_568' title='bbox 157 3012 186 3033; x_wconf 88' lang='lat' dir='ltr'>d</span> <span class='ocrx_word' id='word_1_569' title='bbox 204 3019 227 3040; x_wconf 93' lang='grc'>3-</span> <span class='ocrx_word' id='word_1_570' title='bbox 258 3003 373 3044; x_wconf 88' lang='lat' dir='ltr'>cente,</span> <span class='ocrx_word' id='word_1_571' title='bbox 403 3003 465 3035; x_wconf 90' lang='lat' dir='ltr'>eat</span> <span class='ocrx_word' id='word_1_572' title='bbox 490 2996 596 3044; x_wconf 89' lang='lat' dir='ltr'>liber,</span> <span class='ocrx_word' id='word_1_573' title='bbox 627 3003 755 3035; x_wconf 87' lang='lat' dir='ltr'>nostra</span> <span class='ocrx_word' id='word_1_574' title='bbox 783 2997 1017 3034; x_wconf 88' lang='lat' dir='ltr'>auctoritate.</span> 
     </span>
    </p>
   </div>
   <div class='ocr_carea' id='block_1_32' title="bbox 18 3044 177 3066">
    <p class='ocr_par' dir='ltr' id='par_1_38' title="bbox 18 3044 177 3066">
     <span class='ocr_line' id='line_1_80' title="bbox 18 3044 177 3066; baseline -0.013 0"><span class='ocrx_word' id='word_1_575' title='bbox 18 3045 56 3066; x_wconf 74' lang='lat' dir='ltr'>qu</span> <span class='ocrx_word' id='word_1_576' title='bbox 67 3044 128 3060; x_wconf 57' lang='lat'>¹³¹¹</span> <span class='ocrx_word' id='word_1_577' title='bbox 162 3044 177 3064; x_wconf 65' lang='lat'>¹,</span> 
     </span>
    </p>
   </div>
   <div class='ocr_carea' id='block_1_33' title="bbox 312 3049 1354 3102">
    <p class='ocr_par' dir='ltr' id='par_1_39' title="bbox 312 3049 1354 3102">
     <span class='ocr_line' id='line_1_81' title="bbox 312 3049 1354 3102; baseline 0 -14"><span class='ocrx_word' id='word_1_578' title='bbox 312 3052 538 3088; x_wconf 63' lang='lat' dir='ltr'>Respoumzo</span> <span class='ocrx_word' id='word_1_579' title='bbox 553 3062 740 3088; x_wconf 72' lang='lat' dir='ltr'>met-:Nouia</span> <span class='ocrx_word' id='word_1_580' title='bbox 760 3050 878 3100; x_wconf 89' lang='lat' dir='ltr'>quod,</span> <span class='ocrx_word' id='word_1_581' title='bbox 899 3050 996 3088; x_wconf 91' lang='lat' dir='ltr'>sicut</span> <span class='ocrx_word' id='word_1_582' title='bbox 1015 3049 1160 3100; x_wconf 79' lang='lat' dir='ltr'>supra*</span> <span class='ocrx_word' id='word_1_583' title='bbox 1182 3050 1354 3102; x_wconf 89' lang='lat' dir='ltr'>dictum</span> 
     </span>
    </p>
   </div>
   <div class='ocr_carea' id='block_1_34' title="bbox 310 3182 1026 3286">
    <p class='ocr_par' dir='ltr' id='par_1_40' title="bbox 310 3182 1026 3286">
     <span class='ocr_line' id='line_1_82' title="bbox 311 3182 711 3214; baseline 0.003 -8"><span class='ocrx_word' id='word_1_584' title='bbox 311 3183 338 3214; x_wconf 86' lang='grc' dir='ltr'>α)</span> <span class='ocrx_word' id='word_1_585' title='bbox 358 3189 476 3208; x_wconf 74' lang='lat' dir='ltr'>manum.</span> <span class='ocrx_word' id='word_1_586' title='bbox 487 3195 507 3201; x_wconf 92' lang='lat'>-</span> <span class='ocrx_word' id='word_1_587' title='bbox 523 3182 644 3208; x_wconf 68' lang='lat' dir='ltr'>animm</span> <span class='ocrx_word' id='word_1_588' title='bbox 664 3182 711 3208; x_wconf 82' lang='lat' dir='ltr'>Pa.</span> 
     </span>
     <span class='ocr_line' id='line_1_83' title="bbox 311 3215 744 3250; baseline 0.002 -8"><span class='ocrx_word' id='word_1_589' title='bbox 311 3215 336 3250; x_wconf 87' lang='grc' dir='ltr'>β)</span> <span class='ocrx_word' id='word_1_590' title='bbox 353 3217 482 3250; x_wconf 81' lang='lat' dir='ltr'>periculo.</span> <span class='ocrx_word' id='word_1_591' title='bbox 494 3231 513 3237; x_wconf 93' lang='lat'>-</span> <span class='ocrx_word' id='word_1_592' title='bbox 527 3217 679 3250; x_wconf 83' lang='lat' dir='ltr'>periculum</span> <span class='ocrx_word' id='word_1_593' title='bbox 698 3218 744 3243; x_wconf 78' lang='lat' dir='ltr'>Pa.</span> 
     </span>
     <span class='ocr_line' id='line_1_84' title="bbox 310 3253 1026 3286; baseline 0.001 -8"><span class='ocrx_word' id='word_1_594' title='bbox 310 3254 337 3286; x_wconf 79' lang='grc' dir='ltr'>γ)</span> <span class='ocrx_word' id='word_1_595' title='bbox 357 3257 485 3279; x_wconf 77' lang='lat' dir='ltr'>auten.—</span> <span class='ocrx_word' id='word_1_596' title='bbox 503 3253 565 3279; x_wconf 82' lang='lat' dir='ltr'>Om.</span> <span class='ocrx_word' id='word_1_597' title='bbox 584 3253 714 3286; x_wconf 77' lang='lat' dir='ltr'>ABFLpC</span> <span class='ocrx_word' id='word_1_598' title='bbox 732 3258 758 3278; x_wconf 79' lang='lat' dir='ltr'>ez</span> <span class='ocrx_word' id='word_1_599' title='bbox 774 3260 808 3284; x_wconf 76' lang='lat' dir='ltr'>a;</span> <span class='ocrx_word' id='word_1_600' title='bbox 826 3256 903 3279; x_wconf 70' lang='lat' dir='ltr'>actus</span> <span class='ocrx_word' id='word_1_601' title='bbox 921 3261 976 3279; x_wconf 88' lang='lat' dir='ltr'>om.</span> <span class='ocrx_word' id='word_1_602' title='bbox 993 3254 1026 3280; x_wconf 89' lang='lat' dir='ltr'>D.</span> 
     </span>
    </p>
   </div>
   <div class='ocr_carea' id='block_1_35' title="bbox 1354 1458 1357 2766">
    <p class='ocr_par' dir='ltr' id='par_1_41' title="bbox 1354 1458 1357 2766">
     <span class='ocr_line' id='line_1_85' title="bbox 1354 1458 1357 2766; baseline 0 0"><span class='ocrx_word' id='word_1_603' title='bbox 1354 1458 1357 2766; x_wconf 95' lang='lat' dir='ltr'> </span> 
     </span>
    </p>
   </div>
   <div class='ocr_carea' id='block_1_36' title="bbox 1353 2836 2062 2889">
    <p class='ocr_par' dir='ltr' id='par_1_42' title="bbox 1353 2836 2062 2889">
     <span class='ocr_line' id='line_1_86' title="bbox 1353 2836 2062 2889; baseline 0.001 -14"><span class='ocrx_word' id='word_1_604' title='bbox 1353 2856 1354 2889; x_wconf 40' lang='lat' dir='ltr'>i</span> <span class='ocrx_word' id='word_1_605' title='bbox 1380 2838 1527 2875; x_wconf 87' lang='lat' dir='ltr'>banda:</span> <span class='ocrx_word' id='word_1_606' title='bbox 1555 2838 1591 2875; x_wconf 84' lang='lat' dir='ltr'>si</span> <span class='ocrx_word' id='word_1_607' title='bbox 1615 2837 1715 2875; x_wconf 83' lang='lat' dir='ltr'>enim</span> <span class='ocrx_word' id='word_1_608' title='bbox 1735 2836 1905 2888; x_wconf 76' lang='lat' dir='ltr'>virgines</span> <span class='ocrx_word' id='word_1_609' title='bbox 1930 2850 2062 2876; x_wconf 91' lang='lat' dir='ltr'>omnes</span> 
     </span>
    </p>
   </div>
   <div class='ocr_carea' id='block_1_37' title="bbox 1379 2304 2495 2727">
    <p class='ocr_par' dir='ltr' id='par_1_43' title="bbox 1381 2304 1802 2353">
     <span class='ocr_line' id='line_1_87' title="bbox 1381 2304 1802 2353; baseline -0.002 -12"><span class='ocrx_word' id='word_1_610' title='bbox 1381 2304 1604 2353; x_wconf 85' lang='lat' dir='ltr'>parochiam</span> <span class='ocrx_word' id='word_1_611' title='bbox 1635 2310 1802 2342; x_wconf 85' lang='lat' dir='ltr'>teneant.</span> 
     </span>
    </p>

    <p class='ocr_par' dir='ltr' id='par_1_44' title="bbox 1379 2358 2495 2727">
     <span class='ocr_line' id='line_1_88' title="bbox 1434 2358 2456 2410; baseline 0.005 -16"><span class='ocrx_word' id='word_1_612' title='bbox 1434 2358 1495 2394; x_wconf 80' lang='lat' dir='ltr'>An</span> <span class='ocrx_word' id='word_1_613' title='bbox 1515 2369 1707 2395; x_wconf 68' lang='lat' dir='ltr'>secunaum</span> <span class='ocrx_word' id='word_1_614' title='bbox 1725 2368 1913 2395; x_wconf 76' lang='lat' dir='ltr'>mCENDUM</span> <span class='ocrx_word' id='word_1_615' title='bbox 1933 2358 2052 2407; x_wconf 87' lang='lat' dir='ltr'>quod,</span> <span class='ocrx_word' id='word_1_616' title='bbox 2075 2358 2173 2396; x_wconf 90' lang='lat' dir='ltr'>sicut</span> <span class='ocrx_word' id='word_1_617' title='bbox 2191 2358 2456 2410; x_wconf 80' lang='lat' dir='ltr'>Hieronymus</span> 
     </span>
     <span class='ocr_line' id='line_1_89' title="bbox 1383 2410 2495 2464; baseline 0.004 -17"><span class='ocrx_word' id='word_1_618' title='bbox 1383 2410 1482 2456; x_wconf 91' lang='lat' dir='ltr'>dicit,</span> <span class='ocrx_word' id='word_1_619' title='bbox 1503 2416 1636 2448; x_wconf 90' lang='lat' dir='ltr'>contra</span> <span class='ocrx_word' id='word_1_620' title='bbox 1663 2410 1967 2461; x_wconf 75' lang='lat' dir='ltr'>Vigilantiam.</span> <span class='ocrx_word' id='word_1_621' title='bbox 1927 2410 1967 2432; x_wconf 74' lang='lat'>¹⁸·</span> <span class='ocrx_word' id='word_1_622' title='bbox 2001 2411 2184 2454; x_wconf 79' lang='lat' dir='ltr'>Quamvis</span> <span class='ocrx_word' id='word_1_623' title='bbox 2202 2424 2227 2450; x_wconf 93' lang='lat' dir='ltr'>a</span> <span class='ocrx_word' id='word_1_624' title='bbox 2246 2419 2281 2450; x_wconf 90' lang='lat' dir='ltr'>te</span> <span class='ocrx_word' id='word_1_625' title='bbox 2299 2411 2458 2464; x_wconf 75' lang='lat' dir='ltr'>linguae</span> <span class='ocrx_word' id='word_1_626' title='bbox 2484 2425 2495 2436; x_wconf 90' lang='lat'><strong>·</strong></span> 
     </span>
     <span class='ocr_line' id='line_1_90' title="bbox 1380 2463 2456 2514; baseline 0.005 -14"><span class='ocrx_word' id='word_1_627' title='bbox 1380 2465 1556 2513; x_wconf 82' lang='lat' dir='ltr'>vipereae</span> <span class='ocrx_word' id='word_1_628' title='bbox 1576 2475 1725 2501; x_wconf 88' lang='lat' dir='ltr'>morsus</span> <span class='ocrx_word' id='word_1_629' title='bbox 1742 2463 1982 2501; x_wconf 81' lang='lat' dir='ltr'>saem‘ssimos</span> <span class='ocrx_word' id='word_1_630' title='bbox 2003 2465 2213 2514; x_wconf 86' lang='lat' dir='ltr'>patiantur,</span> <span class='ocrx_word' id='word_1_631' title='bbox 2239 2465 2380 2505; x_wconf 88' lang='lat' dir='ltr'>scilicet</span> <span class='ocrx_word' id='word_1_632' title='bbox 2397 2479 2456 2505; x_wconf 80' lang='lat' dir='ltr'>re-</span> 
     </span>
     <span class='ocr_line' id='line_1_91' title="bbox 1381 2511 2456 2568; baseline 0.004 -14"><span class='ocrx_word' id='word_1_633' title='bbox 1381 2517 1524 2566; x_wconf 87' lang='lat' dir='ltr'>ligiosi,</span> <span class='ocrx_word' id='word_1_634' title='bbox 1553 2511 1687 2567; x_wconf 81' lang='lat' dir='ltr'>quibus</span> <span class='ocrx_word' id='word_1_635' title='bbox 1714 2517 2017 2568; x_wconf 80' lang='lat' dir='ltr'>argumentaris,</span> <span class='ocrx_word' id='word_1_636' title='bbox 2046 2523 2083 2555; x_wconf 93' lang='lat' dir='ltr'>et</span> <span class='ocrx_word' id='word_1_637' title='bbox 2107 2518 2220 2557; x_wconf 85' lang='lat' dir='ltr'>dicis:</span> <span class='ocrx_word' id='word_1_638' title='bbox 2256 2519 2300 2556; x_wconf 88' lang='lat' dir='ltr'>Si</span> <span class='ocrx_word' id='word_1_639' title='bbox 2325 2530 2456 2558; x_wconf 86' lang='lat' dir='ltr'>omnes</span> 
     </span>
     <span class='ocr_line' id='line_1_92' title="bbox 1379 2569 2458 2623; baseline 0.004 -15"><span class='ocrx_word' id='word_1_640' title='bbox 1379 2583 1419 2608; x_wconf 89' lang='lat' dir='ltr'>se</span> <span class='ocrx_word' id='word_1_641' title='bbox 1437 2570 1644 2608; x_wconf 86' lang='lat' dir='ltr'>clauserint</span> <span class='ocrx_word' id='word_1_642' title='bbox 1659 2575 1696 2608; x_wconf 88' lang='lat' dir='ltr'>et</span> <span class='ocrx_word' id='word_1_643' title='bbox 1698 2571 1854 2620; x_wconf 77' lang='lat' dir='ltr'>fuerunt</span> <span class='ocrx_word' id='word_1_644' title='bbox 1869 2570 1907 2608; x_wconf 88' lang='lat' dir='ltr'>in</span> <span class='ocrx_word' id='word_1_645' title='bbox 1921 2569 2131 2619; x_wconf 83' lang='lat' dir='ltr'>solitudine,</span> <span class='ocrx_word' id='word_1_646' title='bbox 2147 2573 2231 2623; x_wconf 84' lang='lat' dir='ltr'>quis</span> <span class='ocrx_word' id='word_1_647' title='bbox 2253 2571 2458 2613; x_wconf 73' lang='lat' dir='ltr'>celebrabit</span> 
     </span>
     <span class='ocr_line' id='line_1_93' title="bbox 1380 2623 2456 2679; baseline 0.005 -18"><span class='ocrx_word' id='word_1_648' title='bbox 1380 2623 1586 2662; x_wconf 80' lang='lat' dir='ltr'>ecclesias?</span> <span class='ocrx_word' id='word_1_649' title='bbox 1631 2624 1722 2667; x_wconf 88' lang='lat' dir='ltr'>Quis</span> <span class='ocrx_word' id='word_1_650' title='bbox 1757 2623 1973 2662; x_wconf 87' lang='lat' dir='ltr'>saeculares</span> <span class='ocrx_word' id='word_1_651' title='bbox 2007 2625 2178 2664; x_wconf 85' lang='lat' dir='ltr'>homines</span> <span class='ocrx_word' id='word_1_652' title='bbox 2214 2623 2456 2679; x_wconf 70' lang='lat' dir='ltr'>lucrifaciet?</span> 
     </span>
     <span class='ocr_line' id='line_1_94' title="bbox 1385 2676 2455 2727; baseline 0.005 -13"><span class='ocrx_word' id='word_1_653' title='bbox 1385 2678 1476 2720; x_wconf 89' lang='lat' dir='ltr'>Quis</span> <span class='ocrx_word' id='word_1_654' title='bbox 1492 2683 1693 2727; x_wconf 86' lang='lat' dir='ltr'>peccantes</span> <span class='ocrx_word' id='word_1_655' title='bbox 1710 2678 1763 2715; x_wconf 86' lang='lat' dir='ltr'>ad</span> <span class='ocrx_word' id='word_1_656' title='bbox 1779 2678 1934 2716; x_wconf 75' lang='lat' dir='ltr'>virtutes</span> <span class='ocrx_word' id='word_1_657' title='bbox 1954 2679 2096 2727; x_wconf 84' lang='lat' dir='ltr'>poterit</span> <span class='ocrx_word' id='word_1_658' title='bbox 2111 2678 2342 2717; x_wconf 77' lang='lat' dir='ltr'>exhortari?</span> <span class='ocrx_word' id='word_1_659' title='bbox 2358 2676 2455 2721; x_wconf 77' lang='lat' dir='ltr'>Hoc</span> 
     </span>
    </p>
   </div>
   <div class='ocr_carea' id='block_1_38' title="bbox 1353 2783 2464 3101">
    <p class='ocr_par' dir='ltr' id='par_1_45' title="bbox 1353 2783 2464 3101">
     <span class='ocr_line' id='line_1_95' title="bbox 1353 2783 2453 2837; baseline 0.003 -15.078"><span class='ocrx_word' id='word_1_660' title='bbox 1353 2795 1460 2822; x_wconf 85' lang='lat' dir='ltr'>esse</span> <span class='ocrx_word' id='word_1_661' title='bbox 1486 2785 1570 2834; x_wconf 84' lang='lat' dir='ltr'>quis</span> <span class='ocrx_word' id='word_1_662' title='bbox 1591 2783 1759 2834; x_wconf 80' lang='lat' dir='ltr'>poterit?</span> <span class='ocrx_word' id='word_1_663' title='bbox 1793 2785 1845 2822; x_wconf 91' lang='lat' dir='ltr'>Et</span> <span class='ocrx_word' id='word_1_664' title='bbox 1876 2784 2079 2836; x_wconf 80' lang='lat' dir='ltr'>virginitas</span> <span class='ocrx_word' id='word_1_665' title='bbox 2109 2796 2185 2823; x_wconf 87' lang='lat' dir='ltr'>non</span> <span class='ocrx_word' id='word_1_666' title='bbox 2218 2786 2291 2824; x_wconf 88' lang='lat' dir='ltr'>erit</span> <span class='ocrx_word' id='word_1_667' title='bbox 2315 2794 2453 2837; x_wconf 84' lang='lat' dir='ltr'>appro-</span> 
     </span>
     <span class='ocr_line' id='line_1_96' title="bbox 2077 2838 2454 2890; baseline 0.008 -15"><span class='ocrx_word' id='word_1_668' title='bbox 2077 2838 2232 2888; x_wconf 86' lang='lat' dir='ltr'>fuerint</span> <span class='ocrx_word' id='word_1_669' title='bbox 2248 2845 2287 2877; x_wconf 90' lang='lat' dir='ltr'>et</span> <span class='ocrx_word' id='word_1_670' title='bbox 2301 2840 2454 2890; x_wconf 81' lang='lat' dir='ltr'>nuptiae</span> 
     </span>
     <span class='ocr_line' id='line_1_97' title="bbox 1381 2890 2455 2942; baseline 0.003 -14"><span class='ocrx_word' id='word_1_671' title='bbox 1381 2903 1454 2929; x_wconf 85' lang='lat' dir='ltr'>non</span> <span class='ocrx_word' id='word_1_672' title='bbox 1485 2897 1598 2928; x_wconf 87' lang='lat' dir='ltr'>erunt</span> <span class='ocrx_word' id='word_1_673' title='bbox 1611 2896 1638 2938; x_wconf 84' lang='lat'>⁸,</span> <span class='ocrx_word' id='word_1_674' title='bbox 1668 2890 1832 2929; x_wconf 83' lang='lat' dir='ltr'>interibit</span> <span class='ocrx_word' id='word_1_675' title='bbox 1855 2902 1979 2942; x_wconf 83' lang='lat' dir='ltr'>genus</span> <span class='ocrx_word' id='word_1_676' title='bbox 2005 2891 2228 2931; x_wconf 87' lang='lat' dir='ltr'>humanum.</span> <span class='ocrx_word' id='word_1_677' title='bbox 2261 2893 2373 2931; x_wconf 85' lang='lat' dir='ltr'>Rara</span> <span class='ocrx_word' id='word_1_678' title='bbox 2399 2898 2455 2931; x_wconf 86' lang='lat' dir='ltr'>est</span> 
     </span>
     <span class='ocr_line' id='line_1_98' title="bbox 1353 2943 2464 3006; baseline 0.003 -23.072"><span class='ocrx_word' id='word_1_679' title='bbox 1353 2945 1510 3005; x_wconf 75' lang='lat' dir='ltr'>virtus,</span> <span class='ocrx_word' id='word_1_680' title='bbox 1540 2956 1610 2982; x_wconf 87' lang='lat' dir='ltr'>nec</span> <span class='ocrx_word' id='word_1_681' title='bbox 1635 2956 1659 2983; x_wconf 89' lang='lat' dir='ltr'>a</span> <span class='ocrx_word' id='word_1_682' title='bbox 1682 2945 1857 2994; x_wconf 85' lang='lat' dir='ltr'>pluribus</span> <span class='ocrx_word' id='word_1_683' title='bbox 1875 2945 2073 2995; x_wconf 84' lang='lat' dir='ltr'>appetitur.</span> <span class='ocrx_word' id='word_1_684' title='bbox 2103 2943 2213 2984; x_wconf 90' lang='lat' dir='ltr'>Patet</span> <span class='ocrx_word' id='word_1_685' title='bbox 2233 2957 2327 3006; x_wconf 73' lang='lat' dir='ltr'>ergo</span> <span class='ocrx_word' id='word_1_686' title='bbox 2343 2946 2464 2997; x_wconf 87' lang='lat' dir='ltr'>quod·</span> 
     </span>
     <span class='ocr_line' id='line_1_99' title="bbox 1353 2987 2452 3048; baseline 0.002 -13.048"><span class='ocrx_word' id='word_1_687' title='bbox 1353 2987 1439 3036; x_wconf 89' lang='lat' dir='ltr'>hic</span> <span class='ocrx_word' id='word_1_688' title='bbox 1467 2997 1581 3035; x_wconf 89' lang='lat' dir='ltr'>timor</span> <span class='ocrx_word' id='word_1_689' title='bbox 1604 2998 1738 3035; x_wconf 90' lang='lat' dir='ltr'>stultus</span> <span class='ocrx_word' id='word_1_690' title='bbox 1759 3006 1830 3035; x_wconf 84' lang='lat' dir='ltr'>est:</span> <span class='ocrx_word' id='word_1_691' title='bbox 1859 3006 1963 3048; x_wconf 85' lang='lat' dir='ltr'>puta,</span> <span class='ocrx_word' id='word_1_692' title='bbox 1984 2998 2080 3036; x_wconf 90' lang='lat' dir='ltr'>sicut</span> <span class='ocrx_word' id='word_1_693' title='bbox 2099 2997 2130 3035; x_wconf 88' lang='lat' dir='ltr'>si</span> <span class='ocrx_word' id='word_1_694' title='bbox 2149 2998 2284 3047; x_wconf 87' lang='lat' dir='ltr'>aliquis</span> <span class='ocrx_word' id='word_1_695' title='bbox 2303 2998 2452 3038; x_wconf 88' lang='lat' dir='ltr'>timeret</span> 
     </span>
     <span class='ocr_line' id='line_1_100' title="bbox 1379 3049 2221 3101; baseline 0.001 -13"><span class='ocrx_word' id='word_1_696' title='bbox 1379 3051 1531 3089; x_wconf 89' lang='lat' dir='ltr'>haurire</span> <span class='ocrx_word' id='word_1_697' title='bbox 1560 3062 1714 3101; x_wconf 89' lang='lat' dir='ltr'>aquarn,</span> <span class='ocrx_word' id='word_1_698' title='bbox 1745 3063 1792 3089; x_wconf 91' lang='lat' dir='ltr'>ne</span> <span class='ocrx_word' id='word_1_699' title='bbox 1820 3051 1969 3089; x_wconf 85' lang='lat' dir='ltr'>flumen</span> <span class='ocrx_word' id='word_1_700' title='bbox 1998 3049 2221 3090; x_wconf 72' lang='lat' dir='ltr'>deficeret‘.</span> 
     </span>
    </p>
   </div>
   <div class='ocr_carea' id='block_1_39' title="bbox 1431 3181 2450 3218">
    <p class='ocr_par' dir='ltr' id='par_1_46' title="bbox 1431 3181 2450 3218">
     <span class='ocr_line' id='line_1_101' title="bbox 1431 3181 2450 3218; baseline 0.004 -11"><span class='ocrx_word' id='word_1_701' title='bbox 1431 3182 1456 3216; x_wconf 78' lang='grc' dir='ltr'>δ)</span> <span class='ocrx_word' id='word_1_702' title='bbox 1475 3183 1582 3218; x_wconf 69' lang='lat' dir='ltr'>afflatus</span> <span class='ocrx_word' id='word_1_703' title='bbox 1599 3183 1706 3216; x_wconf 71' lang='lat' dir='ltr'>Spiritu</span> <span class='ocrx_word' id='word_1_704' title='bbox 1726 3183 1836 3210; x_wconf 68' lang='lat' dir='ltr'>samm.</span> <span class='ocrx_word' id='word_1_705' title='bbox 1847 3196 1867 3204; x_wconf 91' lang='lat'>·-</span> <span class='ocrx_word' id='word_1_706' title='bbox 1994 3181 2115 3215; x_wconf 60' lang='lat' dir='ltr'>spiritus</span> <span class='ocrx_word' id='word_1_707' title='bbox 2127 3181 2222 3208; x_wconf 83' lang='lat' dir='ltr'>Sancti</span> <span class='ocrx_word' id='word_1_708' title='bbox 2233 3183 2272 3208; x_wconf 85' lang='lat' dir='ltr'>Pa</span> <span class='ocrx_word' id='word_1_709' title='bbox 2277 3191 2287 3213; x_wconf 91' lang='grc'>,·</span> <span class='ocrx_word' id='word_1_710' title='bbox 2305 3191 2354 3218; x_wconf 82' lang='lat' dir='ltr'>pro</span> <span class='ocrx_word' id='word_1_711' title='bbox 2369 3191 2450 3211; x_wconf 72' lang='lat' dir='ltr'>cann-</span> 
     </span>
    </p>
   </div>
   <div class='ocr_carea' id='block_1_40' title="bbox 1351 3218 1854 3252">
    <p class='ocr_par' dir='ltr' id='par_1_47' title="bbox 1351 3218 1854 3252">
     <span class='ocr_line' id='line_1_102' title="bbox 1351 3218 1854 3252; baseline 0.002 -9"><span class='ocrx_word' id='word_1_712' title='bbox 1351 3249 1352 3252; x_wconf 60' lang='lat'>,</span> <span class='ocrx_word' id='word_1_713' title='bbox 1379 3218 1448 3249; x_wconf 81' lang='lat' dir='ltr'>ntea,</span> <span class='ocrx_word' id='word_1_714' title='bbox 1467 3218 1584 3244; x_wconf 78' lang='lat' dir='ltr'>canonia</span> <span class='ocrx_word' id='word_1_715' title='bbox 1602 3218 1621 3247; x_wconf 83' lang='grc' dir='ltr'>ῐ,</span> <span class='ocrx_word' id='word_1_716' title='bbox 1640 3219 1801 3244; x_wconf 77' lang='lat' dir='ltr'>canonicatu</span> <span class='ocrx_word' id='word_1_717' title='bbox 1818 3218 1854 3244; x_wconf 71' lang='lat' dir='ltr'>H.</span> 
     </span>
    </p>
   </div>
   <div class='ocr_carea' id='block_1_41' title="bbox 1432 3254 2450 3324">
    <p class='ocr_par' dir='ltr' id='par_1_48' title="bbox 1432 3254 2442 3324">
     <span class='ocr_line' id='line_1_103' title="bbox 1432 3254 1784 3288; baseline 0 -8"><span class='ocrx_word' id='word_1_718' title='bbox 1432 3255 1455 3286; x_wconf 81' lang='grc' dir='ltr'>ι)</span> <span class='ocrx_word' id='word_1_719' title='bbox 1475 3257 1595 3280; x_wconf 75' lang='lat' dir='ltr'>mnt.-</span> <span class='ocrx_word' id='word_1_720' title='bbox 1606 3254 1715 3288; x_wconf 74' lang='lat' dir='ltr'>suerint</span> <span class='ocrx_word' id='word_1_721' title='bbox 1732 3254 1784 3280; x_wconf 82' lang='lat' dir='ltr'>PL.</span> 
     </span>
     <span class='ocr_line' id='line_1_104' title="bbox 1433 3288 2450 3324; baseline 0.001 -9"><span class='ocrx_word' id='word_1_722' title='bbox 1433 3289 1459 3323; x_wconf 85' lang='grc' dir='ltr'>ζ)</span> <span class='ocrx_word' id='word_1_723' title='bbox 1479 3290 1612 3324; x_wconf 64' lang='lat' dir='ltr'>deficeret.</span> <span class='ocrx_word' id='word_1_724' title='bbox 1625 3303 1643 3309; x_wconf 94' lang='lat'><em>—</em></span> <span class='ocrx_word' id='word_1_725' title='bbox 1661 3290 1751 3324; x_wconf 71' lang='lat' dir='ltr'>Margo</span> <span class='ocrx_word' id='word_1_726' title='bbox 1770 3290 1794 3315; x_wconf 78' lang='grc' dir='ltr'>Α</span> <span class='ocrx_word' id='word_1_727' title='bbox 1811 3293 1899 3314; x_wconf 77' lang='lat' dir='ltr'>nom:</span> <span class='ocrx_word' id='word_1_728' title='bbox 1917 3288 1971 3314; x_wconf 72' lang='grc' dir='ltr'>Ηίσ</span> <span class='ocrx_word' id='word_1_729' title='bbox 1983 3288 2059 3314; x_wconf 72' lang='lat' dir='ltr'>deest</span> <span class='ocrx_word' id='word_1_730' title='bbox 2075 3288 2174 3315; x_wconf 74' lang='lat' dir='ltr'>solutio</span> <span class='ocrx_word' id='word_1_731' title='bbox 2193 3289 2268 3315; x_wconf 78' lang='lat' dir='ltr'>tertii</span> <span class='ocrx_word' id='word_1_732' title='bbox 2284 3290 2450 3324; x_wconf 66' lang='lat' dir='ltr'>argumenti.</span> 
     </span>
    </p>
   </div>
   <div class='ocr_carea' id='block_1_42' title="bbox 934 3368 1770 3403">
    <p class='ocr_par' dir='ltr' id='par_1_49' title="bbox 934 3368 1770 3403">
     <span class='ocr_line' id='line_1_105' title="bbox 934 3368 1770 3403; baseline -0.001 -1"><span class='ocrx_word' id='word_1_733' title='bbox 934 3369 1269 3402; x_wconf 59' lang='lat' dir='ltr'>Commenta-ia</span> <span class='ocrx_word' id='word_1_734' title='bbox 1290 3368 1545 3403; x_wconf 72' lang='lat' dir='ltr'>cardinalis</span> <span class='ocrx_word' id='word_1_735' title='bbox 1566 3368 1770 3403; x_wconf 60' lang='lat' dir='ltr'>Caietam</span> 
     </span>
    </p>
   </div>
   <div class='ocr_carea' id='block_1_43' title="bbox 265 3447 1329 3533">
    <p class='ocr_par' dir='ltr' id='par_1_50' title="bbox 265 3447 1329 3533">
     <span class='ocr_line' id='line_1_106' title="bbox 265 3447 1329 3520; baseline 0.003 -43"><span class='ocrx_word' id='word_1_736' title='bbox 265 3458 311 3520; x_wconf 71' lang='lat' dir='ltr'>In</span> <span class='ocrx_word' id='word_1_737' title='bbox 336 3447 468 3478; x_wconf 83' lang='lat' dir='ltr'>articulo</span> <span class='ocrx_word' id='word_1_738' title='bbox 488 3448 636 3488; x_wconf 89' lang='lat' dir='ltr'>septimo,</span> <span class='ocrx_word' id='word_1_739' title='bbox 652 3449 778 3479; x_wconf 87' lang='lat' dir='ltr'>adverte</span> <span class='ocrx_word' id='word_1_740' title='bbox 795 3449 885 3489; x_wconf 91' lang='lat' dir='ltr'>quod</span> <span class='ocrx_word' id='word_1_741' title='bbox 901 3450 1076 3489; x_wconf 89' lang='lat' dir='ltr'>quomodo</span> <span class='ocrx_word' id='word_1_742' title='bbox 1092 3449 1234 3489; x_wconf 85' lang='lat' dir='ltr'>episcopi</span> <span class='ocrx_word' id='word_1_743' title='bbox 1250 3449 1329 3480; x_wconf 81' lang='lat' dir='ltr'>obli-</span> 
     </span>
     <span class='ocr_line' id='line_1_107' title="bbox 291 3492 1328 3533; baseline 0.003 -12"><span class='ocrx_word' id='word_1_744' title='bbox 291 3499 404 3531; x_wconf 83' lang='lat' dir='ltr'>gentur</span> <span class='ocrx_word' id='word_1_745' title='bbox 427 3498 504 3522; x_wconf 90' lang='lat' dir='ltr'>voto</span> <span class='ocrx_word' id='word_1_746' title='bbox 533 3500 703 3532; x_wconf 85' lang='lat' dir='ltr'>perpetuo,</span> <span class='ocrx_word' id='word_1_747' title='bbox 729 3492 907 3533; x_wconf 84' lang='lat' dir='ltr'>superius*</span> <span class='ocrx_word' id='word_1_748' title='bbox 935 3493 1129 3523; x_wconf 84' lang='lat' dir='ltr'>declaratum</span> <span class='ocrx_word' id='word_1_749' title='bbox 1153 3500 1208 3524; x_wconf 83' lang='lat' dir='ltr'>est.</span> <span class='ocrx_word' id='word_1_750' title='bbox 1238 3493 1328 3530; x_wconf 89' lang='lat' dir='ltr'>Quo-</span> 
     </span>
    </p>
   </div>
   <div class='ocr_carea' id='block_1_44' title="bbox 1381 3446 2448 3533">
    <p class='ocr_par' dir='ltr' id='par_1_51' title="bbox 1381 3446 2448 3533">
     <span class='ocr_line' id='line_1_108' title="bbox 1381 3446 2448 3488; baseline 0 -8"><span class='ocrx_word' id='word_1_751' title='bbox 1381 3449 1531 3484; x_wconf 81' lang='lat' dir='ltr'>univoce,</span> <span class='ocrx_word' id='word_1_752' title='bbox 1543 3449 1626 3480; x_wconf 75' lang='lat' dir='ltr'>sicut</span> <span class='ocrx_word' id='word_1_753' title='bbox 1646 3454 1761 3479; x_wconf 85' lang='lat' dir='ltr'>votum</span> <span class='ocrx_word' id='word_1_754' title='bbox 1783 3446 1944 3488; x_wconf 83' lang='lat' dir='ltr'>religionis</span> <span class='ocrx_word' id='word_1_755' title='bbox 1969 3455 1999 3480; x_wconf 87' lang='lat' dir='ltr'>et</span> <span class='ocrx_word' id='word_1_756' title='bbox 2021 3448 2101 3481; x_wconf 72' lang='lat' dir='ltr'>sacri</span> <span class='ocrx_word' id='word_1_757' title='bbox 2123 3448 2243 3480; x_wconf 78' lang='lat' dir='ltr'>ordinis</span> <span class='ocrx_word' id='word_1_758' title='bbox 2259 3449 2374 3481; x_wconf 81' lang='lat' dir='ltr'>dicitur</span> <span class='ocrx_word' id='word_1_759' title='bbox 2396 3459 2448 3481; x_wconf 76' lang='lat' dir='ltr'>so-</span> 
     </span>
     <span class='ocr_line' id='line_1_109' title="bbox 1381 3491 2448 3533; baseline 0.001 -10"><span class='ocrx_word' id='word_1_760' title='bbox 1381 3492 1496 3529; x_wconf 83' lang='lat' dir='ltr'>lemne,</span> <span class='ocrx_word' id='word_1_761' title='bbox 1523 3499 1559 3523; x_wconf 90' lang='lat' dir='ltr'>ut</span> <span class='ocrx_word' id='word_1_762' title='bbox 1581 3498 1666 3533; x_wconf 81' lang='lat' dir='ltr'>patet</span> <span class='ocrx_word' id='word_1_763' title='bbox 1689 3491 1721 3522; x_wconf 91' lang='lat' dir='ltr'>in</span> <span class='ocrx_word' id='word_1_764' title='bbox 1746 3501 1813 3532; x_wconf 80' lang='lat' dir='ltr'>cap.</span> <span class='ocrx_word' id='word_1_765' title='bbox 1849 3491 1944 3529; x_wconf 83' lang='lat' dir='ltr'>Quod</span> <span class='ocrx_word' id='word_1_766' title='bbox 1967 3497 2089 3530; x_wconf 81' lang='lat' dir='ltr'>votum,</span> <span class='ocrx_word' id='word_1_767' title='bbox 2114 3491 2147 3523; x_wconf 87' lang='lat' dir='ltr'>in</span> <span class='ocrx_word' id='word_1_768' title='bbox 2171 3492 2281 3529; x_wconf 85' lang='lat' dir='ltr'>Sexto,</span> <span class='ocrx_word' id='word_1_769' title='bbox 2304 3491 2345 3524; x_wconf 80' lang='lat' dir='ltr'>de</span> <span class='ocrx_word' id='word_1_770' title='bbox 2373 3492 2448 3525; x_wconf 88' lang='lat' dir='ltr'>Voto</span> 
     </span>
    </p>
   </div>
   <div class='ocr_carea' id='block_1_45' title="bbox 261 3535 2448 3583">
    <p class='ocr_par' dir='ltr' id='par_1_52' title="bbox 261 3535 2448 3583">
     <span class='ocr_line' id='line_1_110' title="bbox 261 3535 2448 3583; baseline 0.001 -18"><span class='ocrx_word' id='word_1_771' title='bbox 261 3536 360 3566; x_wconf 90' lang='lat' dir='ltr'>modo</span> <span class='ocrx_word' id='word_1_772' title='bbox 377 3542 483 3566; x_wconf 82' lang='lat' dir='ltr'>autern</span> <span class='ocrx_word' id='word_1_773' title='bbox 501 3536 646 3572; x_wconf 86' lang='lat' dir='ltr'>solemni,</span> <span class='ocrx_word' id='word_1_774' title='bbox 664 3544 698 3566; x_wconf 90' lang='lat' dir='ltr'>ut</span> <span class='ocrx_word' id='word_1_775' title='bbox 715 3536 764 3567; x_wconf 87' lang='lat' dir='ltr'>hic</span> <span class='ocrx_word' id='word_1_776' title='bbox 780 3537 904 3573; x_wconf 85' lang='lat' dir='ltr'>dicitur,</span> <span class='ocrx_word' id='word_1_777' title='bbox 926 3537 1099 3567; x_wconf 83' lang='lat' dir='ltr'>declaratur</span> <span class='ocrx_word' id='word_1_778' title='bbox 1118 3545 1219 3567; x_wconf 90' lang='lat' dir='ltr'>nunc:</span> <span class='ocrx_word' id='word_1_779' title='bbox 1239 3537 1328 3583; x_wconf 85' lang='lat' dir='ltr'>quod</span> <span class='ocrx_word' id='word_1_780' title='bbox 1382 3542 1413 3567; x_wconf 87' lang='lat' dir='ltr'>et</span> <span class='ocrx_word' id='word_1_781' title='bbox 1440 3536 1510 3567; x_wconf 88' lang='lat' dir='ltr'>Voti</span> <span class='ocrx_word' id='word_1_782' title='bbox 1531 3536 1706 3576; x_wconf 63' lang='lat' dir='ltr'>redempt„</span> <span class='ocrx_word' id='word_1_783' title='bbox 1701 3543 1708 3550; x_wconf 93' lang='lat'><em>·</em></span> <span class='ocrx_word' id='word_1_784' title='bbox 1731 3535 1811 3566; x_wconf 86' lang='lat' dir='ltr'>sicut</span> <span class='ocrx_word' id='word_1_785' title='bbox 1827 3535 1890 3567; x_wconf 87' lang='lat' dir='ltr'>lato</span> <span class='ocrx_word' id='word_1_786' title='bbox 1907 3536 2064 3567; x_wconf 83' lang='lat' dir='ltr'>vocabulo</span> <span class='ocrx_word' id='word_1_787' title='bbox 2085 3536 2178 3568; x_wconf 84' lang='lat' dir='ltr'>habet</span> <span class='ocrx_word' id='word_1_788' title='bbox 2196 3544 2309 3568; x_wconf 87' lang='lat' dir='ltr'>votum</span> <span class='ocrx_word' id='word_1_789' title='bbox 2325 3537 2448 3578; x_wconf 89' lang='lat' dir='ltr'>episco-</span> 
     </span>
    </p>
   </div>
   <div class='ocr_carea' id='block_1_46' title="bbox 2507 2424 2621 2453">
    <p class='ocr_par' dir='ltr' id='par_1_53' title="bbox 2507 2424 2621 2453">
     <span class='ocr_line' id='line_1_111' title="bbox 2507 2424 2621 2453; baseline 0 -6"><span class='ocrx_word' id='word_1_790' title='bbox 2507 2424 2578 2448; x_wconf 72' lang='grc' dir='ltr'>Νιιι.</span> <span class='ocrx_word' id='word_1_791' title='bbox 2592 2430 2621 2453; x_wconf 70' lang='lat'>¹5-</span> 
     </span>
    </p>
   </div>
   <div class='ocr_carea' id='block_1_47' title="bbox 227 3538 2687 3624">
    <p class='ocr_par' dir='ltr' id='par_1_54' title="bbox 260 3538 2687 3624">
     <span class='ocr_line' id='line_1_112' title="bbox 2475 3538 2687 3594; baseline 0.006 -33.2"><span class='ocrx_word' id='word_1_792' title='bbox 2475 3538 2556 3594; x_wconf 52' lang='grc' dir='ltr'>,ηοω</span> <span class='ocrx_word' id='word_1_793' title='bbox 2555 3543 2687 3588; x_wconf 69' lang='lat' dir='ltr'>cmv.</span> 
     </span>
     <span class='ocr_line' id='line_1_113' title="bbox 227 3558 2570 3624; baseline 0.002 -14.057"><span class='ocrx_word' id='word_1_794' title='bbox 227 3579 325 3611; x_wconf 87' lang='lat' dir='ltr'>lato</span> <span class='ocrx_word' id='word_1_795' title='bbox 348 3579 506 3611; x_wconf 85' lang='lat' dir='ltr'>vocabulo</span> <span class='ocrx_word' id='word_1_796' title='bbox 523 3579 637 3610; x_wconf 87' lang='lat' dir='ltr'>dicitur</span> <span class='ocrx_word' id='word_1_797' title='bbox 653 3580 879 3620; x_wconf 87' lang='lat' dir='ltr'>episcoporum</span> <span class='ocrx_word' id='word_1_798' title='bbox 899 3587 1017 3612; x_wconf 85' lang='lat' dir='ltr'>votum</span> <span class='ocrx_word' id='word_1_799' title='bbox 1038 3580 1191 3618; x_wconf 86' lang='lat' dir='ltr'>solemne,</span> <span class='ocrx_word' id='word_1_800' title='bbox 1209 3587 1240 3611; x_wconf 87' lang='lat' dir='ltr'>et</span> <span class='ocrx_word' id='word_1_801' title='bbox 1261 3590 1329 3611; x_wconf 89' lang='lat' dir='ltr'>non</span> <span class='ocrx_word' id='word_1_802' title='bbox 1383 3589 1453 3620; x_wconf 86' lang='lat' dir='ltr'>pus,</span> <span class='ocrx_word' id='word_1_803' title='bbox 1478 3587 1514 3610; x_wconf 90' lang='lat' dir='ltr'>ut</span> <span class='ocrx_word' id='word_1_804' title='bbox 1537 3579 1624 3620; x_wconf 87' lang='lat' dir='ltr'>prius</span> <span class='ocrx_word' id='word_1_805' title='bbox 1639 3579 1656 3599; x_wconf 65' lang='lat'>¹*</span> <span class='ocrx_word' id='word_1_806' title='bbox 1680 3558 1802 3611; x_wconf 79' lang='lat' dir='ltr'>d’ictum</span> <span class='ocrx_word' id='word_1_807' title='bbox 1826 3579 1894 3612; x_wconf 85' lang='lat' dir='ltr'>fuit.</span> <span class='ocrx_word' id='word_1_808' title='bbox 1919 3580 2022 3612; x_wconf 86' lang='lat' dir='ltr'>Cuius</span> <span class='ocrx_word' id='word_1_809' title='bbox 2046 3580 2174 3623; x_wconf 75' lang='lat' dir='ltr'>signum</span> <span class='ocrx_word' id='word_1_810' title='bbox 2198 3588 2244 3613; x_wconf 81' lang='lat' dir='ltr'>est</span> <span class='ocrx_word' id='word_1_811' title='bbox 2267 3581 2356 3624; x_wconf 83' lang='lat' dir='ltr'>quod</span> <span class='ocrx_word' id='word_1_812' title='bbox 2379 3580 2448 3612; x_wconf 76' lang='lat' dir='ltr'>sola</span> <span class='ocrx_word' id='word_1_813' title='bbox 2475 3597 2506 3613; x_wconf 82' lang='lat' dir='ltr'>nu</span> <span class='ocrx_word' id='word_1_814' title='bbox 2491 3570 2544 3614; x_wconf 53' lang='grc' dir='ltr'>υἱέ]</span> <span class='ocrx_word' id='word_1_815' title='bbox 2554 3597 2570 3614; x_wconf 88' lang='grc' dir='ltr'>ι.</span> 
     </span>
    </p>
   </div>
  </div>
 </body>
</html>
