2768 4198
31 1918 143 1950 ’hom

34 2880 44 2892 ⁸
57 2879 124 2908 Βοαρ-
140 2879 170 2902 od
182 2885 199 2902 ι.

886 282 1155 329 QUAESTIO
1187 282 1434 329 CLXXXIV,
1464 284 1762 321 ARTICULUS
1791 284 1877 320 VIII

334 363 373 400 Si
401 375 497 400 vero
535 362 732 410 religiosus
769 361 882 398 etiam
913 361 1045 398 ordine
1082 369 1226 407 careat,
1257 361 1353 397 sicut

278 423 382 464 patet
402 417 450 453 de
470 415 665 452 conversis
695 414 932 462 religionum,
954 414 1007 451 sic
1031 414 1276 451 manifestum
1297 422 1353 450 est

280 470 464 506 excellere
483 467 827 517 praeeminentiam
849 467 994 504 ordinis
1013 476 1199 515 quantum
1221 469 1269 504 ad
1299 467 1352 504 di-

279 522 482 569 gnitatem:
522 521 611 570 quia
639 533 709 569 per
735 533 886 558 sacrum
917 521 1094 557 ordinem
1123 521 1258 568 aliquis
1288 521 1352 557 de-

277 582 434 623 putatur
451 576 500 612 ad
521 574 740 621 dignissima
759 573 979 620 ministerIa,
1000 574 1139 622 quibus
1158 574 1228 622 ipsi
1244 574 1352 610 Chri-

278 635 336 664 sto
366 628 531 665 servitur
558 628 596 664 in
625 634 868 664 sacramento
897 628 1048 673 Altaris,
1079 627 1127 663 ad
1157 627 1262 675 quod
1297 639 1353 663 re-

278 680 439 729 quiritur
473 680 598 717 maior
634 681 812 717 sanctitas
849 680 1005 717 interior
1033 692 1151 728 quam
1187 679 1352 727 requirat

278 733 391 770 etiam
423 733 612 781 religionis
641 741 779 780 status;
808 734 910 783 quia,
937 734 1032 770 sicut
1060 733 1269 781 Dionysius
1299 732 1353 769 di·
1378 739 1380 771 Ξ

277 787 337 833 cit,
358 799 394 824 vl
416 799 499 836 cap.
518 787 663 824 Eccles.
683 788 810 833 IIier„
839 787 1069 824 monasticus
1083 792 1095 809 ‘
1123 787 1218 824 ordo
1247 787 1354 823 debet

274 841 383 888 sequi
407 841 659 878 sacerdotales
687 842 848 887 ordines,
878 847 914 878 et
939 842 991 878 ad
1017 852 1149 877 eorum
1179 840 1352 876 imitatio-

277 906 363 931 nem
392 895 430 931 in
458 895 588 931 divina
616 895 831 932 ascendere.
871 894 982 932 Unde
1012 894 1166 942 gravius
1204 901 1350 942 peccat,

277 947 410 985 ceteris
437 948 606 997 paribus,
637 948 796 985 clericus
825 948 862 985 in
893 948 1007 985 sacris
1037 947 1234 984 ordinibus
1264 959 1352 984 con-

276 1001 436 1047 stitutus,
455 1001 485 1038 si
505 1001 646 1050 aliquid
668 1002 900 1039 contrarium
918 1001 1103 1038 sanctitati
1119 1009 1216 1049 agat,
1233 1013 1350 1049 quam

275 1055 411 1104 aliquis
432 1055 630 1103 religiosus
649 1055 714 1104 qui
733 1068 812 1092 non
840 1056 956 1092 habet
982 1055 1158 1092 ordinem
1180 1066 1350 1091 sacrum:

276 1109 455 1158 quamvis
474 1109 591 1146 laicus
611 1109 809 1156 religiosus
828 1117 1003 1146 teneatur
1022 1109 1071 1145 ad
1086 1108 1351 1145 observantias

275 1163 480 1210 regulares,
503 1162 552 1199 ad
581 1175 676 1211 quas
696 1162 747 1199 illi
767 1162 833 1211 qui
852 1169 940 1199 sunt
960 1162 998 1198 in
1018 1162 1133 1198 sacris
1154 1161 1352 1198 ordinibus

274 1227 355 1253 non
383 1223 572 1253 tenentur.

327 1270 387 1306 An
407 1281 551 1320 emulum
567 1280 667 1306 ERGO
687 1281 874 1306 DtCENDUM
903 1268 1008 1318 quod
1038 1269 1085 1305 ad
1115 1267 1196 1304 illas
1226 1276 1353 1305 aucto-

273 1320 710 1370 ritates‘Chrysostomi
750 1322 916 1360 breviter
954 1321 1179 1371 responderi
1220 1330 1352 1370 posset

274 1377 380 1424 quod
409 1387 488 1413 non
516 1376 687 1424 loquitur
715 1375 763 1412 de
792 1377 991 1413 sacerdote
1021 1383 1154 1412 curato
1191 1375 1351 1412 minoris

274 1428 430 1476 ordinis,
451 1429 520 1466 sed
550 1429 598 1466 de
628 1429 824 1478 episcopo,
845 1429 910 1478 qui
931 1429 1067 1466 dicitur
1093 1441 1264 1465 summus
1290 1441 1350 1465 sa—

273 1482 416 1519 cerdos.
447 1483 496 1519 Et
524 1483 599 1520 hoc
629 1483 811 1520 convenit
837 1482 1036 1519 intentioni
1066 1482 1163 1519 ilIIus
1192 1482 1288 1529 libri,
1313 1482 1351 1519 in

272 1547 352 1586 quo
382 1537 604 1573 consolatur
623 1548 663 1572 se
684 1544 720 1573 et
739 1536 923 1573 Basilium
954 1536 1001 1574 de
1021 1537 1096 1573 hoc
1116 1536 1222 1584 quod
1245 1544 1352 1573 erant

272 1588 311 1627 in
341 1589 546 1638 episcopos
576 1590 698 1626 electi.

328 1643 407 1680 Sed
434 1643 511 1680 hoc
539 1643 824 1692 praetermisso,
849 1642 1055 1680 dicendum
1087 1650 1143 1679 est
1171 1643 1279 1690 quod
1297 1643 1350 1679 lo-

273 1695 402 1744 quitur
415 1704 604 1744 quantum
621 1697 669 1734 ad
685 1697 960 1734 difficultatem.
977 1696 1190 1733 Praemittit
1205 1696 1307 1733 enim
1316 1696 1348 1734 *t

277 1749 375 1786 Cum
389 1751 520 1799 suerit
543 1751 783 1800 gubernator
810 1751 847 1787 in
877 1750 1009 1787 mediis
1030 1750 1214 1798 fluctibus
1242 1755 1278 1786 et
1303 1751 1350 1787 de

271 1807 488 1852 tempestate
515 1816 652 1841 navem
691 1804 854 1841 liberare
875 1803 1061 1852 potuerit,
1091 1808 1180 1839 tunc
1214 1803 1347 1840 merito

272 1857 524 1894 testimonium
540 1857 701 1905 perfecti
717 1856 986 1907 gubernatoris
1001 1857 1049 1893 ab
1069 1857 1243 1893 omnibus
1255 1868 1348 1905 pro-

272 1916 451 1948 meretur.
482 1911 531 1948 Et
549 1919 637 1959 post
655 1910 849 1947 concludit
868 1910 973 1959 quod
994 1922 1110 1958 supra
1129 1909 1148 1931 '¹‘
1177 1910 1345 1958 positum

274 1971 331 2001 est
362 1963 411 2001 de
444 1965 651 2011 monacho,
686 1964 752 2012 qui
788 1976 863 2001 non
897 1969 951 2000 est
981 1964 1262 2011 comparandus
1295 1964 1350 2000 illi

272 2017 348 2066 qui,
369 2018 528 2054 traditus
549 2017 713 2066 populis,
736 2017 938 2054 immobilis
961 2023 1200 2065 perseverat.-
1230 2025 1266 2054 et
1285 2029 1346 2054 su-

272 2070 355 2108 bdit
387 2083 561 2108 causam:
601 2071 690 2121 quia
723 2071 819 2108 sicut
845 2071 882 2108 in
912 2070 1193 2119 tranquillitate,
1223 2071 1274 2108 ita
1309 2071 1346 2108 in

272 2130 488 2173 tempestate
505 2125 738 2175 gubernavit
751 2125 927 2173 seipsum.
959 2124 1016 2160 Ex
1036 2137 1114 2173 quo
1134 2124 1226 2161 nihil
1245 2124 1346 2162 aliud

273 2177 423 2215 ostendi
455 2185 581 2226 potest
613 2178 683 2216 nisi
717 2178 822 2227 quod
850 2177 1100 2226 periculosior
1138 2186 1193 2214 est
1230 2186 1347 2215 status

271 2231 448 2268 habentis
486 2243 618 2268 curam
655 2231 873 2269 animarum
911 2243 1030 2280 quarn
1066 2228 1269 2268 monachi:
1308 2232 1347 2269 in

272 2285 409 2322 maiori
438 2292 567 2322 autem
588 2285 758 2334 periculo
778 2284 1024 2322 innocentem
1050 2296 1090 2321 se
1116 2296 1270 2321 servare
1293 2293 1349 2322 est

272 2338 428 2376 maioris
456 2338 605 2376 virtutis
633 2338 829 2376 indicium.
860 2337 936 2375 Sed
957 2338 1032 2374 hoc
1053 2337 1168 2374 etiam
1199 2338 1248 2375 ad
1269 2350 1348 2375 ma-

271 2391 510 2440 gnitudinem
528 2392 676 2430 virtutis
695 2391 870 2441 pertinet,
892 2392 997 2440 quod
1017 2391 1154 2440 aliquis
1171 2391 1267 2429 vitet
1284 2404 1349 2441 pe-

271 2445 389 2483 ricula
415 2445 639 2494 religionem
662 2446 853 2483 intrando.
887 2445 998 2483 Unde
1022 2457 1101 2482 non
1123 2445 1213 2482 dicit
1241 2447 1347 2494 quod

271 2499 402 2536 mallet
431 2511 510 2537 esse
537 2500 575 2537 in
602 2500 730 2549 officio
756 2499 986 2537 sacerdotali
1006 2510 1122 2547 quam
1151 2499 1188 2536 in
1220 2499 1347 2536 solitu-

271 2553 359 2590 dine
385 2554 681 2590 monachorum:
718 2553 783 2590 sed
823 2552 929 2601 quod
964 2552 1093 2589 mallet
1126 2552 1280 2600 placere
1307 2553 1346 2590 in

270 2606 346 2643 hoc
374 2618 495 2655 quam
527 2606 563 2643 in
594 2606 670 2652 illo,
700 2606 790 2656 quia
818 2607 894 2643 hoc
923 2613 980 2643 est
1011 2605 1168 2643 maioris
1197 2606 1347 2644 virtutis

272 2667 556 2708 argumentum.

325 2714 385 2750 An
412 2725 604 2750 SECUNDUM
632 2725 819 2751 mCENDuM
845 2712 950 2762 quod
980 2713 1092 2749 etiam
1125 2712 1186 2749 illa
1215 2721 1346 2751 aucto-

271 2766 360 2803 ritas
379 2766 580 2814 Augustini
599 2766 797 2804 manifeste
817 2766 984 2815 loquitur
1003 2774 1190 2814 quantum
1211 2768 1258 2804 ad
1280 2767 1346 2804 dif-

270 2820 502 2868 ficultatem,
533 2833 632 2869 quae
666 2820 831 2858 ostendit
859 2820 1162 2868 magnitudinem
1195 2820 1344 2858 virtutis

2396 283 2473 328 463

1459 364 1518 398 Ao
1538 374 1699 400 TERTmM
1719 374 1904 399 mcENDUM
1924 363 2028 412 quod
2048 363 2282 411 Augustinus
2301 363 2352 399 ibi
2373 375 2475 399 com-

1405 423 1513 463 parat
1542 417 1755 452 monachos
1784 416 1928 453 clericis
1967 424 2154 465 quantum
2184 418 2231 454 ad
2261 416 2475 453 distantiam

1407 468 1569 505 ordinis:
1600 481 1678 505 non
1707 477 1893 517 quantum
1915 471 1962 507 ad
1984 470 2200 507 distantiam
2231 470 2420 517 religionis
2442 477 2477 505 et

1407 522 1608 558 saecularis
1636 522 1747 558 vitae.

1459 577 1518 611 AD
1548 587 1721 616 QUARTUM
1750 587 1935 612 montinum
1955 577 2061 624 quod
2090 576 2140 612 illi
2168 576 2232 624 qui
2253 589 2276 613 a
2295 583 2392 613 statu
2421 588 2476 612 re-

1406 627 1554 674 ligionis
1584 637 1829 664 assumuntur
1865 629 1913 665 ad
1948 641 2077 666 curam
2117 630 2354 676 animarum,
2386 642 2473 666 cum

1406 680 1510 727 prins
1541 689 1666 717 essent
1694 681 1731 717 in
1760 682 1875 718 sacris
1905 682 2100 719 ordinibus
2129 683 2343 730 constituti,
2373 695 2492 733 asse--

1407 741 1575 780 quuntur
1604 733 1744 781 aliquid
1774 735 1876 782 quod
1915 735 2018 783 prius
2047 748 2125 772 non
2163 737 2376 782 habebant,
2407 736 2476 772 sci-

1405 786 1491 823 licet
1519 786 1690 823 officium
1721 800 1853 824 curae:
1884 800 1961 824 non
1991 796 2119 825 autem
2151 790 2349 838 deponunt
2368 790 2474 837 quod

1406 839 1510 887 prius
1538 841 1744 886 habebant,
1766 841 1905 877 scilicet
1933 842 2121 889 religionis
2150 850 2311 888 statum;
2341 843 2476 880 dicitur

1407 893 1509 930 enim
1540 893 1577 929 in
1604 893 1788 939 Decretis,
1810 894 1896 930 XVI
1918 895 2056 942 Causa,
2079 908 2142 944 qu.
2165 908 2173 932 1
2193 895 2233 932 *τ
2264 898 2324 933 De
2341 908 2474 933 mona·
2500 903 2587 952 2¹33
2608 904 2644 925 De
2665 911 2716 926 mo·

1405 947 1483 983 chis
1511 947 1594 995 qui,
1624 947 1687 983 diu
1725 952 1915 983 morantes
1941 948 1977 984 in
2006 950 2260 995 monasteriis,
2289 950 2322 986 si
2343 955 2474 998 postea
2586 947 2591 952 “

1405 1001 1457 1037 ad
1483 1000 1681 1036 clericatus
1709 1000 1859 1036 ordines
1883 1002 2141 1048 pervenerint,
2169 1003 2365 1039 statuimus
2398 1015 2472 1040 non

1405 1055 1540 1090 debere
1568 1065 1630 1090 eos
1658 1065 1681 1090 a
1696 1053 1824 1102 priori
1843 1055 2036 1101 proposito
2057 1055 2254 1092 discedere.
2285 1056 2361 1093 Sed
2390 1069 2474 1105 pre-

1405 1107 1547 1155 sbyteri
1587 1106 1703 1143 curati
1730 1107 1792 1142 vel
1828 1107 2104 1153 archidiaconi,
2135 1109 2289 1156 quando
2327 1110 2474 1157 religio-

1405 1173 1494 1198 nem
1525 1160 1797 1208 ingrediuntur,
1820 1172 1951 1196 curam
1972 1161 2169 1210 deponunt
2193 1169 2234 1198 ut
2262 1163 2472 1211 adipiscan-

1404 1210 1465 1251 tur
1493 1213 1769 1262 perfectionem
1799 1220 1916 1249 status
1935 1212 1959 1250 ζ.
1989 1214 2100 1251 Unde
2131 1226 2175 1251 ex
2203 1215 2277 1252 hoc
2305 1216 2387 1265 ipso
2414 1229 2474 1253 ex·
2597 1218 2612 1248 ἴ

1405 1267 1577 1305 cellentia
1607 1279 1652 1303 ex
1680 1274 1785 1315 parte
1816 1266 2002 1314 religionis
2032 1268 2251 1305 ostenditur.

1459 1323 1501 1358 In
1530 1321 1604 1357 hoc
1633 1328 1762 1357 autem
1791 1320 1896 1368 quod
1927 1320 2088 1368 religiosi
2116 1321 2200 1358 laici
2228 1330 2475 1359 assumuntur

1405 1375 1453 1412 ad
1483 1374 1701 1410 clericatum
1730 1381 1767 1410 et
1795 1386 1924 1410 sacros
1953 1374 2122 1420 ordines,
2153 1375 2350 1412 manifeste
2387 1388 2475 1425 pro-

1405 1435 1612 1464 moventur
1647 1428 1695 1464 ad
1733 1427 1887 1473 melius,
1919 1427 2014 1464 sicut
2047 1440 2161 1476 supra
2179 1428 2199 1449 '¹‘
2228 1429 2370 1465 dictum
2407 1437 2472 1467 est.
2502 1437 2550 1485 {inlu
2565 1444 2627 1466 arm
2647 1442 2669 1460 et
2689 1439 2711 1460 in

1405 1482 1454 1518 Et
1481 1482 1557 1518 hoc
1586 1480 1798 1517 ostenditur
1826 1492 1870 1517 ex
1899 1481 1982 1529 ipso
2012 1481 2132 1518 modo
2161 1482 2354 1530 loquendi,
2385 1495 2472 1519 cum
2535 1471 2618 1492 '⁰⁰¹⁹'

1406 1535 1668 1583 Hieronymus
1698 1533 1805 1570 dicit:
1835 1534 1897 1571 Sic
1925 1535 1961 1571 in
1990 1536 2216 1572 monasterio
2244 1536 2329 1572 vive
2348 1541 2388 1572 ut
2404 1537 2475 1573 cle-

1404 1589 1505 1625 ricus
1533 1600 1613 1625 esse
1640 1588 1835 1624 merearis.

1456 1644 1516 1679 AD
1554 1653 1718 1684 QmNTUM
1751 1653 1938 1678 DICENDUM
1973 1643 2076 1689 quod
2110 1641 2321 1690 presbyteri
2359 1643 2476 1679 curati

1404 1703 1440 1732 et
1468 1694 1725 1732 archidiaconi
1747 1702 1835 1731 sunt
1854 1694 2053 1732 similiores
2074 1695 2263 1744 episcopis
2283 1708 2400 1744 quam
2420 1709 2475 1733 re-

1402 1749 1521 1797 ligiosi
1550 1755 1735 1797 quantum
1764 1748 1812 1784 ad
1841 1747 2005 1796 aliquid:
2040 1748 2180 1786 scilicet
2209 1756 2394 1797 quantum
2425 1750 2473 1787 ad

1403 1815 1533 1840 curam
1564 1802 1793 1847 animarum,
1815 1813 1932 1850 quam
1954 1802 2180 1839 secundario
2209 1803 2364 1840 habent.
2395 1803 2471 1841 Sed

1401 1863 1589 1906 quantum
1619 1855 1923 1903 ad-perpetuam
1961 1855 2253 1902 obligationem,
2285 1869 2382 1904 quae
2417 1869 2472 1893 re-

1402 1910 1561 1959 quiritur
1599 1909 1647 1946 ad
1684 1916 1823 1945 statum
1862 1908 2118 1957 perfectionis,
2149 1909 2350 1947 similiores
2385 1918 2473 1947 sunt

1402 1964 1585 2012 episcopo
1615 1961 1790 2010 religiosi,
1819 1969 1861 1997 ut
1889 1974 1933 1998 ex
1963 1974 2076 2010 supra
2096 1962 2116 1984 ’¹‘
2145 1963 2252 2000 dictis
2280 1970 2395 2012 patet.

1455 2019 1514 2054 AD
1538 2027 1681 2053 sextum
1710 2027 1894 2052 DICENDUM
1923 2015 2028 2064 quod
2059 2015 2260 2053 difficultas
2288 2029 2387 2065 quae
2417 2025 2472 2053 est

1401 2083 1446 2107 ex
1476 2070 1662 2107 arduitate
1692 2069 1835 2117 operis,
1865 2069 1969 2106 addit
2003 2069 2050 2106 ad
2087 2070 2362 2117 perfectionem
2396 2070 2471 2107 vir-

1400 2124 1499 2161 tutis.
1540 2123 1752 2160 Difficultas
1781 2130 1908 2159 autern
1945 2135 2043 2171 quae
2078 2123 2256 2171 provenit
2289 2135 2333 2159 ex
2372 2131 2471 2160 exte-

1400 2177 1563 2215 rioribus
1591 2175 1888 2225 impedimentis,
1913 2176 2145 2224 quandoque
2175 2177 2332 2225 quidem
2361 2177 2469 2213 dimi-

1402 2231 1484 2268 nuit
1511 2230 1787 2279 perfectionem
1815 2229 1982 2265 virtutis:
2012 2237 2104 2278 puta
2125 2242 2212 2266 cum
2238 2230 2372 2279 aliquis
2392 2243 2471 2267 non

1401 2293 1547 2322 tantum
1586 2283 1765 2320 virtutem
1803 2289 1908 2319 amat
1940 2290 1982 2318 ut
2016 2283 2292 2331 impedimenta
2323 2284 2471 2320 virtutis

1401 2338 1593 2376 declinare
1629 2336 1736 2381 velit,
1767 2335 1981 2372 secundum
2019 2336 2111 2373 illud
2148 2335 2344 2385 Apostoli,
2374 2338 2388 2373 I
2423 2338 2474 2374 ad

1406 2393 1494 2429 Cor.
1516 2403 1551 2428 lx
1564 2390 1597 2436 ²²,
1622 2390 1752 2427 Omnis
1771 2389 1837 2437 qui
1854 2389 1891 2426 in
1912 2401 2039 2438 agone
2066 2390 2262 2436 contendit,
2283 2390 2332 2426 ab
2351 2391 2473 2427 omni·
2499 2400 2509 2410 ⁸
2523 2399 2590 2421 Vers-
2604 2405 2636 2427 25-

1400 2447 1469 2482 bus
1486 2456 1526 2481 se
1553 2444 1722 2481 abstinet.
1754 2443 2001 2490 Quandoque
2021 2455 2115 2479 vero
2137 2451 2192 2479 est
2211 2444 2361 2491 signum
2386 2456 2471 2492 per-

1400 2497 1573 2536 fectionis
1593 2503 1612 2524 η
1639 2497 1806 2534 virtutis:
1837 2504 1928 2544 puta
1958 2508 2045 2532 cum
2067 2496 2177 2533 alicui
2207 2509 2252 2533 ex
2272 2496 2470 2544 inopinato
2595 2510 2611 2533 η

1399 2553 1462 2589 vel
1492 2563 1538 2588 ex
1558 2550 1772 2588 necessaria
1793 2562 1907 2586 causa
1935 2549 2210 2598 impedimenta
2231 2550 2379 2587 virtutis
2409 2563 2470 2587 oc-

1401 2613 1578 2652 currunt,
1607 2611 1764 2653 propter
1793 2615 1894 2651 quae
1922 2611 2047 2640 tamen
2078 2615 2100 2639 a
2127 2603 2264 2640 virtute
2298 2616 2376 2640 non
2406 2604 2470 2640 de-

1401 2659 1524 2696 clinat.
1562 2660 1604 2695 In
1634 2665 1731 2694 statu
1761 2665 1889 2694 autem
1919 2656 2108 2704 religionis
2138 2664 2193 2693 est
2221 2656 2344 2693 maior
2373 2656 2469 2694 diffi-

1401 2713 1520 2750 cultas
1554 2724 1599 2749 ex
1634 2711 1817 2748 arduitate
1856 2722 2039 2759 operum:
2078 2710 2145 2746 sed
2179 2710 2218 2746 in
2246 2710 2304 2746 his
2339 2710 2403 2759 qui
2431 2710 2468 2747 in

1400 2767 1554 2804 saeculo
1581 2765 1719 2802 vivunt
1755 2763 2099 2812 qualitercumque,
2130 2771 2186 2799 est
2214 2763 2336 2800 maior
2373 2763 2468 2800 diffi-

1400 2821 1519 2857 cultas
1549 2831 1594 2856 ex
1621 2817 1905 2867 impedimentis
1939 2817 2106 2863 virtutis,
2136 2829 2234 2865 quae
2274 2816 2435 2864 religiosi
2454 2815 2467 2838 ⁰
2595 2814 2608 2840 θ

2500 1968 2508 1976 “
2522 1967 2573 1988 Art.
2588 1972 2607 1995 5,
2623 1966 2644 1988 6.

271 2872 310 2910 in
338 2873 396 2910 his
423 2873 488 2923 qui
509 2874 609 2911 bene
639 2881 927 2922 conversantur,
947 2874 1044 2911 sicut
1071 2874 1215 2912 dictum
1236 2881 1293 2911 est
1311 2873 1343 2912 ²¹⁸.
1369 2888 1372 2923 Ι
1398 2873 1561 2923 provide
1590 2873 1818 2909 vitaverunt.

326 2988 350 3021 ι)
370 2988 542 3013 monasticus.
555 3001 574 3006 —
592 2988 665 3020 quod
682 2988 846 3013 monasticus
865 2988 1100 3013 ABDEFHIKLsC
1114 2994 1140 3014 et
1153 2996 1186 3019 a,·
1204 2994 1234 3013 ut
1247 2997 1297 3014 nos
1312 2989 1345 3015 G.
1370 2985 1373 3011 Ι

325 3021 350 3056 ζ)
365 3024 558 3056 perfectionem
576 3027 672 3050 status.
684 3038 703 3043 -
716 3024 907 3056 perfectiorem
929 3027 1030 3049 statum
1050 3024 1110 3056 PpK
1131 3029 1157 3049 et
1175 3032 1201 3050 a.

1452 2989 1479 3021 η)
1494 2987 1708 3021 perfectionis,=
1723 2985 1895 3019 perfectioris
1915 2985 1942 3010 P.

1453 3022 1477 3057 θ)
1498 3023 1626 3056 religiosi.
1639 3038 1656 3041 —-
1672 3029 1724 3054 per
1741 3022 1833 3046 omnia
1852 3021 1949 3046 addunt
1967 3020 2014 3045 Pa.

948 3065 1285 3125 Commentis-ria
1307 3092 1560 3126 cardinalis
1582 3091 1784 3124 Caietani

303 3172 324 3192 N
353 3162 487 3194 articulo
519 3170 634 3194 octavo
664 3163 809 3194 eiusdem
836 3162 1052 3203 quaestionis,
1083 3164 1210 3194 adverte
1240 3163 1346 3204 primo

276 3175 450 3238 Ititulum:
481 3208 571 3248 quod
594 3208 645 3239 hic
668 3218 735 3238 non
759 3208 922 3249 quaeritur
948 3208 987 3238 de
1011 3214 1094 3239 statu
1123 3208 1344 3247 religiosorum

273 3258 304 3282 et
327 3258 410 3282 statu
434 3258 633 3289 curatorum,
658 3253 803 3284 faciendo
826 3252 893 3283 vim
923 3253 956 3283 in
980 3253 1112 3283 nomine
1143 3263 1200 3283 seu
1223 3253 1346 3283 ratione

271 3300 375 3326 status
379 3304 392 3334 ;
406 3297 462 3326 sed
478 3304 703 3337 comparantur
717 3297 768 3328 hic
783 3297 921 3337 religiosi
933 3298 1111 3328 secundum
1123 3295 1224 3337 genus
1237 3307 1344 3336 suum,

271 3339 379 3380 generi
403 3349 603 3378 curatorum,
628 3342 761 3372 exclusis
785 3342 954 3383 episcopis.
988 3342 1033 3372 Ita
1057 3342 1163 3382 quod,
1195 3341 1260 3372 sive
1283 3342 1346 3373 sint

272 3384 305 3414 in
330 3391 414 3416 statu
438 3385 503 3416 sive
526 3396 604 3422 non,
629 3393 660 3416 et
677 3396 886 3428 quocumque
902 3386 1044 3423 nomine,
1070 3386 1215 3426 quaestio
1230 3386 1282 3417 hic
1299 3393 1346 3417 est

273 3429 312 3458 de
328 3430 422 3460 rebus
437 3430 528 3470 ipsis:
553 3441 594 3461 an
610 3430 832 3471 religiosorum
851 3441 952 3471 genus
976 3431 1144 3472 perfectius
1168 3431 1208 3461 sit
1230 3440 1344 3471 genere

273 3481 458 3505 curatorum
488 3474 669 3511 minorum,
699 3475 763 3506 hoc
791 3482 838 3506 est
867 3476 1196 3517 non-episcoporum;
1226 3476 1265 3506 de
1295 3475 1344 3506 his

273 3517 360 3548 enim
383 3519 459 3550 solis
483 3526 530 3550 est
552 3519 604 3550 hic
627 3529 743 3551 sermo.

333 3563 370 3594 11.
396 3564 430 3594 In
462 3564 577 3594 eodem
606 3564 757 3601 articulo,
789 3563 869 3594 circa
901 3565 1038 3605 primam
1069 3564 1343 3604 comparationem

273 3618 355 3651 quae
378 3608 413 3639 fit
435 3609 469 3639 in
492 3608 603 3645 littera,
620 3609 729 3650 quoad
752 3608 938 3646 bonitatem,
958 3609 1039 3640 inter
1062 3619 1163 3649 genus
1179 3608 1343 3649 religioso-

1400 3173 1473 3193 rum
1498 3170 1528 3193 et
1550 3159 1867 3202 genus'curatorum,
1893 3166 2048 3199 quatenus
2065 3157 2109 3188 illi
2129 3157 2265 3197 religiosi
2281 3164 2355 3187 sunt
2369 3165 2400 3188 et
2414 3157 2465 3188 isti

1401 3207 1509 3243 curati,
1534 3207 1592 3237 tria
1615 3206 1754 3235 notanda
1776 3210 1947 3234 occurrunt
1961 3212 2043 3243 quae
2059 3202 2253 3232 discussione
2269 3208 2370 3241 egent.
2394 3203 2465 3232 Pri-

1401 3262 1487 3282 mum
1512 3258 1559 3281 est
1582 3250 1683 3290 prima
1699 3249 1779 3279 ratio
1798 3248 1928 3283 litterae,
1945 3247 2076 3278 scilicet:
2100 3247 2256 3287 Religiosi
2278 3246 2466 3286 obligantur

1400 3302 1470 3327 voto
1488 3300 1645 3336 perpetuo
1669 3294 1712 3324 ad
1734 3293 1875 3324 studium
1901 3291 2129 3332 perfectionis:
2160 3291 2265 3321 curati
2292 3300 2355 3320 non
2387 3291 2464 3321 obli—

1398 3346 1523 3382 gantur
1546 3340 1589 3370 ad
1606 3343 1797 3379 perpetuam
1822 3346 1934 3367 curam
1958 3337 2162 3366 animarum:
2185 3344 2264 3376 ergo
2288 3335 2337 3364 illi
2352 3335 2464 3376 perfe-

1399 3387 1515 3416 ctiores
1529 3388 1604 3414 sunt
1621 3384 1698 3413 istis.
1724 3381 1844 3412 Contra
1860 3381 1921 3411 hoc
1936 3389 2074 3420 namque
2090 3379 2224 3409 instatur
2238 3379 2265 3415 *,
2282 3379 2358 3419 quia
2380 3379 2462 3416 licet,
2491 3382 2501 3391 ⁸
2519 3381 2554 3402 Cf·
2574 3386 2636 3402 num.
2651 3385 2699 3400 *1¹¹¹-

1399 3429 1507 3460 ceteris
1523 3428 1662 3468 paribuS,
1679 3426 1779 3456 facere
1796 3424 1915 3465 aliquid
1934 3434 2009 3454 cum
2024 3431 2101 3454 voto
2117 3423 2286 3463 perfectius
2302 3423 2342 3454 sit
2365 3434 2463 3464 quam

1399 3474 1466 3504 sine
1489 3480 1582 3507 voto;
1608 3471 1662 3502 ubi
1686 3478 1792 3501 tamen
1816 3479 1929 3509 genera
1953 3478 2088 3508 operum
2108 3477 2173 3498 non
2190 3474 2264 3498 sunt
2279 3467 2375 3507 paria,
2396 3478 2462 3498 non

1399 3524 1526 3558 oportet
1549 3526 1615 3546 esse
1638 3525 1751 3545 verum
1774 3514 1862 3554 quod
1879 3512 1992 3543 melius
2008 3512 2047 3542 sit
2063 3511 2187 3552 operari
2203 3522 2278 3542 cum
2293 3518 2370 3542 voto
2394 3522 2462 3551 per-

1398 3570 1496 3602 petuo
1521 3570 1619 3601 quam
1643 3560 1709 3589 sine
1733 3558 1799 3589 illo.
1829 3558 1878 3588 Sic
1902 3564 2009 3588 autem
2033 3563 2079 3587 est
2101 3556 2133 3586 in
2158 3556 2334 3596 proposito.
2371 3556 2460 3592 Quo-

1398 3607 1484 3637 niam
1507 3615 1607 3645 genus
1631 3603 1735 3644 operis
1759 3609 1903 3643 spectans
1927 3602 1966 3632 ad
1990 3600 2175 3640 religiosum
2198 3607 2245 3631 est
2267 3601 2361 3639 longe
2384 3599 2461 3629 infe-
