2768 4198
307 317 382 363 390

937 309 1204 357 QUAESTIO
1234 307 1445 354 CLXXIII,
1475 308 1775 346 ARTICULUS
1805 309 1857 345 IV

303 394 411 434 ipsum
434 393 583 423 indecens
607 398 671 428 est,
696 398 732 422 ut
753 391 798 421 illi
825 399 907 430 quos
930 389 1018 419 Deus
1041 388 1134 418 docet
1157 393 1188 417 et
1209 386 1370 417 illuminat
1424 392 1454 416 et
1477 396 1544 417 non
1564 396 1600 417 ex
1619 387 1750 428 proprio
1766 397 1861 418 sensu
1885 387 2139 428 pronuntiantes,
2157 392 2213 416 aut
2229 386 2426 417 seducuntur
2441 391 2497 416 aut

304 438 344 468 ad
368 437 525 468 Ecclesiae
549 435 809 470 aedificationem,
833 431 1037 463 irrationabili
1062 438 1154 462 motu
1179 441 1211 461 se
1234 430 1371 461 habeant
1424 430 1590 462 seducunt.
1619 432 1661 462 Et
1683 438 1789 462 tamen
1813 432 1954 463 mundus
1978 431 2094 462 stultus
2118 430 2267 467 miratur,
2293 436 2419 470 stupet,
2443 429 2498 460 ad·

305 482 345 512 ad
368 481 604 522 propalandum
628 479 733 510 divina
755 477 913 518 mysteria.

1425 481 1495 505 orat
1517 474 1705 506 huiusmodi
1728 476 1838 512 verba,
1864 475 2051 506 huiusmodi
2075 481 2182 511 actus,
2209 474 2398 505 huiusmodi
2428 483 2498 514 per-

359 526 400 556 Et
418 525 492 555 hinc
507 530 592 565 patet
615 523 704 564 quod
727 531 881 562 personae
896 520 928 550 in
946 519 1042 550 extasi
1058 518 1181 559 positae
1203 518 1372 559 loquentes
1426 528 1531 554 sonaS‚
1557 529 1623 549 non
1640 519 1837 551 advertentes
1860 520 1950 561 quod
1965 520 2100 560 spiritus
2112 519 2348 560 prophetarum
2365 518 2500 549 subiecti

303 570 336 599 in
360 579 495 610 persona
518 567 635 599 Christi
658 567 707 597 vel
731 565 858 596 alterius
881 564 997 600 Sancti,
1015 563 1106 604 quasi
1131 569 1217 594 actae
1242 563 1280 593 ab
1305 562 1371 598 illo,

1426 567 1503 593 sunt
1526 563 1572 593 eis
1595 564 1704 604 quoad
1728 564 2033 605 promulgationem.

1089 716 1410 759 ARTICULUS
1445 716 1722 766 QUARTUS

649 811 805 842 UTRUM
829 809 1092 841 PROPHETAE
1117 809 1286 840 SEMPER
1309 808 1608 840 COGNOSCANT
1632 809 1690 839 EA
1714 809 1835 846 QUAE
1858 809 2156 841 PROPHETANT

696 889 738 914 De
762 889 851 918 Verit.‚
871 896 916 921 qu.
935 895 979 919 xu,
998 892 1044 913 art.
1069 895 1089 917 ι,
1109 887 1141 911 ad
1164 885 1194 911 16
1205 894 1212 917 ς
1233 887 1262 911 In
1285 887 1367 917 Ioan„
1388 895 1443 920 cap.
1464 894 1498 917 xl,
1518 888 1575 913 lect.
1595 895 1645 918 v11;
1664 887 1709 912 Ad
1727 887 1810 918 Heb.‚
1831 895 1886 920 cap.
1904 895 1939 918 xi,
1960 888 2017 914 lect.
2035 896 2080 913 vn.

339 989 401 1018 Μ,
418 992 490 1018 Μ(
515 983 538 1007 D
559 981 734 1013 QUARTUM
753 981 807 1006 Sic
827 979 1069 1006 PROCEDITUR.
1090 967 1252 1005 Videtur
1271 967 1377 1016 quod

331 998 488 1082 'GEEAQJ
515 1023 725 1073 prophetae
755 1034 908 1071 semper
942 1028 1176 1070 cognoscant
1204 1033 1250 1057 ea
1277 1032 1375 1070 quae

320 1059 375 1122 ’ῥα
452 1063 757 1126 ’(Ρτορὴεῖειηῑ.
794 1075 906 1122 Quia,
936 1082 978 1112 ut
1005 1074 1240 1123 Augustinus
1275 1074 1376 1122 dicit,

408 1167 420 1173 ,
472 1124 586 1167 XII
614 1141 728 1179 super
755 1129 849 1166 Gen.
876 1129 928 1165 ad
954 1129 1019 1165 litt.
1040 1127 1072 1175 ³⁸,
1101 1128 1235 1177 quibus
1261 1128 1374 1178 signa

298 1196 372 1232 per
398 1183 546 1232 aliquas
581 1195 710 1220 rerum
740 1182 997 1231 corporalium
1029 1181 1288 1219 similitudines
1315 1181 1377 1218 de-

162 1249 180 1266 α
304 1237 615 1274 monstrabantur
642 1237 679 1273 in
707 1236 859 1284 spiritu,
890 1236 963 1272 nisi
993 1236 1206 1272 accessisset
1226 1240 1243 1256 ²
1271 1247 1374 1271 men-

303 1292 347 1328 tis
375 1290 544 1337 officium
575 1295 615 1326 ut
635 1290 747 1326 etiam
768 1289 1077 1339 intelligerentur,
1104 1289 1271 1326 nondum
1296 1294 1379 1325 erat

297 1343 508 1392 prophetia.
539 1343 617 1380 Sed
637 1355 682 1380 ea
708 1355 806 1392 quae
831 1342 1098 1390 intelliguntur,
1119 1354 1198 1379 non
1218 1349 1379 1391 possunt

305 1410 387 1434 esse
426 1397 628 1445 incognita.
668 1397 771 1444 Ergo
809 1397 997 1445 propheta
1035 1408 1114 1433 non
1151 1395 1300 1444 ignorat
1333 1407 1378 1432 ea

304 1463 403 1500 quae
431 1451 646 1499 prophetat.
1165 1462 1167 1466 ’

359 1516 394 1541 2.
421 1505 665 1550 PRAETEREA,
695 1503 827 1539 lumen
856 1502 1080 1551 prophetiae
1110 1509 1166 1539 est
1194 1502 1378 1539 excellen-

163 1553 178 1587 β
303 1556 377 1594 tius
392 1555 408 1586 β
427 1569 546 1606 quarn
566 1557 696 1594 lumen
716 1555 871 1593 rationis
892 1555 1083 1593 naturalis.
1106 1555 1183 1592 Sed
1204 1555 1378 1604 quicum-

305 1623 380 1659 que
410 1610 556 1647 lumine
575 1609 735 1647 naturali
753 1610 870 1646 habet
893 1609 1103 1656 scientiam,
1125 1621 1203 1646 non
1232 1608 1380 1657 ignorat

306 1675 351 1701 ea
379 1675 478 1712 quae
499 1663 579 1701 scit.
609 1664 712 1711 Ergo
732 1663 968 1712 quicumque
988 1662 1132 1699 lumine
1151 1662 1378 1711 prophetico

306 1717 431 1765 aliqua
459 1716 645 1763 enuntIat,
676 1728 754 1753 non
783 1723 910 1765 potest
939 1728 983 1752 ea
1012 1716 1199 1763 ignorare.

361 1771 395 1806 3.
418 1771 652 1817 PRAETEREA,
669 1769 870 1818 prophetia
890 1768 1088 1806 ordinatur
1107 1768 1156 1805 ad
1175 1767 1380 1804 hominum

305 1822 644 1860 illuminationem:
674 1822 778 1859 unde
809 1821 944 1858 dicitur
964 1823 996 1858 II
1026 1822 1108 1858 Pet.
1130 1833 1139 1857 1
1158 1820 1190 1857 ³¹⁸.
1219 1821 1381 1857 Habetis

299 1876 562 1924 propheticum
590 1887 816 1921 sermonem,
837 1875 900 1911 cui
927 1874 1166 1923 benefacitis
1191 1874 1381 1911 attenden-

305 1934 357 1966 tes
385 1930 495 1977 quasi
521 1929 699 1966 lucernae
722 1928 862 1965 lucenti
879 1928 916 1965 in
946 1928 1156 1978 caliginoso
1177 1927 1271 1964 loco.
1303 1927 1381 1965 Sed

305 1981 397 2019 nihil
425 1990 550 2031 potest
578 1982 672 2019 alios
700 1981 914 2018 illuminare
944 1981 1013 2018 nisi
1042 1981 1080 2018 in
1110 1993 1150 2018 se
1179 1980 1226 2017 sit
1245 1980 1380 2018 illumi-

306 2043 451 2073 natum.
491 2036 593 2083 Ergo
622 2034 774 2072 videtur
802 2036 906 2083 quod
934 2035 1124 2084 propheta
1162 2034 1267 2083 prius
1302 2034 1383 2071 illu-

306 2089 474 2126 minatur
494 2089 543 2126 ad
562 2089 877 2137 cognoscendum
899 2100 944 2125 ea
967 2100 1065 2137 quae
1087 2087 1168 2125 aliis
1198 2087 1380 2125 enuntiat.

361 2143 437 2180 SED
466 2153 615 2180 CONTRA
643 2153 710 2179 EST
738 2141 847 2190 quod
876 2141 1011 2179 dicitur
1040 2143 1146 2179 Ioan.
1171 2141 1258 2178 x1*.
1291 2142 1383 2179 Hoc

306 2201 434 2233 autem
461 2208 485 2232 a
514 2196 709 2244 semetipso
744 2196 908 2244 Caiphas
936 2207 1011 2232 non
1040 2195 1154 2232 dixit:
1188 2195 1265 2241 sed,
1295 2206 1382 2232 cum

307 2255 402 2286 esset
427 2250 605 2297 Pontifex
632 2249 727 2286 anni
753 2249 863 2295 illius,
886 2249 1131 2298 prophetavit
1159 2248 1248 2296 quia
1277 2249 1383 2285 Iesus

307 2303 515 2340 moriturus
543 2307 626 2339 erat
639 2314 712 2351 pro
740 2310 864 2352 gente,
895 2309 964 2339 etc.
1003 2302 1081 2339 Sed
1109 2302 1185 2338 hoc
1214 2300 1382 2350 Caiphas

309 2368 388 2393 non
424 2356 617 2404 cognovit.
656 2356 760 2403 Ergo
795 2367 875 2392 non
912 2355 1039 2392 omnis
1077 2354 1141 2403 qui
1179 2354 1384 2403 prophetat

310 2408 507 2456 cognoscit
535 2421 581 2446 ea
609 2421 709 2458 quae
738 2409 952 2457 prophetat.

364 2463 592 2499 Responnso
612 2474 799 2499 morannum
829 2462 935 2511 quod
963 2461 1001 2498 in
1031 2460 1266 2498 revelatione
1295 2473 1383 2510 pro·

309 2515 461 2564 phetica
481 2522 662 2553 movetur
675 2527 786 2552 mens
804 2515 1015 2564 prophetae
1036 2526 1059 2551 a
1079 2513 1221 2562 Spiritu
1242 2514 1384 2551 Sancto

310 2569 406 2606 sicut
434 2569 730 2607 instrumentum
760 2568 943 2606 deficiens
964 2575 1139 2617 respectu
1167 2566 1385 2616 principalis

310 2622 467 2671 agentis.
498 2622 682 2659 Movetur
701 2629 830 2659 autern
851 2634 961 2659 mens
984 2621 1196 2670 prophetae
1226 2633 1304 2658 non
1324 2633 1384 2657 so-

309 2677 389 2712 lum
419 2676 468 2713 ad
497 2675 639 2724 aliquid
668 2675 1063 2725 apprehendendum,
1093 2674 1161 2711 sed
1191 2673 1306 2711 etiam
1335 2674 1385 2711 ad

311 2729 454 2777 aliquid
483 2728 723 2778 loquendum
748 2730 811 2767 vel
831 2729 880 2767 ad
909 2727 1052 2778 aliquid
1079 2727 1319 2765 faciendum:
1350 2734 1386 2764 et

311 2782 546 2831 quandoque
574 2782 732 2832 quidem
762 2783 811 2820 ad
841 2782 973 2819 omnia
1000 2781 1070 2819 tria
1099 2781 1235 2828 simul,
1264 2792 1385 2828 quan-

313 2836 442 2884 doque
479 2843 609 2873 autem
639 2836 687 2873 ad
718 2835 795 2873 duo
825 2837 988 2882 horum,
1018 2834 1254 2884 quandoque
1290 2846 1385 2871 vero

321 1108 369 1157 ιη’

67 1830 77 1839 ⁴
91 1828 157 1850 Vers.
172 1834 204 1857 ¹9·

67 2151 77 2161 ⁸
90 2149 156 2171 Vers.
172 2155 198 2178 5¹·

366 2956 394 2987 α)
414 2956 576 2982 accessisset.
588 2970 608 2975 -
625 2957 789 2989 accepissent
807 2957 851 2987 sC,
869 2958 1014 2990 accepisset
1033 2958 1119 2983 ceteri.

313 3028 335 3053 t·
366 2991 499 3053 mptumen
521 2992 681 3025 prophetiae
699 2995 739 3018 est
761 2993 944 3019 excellentius.
957 3007 974 3012 -
995 2994 1082 3019 maius
1100 2997 1140 3019 est
1159 2994 1246 3020 lumen
1268 2995 1386 3035 prophe-

325 3035 368 3053 tae
407 3035 432 3054 a.

365 3064 392 3097 γ)
413 3063 537 3089 intendit.
549 3077 568 3083 -
586 3063 710 3089 intendat
728 3063 911 3090 ABDEFHIK.

1428 967 1478 1004 ad
1506 979 1628 1004 unum
1656 975 1818 1005 tantum.
1849 968 1898 1005 Et
1926 968 2123 1017 quodlibet
2151 969 2292 1007 horum
2322 971 2505 1020 contingit

1430 1033 1513 1057 esse
1542 1033 1632 1058 cum
1661 1021 1790 1070 aliquo
1820 1021 2047 1069 cognitionis
2077 1022 2240 1060 defectu.
2274 1023 2380 1061 Nam
2414 1037 2504 1062 curn

1429 1086 1540 1111 mens
1576 1075 1789 1123 prophetae
1827 1082 2007 1112 movetur
2036 1075 2085 1112 ad
2121 1075 2265 1124 aliquid
2302 1077 2505 1115 aestiman-

1430 1127 1522 1164 dum
1556 1129 1619 1165 vel
1653 1128 2044 1177 apprehendendum,
2076 1129 2312 1178 quandoque
2346 1130 2506 1178 quidem

1428 1181 1618 1218 inducitur
1646 1181 1696 1219 ad
1724 1182 1800 1218 hoc
1828 1181 1935 1230 quod
1963 1183 2091 1219 solum
2120 1183 2385 1232 apprehendat
2423 1195 2506 1221 rem

1429 1234 1550 1271 illam:
1588 1235 1822 1284 quandoque
1860 1243 1989 1273 autem
2026 1236 2183 1273 ulterius
2220 1236 2269 1274 ad
2297 1237 2373 1274 hoc
2402 1238 2507 1287 quod

1431 1296 1639 1336 cognoscat
1665 1289 1762 1326 haec
1798 1288 1869 1325 sibi
1898 1301 1980 1326 esse
2019 1289 2199 1326 divinitus
2227 1291 2409 1328 revelata.
2450 1291 2507 1328 Si-

1430 1341 1568 1379 militer
1597 1342 1712 1379 etiam
1733 1342 1971 1390 quandoque
2001 1350 2181 1380 movetur
2206 1355 2318 1380 mens
2342 1345 2509 1394 prophe-

1429 1402 1489 1432 tae
1520 1396 1570 1433 ad
1599 1395 1742 1444 aliquid
1771 1396 2026 1445 loquendum,
2047 1396 2098 1433 ita
2126 1396 2233 1445 quod
2261 1396 2442 1446 intelligat
2469 1398 2508 1436 id

1431 1449 1537 1497 quod
1565 1461 1634 1498 per
1661 1450 1758 1486 haec
1781 1450 1901 1486 verba
1930 1449 2092 1499 Spiritus
2112 1450 2276 1487 Sanctus
2305 1450 2466 1489 intendit
2478 1455 2507 1499 Υ,

1430 1502 1527 1539 sicut
1555 1502 1695 1550 David,
1725 1503 1791 1552 qui
1820 1503 1982 1552 dicebat,
2005 1504 2036 1539 II
2057 1504 2155 1554 Reg.
2175 1515 2261 1540 xxm
2280 1503 2321 1541 *τ
2349 1505 2511 1554 Spiritus

1431 1556 1592 1592 Domini
1624 1555 1770 1593 locutus
1802 1562 1857 1593 est
1877 1568 1951 1605 per
1983 1568 2066 1593 me:
2103 1557 2340 1606 quandoque
2377 1565 2508 1596 autem

1430 1609 1492 1646 ille
1522 1608 1630 1646 euius
1657 1621 1767 1646 mens
1795 1617 1976 1647 movetur
2004 1610 2053 1648 ad
2082 1610 2209 1659 aliqua
2226 1611 2348 1648 verba
2372 1611 2510 1661 depro-

1432 1662 1577 1700 menda
1595 1660 1621 1709 ⁸,
1651 1675 1731 1700 non
1750 1662 1920 1711 intelligit
1946 1663 2041 1712 quid
2069 1663 2230 1712 Spiritus
2250 1664 2414 1702 Sanctus
2441 1677 2512 1714 per

1431 1717 1528 1753 haec
1546 1716 1668 1752 verba
1696 1715 1879 1764 intendat,
1900 1716 1997 1753 sicut
2016 1723 2120 1766 patet
2148 1717 2195 1754 de
2221 1717 2381 1767 Caipha,
2403 1719 2509 1756 Ioan.

1432 1781 1467 1805 x1
1487 1768 1519 1805 *.
1550 1768 1730 1806 Similiter
1750 1769 1864 1806 etiarn
1889 1782 1979 1807 cum
2000 1769 2162 1819 Spiritus
2191 1771 2355 1808 Sanctus
2374 1779 2511 1810 movet

1433 1829 1605 1858 mentem
1634 1821 1794 1859 alicuius
1823 1822 1872 1859 ad
1901 1822 2044 1871 aliquid
2073 1823 2306 1872 faciendum,
2337 1824 2511 1874 quando—

1433 1887 1508 1924 que
1541 1874 1701 1922 quidem
1739 1875 1908 1924 intelligit
1942 1875 2036 1925 quid
2068 1877 2145 1913 hoc
2182 1877 2385 1926 significet,
2414 1878 2512 1916 sicut

1433 1935 1537 1976 patet
1566 1928 1613 1965 de
1635 1927 1809 1975 Ieremia,
1840 1928 1906 1977 qui
1933 1929 2135 1967 abscondit
2162 1930 2337 1967 lumbare
2366 1931 2406 1968 in
2433 1932 2511 1969 Eu-

1433 1982 1616 2030 phraten,
1649 1988 1692 2018 ut
1736 1982 1900 2018 habetur
1936 1983 2072 2019 Ierem.
2108 1994 2170 2020 xm
2198 1983 2236 2020 *t
2275 1984 2511 2034 quandoque

1432 2046 1528 2072 vero
1550 2046 1628 2071 non
1649 2034 1859 2083 intelligunt
1878 2039 1903 2084 ⁸,
1932 2035 2030 2072 sicut
2049 2035 2186 2073 milites
2210 2036 2425 2075 dividentes
2443 2050 2512 2076 ve-

1434 2087 1612 2125 stimenta
1633 2087 1771 2125 Christi
1784 2087 1804 2110 *
1824 2101 1904 2126 non
1930 2088 2188 2138 intelligebant
2211 2089 2304 2140 quid
2324 2090 2514 2140 significa·
2533 2098 2612 2152 {nm
2625 2129 2685 2147 vm.
2699 2129 2732 2153 ³⁵·

1435 2149 1492 2179 ret
1511 2140 1535 2179 ζ.
1573 2141 1675 2178 Cum
1705 2154 1795 2190 ergo
1829 2141 1966 2191 aliquis
2003 2143 2200 2191 cognoscit
2231 2156 2272 2181 se
2311 2145 2462 2183 moveri
2490 2157 2514 2183 a

1436 2194 1579 2244 Spiritu
1609 2195 1751 2232 Sancto
1782 2195 1831 2233 ad
1860 2195 2002 2245 aliquid
2031 2196 2337 2246 aestimandum,
2365 2199 2430 2236 vel
2465 2198 2513 2236 si-

1434 2248 1696 2297 gnificandum
1714 2249 1837 2285 verbo
1857 2250 1920 2286 vel
1950 2250 2062 2298 facto,
2083 2251 2159 2288 hoc
2182 2251 2336 2300 proprie
2356 2251 2406 2290 ad
2424 2264 2514 2302 pro-

1435 2300 1606 2351 phetiam
1635 2301 1810 2350 pertinet.
1842 2302 1943 2339 Cum
1963 2311 2092 2340 autem
2122 2311 2315 2353 movetur,
2336 2305 2405 2343 sed
2433 2317 2513 2343 non

1437 2353 1645 2403 cognoscit,
1667 2367 1747 2392 non
1767 2362 1823 2392 est
1842 2356 2010 2404 perfecta
2029 2357 2243 2406 prophetia,
2264 2357 2333 2396 sed
2353 2358 2513 2407 quidam

1437 2407 1635 2445 instinctus
1663 2408 1924 2457 propheticus.

1493 2460 1702 2498 Sciendum
1731 2469 1861 2499 tamen
1890 2462 2009 2511 quod,
2039 2462 2129 2512 quia
2158 2475 2269 2502 mens
2301 2465 2514 2514 prophetae

1439 2521 1494 2551 est
1521 2514 1818 2552 instrumentum
1839 2515 2034 2563 deficiens,
2055 2516 2152 2553 sicut
2179 2517 2324 2554 dictum
2354 2525 2421 2566 est,
2443 2523 2513 2555 et''⁴

1436 2567 1518 2604 veri
1547 2568 1760 2616 prophetae
1799 2581 1878 2606 non
1913 2569 2044 2606 omnia
2074 2578 2312 2618 cognoscunt
2344 2583 2446 2620 quae
2474 2570 2513 2609 in

1438 2633 1575 2657 eorum
1604 2621 1697 2658 visis
1726 2629 1791 2659 aut
1818 2622 1948 2660 verbis
1977 2630 2041 2660 aut
2070 2623 2185 2661 etiam
2215 2623 2322 2662 factis
2351 2623 2514 2674 Spiritus

1439 2674 1604 2711 Sanctus
1632 2674 1805 2713 intendit.

1493 2728 1542 2764 Et
1570 2739 1639 2776 per
1665 2728 1741 2766 hoc
1769 2736 1873 2778 patet
1901 2729 2101 2779 responsio
2130 2729 2180 2768 ad
2209 2730 2370 2768 obiecta.
2408 2731 2512 2768 Nam

1439 2781 1587 2830 primae
1625 2781 1791 2819 rationes
1827 2782 2036 2832 loquuntur
2074 2783 2121 2820 de
2156 2783 2258 2821 veris
2294 2783 2512 2834 prophetis,

1438 2846 1606 2882 quorum
1636 2847 1747 2872 mens
1777 2835 1958 2874 divinitus
1986 2836 2192 2874 illustratur
2218 2837 2398 2887 perfecte.

1493 2959 1518 2992 ὃ)
1539 2959 1729 2992 depromenda.
1741 2973 1761 2980 -
1778 2959 1956 2992 deprimenda
1975 2960 2097 2994 HKLpC,
2109 2960 2291 2993 exprimenda
2309 2960 2380 2986 PDa.

1494 2997 1516 3028 ε)
1537 2995 1700 3029 intelligunt.
1714 3009 1734 3016 -
1751 2995 1879 3029 intelligit
1898 2995 1978 3021 PDH.

1493 3031 1519 3065 ζ)
1538 3031 1713 3065 significaret.
1725 3045 1745 3051 —
1759 3031 1948 3065 significarent
1967 3031 2021 3057 ΡΗ.

1494 3068 1521 3100 η)
1541 3071 1575 3094 et.
1588 3081 1606 3087 -
1624 3071 1673 3093 aut
1691 3068 1722 3098 Α,
1742 3067 1802 3092 ideo
1819 3070 1847 3092 et
1864 3068 1894 3098 Β,
1912 3066 1994 3092 etfam
2014 3066 2093 3093 PHL.

993 3144 1332 3179 Commentariis.
1355 3147 1611 3180 Cardinalis
1632 3148 1837 3181 Caietani

345 3233 364 3252 N
388 3223 521 3254 articulo
545 3230 660 3264 quarto
685 3223 828 3254 eiusdem
852 3224 1047 3265 quaestionis
1067 3226 1383 3267 centesimaeseptua-

126 3280 288 3303 mmmm.
317 3234 609 3306 Igesimaetertiae,
634 3267 710 3308 quia
737 3268 883 3308 superius
898 3268 916 3288 *
939 3269 1134 3300 declaratum
1158 3277 1204 3302 est
1231 3271 1321 3312 quod
1343 3272 1383 3303 de

75 3307 100 3350 ᾗ(
148 3305 243 3324 tument.
265 3309 287 3324 ¹¹·
315 3311 494 3350 cognitione
527 3312 664 3343 evidenti
694 3319 741 3343 est
770 3322 892 3350 sermo;
924 3314 1014 3354 quod
1038 3314 1134 3345 etiam
1162 3315 1212 3346 hic
1242 3322 1328 3355 patet
1350 3316 1384 3346 in

315 3355 522 3394 responsione
545 3356 584 3386 ad
609 3364 805 3397 argumenta,
829 3358 910 3388 dum
933 3358 1047 3389 dicitur
1070 3359 1160 3399 quod
1178 3361 1309 3400 primae
1331 3371 1384 3391 ra-

316 3399 418 3429 tiones
433 3399 608 3440 loquuntur
622 3401 663 3432 de
679 3402 764 3432 veris
773 3402 951 3442 prophetis,
968 3412 1106 3443 quorum
1125 3413 1215 3435 mens
1230 3405 1386 3436 divinitus

317 3443 502 3474 illustratur
518 3444 679 3485 perfecte,
705 3453 735 3476 et
759 3453 883 3477 constat
905 3447 994 3487 quod
1018 3454 1080 3479 tres
1103 3448 1225 3488 primae
1248 3449 1386 3480 rationes

317 3487 357 3517 de
377 3487 557 3527 cognitione
574 3489 708 3520 evidenti
725 3490 920 3531 loquuntur;
945 3491 1019 3522 ideo
1035 3502 1102 3522 non
1118 3499 1165 3523 est
1179 3492 1231 3524 hic
1246 3492 1386 3534 amplius

317 3530 567 3568 immorandum,
591 3533 646 3563 sed
669 3532 862 3565 firmandum
885 3535 974 3576 quod
998 3536 1172 3576 prophetae
1188 3537 1253 3568 veri
1276 3538 1386 3578 quoad

317 3575 384 3606 duo
409 3575 525 3606 habent
544 3575 750 3608 evidentiam:
775 3578 891 3610 scilicet
907 3580 1015 3620 quoad
1030 3580 1134 3621 ipsam
1149 3581 1385 3617 revelationem,

318 3619 407 3660 quod
431 3626 478 3651 est
500 3630 518 3650 a
542 3620 627 3656 Deo;
652 3628 682 3651 et
705 3622 813 3661 quoad
834 3623 978 3660 revelata,
1002 3625 1092 3664 quod
1115 3631 1190 3656 sunt
1212 3624 1319 3656 futura
1342 3625 1386 3656 sic

1435 3228 1486 3258 vel
1509 3228 1563 3265 sic,
1589 3235 1687 3269 prout
1709 3228 1896 3264 revelantur,
1917 3234 1949 3258 et
1971 3227 2061 3268 quod
2084 3233 2159 3258 sunt
2182 3227 2253 3258 talis
2277 3227 2327 3258 vel
2350 3227 2422 3260 talis
2438 3239 2515 3260 con·

1436 3272 1566 3303 ditionis
1590 3273 1754 3309 revelatae,
1779 3278 1876 3313 prout
1898 3278 2007 3302 tamen
2030 3271 2220 3302 revelantur.

1492 3317 1533 3348 Et
1556 3317 1630 3348 hinc
1654 3316 1788 3348 solvitur
1810 3315 1957 3356 quaestio
1981 3315 2138 3356 superius,
2162 3315 2196 3346 in
2220 3323 2275 3348 art.
2298 3317 2368 3354 ult„
2389 3317 2428 3348 ad
2449 3327 2468 3348 2
2483 3317 2511 3355 ¹⁸¹,

1437 3371 1491 3402 qu.
1509 3371 1610 3398 chxr,
1635 3360 1751 3396 relicta,
1775 3360 1815 3391 de
1837 3358 2005 3400 prophetia
2029 3360 2300 3392 comminationis.
2329 3361 2414 3392 Nam
2438 3371 2511 3403 pro-

1438 3405 1533 3446 pheta
1562 3405 1613 3436 cui
1644 3405 1800 3436 revelatur
1827 3403 1948 3444 aliquid
1978 3403 2124 3435 futurum
2147 3404 2181 3435 in
2204 3405 2326 3442 causis,
2351 3405 2513 3438 evidenter

1438 3449 1602 3490 cognoscit
1623 3448 1704 3480 illud
1727 3447 1873 3479 futurum
1896 3447 1930 3478 in
1954 3448 2056 3479 causis
2071 3448 2172 3480 illius:
2198 3449 2354 3490 quoniam
2370 3450 2511 3491 cognitio

1438 3493 1506 3525 eius
1530 3500 1577 3524 est
1598 3492 1775 3523 similitudo
1799 3491 1924 3523 divinae
1947 3492 2095 3524 scientiae
2119 3494 2158 3524 de
2182 3493 2240 3525 illo
2264 3493 2374 3526 futuro
2397 3494 2431 3525 in
2450 3494 2511 3526 illis

1438 3537 1552 3568 causis.
1577 3536 1639 3567 Sed
1662 3546 1729 3567 non
1753 3542 1880 3577 oportet
1903 3537 1993 3578 quod
2017 3537 2094 3569 sciat
2116 3537 2191 3569 hinc
2215 3548 2255 3569 an
2270 3538 2310 3570 sit
2333 3538 2429 3570 etiam
2452 3548 2510 3579 po—

1438 3581 1582 3612 nendum
1612 3580 1645 3611 in
1674 3590 1741 3611 esse
1770 3579 1850 3611 illud
1879 3580 2042 3612 futurum:
2077 3582 2132 3613 sed
2159 3589 2318 3623 quantum
2345 3589 2393 3615 est
2420 3592 2457 3614 ex
2479 3582 2511 3613 vi

1436 3624 1522 3656 illius
1546 3624 1749 3665 propheticae
1767 3625 1968 3665 cognitionis,
1989 3632 2131 3658 remanet
2146 3626 2336 3667 ambiguum
2355 3627 2388 3657 in
2404 3633 2511 3658 mente

2535 1509 2660 1533 'Vesae-

2537 1774 2672 1798 ’mein

2564 1988 2629 2011 vm.
2638 1993 2682 2017 ⁵29
2695 1993 2748 2016 *tq-

2575 2096 2656 2120 Hmh·
2697 2102 2747 2124 esp.

2571 3318 2704 3342 commem.
2727 3324 2751 3341 a.
