2768 4198
182 883 262 904 ω’

48 936 59 947 .

49 1542 59 1553 ·
65 1541 89 1564 1·
97 1540 152 1569 11⁴⁹,
161 1547 200 1570 qu.
207 1548 261 1570 nv,

47 1571 90 1590 m.
111 1574 126 1591 ι.

47 1642 262 1693 ’sq-rp.1'r·,mn.v3¹.-

47 1850 66 1900 's
123 1866 130 1872 '
145 1857 264 1900 '1:22¹'ss

49 1961 262 2012 :sm-0·-

50 2073 60 2083 ⁴
70 2071 94 2094 S.
104 2071 149 2094 Th.
160 2072 212 2094 lect.
220 2077 262 2093 vu.

47 2109 60 2114 -
80 2098 132 2121 Did.
157 2098 196 2120 lib.
221 2097 263 2124 IX,

49 2131 99 2153 up.
114 2131 136 2147 v.

158 2421 262 2464 enfin.

946 257 1215 304 QUAESTlO
1245 258 1458 304 CXXXIV,
1488 256 1788 294 ARTlCULUS
1819 257 1830 292 l

519 482 933 562 QUAESTIO
977 482 2264 561 CENTESIMATRIGESIMAQUARTA

1032 604 1124 645 DE
1174 604 1746 645 MAGNIFICENTIA

1077 720 1111 745 IN
1141 720 1316 751 QUATUOR
1343 720 1547 746 ARTICULOS
1577 720 1696 745 DIVlSA

373 827 481 852 mum-2
508 815 832 853 considerandum
862 824 918 853 est
953 816 1000 853 de
1035 815 1318 864 magnificentia
1341 815 1362 837 '⁸

292 827 411 910 Det
437 868 538 906 vitiis
568 869 753 918 oppositis
772 869 804 906 ²¹³.

290 923 400 961 Circa
447 922 772 971 magnificentiam
821 930 948 960 autem
991 930 1226 972 quaeruntur
1270 935 1388 972 qua—g

397 984 495 1013 tuor.

1470 814 1624 852 Primo:
1654 823 1783 852 utrum
1812 813 2097 862 magnificentia
2125 813 2170 850 sit
2196 813 2326 850 virtus.

1472 869 1675 905 Secundo:
1704 875 1833 905 utrum
1863 867 1908 904 sit
1936 867 2056 904 virtus
2085 866 2269 916 specialis.

1470 921 1623 958 Tertio:
1655 933 1753 970 quae
1784 921 1829 957 sit
1856 920 2015 957 materia
2045 920 2138 957 eius.

1470 975 1638 1022 Quarto:
1668 982 1797 1011 utrum
1827 973 1872 1010 sit
1900 986 1988 1023 pars
2016 973 2256 1010 fortitudinis.

1112 1101 1431 1144 ARTICULUS
1463 1101 1671 1144 PRIMUS

990 1196 1146 1228 UTRUM
1169 1195 1517 1227 MAGNIFICENTIA
1543 1195 1610 1226 SIT
1634 1195 1793 1226 vim-us

1050 1276 1142 1308 Supra,
1162 1282 1207 1308 qu.
1226 1282 1310 1305 cmx,
1329 1279 1377 1301 art.
1398 1281 1426 1305 23
1445 1274 1480 1299 lv
1501 1274 1598 1306 Ethic.,
1618 1275 1676 1299 lect.
1695 1282 1730 1300 vt.

306 1467 426 1521 '‘5“07,
450 1474 619 1512 habet
646 1485 766 1510 unam
784 1471 977 1519 virtutem,
1005 1470 1123 1507 habet
1150 1483 1299 1519 omnes,
1320 1478 1362 1507 ut

311 1508 442 1565 [ΨΦ
459 1522 490 1563 Χ
504 1539 619 1577 supra
637 1526 658 1548 *
684 1526 856 1564 habitum
876 1533 943 1563 est.
974 1524 1052 1562 Sed
1072 1523 1208 1574 aliquis
1237 1532 1362 1574 potest

290 1582 432 1620 habere
446 1581 539 1618 alias
553 1581 711 1618 virtutes
727 1580 808 1628 sine
824 1577 1127 1628 magnificentia:
1149 1578 1239 1616 dicit
1258 1578 1361 1616 enim

288 1635 559 1685 Philosophus,
589 1634 627 1671 in
656 1634 709 1671 IV
735 1634 856 1671 Ethic.
877 1633 909 1681 *,
939 1633 1045 1683 quod
1074 1643 1148 1669 non
1169 1633 1292 1670 omnis
1321 1632 1362 1669 li-

289 1688 427 1727 beralis
459 1693 514 1726 est
547 1688 786 1738 magnificus.
824 1687 927 1736 Ergo
966 1685 1249 1735 magnificentia
1283 1698 1362 1724 non
1390 1683 1392 1710 Ρ

290 1750 346 1780 est
372 1742 505 1780 virtus.

1388 1493 1390 1545 l

345 1807 380 1833 2.
402 1797 638 1842 PRAETEREA,
659 1795 778 1832 virtus
798 1794 954 1832 moralis
974 1793 1142 1832 consistit
1161 1793 1199 1831 in
1220 1792 1362 1840 medio,
1391 1797 1392 1813 ³

289 1857 331 1887 ut
359 1850 398 1887 in
427 1851 458 1886 lI
488 1849 608 1886 Ethic.
629 1848 650 1870 '¹‘
678 1848 826 1886 dicitur.
866 1848 943 1886 Sed
973 1847 1256 1896 magnificentia
1285 1859 1364 1884 non

288 1903 442 1941 videtur
475 1902 682 1940 consistere
711 1902 748 1938 in
777 1901 920 1939 medio.
959 1900 1231 1950 Superexcellit
1261 1900 1362 1937 enim

290 1957 550 1995 liberalitatem
579 1955 841 2006 magnitudine
858 1955 890 1992 *.
921 1956 1107 2004 Magnum
1137 1962 1266 1991 autem
1296 1966 1364 2003 op-

290 2010 445 2061 ponitur
471 2022 594 2059 parvo
624 2009 720 2046 sicut
748 2015 976 2055 extremum,
998 2020 1165 2058 quorum
1190 2007 1363 2045 medium
1391 2005 1393 2028 ³

292 2072 348 2102 est
366 2064 537 2112 aequale,
558 2071 600 2100 ut
628 2062 764 2100 dicitur
782 2063 817 2100 X
836 2062 1056 2111 Metaphys.
1077 2062 1098 2084 ’¹‘
1126 2062 1175 2099 Et
1196 2061 1248 2099 sic
1271 2073 1353 2099 ma-

290 2117 508 2167 gnificentia
535 2129 615 2154 non
653 2125 709 2153 est
744 2116 783 2153 in
818 2115 967 2164 medio,
1002 2117 1070 2153 sed
1107 2115 1147 2152 in
1180 2124 1364 2152 extremo.

292 2173 394 2220 Ergo
424 2183 503 2208 non
533 2178 589 2209 est
615 2169 748 2207 virtus.

347 2227 382 2263 3.
412 2225 655 2271 PRAETEREA,
685 2223 787 2260 nulla
822 2222 944 2260 virtus
980 2221 1230 2260 contrariatur
1264 2222 1365 2259 incli-

291 2277 436 2316 nationi
464 2276 636 2324 naturali,
657 2276 725 2314 sed
750 2275 870 2324 magis
898 2275 1048 2325 perficit
1075 2275 1212 2324 ipsam,
1233 2283 1275 2312 ut
1302 2289 1365 2313 su-

289 2331 392 2382 pra*
414 2330 589 2368 habitum
611 2337 677 2367 est.
709 2329 787 2367 Sed
807 2329 903 2367 sicut
922 2329 1182 2378 Philosophus
1202 2329 1304 2377 dicit,
1325 2330 1364 2368 in

290 2385 343 2423 IV
369 2385 489 2423 Ethic.
510 2383 548 2433 ²¹³,
577 2383 808 2435 magnificus
836 2395 911 2420 non
941 2389 994 2420 est
1019 2388 1259 2431 sumptuosus
1279 2389 1297 2405 ‘²
1326 2385 1363 2422 in

289 2439 475 2488 seipsum.-
508 2437 614 2488 quod
650 2445 706 2475 est
734 2444 868 2475 contra
901 2436 1186 2474 inclinationem
1214 2445 1365 2475 natura-

290 2494 388 2541 lem,
422 2504 492 2542 per
528 2490 818 2540 quam'aliquis
860 2490 1028 2529 maxime
1063 2491 1243 2540 providet
1279 2491 1364 2530 sibi.

291 2547 395 2595 Ergo
425 2544 707 2594 magnificentia
735 2556 815 2582 non
844 2552 900 2582 est
926 2544 1059 2582 virtus.

344 2611 383 2646 4.
408 2600 652 2646 PRAETEREA,
679 2597 894 2636 secundum
921 2598 1215 2647 Philosophum,
1245 2598 1285 2636 in
1312 2599 1364 2635 VI

173 2671 179 2682 ‚
212 2671 217 2676 ·
246 2666 265 2703 3ss
289 2653 412 2690 Ethic.
432 2652 464 2700 ²¹²,
494 2665 555 2690 ars
584 2659 641 2689 est
669 2658 772 2689 recta
800 2652 897 2689 ratio
909 2651 1156 2701 factibilium.
1187 2652 1266 2690 Sed
1285 2665 1367 2690 ma-

291 2705 508 2755 gnificentia
529 2713 584 2743 est
612 2705 711 2743 circa
740 2705 937 2743 factibilia:
967 2713 1008 2742 ut
1027 2717 1074 2742 ex
1092 2704 1177 2754 ipso
1206 2706 1364 2744 nornine

292 2767 461 2810 apparet.
492 2760 595 2808 Ergo
616 2758 737 2808 magis
766 2768 822 2796 est
850 2771 911 2796 ars
938 2771 1056 2808 quam
1085 2758 1216 2797 virtus.

347 2814 422 2851 SED
461 2825 629 2860 CONTRA,
670 2813 791 2850 virtus
828 2813 1000 2850 humana
1038 2819 1094 2849 est
1129 2812 1366 2863 participatio

291 2868 485 2916 quaedam
500 2866 648 2904 virtutis
669 2866 833 2905 divinae.
855 2867 933 2905 Sed
952 2865 1236 2914 magnificentia
1253 2867 1366 2916 perti-

260 2948 264 2953 .
291 2929 357 2959 net
371 2921 420 2959 ad
434 2921 615 2958 virtutem
631 2920 819 2958 divinam:
841 2921 1056 2958 secundum
1076 2919 1168 2957 illud
1178 2920 1366 2958 Psalmi*:

291 2975 585 3026 Magnificentia
613 2974 692 3011 eius
711 2980 748 3011 et
766 2974 885 3012 virtus
903 2974 982 3011 eius
1001 2974 1039 3011 in
1061 2973 1232 3011 nubibus.
1262 2975 1366 3023 Ergo

292 3028 578 3077 magnificentia
606 3028 663 3065 est
688 3027 822 3066 virtus.

330 1398 376 1426 „3
427 1393 477 1429 Μ(
503 1379 526 1404 D
550 1378 688 1404 patmum
716 1377 770 1403 εις
798 1375 1041 1403 PROCEDtTUR.
1070 1363 1231 1400 Videtur
1255 1363 1360 1413 quod
1387 1366 1389 1371 ’
1416 1363 1566 1412 operari
1596 1362 1738 1412 aliquid
1758 1375 1957 1412 magnum,
1979 1375 2023 1400 ex
2054 1377 2131 1414 quo
2157 1365 2319 1402 sumitur
2348 1378 2492 1403 nomen

322 1414 472 1483 §.2⁴¹ssjS
504 1419 786 1469 magnificentia
814 1430 892 1456 non
923 1418 969 1455 sit
995 1416 1128 1454 virtus.
1159 1416 1236 1464 Qui
1257 1417 1361 1455 enim
1387 1430 1389 1436 ’

1416 1417 1734 1467 magnificentiae,
1763 1417 1917 1466 proprie
1946 1417 2109 1466 pertinet
2129 1418 2177 1456 ad
2203 1418 2389 1456 rationem
2419 1419 2492 1456 vir-

1416 1471 1516 1508 tutis.
1547 1470 1659 1508 Unde
1687 1470 1971 1519 magnificentia
1999 1472 2174 1509 nominat
2201 1473 2393 1510 virtutem.

1470 1526 1530 1561 An
1559 1536 1697 1562 ramum
1726 1535 1826 1561 ERGO
1855 1536 2040 1562 D1CENDUM
2065 1526 2170 1575 quod
2200 1538 2278 1563 non
2308 1526 2434 1564 omnis
2453 1526 2494 1562 li-

1417 1578 1556 1616 beralis
1585 1585 1641 1615 est
1670 1578 1897 1626 magnificus
1926 1586 2114 1627 quantum
2143 1579 2191 1617 ad
2221 1588 2366 1617 actum:
2404 1579 2494 1630 quia

1419 1633 1557 1670 desunt
1585 1631 1654 1669 sibi
1684 1644 1729 1669 ea
1757 1631 1897 1680 quibus
1925 1632 1979 1669 uti
2008 1645 2164 1671 necesse
2195 1641 2250 1671 est
2279 1634 2327 1671 ad
2365 1641 2492 1671 actum

1418 1686 1680 1735 magnificum.
1711 1686 1864 1723 Tamen
1895 1686 2022 1724 omnis
2051 1687 2215 1724 liberalis
2243 1688 2360 1725 habet
2387 1687 2493 1724 habi-

1418 1748 1499 1777 tum
1539 1740 1858 1788 magnificentiae,
1887 1741 1950 1777 vel
1980 1748 2066 1777 actu
2100 1741 2162 1778 vel
2201 1741 2239 1778 in
2276 1741 2494 1790 propinqua

1420 1794 1684 1843 dispositione:
1710 1801 1751 1830 ut
1779 1805 1894 1842 supra
1913 1793 1934 1815 ’¹‘
1963 1793 2106 1838 dictum
2137 1802 2203 1842 est,
2227 1807 2315 1831 cum
2336 1796 2383 1832 de
2405 1807 2494 1831 con·
2521 1805 2530 1813 ·

1419 1847 1582 1885 nexione
1610 1847 1794 1884 virtutum
1824 1855 2008 1895 ageretur.

1474 1903 1532 1938 Ao
1553 1913 1745 1938 SECUNDUM
1766 1912 1953 1938 DICENDUM
1974 1901 2079 1950 quod
2100 1901 2384 1949 magnificentia
2404 1913 2494 1938 con-

1419 1955 1512 1992 sistit
1540 1955 1696 2003 quidem
1726 1954 1765 1991 in
1794 1962 1985 2001 extremo,
2017 1955 2256 1992 considerata
2285 1954 2492 2004 quantitate

1421 2009 1501 2045 eius
1530 2008 1636 2057 quod
1665 2007 1762 2045 facit.
1805 2008 1882 2045 Sed
1911 2016 2041 2046 tamen
2070 2009 2108 2045 in
2143 2008 2273 2046 medio
2313 2008 2492 2056 consistit,

1421 2062 1659 2100 considerata
1689 2062 1818 2110 regula
1848 2061 2016 2109 rationis,
2039 2074 2060 2099 a
2080 2074 2156 2111 qua
2176 2075 2255 2099 non
2276 2062 2403 2100 deficit
2423 2074 2494 2099 nec

1391 2162 1393 2167 Ι
1421 2128 1507 2153 eam
1537 2115 1698 2153 excedit:
1738 2115 1834 2152 sicut
1863 2123 1899 2152 et
1927 2115 1975 2153 de
2009 2116 2320 2164 magnanimitate
2351 2116 2493 2153 dictum

1391 2172 1393 2179 ’
1420 2178 1476 2207 est
1494 2169 1526 2206 ²⁸⁸.

1472 2225 1532 2260 An
1560 2234 1722 2259 TERTmM
1749 2233 1936 2260 DlCENDUM
1961 2222 2069 2270 quod
2097 2222 2147 2259 ad
2171 2222 2494 2271 magnificentiam

1391 2314 1392 2317 ,
1418 2275 1580 2326 pertinet
1598 2276 1723 2312 facere
1744 2275 1888 2325 aliquid
1909 2287 2106 2324 magnum.
2129 2276 2246 2323 Quod
2262 2283 2391 2313 autem
2411 2289 2495 2326 per-

1391 2344 1392 2359 ι
1418 2329 1511 2367 tinet
1531 2329 1581 2367 ad
1600 2341 1809 2379 personam
1835 2329 2147 2378 uniuscuiusque,
2169 2337 2226 2367 est
2249 2330 2392 2379 aliquid
2411 2343 2497 2380 par-

347 3083 575 3120 RESPONDEO
605 3093 791 3119 DICENDUM
829 3081 952 3131 quod,
982 3080 1078 3118 sicut
1113 3080 1249 3118 dicitur
1283 3081 1322 3118 in
1351 3083 1365 3118 I
1394 3073 1395 3076 ¹

149 3148 183 3169 ¹·
211 3158 216 3164 ·
242 3154 265 3191 .νῇ
293 3136 339 3173 de
371 3136 485 3174 Caelo
504 3135 537 3184 ²⁸,
565 3136 684 3173 virtus
712 3136 848 3173 dicitur
870 3147 943 3184 per
970 3135 1293 3183 comparationem
1316 3135 1368 3172 ad

295 3189 466 3227 ultimum
495 3189 533 3227 in
562 3190 665 3239 quod
679 3189 849 3238 potentia
871 3194 1012 3238 potest.-
1040 3201 1119 3226 non
1138 3188 1298 3237 quidem
1317 3189 1367 3226 ad
1394 3187 1397 3200 ²

295 3242 472 3280 ultimum
501 3255 547 3280 ex
574 3251 682 3293 parte
711 3243 901 3289 defectus;
932 3242 1001 3280 sed
1030 3254 1075 3279 ex
1103 3250 1211 3291 parte
1240 3254 1366 3279 exces-
1394 3273 1396 3278 .

296 3308 371 3343 sus,
402 3296 508 3333 cuius
536 3297 630 3334 ratio
661 3296 830 3334 consistit
850 3296 887 3333 in
907 3295 1181 3344 magnitudine.
1210 3296 1259 3332 Et
1278 3295 1366 3333 ideo
1394 3287 1396 3303 ¹
1424 3303 1479 3332 est
1507 3308 1580 3343 ars,
1610 3296 1679 3332 sed
1706 3295 1839 3332 virtus.

351 3410 378 3443 α)
397 3413 608 3443 sumptuosus.-
622 3415 864 3444 praesumptuosus
884 3412 982 3444 PLpC;
1002 3420 1050 3445 pro
1073 3412 1197 3445 seipsum,
1215 3412 1302 3444 seipso
1321 3411 1368 3437 Pa.
1394 3414 1396 3424 '

439 3515 550 3541 simum
569 3515 671 3541 Tuam„
689 3516 722 3542 D.
734 3516 849 3542 'rmum
867 3517 900 3542 T.
914 3518 967 3542 VII.

1419 2395 1515 2422 vum
1544 2383 1583 2420 in
1604 2383 1893 2432 comparatione
1913 2383 1962 2421 ad
1982 2383 2022 2421 id
2041 2383 2147 2432 quod
2177 2383 2358 2422 convenit
2382 2385 2496 2421 rebus

1420 2437 1558 2475 divinis
1586 2437 1649 2474 vel
1678 2437 1794 2474 rebus
1823 2437 2109 2475 communibus.
2145 2438 2195 2474 Et
2227 2437 2316 2475 ideo
2350 2438 2495 2486 magni-

1419 2491 1517 2528 ficus
1547 2503 1625 2528 non
1653 2490 1910 2540 principaliter
1929 2491 2090 2528 intendit
2108 2499 2284 2540 sumptus
2313 2492 2437 2529 facere
2457 2491 2496 2528 in

1420 2544 1479 2582 his
1507 2557 1607 2593 quae
1635 2544 1826 2594 pertinent
1854 2545 1903 2582 ad
1931 2557 2139 2594 personam
2168 2545 2386 2594 propriam:
2416 2557 2495 2582 non

1422 2599 1512 2647 quia
1540 2599 1689 2635 bonurn
1725 2611 1839 2635 suum
1869 2611 1948 2636 non
1981 2606 2155 2647 quaerat,
2186 2599 2254 2635 sed
2292 2598 2381 2647 quia
2416 2611 2495 2636 non

1422 2660 1478 2690 est
1506 2664 1702 2700 magnum.
1732 2673 1756 2679 -
1786 2652 1825 2689 Si
1855 2652 1948 2702 quid
1967 2651 1982 2682 β
2010 2660 2140 2689 tamen
2169 2652 2207 2689 in
2235 2652 2294 2689 his
2322 2664 2422 2700 quae
2445 2651 2494 2689 ad

1421 2706 1549 2756 ipsum
1569 2706 1758 2755 pertinent
1777 2705 2081 2755 magnitudinem
2110 2706 2261 2753 habeat,
2282 2706 2358 2742 hoc
2378 2705 2491 2742 etiarn

1422 2759 1625 2808 magnifice
1655 2759 1881 2807 magnificus
1909 2759 2171 2809 prosequitur:
2201 2759 2297 2796 sicut
2325 2771 2370 2796 ea
2398 2771 2496 2808 quae

1420 2814 1537 2851 semel
1558 2814 1679 2862 fiunt,
1710 2819 1752 2850 ut
1777 2813 1929 2862 nuptiae
1962 2813 2022 2850 vel
2053 2812 2197 2861 aliquid
2232 2813 2338 2850 aliud
2369 2813 2496 2849 huius-

1422 2868 1527 2905 modi
1534 2881 1547 2912 ‚·
1574 2867 1636 2904 vel
1657 2866 1771 2904 etiam
1793 2879 1837 2904 ea
1857 2879 1956 2916 quae
1980 2866 2245 2916 permanentia
2265 2874 2370 2911 sunt,
2400 2866 2496 2903 sicut

1422 2921 1473 2959 ad
1492 2920 1744 2969 magnificum
1770 2921 1934 2970 pertinet
1945 2932 2187 2969 praeparare
2214 2921 2494 2958 convenientem

1421 2975 1703 3020 habitationem,
1732 2982 1775 3011 ut
1803 2974 1937 3012 dicitur
1955 2975 1993 3012 in
2023 2975 2075 3012 IV
2101 2974 2222 3011 Ethic.
2242 2973 2263 2995 '¹‘

1476 3031 1535 3065 AD
1560 3039 1735 3071 QUARTUM
1763 3040 1949 3066 memnon
1973 3028 2092 3077 quod,
2118 3027 2214 3065 sicut
2237 3027 2495 3076 Philosophus
2522 3038 2560 3053 ³1¹¹·

1423 3081 1523 3129 dicit,
1552 3082 1590 3119 in
1618 3082 1669 3118 VI
1698 3082 1818 3118 Ethic.
1839 3081 1870 3129 ³⁸,
1901 3088 2047 3131 oportet
2072 3082 2165 3118 artis
2192 3093 2271 3118 esse
2302 3081 2494 3129 quandam
2523 3088 2735 3138 ‘s-Ciss'i'e'css'ssl'

1421 3135 1609 3181 virtutem,
1631 3134 1771 3172 scilicet
1799 3136 2005 3173 moralem:
2035 3147 2105 3184 per
2124 3147 2241 3184 quarn
2262 3134 2402 3171 scilicet
2427 3147 2495 3183 ap-

1421 3189 1560 3238 petitus
1588 3188 1788 3225 inclinetur
1807 3189 1857 3226 ad
1885 3196 1986 3226 recte
2013 3188 2201 3225 utendum
2229 3187 2373 3225 ratione
2393 3188 2494 3225 artis.

1423 3243 1472 3280 Et
1499 3243 1574 3279 hoc
1608 3242 1771 3291 pertinet
1808 3243 1857 3280 ad
1893 3242 2230 3290 magnificentiam.
2269 3241 2381 3279 Unde
2416 3254 2496 3279 non

1476 3410 1501 3443 β)
1521 3411 1595 3444 quid.
1607 3424 1626 3430 -
1645 3418 1698 3443 qua
1718 3411 1770 3442 sK3
1783 3418 1832 3443 pro
1845 3410 1949 3440 habeat,
1963 3410 2061 3435 habent
2076 3410 2251 3443 BEFHIKpC,
2265 3410 2343 3436 habet
2355 3411 2494 3436 ADGLsC.

2322 3525 2350 3542 12
