2768 4198
992 295 1260 342 QUAESTIO
1290 295 1444 342 CLXV,
1474 294 1771 332 ARTlCULUS
1802 296 1815 331 Ι

2420 293 2495 340 339

506 511 921 590 QUAESTIO
966 511 2302 590 CENTESIMASEXAGESIMAQUINTA

785 632 869 673 DE
902 632 1301 673 TENTATIONE
1333 633 1659 674 PRIMORUM
1691 633 2032 674 PARENTUM

1138 749 1172 774 [Ν

394 864 502 889 ElNDE
540 851 863 890 considerandum
892 859 949 888 est
982 851 1029 888 de
1065 852 1272 888 tentatione
1300 851 1375 900 pri-

313 863 549 946 Dmorum
578 913 782 954 parentum
801 904 832 942 ³⁸.

69 909 184 959 ἷῃξίωςιι.
202 914 283 937 mur,

151 951 157 957 ⁸
311 959 423 996 Circa
450 971 567 1007 quam
597 966 830 1008 quaeruntur
859 958 948 995 duo.

1402 949 1405 992 l

1201 748 1296 774 Duos
1323 748 1527 774 ARTlCULOS
1556 749 1672 774 DtvlsA

1484 851 1633 888 Primo:
1671 858 1800 888 utrum
1834 850 1942 887 fuerit
1977 851 2210 888 conveniens
2244 851 2350 900 quod
2378 852 2497 888 homo

1539 917 1561 940 a
1590 904 1742 941 diabolo
1773 911 1990 941 tentaretur.

1486 957 1687 994 Secundo:
1718 957 1766 994 de
1795 959 1914 994 modo
1935 965 1971 993 et
1992 957 2126 994 ordine
2154 957 2251 994 illius
2269 957 2497 994 tentationis.

1123 1066 1442 1109 ARTlCULUS
1474 1066 1680 1108 PRIMUS

669 1159 824 1191 UTRUM
848 1158 1008 1190 FUERIT
1032 1158 1307 1190 CONVENIENS
1330 1158 1391 1189 UT
1416 1157 1546 1189 HOMO
1570 1161 1599 1188 A
1622 1157 1815 1189 mABoLo
1843 1157 2145 1190 TENTARETUR

343 1264 407 1294 loz-'s
431 1279 457 1293 ,Ι

292 1330 314 1335 Α
337 1284 493 1362 ’χῗψᾎέη
522 1315 599 1340 non
630 1301 740 1339 fuerit
769 1302 1003 1338 conveniens
1031 1308 1072 1336 ut
1100 1301 1220 1336 homo
1249 1312 1271 1335 a
1300 1300 1378 1336 dia-

347 1392 350 1402 ,
467 1352 612 1394 bolo
642 1362 856 1392 tentaretur.
888 1353 1036 1390 Eadem
1058 1353 1160 1390 enim
1189 1364 1316 1401 poena
1335 1353 1379 1389 fi-

367 1402 453 1441 (ἦ
481 1400 514 1443 k
551 1410 618 1446 alis
647 1409 807 1446 debetur
834 1415 992 1456 peccato
1013 1406 1136 1454 angeli
1157 1414 1193 1442 et
1219 1413 1379 1454 peccato

309 1463 495 1502 hominis:
525 1463 737 1500 secundum
765 1460 857 1497 illud
886 1460 1021 1497 Matth.
1042 1471 1115 1496 xxv
1132 1459 1171 1495 *ε
1202 1461 1269 1505 Ite,
1299 1471 1379 1496 ma-

309 1517 442 1563 ledscti,
464 1517 501 1553 in
522 1517 657 1566 ignem
669 1520 875 1558 aeternum,
898 1514 965 1562 qui
981 1518 1141 1562 paratus
1159 1518 1214 1549 est
1230 1513 1380 1550 diabolo

69 1471 209 1500 ’Vc-..w

167 1579 186 1598 ⁸
309 1577 348 1608 et
371 1570 518 1620 angelis
545 1569 636 1606 eius.
675 1568 753 1605 Sed
785 1567 954 1616 primum
988 1574 1189 1615 peccatum
1211 1571 1228 1587 ‘²
1257 1567 1380 1615 angeli
1405 1565 1407 1574 ⁴

309 1636 389 1661 non
417 1623 486 1660 fuit
513 1634 559 1660 ex
587 1622 714 1670 aliqua
742 1621 948 1658 tentatione
969 1620 1156 1657 exteriori.
1187 1621 1289 1668 Ergo
1309 1632 1381 1657 nec

307 1677 476 1726 primum
506 1683 707 1725 peccatum
734 1674 902 1711 hominis
931 1673 1062 1710 debuit
1086 1685 1168 1710 esse
1190 1686 1234 1710 ex
1253 1673 1380 1722 aliqua

306 1737 517 1768 tentatione
547 1736 733 1766 exteriori.

363 1795 397 1820 2.
421 1784 655 1827 ΡΚΑΕΤΕΚΕΑ,
682 1783 800 1827 Deus,
821 1780 1016 1829 praescius
1038 1781 1265 1825 futurorum,
1287 1780 1379 1816 scie·
1406 1798 1407 1812 2

307 1838 372 1875 bat
409 1837 515 1886 quod
553 1837 673 1873 homo
712 1847 782 1884 per
817 1834 1067 1871 tentationem
1107 1833 1306 1870 daemonis
1342 1833 1407 1869 in³

307 1898 509 1941 peceatum
543 1889 788 1926 deiiceretur:
828 1896 864 1924 et
897 1887 948 1923 sic
978 1888 1076 1924 bene
1106 1887 1247 1923 sciebat
1275 1887 1380 1935 quod

307 1956 387 1981 non
423 1942 649 1992 expediebat
685 1942 718 1978 ei
752 1941 857 1990 quod
890 1947 1106 1977 tentaretur.
1143 1941 1246 1988 Ergo
1274 1940 1380 1976 vide-

307 2005 369 2034 tur
391 1996 499 2045 quod
518 2008 597 2032 non
617 1995 729 2031 fuerit
749 1994 983 2030 conveniens
1012 1994 1116 2042 quod
1145 1994 1380 2042 permitteret

310 2062 399 2087 eum
429 2050 575 2086 tentari.

366 2105 400 2140 3.
430 2104 665 2147 PRAETEREA,
695 2101 801 2149 quod
824 2100 958 2148 aliquis
977 2099 1285 2148 impugnatorem
1314 2100 1379 2136 ha—

310 2158 417 2202 beat,
449 2156 496 2193 ad
531 2166 700 2204 poenam
735 2154 922 2202 pertinere
956 2153 1126 2190 videtur:
1163 2154 1259 2189 sicut
1295 2161 1330 2189 et
1360 2166 1379 2189 e

310 2210 499 2247 contrario
535 2209 584 2245 ad
619 2207 835 2256 praemium
871 2206 1059 2255 pertinere
1093 2206 1240 2243 videtur
1275 2207 1381 2255 quod

309 2262 548 2312 impugnatio
565 2261 818 2306 subtrahatur,
831 2260 1042 2296 secundum
1060 2259 1149 2296 illud
1159 2261 1272 2296 Prov.
1280 2271 1339 2296 xvi
1347 2259 1379 2296 *ε

315 2317 410 2354 Cum
443 2315 659 2364 placuerint
688 2314 855 2350 Domino
887 2314 973 2350 viae
1000 2313 1179 2358 hominis,
1210 2314 1381 2350 inimicos

309 2381 458 2418 quoque
479 2369 558 2405 eius
577 2372 769 2404 convertet
793 2367 845 2404 ad
865 2378 1015 2415 pacem.
1047 2366 1123 2404 Sed
1153 2378 1281 2414 poena
1302 2379 1380 2403 non

69 2272 82 2283 ⁸
95 2271 162 2294 Vm.
177 2277 198 2298 7.

310 2423 424 2460 debet
451 2421 680 2471 praecedere
700 2421 865 2468 culpam.
895 2421 998 2467 Ergo
1017 2419 1290 2456 inconveniens
1314 2420 1382 2457 fuit
1407 2461 1409 2476 ¹

1407 2477 1409 2496 ³
1436 2473 1567 2510 luntati
1596 2473 1891 2520 relinqueretur:
1923 2473 2135 2510 secundum
2164 2473 2254 2510 illud
2273 2474 2504 2511 Eccli.xv*:
2535 2482 2544 2490 ·
2583 2487 2594 2502 e
2643 2487 2651 2502 1

365 2531 439 2566 SED
460 2540 607 2566 CONTRA
627 2539 693 2564 ssr
712 2528 819 2575 quod
840 2527 974 2564 dicitur
991 2527 1107 2563 Eccli.
1128 2538 1238 2563 xxxiv
1251 2525 1287 2562 *z
1309 2526 1384 2568 Qui
1408 2544 1409 2564 i

310 2477 415 2525 quod
444 2477 564 2512 homo
594 2482 680 2511 ante
709 2481 910 2523 peccatum
938 2481 1157 2510 tentaretur.

68 2529 199 2559 *Vnt-9.

311 2594 386 2619 non
415 2588 468 2619 est
494 2587 665 2626 tentatus,
694 2581 822 2629 qualia
850 2579 948 2616 scit?

366 2637 592 2672 RESPONDEO
614 2645 799 2671 morannum
822 2634 927 2682 quod
948 2633 1076 2670 divina
1098 2633 1281 2680 sapientia
1309 2633 1382 2669 dis-

305 2690 415 2738 ponit
447 2689 575 2725 omnia
610 2688 793 2732 suaviter,
823 2695 863 2723 ut
897 2686 1032 2723 dicitur
1063 2687 1151 2734 Sap.
1172 2685 1292 2722 V111*:
1326 2686 1382 2722 in-

311 2750 497 2792 quantum
527 2741 667 2778 scilicet
687 2753 755 2776 sua
781 2739 1022 2788 providentia
1042 2739 1196 2787 singulis
1215 2739 1384 2776 attribuit

312 2808 410 2844 quae
447 2795 499 2832 eis
533 2801 755 2842 competunt
790 2784 1004 2830 seeundum
1038 2805 1147 2828 suam
1182 2800 1380 2838 naturam;

71 2854 286 2879 ’S-Th-leetmn·
312 2849 412 2898 quia,
442 2857 484 2885 ut
512 2848 718 2895 Dionysius
747 2846 844 2889 dicit,
875 2858 910 2882 tv
931 2858 1012 2894 cap.
1038 2846 1083 2882 de
1101 2846 1190 2882 Diu.
1210 2846 1327 2882 Nom.
1348 2845 1380 2892 ²⁸,

305 2903 568 2951 providentiae
606 2913 680 2937 non
719 2906 773 2937 est
806 2905 983 2936 naturam
1023 2910 1288 2946 corrumpere,
1317 2900 1384 2936 sed

310 2956 473 2993 salvare.
503 2956 591 2991 Hoc
610 2962 739 2991 autem
769 2953 929 3002 pertinet
954 2952 1002 2989 ad
1023 2952 1282 2989 conditionem
1311 2953 1381 2988 hu-

311 3021 449 3046 manae
484 3016 662 3053 naturae‚
692 3015 733 3043 ut
767 3007 816 3043 ab
852 3005 932 3042 aliis
961 3005 1140 3042 creaturis
1168 3005 1291 3041 iuvari
1319 3006 1382 3042 vel

312 3062 488 3111 impediri
521 3061 651 3110 possit.
689 3061 801 3098 Unde
835 3058 1068 3096 conveniens
1104 3058 1171 3094 fuit
1204 3066 1245 3094 ut
1277 3059 1383 3095 Deus

313 3115 512 3152 hominem
541 3115 580 3151 in
608 3122 706 3151 statu
735 3113 974 3150 innocentiae
1004 3120 1040 3148 et
1067 3111 1200 3148 tentari
1229 3111 1383 3160 permit-

73 2697 197 2720 ’Vc-‚1-

426 1269 433 1283 κ
461 1272 496 1301 «³¹
523 1261 546 1287 n
574 1261 711 1286 Palmum
740 1260 794 1285 SIC
817 1259 1059 1284 PROCEDITUR.
1089 1247 1249 1284 Videtur
1274 1248 1378 1295 quod
1402 1249 1405 1278 1

1431 1254 1526 1283 teret
1560 1259 1629 1295 per
1663 1247 1785 1283 malos
1819 1249 1996 1294 angelos,
2027 1255 2064 1284 et
2091 1248 2214 1284 iuvari
2242 1260 2332 1285 eum
2361 1249 2501 1286 faceret

1433 1311 1501 1348 per
1528 1301 1666 1336 bonos.
1697 1301 1754 1336 Ex
1783 1300 1935 1348 speciali
1959 1308 2087 1336 autem
2108 1299 2123 1329 β
2151 1301 2341 1338 beneficio
2362 1303 2500 1350 gratiae

1434 1354 1507 1389 hoc
1536 1360 1616 1389 erat
1643 1353 1677 1389 ei
1707 1354 1907 1399 collatum,
1937 1361 1978 1389 ut
2012 1354 2113 1390 nulla
2141 1362 2312 1391 creatura
2341 1356 2503 1392 exterior

1434 1406 1468 1442 ei
1503 1414 1633 1454 posset
1666 1418 1806 1443 nocere
1845 1413 1978 1442 contra
2013 1407 2208 1455 propriam
2242 1408 2502 1456 voluntatem,

1434 1471 1502 1508 per
1544 1471 1661 1506 quam
1697 1460 1813 1496 etiam
1856 1459 2053 1495 tentationi
2097 1460 2294 1497 daemonis
2331 1461 2503 1498 resistere

1435 1521 1594 1561 poterat.

1487 1568 1546 1603 AD
1575 1577 1712 1603 PRIMUM
1734 1577 1833 1602 ERGO
1853 1577 2039 1603 mCENDUM
2060 1566 2167 1613 quod
2196 1578 2311 1615 supra
2330 1575 2505 1604 naturam

1435 1620 1644 1656 humanam
1684 1626 1741 1655 est
1768 1619 1895 1666 aliqua
1924 1627 2058 1655 natura
2094 1619 2131 1656 in
2161 1631 2237 1668 qua
2271 1628 2397 1668 potest
2425 1633 2505 1658 ma-

1435 1674 1513 1709 lurn
1544 1674 1678 1721 culpae
1706 1672 1888 1709 inveniri:
1919 1684 1998 1708 non
2027 1680 2154 1710 autem
2184 1685 2300 1721 supra
2329 1682 2503 1711 naturam

1435 1726 1659 1774 angelicam.
1689 1726 1856 1762 Tentare
1877 1733 2004 1762 autem
2035 1726 2252 1763 inducendo
2273 1727 2321 1764 ad
2346 1728 2504 1775 malum,

1435 1791 1512 1816 non
1543 1788 1598 1816 est
1626 1779 1695 1815 nisi
1725 1779 1801 1815 iam
1831 1779 2028 1827 depravati
2055 1791 2125 1828 per
2144 1781 2309 1829 culpam.
2340 1782 2389 1817 Et
2418 1781 2504 1818 ideo

1436 1833 1671 1869 conveniens
1709 1833 1777 1868 fuit
1812 1841 1852 1868 ut
1886 1833 2005 1869 homo
2043 1845 2112 1881 per
2145 1834 2322 1881 angelum
2358 1835 2504 1871 malum

1435 1893 1640 1923 tentaretur
1659 1886 1707 1922 ad
1732 1886 1995 1934 peccandum:
2026 1886 2122 1922 sicut
2143 1887 2270 1932 etiam,
2292 1889 2504 1925 secundum

1437 1948 1592 1976 naturae
1631 1939 1827 1985 ordinem,
1858 1951 1927 1987 per
1961 1940 2137 1987 angelum
2168 1941 2314 1976 bonurn
2348 1953 2505 1989 promo-

1434 2001 1546 2030 vetur
1574 1993 1622 2029 ad
1651 1993 1937 2042 perfectionem.
1966 1994 2134 2040 Angelus
2163 2000 2291 2030 autem
2312 2006 2334 2030 a
2354 2007 2424 2030 suo
2445 2007 2506 2031 su-

1436 2046 1587 2095 periori,
1608 2046 1749 2082 scilicet
1768 2058 1789 2082 a
1810 2047 1908 2091 Deo,
1939 2046 1976 2082 in
1997 2047 2102 2082 bono
2121 2046 2254 2095 perfici
2273 2047 2407 2095 potuit,
2428 2060 2505 2084 non

1436 2108 1562 2136 autem
1592 2100 1640 2136 ad
1670 2099 1909 2148 peccandum
1938 2099 2083 2136 induci:
2113 2100 2217 2148 quia,
2249 2100 2344 2136 sicut
2373 2101 2507 2139 dicitur

1438 2155 1508 2190 Iac,
1530 2152 1591 2197 1³⁸,
1622 2154 1726 2189 Deus
1754 2153 1955 2189 intentator
1982 2153 2172 2189 malorum
2201 2159 2264 2190 est.

1488 2209 1547 2242 AD
1567 2217 1759 2243 SECUNDUM
1781 2218 1967 2243 mcsNDUM
1988 2207 2107 2253 quod,
2124 2206 2220 2243 sicut
2239 2208 2344 2243 Deus
2365 2207 2507 2244 sciebat

1436 2259 1541 2307 quod
1577 2260 1696 2296 homo
1733 2271 1801 2307 per
1833 2259 2082 2295 tentationem
2111 2259 2149 2296 in
2178 2267 2378 2308 peccatum
2409 2270 2508 2298 esset

1435 2313 1686 2356 deiiciendus,
1717 2312 1767 2348 ita
1797 2312 1909 2348 etiam
1940 2313 2084 2349 sciebat
2112 2313 2218 2362 quod
2247 2325 2316 2361 per
2343 2313 2505 2351 liberum

1435 2366 1632 2403 arbitrium
1663 2365 1836 2402 resistere
1866 2374 2016 2414 poterat
2043 2367 2232 2403 tentatori.
2263 2367 2350 2403 Hoc
2378 2375 2505 2404 autem

1437 2420 1650 2468 requirebat
1670 2419 1833 2456 conditio
1855 2427 2012 2456 naturae
2032 2419 2162 2468 ipsius,
2183 2428 2225 2456 ut
2243 2420 2419 2468 propriae
2437 2433 2507 2457 vo-

1437 2528 1541 2563 Deus
1560 2527 1709 2574 reliquit
1726 2527 1916 2562 hominem
1937 2527 1981 2562 in'
1995 2538 2112 2563 manu
2132 2527 2279 2563 consilii
2294 2528 2364 2563 sui.
2394 2528 2505 2564 Unde

1438 2580 1670 2628 Augustinus
1700 2579 1804 2625 dicit,
1836 2579 1886 2615 XI
1912 2591 2025 2628 super
2051 2580 2144 2616 Gen.
2174 2581 2226 2616 ad
2246 2580 2312 2616 litt.
2340 2579 2380 2616 *z
2413 2581 2504 2617 Non
2534 2585 2544 2595 ’

1437 2634 1530 2671 mihi
1564 2634 1711 2670 videtur
1743 2644 1911 2682 magnae
1945 2633 2067 2669 laudis
2089 2634 2270 2680 futurum
2294 2634 2414 2679 fuisse
2440 2635 2506 2670 ho-

1437 2687 1588 2732 minem,
1609 2687 1643 2723 si
1664 2691 1867 2735 propterea
1889 2691 2012 2733 posset
2031 2687 2123 2722 hene
2141 2686 2268 2723 vivere
2287 2687 2375 2734 quia
2395 2698 2505 2723 nemo

1437 2740 1536 2777 male
1562 2740 1690 2776 vivere
1717 2739 1912 2776 suaderet.-
1940 2751 2026 2775 cum
2056 2745 2092 2775 et
2110 2743 2126 2767 Υ
2154 2739 2190 2775 in
2221 2745 2358 2776 natura
2381 2751 2504 2787 posse,

1435 2799 1471 2829 et
1497 2794 1534 2829 in
1563 2798 1744 2841 potestate
1771 2793 1925 2828 haberet
1950 2791 2044 2828 velle
2082 2804 2155 2828 non
2185 2793 2393 2829 consentire
2419 2805 2505 2829 sua-

1436 2847 1546 2882 denti.

1489 2901 1548 2935 AD
1567 2910 1729 2935 TERTluM
1750 2910 1936 2935 DiCENDuM
1956 2898 2062 2946 quod
2082 2898 2316 2947 impugnatio
2337 2898 2396 2934 cui
2416 2911 2503 2935 cum

1437 2952 1656 2989 difficultate
1685 2951 1879 2998 resistitur,
1910 2951 2080 2999 poenalis
2111 2959 2176 2988 est.
2217 2952 2294 2988 Sed
2316 2952 2437 2988 homo
2466 2952 2505 2988 in

1437 3013 1534 3042 statu
1559 3005 1798 3041 innocentiae
1827 3012 1976 3053 poterat
1996 3006 2140 3053 absque
2161 3005 2267 3041 omni
2287 3005 2504 3041 difficultate

1437 3058 1634 3095 tentationi
1655 3058 1839 3094 resistere.
1870 3059 1918 3095 Et
1946 3058 2034 3095 ideo
2054 3058 2289 3107 impugnatio
2309 3058 2505 3095 tentatoris

1438 3111 1610 3160 poenalis
1640 3111 1673 3147 ei
1703 3123 1782 3147 non
1810 3111 1888 3147 fuit.

368 3228 396 3259 α)
411 3228 531 3259 primum
545 3231 695 3260 peccatum.
706 3241 726 3248 -
739 3231 879 3260 peccatum
894 3227 982 3260 primi
999 3227 1045 3252 Pa.

369 3262 394 3295 β)
413 3266 544 3289 autenm·
559 3264 630 3289 em‘m
649 3264 696 3289 Pa.

1490 3226 1517 3258 γ)
1536 3228 1570 3250 et.
1582 3238 1601 3244 -
1619 3225 1700 3250 etiam
1721 3225 1761 3249 ed.
1781 3232 1806 3254 a,
1825 3233 1878 3249 om.
1898 3225 1932 3255 P;
1953 3232 1999 3257 pro
2018 3224 2134 3254 haberet,
2154 3224 2249 3249 habeat
2269 3224 2296 3249 Ρ.

2535 2155 2545 2164 ·
2558 2154 2627 2176 Vei-s.
2644 2161 2674 2184 ¹3·
