2768 4198
47 885 57 895 ⁸
72 884 107 906 Cf.
123 890 162 910 qu.
182 890 260 909 cxxix,

47 910 133 932 Introd.

48 938 91 965 'Q
95 944 239 959 xxxxxxxxxxx

189 1702 202 1717 n
237 1708 256 1717 --
284 1687 404 1724 Ethic.
428 1687 447 1706 *
477 1687 579 1736 Ergo
608 1686 892 1736 perseverantia
921 1698 1000 1723 non
1030 1693 1086 1722 est
1117 1685 1249 1723 virtus.

42 2178 125 2226 sfssi‘s.
139 2183 254 2225 ’,ζεῖἷῑέῗ

43 2291 51 2298 ’
60 2289 94 2309 De
102 2288 188 2309 Invent-
198 2288 255 2309 Rhe-

42 2317 88 2336 tor.
105 2315 143 2336 lib.
158 2315 187 2341 11,
203 2321 254 2343 cap.

42 2348 85 2363 mv.

43 2500 51 2507 '
68 2497 219 2525 Chrysippus.
231 2498 253 2518 in

45 2524 121 2545 definit
152 2524 252 2546 adiunct.

43 2558 90 2604 lius,
107 2578 164 2599 inter
190 2577 252 2605 opp.

44 2605 149 2625 Andron,

45 2873 52 2879 ⁰
63 2871 94 2892 Ca
115 2877 165 2897 .1n,
176 2878 198 2892 n.
211 2878 254 2893 ιο.-

45 2899 59 2917 s
84 2878 126 2919 Tph.
149 2899 199 2919 lect.
221 2904 252 2920 111.

43 2551 101 2572 ¹bro
116 2551 253 2578 deAffecti-
275 2545 562 2592 perseverantia
602 2548 656 2580 est
690 2543 839 2580 habitus
881 2555 1013 2580 eorum
1052 2543 1186 2592 quibus
1223 2555 1358 2581 imma-

299 305 368 340 108

941 303 1209 350 QUAEsrlo
1240 303 1470 350 cxxxw,
1501 305 1799 342 ARTICULUS
1830 306 1843 341 1

506 530 920 609 QUAESTIO
961 507 2273 590 CENTESIMATRIGESIMASEPTIMA

1033 649 1122 690 DE
1164 649 1745 691 PERSEVERANTIA

1075 764 1110 789 IN
1141 764 1316 795 QUATUOR
1344 765 1547 790 ARTICULOS
1575 765 1693 791 DIVISA

372 887 479 912 ειΝοΕ
514 873 838 911 considerandum
867 881 923 910 est
950 873 997 910 de
1022 873 1308 922 perseverantia
1326 872 1358 920 ²⁸²,
1384 871 1386 897 ¹

291 886 407 968 Det
437 928 483 965 de
512 927 612 964 vitiis
642 927 827 976 oppositis
845 926 877 964 ²³³.

287 982 397 1019 Circa
439 981 763 1030 perseverantiam
808 989 936 1018 autem
989 987 1224 1029 quaeruntur
1267 992 1360 1030 qua—

285 1044 381 1072 tuor.

1469 873 1619 910 Primo:
1649 881 1778 911 utrum
1807 875 2092 923 perseverantia
2121 876 2168 913 sit
2193 876 2324 914 virtus.

1469 927 1671 964 Secundo:
1701 935 1832 964 utrum
1862 927 1907 965 sit
1933 940 2022 977 pars
2051 927 2289 967 fortitudinis.

1468 980 1620 1017 Tertio:
1646 981 1847 1030 quomodo
1877 993 1917 1018 se
1946 981 2062 1019 habet
2089 982 2138 1019 ad
2167 985 2431 1022 constantiam.

1469 1033 1638 1080 Quarto:
1667 1042 1796 1087 utrum
1825 1033 1991 1083 indigeat
2018 1035 2157 1072 auxilio
2185 1036 2337 1085 gratiae.

1107 1156 1428 1201 ARTICULUS
1462 1157 1668 1200 PRIMUS

982 1246 1139 1277 UTRUM
1163 1245 1521 1277 PERSEVERANTIA
1545 1246 1611 1277 srr
1635 1247 1794 1279 viarus

1002 1325 1033 1350 111
1054 1325 1147 1355 Sent.,
1167 1325 1227 1350 dist.
1246 1331 1333 1356 xxxm,
1353 1332 1399 1357 qu.
1418 1332 1456 1356 111,
1475 1330 1523 1350 art.
1544 1324 1567 1354 3.
1586 1325 1636 1359 qu·
1653 1333 1675 1357 1,
1694 1326 1726 1351 ad
1745 1334 1772 1358 4.

314 1434 378 1476 »ἢ
397 1436 468 1469 „a
496 1430 518 1455 D
547 1429 686 1455 ptumum
714 1429 768 1455 310
797 1429 1041 1455 puocamrua.
1066 1417 1228 1455 Videtur
1251 1416 1357 1466 quod
1383 1454 1385 1463 ζ

310 1462 469 1530 ἵξᾶᾼῖιῆ
497 1471 780 1522 perseverantia
819 1483 899 1508 non
927 1471 972 1508 sit
999 1471 1132 1508 virtus.
1164 1470 1281 1518 Quia,
1316 1477 1358 1507 ut
1383 1470 1385 1474 ’

295 1515 421 1572 ,ἕνῃ
432 1509 756 1575 ’(Ρ1111030911113
785 1524 885 1571 dicit,
915 1524 954 1561 in
981 1525 1050 1562 VII
1067 1525 1187 1562 Ethic.
1207 1524 1239 1572 ²¹⁸,
1270 1536 1357 1561 con-

302 1573 310 1585 '
499 1579 652 1618 tinentia
681 1584 735 1615 est
760 1579 888 1628 potior
915 1590 1031 1627 quam
1062 1578 1356 1628 perseverantia.

287 1633 363 1670 Sed
392 1632 618 1670 continentia
647 1644 722 1670 non
752 1637 805 1669 est
831 1633 968 1678 virtus,
998 1640 1040 1669 ut
1073 1632 1207 1669 dicitur
1239 1632 1277 1668 in
1307 1631 1359 1668 IV

341 1752 374 1777 2.
398 1741 633 1786 PRAETEREA,
662 1740 782 1776 virtus
810 1744 864 1776 est
890 1751 965 1788 qua
994 1745 1093 1776 recte
1119 1739 1270 1785 vivitur,
1300 1751 1357 1776 se—

285 1793 455 1830 cundum
489 1793 766 1841 Augusfinum,
796 1792 834 1829 in
867 1792 963 1829 libro
1003 1792 1050 1829 de
1084 1793 1167 1829 Lib.
1196 1792 1318 1829 Arbit.
1338 1791 1358 1814 *

286 1847 361 1884 Sed
392 1846 487 1883 sicut
520 1846 599 1895 ipse
630 1845 718 1882 dicit
746 1845 784 1882 in
813 1845 909 1882 libro
947 1845 993 1882 de
1019 1845 1306 1882 Perseverantia
1325 1844 1356 1892 *,

285 1900 408 1937 nullus
429 1905 553 1948 potest
579 1899 654 1936 dici
678 1899 1000 1947 perseverantiam
1022 1899 1163 1936 hahere
1190 1898 1357 1948 quandiu
1384 1917 1385 1933 ι

283 1954 384 1999 vivit,
406 1953 478 1990 nisi
499 1958 715 2002 perseveret
735 1964 850 2001 usque
877 1953 929 1990 ad
946 1958 1117 1990 mortem.
1149 1953 1252 2000 Ergo
1272 1965 1357 2002 per-

283 2006 496 2044 severantia
526 2018 604 2043 non
634 2014 689 2043 est
717 2006 849 2043 virtus.

339 2062 373 2098 3.
403 2062 648 2107 PRAETEREA,
678 2060 919 2097 immobiliter
941 2059 1145 2108 persistere
1173 2059 1211 2096 in
1240 2072 1356 2110 opere

283 2114 430 2151 virtutis
460 2113 661 2163 requiritur
689 2114 737 2151 ad
767 2125 926 2150 omnem
955 2113 1152 2160 virtutem,
1182 2120 1223 2151 ut
1254 2121 1358 2163 patet

283 2168 320 2205 in
352 2170 381 2205 ΙΙ
411 2168 532 2205 Ethic.
552 2167 573 2189 '¹‘
603 2167 680 2204 Sed
707 2168 783 2204 hoc
803 2167 964 2216 pertinet
984 2167 1033 2204 ad
1054 2167 1243 2204 rationem
1271 2179 1356 2216 per-

283 2222 540 2259 severantiae:
579 2221 666 2258 dicit
704 2221 805 2258 enim
844 2221 1014 2267 Tullius,
1044 2220 1083 2258 in
1117 2233 1186 2258 sua
1219 2222 1355 2262 Rheto-

283 2277 362 2313 rica
377 2275 409 2322 *‚
435 2275 541 2324 quod
555 2275 840 2323 perseverantia
861 2281 915 2312 est
933 2275 970 2311 in
991 2275 1138 2312 ratione
1157 2275 1251 2311 hene
1269 2287 1356 2312 con-

281 2330 445 2366 siderata
472 2329 613 2366 stabilis
632 2334 668 2365 et
679 2334 863 2378 perpetua
881 2329 1112 2377 permansio.
1143 2329 1246 2376 Ergo
1272 2341 1356 2378 per-

283 2382 496 2420 severantia
524 2395 602 2419 non
633 2389 688 2419 est
716 2382 889 2432 specialis
920 2382 1059 2429 virtus,
1090 2382 1156 2419 sed
1188 2382 1356 2420 conditio

283 2437 409 2473 omnis
437 2436 597 2473 virtutis.

337 2490 411 2527 SED
431 2501 579 2527 CONTRA
600 2501 665 2526 EST
693 2489 799 2539 quod
819 2489 1064 2527 Andronicus
1083 2489 1103 2511 '¹‘
1129 2489 1229 2536 dicit,
1251 2490 1357 2538 quod
1384 2517 1385 2523 1

282 2598 445 2634 nendum
475 2603 529 2634 est
554 2602 590 2634 et
617 2609 691 2634 non
722 2597 1029 2643 immanendum,
1059 2602 1095 2634 et
1122 2602 1356 2634 neutrorum.

283 2651 359 2688 Sed
398 2650 549 2688 habitus
586 2650 766 2688 ordinans
802 2663 873 2688 nos
910 2651 959 2688 ad
1001 2651 1100 2688 bene
1137 2650 1357 2688 faciendum

281 2704 423 2753 aliquid
452 2706 514 2741 vel
551 2703 805 2742 omittendum
836 2713 892 2742 est
920 2704 1051 2742 virtus.
1089 2705 1192 2752 Ergo
1230 2717 1358 2754 perse—

281 2758 453 2795 verantia
482 2766 537 2795 est
563 2758 696 2796 virtus.

336 2813 564 2849 Responozo
589 2823 775 2849 DlCENDUM
804 2812 923 2861 quod,
949 2811 1162 2848 secundum
1184 2811 1357 2849 Philoso-

281 2866 416 2914 phum,
451 2866 489 2902 in
519 2867 550 2902 11
566 2866 687 2902 Ethic.
708 2865 749 2911 ²¹⁸,
778 2866 897 2902 virtus
925 2871 979 2902 est
1006 2866 1108 2902 circa
1143 2865 1297 2914 difficile
1323 2871 1360 2903 et

282 2919 435 2956 honum.
466 2920 515 2955 Et
543 2919 630 2955 ideo
659 2919 723 2956 ubi
754 2919 916 2956 occurrit
945 2918 1118 2968 specialis
1138 2919 1232 2957 ratio
1260 2918 1357 2957 diffi-

283 2973 429 3009 cultatis
461 2973 523 3009 vel
554 2973 662 3019 boni,
693 2973 744 3010 ibi
775 2980 830 3010 est
867 2972 1040 3022 specialis
1076 2972 1207 3011 virtus.
1244 2973 1356 3022 Opus

282 3034 411 3063 autem
441 3025 589 3062 virtutis
617 3034 742 3074 potest
770 3027 913 3063 habere
953 3026 1160 3064 bonitatem
1192 3034 1228 3063 et
1257 3026 1354 3064 diffi-

283 3081 461 3116 cultatem
483 3092 528 3116 ex
545 3079 709 3116 duobus.
732 3080 818 3117 Uno
840 3079 997 3129 quidem
1012 3080 1144 3127 modo,
1163 3093 1207 3117 ex
1228 3080 1354 3129 specie
1381 3112 1383 3122 ζ

282 3133 363 3181 ipsa
392 3141 519 3180 actus⁷
550 3145 649 3182 quae
670 3138 687 3154 ‘²
715 3133 897 3182 accipitur
926 3133 1138 3171 secundum
1168 3133 1353 3171 rationem
1381 3129 1383 3139 ¹

283 3186 425 3235 proprii
455 3186 605 3224 obiecti.
636 3186 722 3223 Alio
752 3186 886 3234 modo,
922 3199 966 3223 ex
996 3187 1077 3236 ipsa
1112 3187 1354 3225 diuturnitate
1381 3210 1383 3231 ι

282 3240 481 3288 temporis:
513 3253 603 3277 nam
633 3241 708 3277 1100
727 3240 853 3290 ipsum
875 3240 979 3289 quod
1007 3248 1063 3277 est
1092 3241 1154 3279 diu
1183 3241 1354 3279 insistere
1381 3235 1382 3240 ¹

283 3293 392 3329 alicui
422 3293 580 3341 difficili,
610 3294 817 3342 specialem
853 3294 1113 3332 difficultatem
1142 3295 1269 3332 habet.
1307 3296 1355 3332 Et
1380 3294 1382 3335 ἶ

283 3345 370 3382 ideo
401 3346 465 3383 diu
493 3347 694 3395 persistere
715 3347 751 3384 in
774 3347 903 3395 aliquo
924 3349 1028 3384 bono
1058 3361 1180 3397 usque
1200 3350 1248 3387 ad
1264 3361 1354 3386 0011-

284 3399 581 3437 summationem
624 3401 785 3449 pertinet
824 3402 871 3438 ad
914 3401 1120 3450 specialem
1158 3402 1352 3440 virtutem.

285 3451 389 3489 Sicut
417 3463 506 3500 ergo
536 3454 787 3502 temperantia
816 3462 852 3492 et
881 3455 1060 3492 fortitudo
1094 3463 1181 3493 sunt
1209 3455 1353 3505 specia-
1379 3481 1382 3500 ,

337 3584 364 3615 α)
383 3590 460 3616 quae.
473 3597 490 3602 -
509 3584 555 3616 qui
570 3584 637 3609 Pca.

338 3619 363 3652 gi)
383 3619 473 3645 etiam.
487 3633 504 3638 ·-
523 3619 584 3644 Om.
606 3619 725 3644 ABCFK.

336 3655 362 3688 γ)
382 3655 551 3680 sustinera-
570 3655 616 3680 diu
638 3656 769 3681 sustinere
788 3656 816 3680 P.

1412 1417 1466 1455 les
1494 1417 1654 1455 virtutes
1684 1431 1730 1455 eo
1751 1420 1856 1468 quod
1876 1419 1994 1457 altera
2020 1432 2151 1457 earum
2181 1421 2404 1459 moderatur
2424 1422 2488 1460 de—

1412 1471 1634 1509 lectationes
1653 1479 1787 1521 tactus,
1809 1473 1915 1522 quod
1936 1473 1983 1510 de
2003 1486 2044 1511 se
2069 1473 2331 1512 difficultatem
2361 1475 2488 1524 habet,

1412 1526 1528 1563 altera
1549 1533 1678 1563 autem
1708 1527 1933 1565 moderatur
1951 1527 2108 1565 timores
2128 1535 2164 1565 et
2183 1528 2362 1567 audacias
2391 1529 2489 1568 circa

1411 1578 1581 1629 pericula
1610 1579 1763 1628 mortis,
1793 1581 1898 1630 quod
1928 1581 2042 1618 etiam
2063 1579 2079 1611 β
2107 1582 2320 1622 secundum
2350 1594 2391 1620 se
2421 1582 2489 1622 dif-

1412 1633 1510 1671 ficile
1550 1640 1625 1679 est;
1664 1633 1715 1670 ita
1744 1633 1857 1671 etiam
1896 1635 2180 1683 perseverantia
2214 1643 2270 1674 est
2298 1636 2488 1686 quaedam
2507 1678 2515 1685 .

2515 1698 2527 1709 ⁸
2541 1697 2569 1720 D.
2585 1703 2659 1727 msa·

1413 1686 1586 1736 specialis
1605 1686 1726 1724 virtus
1745 1686 1766 1709 ²⁸⁸
1795 1688 1843 1725 ad
1872 1699 1990 1736 quam
2020 1689 2181 1739 pertinet
2209 1689 2247 1727 in
2275 1689 2334 1727 his
2357 1691 2420 1727 vel
2449 1690 2488 1729 in

1413 1740 1494 1777 aliis
1533 1739 1712 1778 virtuosis
1749 1741 1931 1791 operibus
1974 1742 2258 1780 diuturnitatem
2301 1743 2487 1782 sustinere

1412 1801 1527 1842 prout
1554 1805 1711 1831 necesse
1741 1795 1808 1831 est.

1466 1847 1526 1883 Ar>
1562 1858 1701 1884 vamum
1733 1858 1833 1884 111100
1869 1859 2056 1886 mci-:Noun
2093 1849 2199 1898 quod
2228 1850 2487 1900 Philosophus

1413 1899 1549 1949 accipit
1567 1899 1619 1936 ibi
1639 1900 1964 1950 perseverantiam
1985 1902 2201 1940 secundum
2227 1905 2333 1952 quod
2352 1904 2488 1954 aliquis

1411 1961 1634 2002 perseverat
1663 1953 1701 1990 in
1730 1952 1788 1990 his
1816 1953 1855 1991 in
1884 1953 2024 2003 quibus
2044 1954 2309 1994 difficillimum
2339 1965 2394 1995 est
2422 1957 2488 1996 diu

1413 2006 1608 2044 sustinere.
1631 2007 1723 2044 Non
1744 2014 1799 2044 est
1818 2014 1948 2045 autem
1969 2008 2122 2046 difficile
2137 2010 2322 2047 sustinere
2336 2015 2352 2038 Υ
2372 2011 2486 2058 bona,

1412 2061 1481 2098 sed
1510 2062 1622 2098 mala.
1654 2061 1758 2098 Mala
1786 2069 1915 2099 autem
1945 2074 2043 2112 quae
2072 2070 2160 2100 sunt
2186 2063 2356 2113 pericula
2385 2077 2487 2103 mor-

1412 2114 1479 2162 tis,
1508 2122 1551 2153 ut
1578 2115 1788 2164 plurimum
1821 2127 1901 2152 non
1935 2115 2001 2154 diu
2037 2116 2288 2156 sustinentur:
2323 2117 2414 2166 quia
2448 2126 2489 2156 ut

1412 2169 1646 2218 frequentius
1666 2168 1740 2205 cito
1770 2176 1978 2207 transeunt.
2008 2170 2121 2208 Unde
2140 2178 2316 2220 respectu
2334 2171 2487 2210 illorum

1413 2234 1491 2259 non
1522 2230 1578 2260 est
1605 2221 1812 2271 praecipua
1841 2223 1924 2260 laus
1942 2223 2262 2273 perseverantiae.
2293 2225 2393 2263 Inter
2416 2225 2488 2264 alia

1384 2285 1385 2318 ἶ
1413 2283 1542 2314 autem
1572 2276 1686 2327 mala²
1715 2275 1922 2326 praecipua
1950 2285 2037 2314 sunt
2064 2277 2126 2315 illa
2155 2290 2254 2327 quae
2284 2291 2488 2329 opponun-

1384 2373 1385 2381 ἵ
1412 2338 1473 2367 tur
1501 2329 1816 2367 delectationibus
1844 2337 1982 2368 tactus:
2019 2331 2108 2380 quia
2137 2331 2359 2370 huiusmodi
2387 2333 2489 2371 mala

1413 2383 1660 2421 attenduntur
1688 2383 1786 2420 circa
1806 2383 2021 2422 necessaria
2039 2384 2152 2433 vitae,
2173 2393 2265 2435 puta
2294 2386 2393 2423 circa
2423 2387 2486 2424 de·

1384 2438 1385 2444 ’
1413 2437 1554 2474 fectum
1572 2437 1747 2474 ciborum
1768 2444 1804 2474 et
1823 2437 1986 2475 aliorum
2002 2437 2235 2486 huiusmodi,
2251 2451 2351 2488 quae
2367 2451 2486 2488 quan-

1413 2491 1542 2540 doque
1562 2490 1765 2528 imminent
1785 2490 1848 2528 diu
1868 2491 2088 2529 sustinenda
2107 2489 2132 2529 ⁸.
2163 2493 2256 2530 Non
2277 2501 2332 2530 est
2356 2501 2486 2531 autem

1413 2545 1565 2582 difficile
1595 2545 1670 2582 hoc
1690 2549 1702 2565 ⁸
1732 2544 1797 2582 diu
1817 2544 2001 2583 sustinere
2031 2545 2081 2582 illi
2109 2545 2174 2594 qui
2195 2545 2293 2584 circa
2313 2547 2388 2584 hoc
2408 2559 2486 2584 non

1413 2599 1577 2636 multum
1607 2597 1782 2646 tristatur,
1804 2610 1876 2636 nec
1905 2600 1943 2636 in
1968 2598 2153 2648 oppositis
2182 2599 2294 2638 bonis
2323 2601 2487 2638 multum

1384 2696 1385 2707 ἵ
1414 2653 1638 2690 delectatur:
1669 2652 1765 2689 sicut
1793 2659 1896 2701 patet
1924 2653 1962 2690 in
1990 2660 2217 2702 temperato,
2243 2653 2281 2691 in
2310 2666 2389 2702 quo
2418 2654 2488 2692 hu-

1412 2706 1579 2743 iusmodi
1598 2705 1798 2755 passiones
1818 2718 1895 2743 non
1917 2714 2004 2744 sunt
2023 2707 2284 2745 vehementes.
2310 2707 2389 2745 Sed
2407 2720 2487 2746 ma-

1411 2760 1514 2797 xime
1543 2760 1618 2797 hoc
1647 2759 1799 2797 difficile
1829 2767 1885 2797 est
1913 2759 1951 2798 in
1981 2772 2028 2797 eo
2057 2759 2122 2809 qui
2151 2760 2250 2798 circa
2273 2761 2349 2798 11οο
2367 2761 2485 2799 vehe-

1413 2821 1561 2851 menter
1596 2813 1779 2859 afficitur‚
1810 2821 1942 2863 utpote
1978 2826 2056 2851 non
2094 2814 2240 2852 habens
2277 2815 2484 2864 perfectam

1410 2867 1591 2905 virtutem
1616 2866 1906 2905 modificantem
1927 2868 1996 2904 has
2016 2868 2226 2916 passiones.
2258 2869 2307 2905 Et
2334 2868 2433 2915 ideo,
2455 2868 2485 2905 si

1411 2921 1617 2970 accipiatur
1643 2921 1719 2958 hoc
1746 2921 1866 2958 modo
1894 2921 2190 2971 perseverantia,
2220 2934 2300 2959 non
2329 2930 2383 2959 est
2410 2921 2484 2959 vir-

1410 2982 1469 3012 tus
1498 2975 1685 3024 perfecta,
1716 2975 1783 3012 sed
1821 2982 1876 3012 est
1912 2975 2111 3024 quoddam
2147 2975 2412 3025 imperfectum
2446 2975 2483 3012 in

1409 3040 1548 3077 genere
1576 3027 1737 3066 virtutis.

1465 3082 1505 3119 Si
1525 3089 1654 3119 autem
1675 3081 1910 3131 accipiamus
1924 3081 2251 3131 perseverantiam
2268 3081 2482 3119 secundum

1381 3165 1383 3179 s
1410 3135 1516 3184 quod
1536 3135 1671 3184 aliquis
1691 3135 1729 3172 in
1749 3147 1997 3185 quocumque
2027 3135 2131 3172 bono
2151 3133 2294 3172 difficili
2315 3135 2379 3172 diu
2398 3147 2483 3184 per-

1410 3189 1522 3235 sistit,
1543 3190 1618 3226 hoc
1646 3196 1771 3239 potest
1800 3188 2007 3227 convenire
2036 3187 2148 3225 etiam
2177 3188 2333 3226 habenti
2360 3189 2483 3238 perfe-

1381 3277 1382 3281 ,
1410 3250 1510 3280 ctam
1530 3243 1722 3280 virtutem.
1753 3242 1826 3280 Cui
1855 3242 1969 3280 etiarn
1996 3241 2026 3278 si
2054 3241 2254 3290 persistere
2283 3242 2328 3279 sit
2356 3242 2483 3280 minus

1410 3296 1574 3343 difficile,
1595 3295 1759 3346 persistit
1791 3303 1921 3333 tamen
1954 3295 1991 3332 in
2021 3294 2125 3331 bono
2151 3295 2272 3344 magis
2300 3296 2481 3345 perfeeto.

1408 3350 1520 3388 Unde
1550 3350 1630 3387 talis
1654 3348 1938 3399 perseverantia
1966 3355 2092 3397 potest
2111 3360 2193 3386 esse
2222 3349 2362 3387 virtus:
2394 3349 2482 3399 quia

1380 3396 1382 3409 '
1407 3403 1590 3452 perfectio
1605 3402 1753 3440 virtutis
1772 3401 1894 3450 magis
1913 3401 2116 3439 attenditur
2134 3403 2349 3440 secundum
2371 3402 2483 3440 ratio-

1409 3468 1498 3493 nem
1529 3455 1621 3492 boni
1646 3467 1763 3503 quam
1791 3455 2004 3492 secundum
2035 3455 2222 3493 rationem
2252 3455 2425 3494 difficilis.

1463 3585 1488 3618 ὃ)
1508 3586 1674 3612 sustinenda.
1686 3601 1704 3606 —
1722 3587 1906 3612 sustinendum
1927 3588 2085 3618 ABEFHIK.
2105 3588 2141 3613 ad
2159 3588 2343 3613 sustinendum
2365 3588 2394 3612 L.

1463 3623 1485 3654 ε)
1505 3622 1562 3647 hoc.
1574 3635 1594 3642 -
1611 3622 1676 3648 haec
1695 3622 1769 3653 PFG,
1789 3630 1843 3648 om.
1862 3623 1984 3650 ABEKL.

2613 1585 2628 1621 β
