2768 4198
921 259 1190 307 QUAESTIO
1221 258 1469 304 CLXXXVI,
1500 258 1799 295 ARTICULUS
1831 259 1844 294 Ι

507 489 924 569 QUAESTIO
965 485 2261 543 CENTESIMAOCTOGESIMASEXTA

337 615 420 655 DE
454 612 553 653 H1s·
586 611 646 651 IN
681 608 906 661 QUIBUS
939 607 1406 648 PRINCIPALITER
1440 606 1760 647 CONSISTIT
1794 607 2141 649 RELIGIONIS
2176 607 2420 650 STATUs
2453 638 2457 640 .

1096 721 1130 746 lN
1160 721 1282 746 DECEM
1318 721 1523 747 ARTICULOS
1558 721 1676 746 DIVISA

45 885 95 907 ·Cf.
123 890 254 910 u.cr.xxx1v,

42 912 104 933 Intro
124 927 128 932 .

283 990 339 1019 est
371 981 418 1018 de
454 980 511 1017 his
548 980 586 1017 in
615 979 754 1028 quibus
786 978 1046 1029 principaliter
1074 977 1244 1015 consistit
1272 977 1354 1014 reli-

282 1035 402 1084 gionis
422 1041 558 1080 status;
584 1033 765 1081 secunda,
788 1033 834 1070 de
854 1032 913 1070 his
933 1044 1034 1080 quae
1055 1031 1236 1080 religiosis
1256 1030 1353 1067 licite

42 1098 52 1108 ⁴
96 1103 115 1117 u·
138 1102 254 1117 mmu-
283 1087 487 1126 convenire
517 1094 678 1136 possunt
696 1086 736 1132 *ς
765 1086 886 1133 tertia,
917 1085 964 1122 de
994 1085 1234 1122 distinctione
1273 1084 1353 1121 reli·
1380 1121 1381 1132 2

130 1154 253 1197 stafili?
282 1142 440 1190 gionum
459 1141 495 1186 ’¹‘;
526 1148 672 1189 quarta,
703 1141 750 1178 de
779 1139 969 1187 religionis
998 1139 1169 1187 ingressu
1189 1138 1240 1175 **.

283 1196 393 1233 Circa
421 1195 591 1244 primurn
621 1201 856 1243 quaeruntur
885 1194 1034 1230 decern.

68 1097 106 1202 000

158 1155 188 1170 ἒ

335 1248 487 1285 Primo:
512 1255 642 1285 utrum
663 1247 926 1296 religiosorum
949 1254 1067 1283 status
1087 1246 1134 1283 sit
1152 1246 1353 1295 perfectus.
1381 1229 1382 1238 ἵ

338 1302 536 1339 Secundo:
567 1309 695 1339 utrum
724 1300 889 1350 religiosi
917 1307 1119 1337 teneantur
1147 1300 1195 1337 ad
1225 1298 1356 1336 omnia

392 1355 561 1392 consilia.

337 1409 490 1446 Tertio:
520 1416 649 1445 utrum
673 1407 890 1445 voluntaria
911 1414 1116 1456 paupertas
1146 1406 1357 1455 requiratur

390 1463 439 1500 ad
468 1462 702 1510 religionem.

367 833 474 858 EINDE
513 819 835 857 considerandum
875 825 931 854 est
970 817 1018 854 de
1046 817 1104 854 his
1139 829 1238 866 quae
1267 829 1351 866 per·
1378 817 1380 855 Ξ

285 834 485 915 Dtinent
511 874 561 911 ad
581 880 720 910 statum
742 871 931 920 religionis
950 870 981 908 *.
1014 871 1126 907 Circa
1156 870 1262 920 quod
1288 883 1354 907 oc-
1378 860 1380 920 ξ

284 928 398 965 currit
433 927 670 975 quadruplex
705 924 981 962 consideratio:
1025 936 1190 972 quarum
1228 923 1380 973 prima}

1461 818 1628 865 Quarto:
1657 825 1788 854 utrum
1818 817 2031 866 requiratur
2061 817 2309 855 continentia.

1461 875 1626 922 Quinto:
1655 883 1785 912 utrum
1815 875 2029 924 requiratur
2058 875 2287 913 obedientia.

1462 935 1595 971 Sexto:
1640 941 1767 970 utrum
1806 933 2018 982 requiratur
2059 933 2166 983 quod
2210 934 2306 970 haec
2345 935 2484 972 cadant

1517 992 1588 1029 sub
1616 999 1724 1029 vot0.

1463 1050 1659 1099 Septimo:
1690 1050 1737 1087 de
1766 1049 1994 1087 sufficientia
2022 1049 2163 1086 horum
2192 1057 2388 1087 votorum.

1463 1110 1634 1146 Octavo:
1665 1108 1713 1146 de
1744 1107 2031 1157 comparatione
2062 1119 2197 1145 eorum
2226 1108 2274 1145 ad
2302 1108 2481 1146 invicem.

1462 1168 1602 1204 Nono:
1625 1174 1753 1203 utrum
1773 1166 1972 1215 religiosus
1992 1178 2147 1215 semper
2166 1166 2378 1204 mortaliter
2396 1178 2484 1216 pec-

1516 1233 1575 1262 cet
1603 1224 1760 1274 quando
1789 1223 2063 1272 transgreditur
2091 1231 2274 1262 statutum
2305 1237 2397 1262 suae
2427 1221 2502 1262 re-'

1517 1284 1640 1332 gulae.

1463 1341 1646 1378 Decimo:
1676 1347 1818 1388 utrum,
1849 1340 1982 1377 ceteris
2006 1340 2173 1390 paribus,
2199 1339 2235 1378 in
2262 1340 2401 1378 eodem
2421 1352 2484 1388 ge-

1519 1412 1609 1436 nere
1647 1398 1794 1448 peccati
1832 1400 1918 1448 plus
1959 1406 2094 1447 peccet
2131 1398 2329 1447 religiosus
2365 1410 2484 1447 quam

1520 1458 1733 1494 saecularis.

1104 1569 1425 1612 ARTICULUS
1457 1568 1664 1611 PRIMUS

805 1665 962 1696 UTRUM
987 1663 1164 1700 RELIGIO
1190 1663 1416 1695 IMPORTET
1440 1663 1621 1694 STATUM
1645 1661 1960 1693 PERFECTIONIS

439 1746 529 1777 Supra,
548 1751 591 1776 qu.
612 1750 728 1772 chxxW.
748 1748 793 1768 art.
815 1742 845 1773 5;
864 1742 895 1767 111
918 1742 994 1767 Cont.
1017 1743 1103 1770 Gent„
1124 1749 1178 1773 cap.
1198 1748 1275 1771 (τηις
1298 1741 1338 1766 De
1362 1741 1435 1774 Pers.
1459 1740 1534 1766 Vitae
1554 1740 1636 1772 Spir„
1651 1748 1707 1773 cap.
1726 1748 1759 1770 ιι,
1778 1747 1833 1771 m;
1854 1740 1951 1771 Quodl.
1971 1739 1990 1770 1,
2009 1747 2053 1773 qu.
2072 1747 2117 1771 vn,
2136 1746 2184 1766 art.
2204 1748 2228 1770 2,
2248 1741 2279 1766 ad
2300 1748 2330 1771 2;

1082 1777 1120 1807 111,
1141 1784 1184 1809 qu.
1204 1784 1238 1806 vr,
1259 1781 1305 1802 art.
1327 1776 1356 1807 35
1379 1776 1408 1801 In
1429 1776 1538 1805 Matth„
1560 1783 1615 1808 cap.
1636 1783 1685 1802 xxx.

320 1884 375 1927 »³1¹
402 1889 471 1930 aa«
496 1881 518 1906 D
543 1880 681 1905 PRlMUM
709 1880 764 1905 sxc
792 1878 1036 1904 PROCEDITUR.
1066 1866 1228 1902 Videtur
1252 1865 1357 1915 quod

373 2029 401 2041 'rx

298 1978 421 2055 ὦζὲνς
437 1976 566 2013 nis.
597 1975 692 2012 Illud
713 1975 817 2012 enim
847 1974 954 2024 quod
978 1982 1034 2011 est
1063 1973 1111 2011 de
1131 1973 1355 2010 necessitate
1383 1986 1385 2001 ι

339 2042 355 2058 t

284 2137 434 2174 salutis:
464 2137 552 2186 quia
583 2148 652 2185 per
681 2149 766 2173 eam
795 2136 862 2173 uni
888 2147 979 2172 vero
1009 2136 1092 2172 Deo
1122 2135 1354 2184 religamur,

44 2202 122 2229 wau
139 2207 174 2222 ιν-
285 2191 380 2228 sicut
407 2190 643 2238 Augustinus
673 2189 760 2227 dicit
789 2190 826 2226 in
855 2189 952 2226 libro
981 2189 1027 2226 de
1048 2189 1146 2226 Vera
1169 2188 1295 2238 Relig.
1315 2187 1354 2233 *3

284 2245 345 2281 vel
375 2243 506 2292 religio
538 2243 675 2280 dicitur
704 2255 749 2279 ex
769 2255 815 2280 eo
846 2242 953 2291 quod
978 2243 1104 2280 Deum
1125 2242 1355 2291 reeligimus,

285 2309 396 2346 quem
425 2297 676 2334 amiseramus
705 2297 950 2346 negligentes,
970 2304 1013 2332 ut
1039 2295 1276 2343 Augustinus
1302 2295 1356 2332 di-

47 2363 125 2390 ·cap-
142 2368 176 2383 ιιι-
287 2351 335 2388 cit
355 2350 392 2387 in
413 2350 448 2386 X
467 2351 512 2387 de
537 2350 616 2387 Civ.
638 2350 714 2386 Dei
729 2349 761 2386 ²⁸.
792 2350 895 2398 Ergo
914 2349 1068 2386 videtur
1092 2348 1198 2397 quod
1226 2348 1357 2396 religio

287 2416 364 2442 non
394 2403 568 2440 nominet
595 2402 839 2452 perfectionis
869 2410 1022 2440 statum.
1080 2396 1087 2405 ¹

47 2458 257 2481 'Delnm'·¹²'¹³²·
342 2469 376 2494 2.
400 2458 636 2502 PRAETEREA,
658 2456 799 2504 religio,
821 2457 1035 2494 secundum
1056 2455 1227 2492 Tullium
1247 2454 1279 2502 *,
1303 2462 1358 2492 est

45 2486 58 2507 1’
80 2502 85 2507 .
101 2486 128 2511 ΙΙ,
145 2492 170 2507 ca
190 2491 256 2507 .r.ur.

54 2487 76 2508 lb
172 2492 186 2513 p
287 2523 385 2560 quae
415 2516 576 2547 naturae
602 2510 753 2547 divinae
781 2510 921 2547 cultum
941 2515 977 2547 et
998 2509 1279 2546 caeremoniam
1299 2510 1356 2556 af·
1385 2533 1386 2548 ι

273 2566 369 2613 fert.
410 2564 488 2601 Sed
526 2563 662 2601 afferre
699 2564 785 2600 Deo
825 2564 969 2601 cultum
1006 2571 1043 2600 et
1072 2562 1356 2600 caeremoniam

286 2617 406 2665 magis
435 2617 588 2654 videtur
619 2617 809 2666 pertinere
844 2618 892 2654 ad
923 2616 1131 2654 ministeria
1160 2628 1356 2653 sacrorum

286 2672 467 2708 ordinum
501 2683 618 2720 quam
648 2670 697 2707 ad
726 2671 986 2708 diversitatem
1016 2677 1203 2707 statuum:
1243 2677 1283 2706 ut
1313 2681 1357 2706 ex

47 2731 257 2785 &ffb-333³&
286 2724 439 2774 supra*
468 2724 575 2762 dictis
603 2731 718 2774 patet.
757 2725 860 2773 Ergo
894 2724 1046 2762 videtur
1082 2723 1188 2772 quod
1227 2723 1356 2771 religio

46 2790 65 2812 3-
199 2773 204 2782 ’
287 2791 364 2815 non
394 2778 566 2815 nominet
593 2777 836 2827 perfectionis
866 2786 1019 2814 statum.

145 2842 161 2858 α
343 2834 377 2869 3.
407 2833 645 2878 PRAETEREA,
676 2839 793 2868 status
822 2831 1066 2880 perfectionis
1087 2830 1357 2878 distinguitur⁰²
1384 2835 1385 2864 ξ

224 2900 229 2915 ¹
288 2893 419 2922 contra
440 2893 579 2922 statum
601 2885 862 2934 incipientium
880 2893 916 2922 et
931 2884 1215 2934 proficientium
1229 2883 1261 2920 *.
1279 2884 1357 2920 Sed
1384 2897 1385 2918 ἢ

289 2939 403 2976 etiam
433 2939 470 2975 in
490 2938 670 2987 religione
701 2946 787 2975 sunt
805 2938 920 2986 aliqui
941 2938 1164 2987 incipientes
1186 2945 1220 2974 et
1242 2937 1357 2986 aliqui

287 2992 543 3042 proficientes.
564 2993 667 3040 Ergo
684 2991 811 3040 religio
829 3005 907 3029 non
923 2992 1097 3029 nominat
1116 2990 1357 3041 perfectionis

288 3054 438 3083 statum.

340 3112 376 3146 4.
399 3100 635 3146 PRAETEREA‚
667 3098 795 3146 religio
815 3098 967 3136 videtur
988 3111 1071 3136 esse
1100 3098 1356 3148 poenitentiae

193 3163 205 3178 ⁶
221 3163 260 3178 ’¹⁶’-
288 3153 411 3189 locus:
439 3153 574 3190 dicitur
590 3152 692 3190 enim
714 3152 750 3189 in
770 3152 953 3199 Decretis,
974 3153 1056 3198 Vll,
1077 3165 1141 3201 qu.
1161 3151 1220 3189 1²⁸¹:
1241 3152 1356 3189 Prae-

288 3207 376 3254 cipit
400 3212 530 3243 sancta
560 3207 736 3254 Synodus
762 3211 802 3242 ut
827 3206 1053 3255 quicumque
1080 3206 1126 3243 de
1151 3205 1360 3254 pontificali

289 3259 469 3308 dignitate
504 3260 556 3297 ad
586 3261 861 3298 monachorum
899 3260 1015 3296 vitam
1049 3265 1084 3296 et
1104 3259 1358 3308 poenitentiae

289 3312 518 3350 descenderit
543 3313 680 3359 locum,
711 3325 906 3362 nunquam
935 3314 987 3350 ad
1008 3314 1270 3361 pontificatum
1299 3325 1356 3349 re-

289 3372 432 3414 surgat.
472 3367 548 3403 Sed
584 3367 690 3404 locus
725 3366 980 3416 poenitentiae
1010 3367 1219 3416 opponitur
1246 3366 1357 3404 statui

147 3426 162 3460 β
290 3418 551 3466 perfectionis:
591 3421 693 3458 unde
730 3420 960 3469 Dionysius,
990 3432 1025 3457 vl
1061 3433 1143 3469 cap.
1178 3420 1321 3457 Eccles.
1342 3417 1358 3449 β

344 3533 370 3563 οι)
391 3532 576 3565 distinguitur.
588 3547 605 3551 -
625 3534 828 3567 distinguuntur
847 3535 900 3564 ΕΚ,
920 3535 1052 3560 dividitur
1070 3535 1115 3560 Pa.

345 3567 370 3600 β)
390 3567 461 3594 Eccl.
473 3581 492 3587 -
514 3569 584 3593 Cael.
604 3569 705 3594 codices
725 3575 749 3594 et
768 3577 793 3595 a.

343 3604 369 3637 γ)
384 3604 568 3629 conscendere.
582 3617 601 3623 -
618 3605 761 3629 ascendere
780 3605 826 3629 Pa.

339 1910 474 1982 ‘'AR‘’
496 1922 626 1971 religio
665 1934 744 1958 non
773 1921 954 1970 importet
982 1927 1121 1958 statum
1156 1919 1356 1969 perfectio-
1383 1925 1385 1945 1

373 2021 438 2063 ὦ)
454 2019 646 2076 salutis,
684 2041 761 2066 non
790 2028 943 2066 videtur
977 2028 1025 2065 ad
1056 2034 1196 2064 statum
1230 2027 1354 2076 perfe-
1383 2031 1385 2077 J

285 2083 419 2121 ctionis
455 2083 656 2132 pertinere.
697 2083 774 2120 Sed
805 2082 934 2130 religio
965 2089 1021 2118 est
1053 2081 1100 2118 de
1130 2080 1355 2118 necessitate
1383 2080 1385 2127 f

1383 3089 1385 3096 Ι
1412 3044 1499 3093 ligio
1520 3052 1661 3091 autern,
1683 3052 1724 3081 ut
1748 3057 1864 3094 supra
1883 3043 1903 3066 ’¹‘
1930 3044 2103 3082 habitum
2125 3051 2192 3091 est,
2215 3052 2271 3081 est
2290 3045 2483 3092 quaedam

1408 1865 1534 1910 IIier„
1565 1865 1673 1914 ponit
1701 1864 1940 1913 poenitentes
1969 1864 2007 1902 in
2036 1864 2172 1902 infimo
2209 1866 2313 1912 loco,
2344 1865 2486 1904 scilicet

1411 1918 1507 1956 inter
1529 1918 1768 1969 purgandos.
1799 1919 1902 1967 Ergo
1929 1918 2084 1955 videtur
2112 1917 2218 1967 quod
2247 1918 2377 1968 religio
2407 1931 2487 1959 non

1411 1972 1458 2009 sit
1485 1979 1604 2009 status
1633 1971 1888 2021 perfectionis.

1465 2026 1541 2063 SED
1561 2037 1710 2063 CONTRA
1729 2037 1795 2063 EST
1810 2025 1915 2074 quod
1933 2025 1969 2062 in
1995 2025 2266 2063 Collationibus
2279 2027 2439 2064 Patrum
2452 2026 2485 2075 *,
2514 2027 2626 2077 ζξθω·
2640 2027 2660 2056 ¹»
2675 2033 2727 2057 ⁶⁸¹²·

1411 2079 1500 2116 dicit
1528 2080 1662 2117 Abbas
1692 2080 1862 2128 Moyses,
1893 2079 1941 2116 de
1962 2079 2146 2128 religiosis
2174 2080 2358 2129 loquens:
2386 2080 2486 2118 Ieiu-

1411 2133 1563 2170 niorum
1593 2133 1770 2179 inediam,
1799 2132 1963 2183 vigilias,
1993 2133 2154 2180 labores,
2183 2134 2355 2183 corporis
2379 2133 2487 2172 nudi-

1411 2193 1545 2232 tatem,
1575 2187 1792 2233 lectionem,
1829 2192 2046 2236 ceterasque
2073 2187 2227 2225 virtutes
2254 2188 2391 2226 debere
2418 2199 2488 2226 nos

1410 2240 1599 2290 suscipere
1627 2240 1856 2286 noverimus,
1888 2246 1928 2277 ut
1953 2241 2006 2278 ad
2026 2241 2299 2290 perfectionem
2318 2241 2487 2280 caritatis

1411 2294 1489 2331 istis
1506 2294 1691 2344 gradibus
1704 2294 1894 2342 possimus
1913 2295 2165 2332 conscendere
2173 2300 2200 2333 Υ.
2223 2296 2302 2333 Sed
2322 2307 2367 2333 ea
2386 2307 2486 2345 quae
2612 2305 2629 2331 τ

1412 2348 1461 2384 ad
1490 2347 1683 2384 humanos
1713 2355 1820 2384 actus
1847 2347 2048 2396 pertinent,
2079 2349 2127 2385 ab
2157 2348 2368 2386 intentione
2395 2349 2487 2386 finis

1413 2400 1581 2450 speciem
1613 2408 1648 2437 et
1677 2412 1821 2438 nomen
1851 2401 2047 2450 recipiunt.
2077 2402 2180 2450 Ergo
2211 2401 2375 2451 religiosi
2403 2414 2487 2452 per-

1412 2454 1533 2491 tinent
1552 2453 1600 2491 ad
1621 2462 1761 2491 statum
1790 2454 2047 2504 perfectionis.

1466 2507 1676 2556 Dionysius
1697 2507 1821 2554 etiam,
1842 2520 1877 2545 vl
1899 2520 1981 2557 cap.
2002 2508 2145 2546 Eccles.
2165 2509 2292 2556 Hier„
2314 2508 2404 2547 dicit
2422 2520 2486 2546 eos

1413 2563 1478 2611 qui
1514 2562 1760 2598 nominantur
1787 2562 1862 2598 Dei
1882 2563 2033 2610 famuli
2048 2560 2075 2609 ὅ,
2104 2574 2155 2600 ex
2182 2563 2258 2599 Dei
2290 2573 2389 2611 puro
2411 2574 2487 2600 sm
2614 2566 2630 2593 δ

1411 2615 1500 2652 vitio
1520 2620 1557 2652 et
1562 2615 1761 2663 famulatu
1783 2615 1886 2652 uniri
1902 2615 1955 2652 ad
1977 2616 2181 2653 amabilem
2194 2616 2483 2665 perfectionem.

1466 2669 1694 2706 Rssponnsso
1715 2680 1902 2706 monimum
1922 2669 2041 2718 quod,
2071 2669 2167 2706 sicut
2196 2681 2242 2706 ex
2261 2681 2377 2719 supra
2390 2669 2412 2692 ’⁸‘
2431 2669 2486 2708 di-

1412 2723 1479 2760 ctis
1508 2730 1623 2772 patet,
1655 2722 1691 2761 id
1721 2723 1828 2771 quod
1858 2722 2116 2760 communiter
2143 2722 2272 2761 multis
2292 2723 2484 2771 convenit,

1413 2775 1718 2813 antonomastice
1738 2775 1952 2813 attribuitur
1973 2776 2005 2813 ei
2035 2776 2094 2813 cui
2124 2789 2194 2826 per
2222 2776 2483 2815 excellentiam

1413 2830 1610 2867 convenit:
1648 2829 1743 2867 sicut
1776 2842 1920 2867 nomen
1944 2830 2185 2878 fortitudinis
2213 2829 2382 2868 vindicat
2413 2830 2485 2868 sibi

1412 2884 1472 2920 illa
1495 2883 1616 2920 virtus
1638 2896 1737 2932 quae
1759 2883 1857 2920 circa
1878 2883 2103 2922 difficillima
2121 2884 2342 2921 firmitatem
2363 2884 2483 2921 animi

1412 2945 1538 2974 servat
1552 2937 1583 2983 *,
1606 2945 1641 2974 et
1662 2937 1932 2985 temperantiae
1960 2949 2104 2974 nomen
2125 2937 2294 2975 vindicat
2321 2937 2393 2974 sibi
2422 2937 2484 2975 illa
2513 2939 2522 2950 ⁸
2537 2938 2627 2967 [Ηφ-

1411 2991 1530 3028 virtus
1559 3003 1659 3039 quae
1679 2999 1868 3040 temperat
1886 2990 2074 3028 maximas
2095 2990 2378 3028 delectationes.
2410 2992 2483 3028 Re-

2514 2672 2524 2683 ·
2563 2677 2586 2694 ι.
2605 2676 2668 2700 ezr-r,
2684 2675 2726 2695 nrt.

2511 3044 2673 3101 {Rs-2¹55&
2682 3049 2725 3094 :2²-

1411 3098 1530 3136 virtus
1558 3110 1627 3147 per
1656 3110 1773 3147 quarn
1803 3098 1938 3147 aliquis
1966 3097 2015 3135 ad
2034 3097 2108 3134 Dei
2127 3097 2325 3135 servitium
2347 3106 2384 3135 et
2408 3099 2484 3136 cul-

1411 3159 1494 3189 tum
1523 3151 1666 3200 aliquid
1696 3151 1848 3189 exhibet
1866 3156 1890 3188 ⁸.
1922 3151 1970 3188 Et
1989 3150 2078 3188 ideo
2098 3151 2404 3199 antonomastice
2424 3163 2482 3189 re·
2614 3162 2625 3180 ⁸

1412 3205 1539 3255 ligiosi
1578 3205 1756 3244 dicuntur
1792 3205 1843 3242 illi
1881 3204 1945 3253 qui
1984 3216 2024 3240 se
2061 3204 2224 3241 totaliter
2262 3205 2485 3255 mancipant

1412 3258 1543 3296 divino
1564 3259 1733 3305 servitio,
1763 3257 1871 3307 quasi
1899 3257 2171 3295 holocaustum
2201 3259 2287 3296 Deo
2317 3258 2482 3297 offeren—

1411 3320 1479 3350 tes.
1509 3312 1622 3350 Unde
1652 3311 1859 3360 Gregorius
1889 3309 1989 3357 dicit,
2018 3323 2131 3359 super
2158 3312 2294 3361 Erech.
2314 3311 2353 3349 *ε
2387 3313 2486 3351 Sunt

1411 3366 1565 3415 quidam
1594 3365 1661 3414 qui
1687 3364 1780 3402 nihil
1804 3364 2038 3412 sibimetipsis
2067 3371 2284 3403 reservant.-
2311 3365 2379 3403 sed
2403 3378 2484 3403 sen·

1410 3431 1515 3465 sum,
1544 3419 1737 3468 linguam,
1772 3418 1889 3454 vitam
1933 3424 2045 3467 atque
2079 3419 2327 3456 substantiam
2365 3430 2481 3468 quam

2512 3310 2724 3362 ne..-

1465 3531 1489 3565 δ)
1503 3532 1613 3566 famuli.
1627 3531 1780 3565 -samulos
1799 3531 2018 3565 ABDEFIKLpC.

1465 3568 1487 3600 ε)
1506 3568 1622 3593 exhibet.
1635 3581 1653 3586 -
1671 3567 1810 3592 exhiberet
1829 3567 1967 3601 BEFLpA,
1987 3569 2047 3600 (per
2065 3575 2145 3601 quam
2164 3568 2288 3602 aliqui...)
2306 3568 2435 3594 exhibent
2449 3568 2482 3593 H.
