2768 4198
993 269 1262 316 QUAESTIO
1293 270 1411 318 CLX,
1441 271 1739 309 ARTICULUS
1769 273 1800 308 11
2420 284 2491 321 291

304 349 396 380 nibus
412 349 444 379 in
459 347 573 389 quibus
590 358 652 378 non
668 353 715 378 est
724 348 834 388 aliqua
849 348 1011 378 excellens
1025 348 1203 389 difficultas
1218 359 1260 379 ex
1272 355 1371 390 parte
1397 351 1399 355 ⁴
1424 360 1490 380 non
1510 351 1627 381 habent
1650 351 1836 382 excellentes
1859 361 1932 381 suas
1956 350 2172 388 difficultates,
2197 352 2284 382 verbi
2307 352 2421 391 gratia,
2447 362 2498 382 ex-

303 393 476 430 materiae,
499 392 556 423 sed
578 393 681 423 solum
706 401 748 422 ex
765 396 861 431 parte
884 392 1129 430 moderationis,
1154 403 1217 424 non
1236 395 1371 434 ponitur
1397 391 1399 419 ἕ
1423 395 1551 425 teriores
1575 402 1683 425 motus
1712 395 1855 435 corporis
1878 402 1909 426 et
1932 395 2095 426 interiores
2125 395 2257 436 quidam
2285 395 2415 427 affectus
2439 397 2495 436 qui

304 438 406 468 virtus
430 437 493 467 nisi
515 446 590 466 una.
1398 451 1399 473 1
1425 446 1499 469 sunt
1523 439 1714 470 exteriorum
1744 446 1896 470 motuum
1918 439 2072 470 rationes:
2106 450 2143 470 ex
2171 440 2235 471 hoc
2259 440 2330 470 solo
2362 439 2497 471 difficul-

343 480 399 511 ‘Et
422 487 458 511 ut
481 480 557 510 haec
579 479 744 519 intelligas,
762 479 882 520 inspice
906 480 946 510 ad
970 480 1127 520 opposita.
1144 482 1239 512 Verbi
1262 482 1370 522 gratia,
1398 485 1399 512 1
1426 489 1523 514 tatem
1546 483 1721 514 notabilem
1743 483 1861 514 habent
1884 484 1974 525 quod
1995 484 2215 515 moderamine
2239 491 2340 525 egent.
2366 485 2407 515 Et
2425 484 2497 515 ideo

305 535 380 556 cum
395 524 467 565 quis
491 534 528 555 ex
550 523 595 554 ira
613 523 749 564 percutit
772 524 948 560 hominem,
964 531 1011 555 est
1033 524 1075 555 ibi
1099 525 1204 565 passio
1220 526 1301 562 irae,
1327 533 1373 556 est
1398 555 1400 562 ,
1427 527 1522 558 unica
1555 537 1627 567 pars
1657 528 1831 558 modestiae
1862 527 1976 559 sufficit
2006 529 2044 559 ad
2074 535 2261 569 utrumque:
2294 538 2351 559 nec
2375 536 2501 569 oportet

304 576 335 599 et
358 569 439 600 actio
462 568 674 609 percussionis
696 568 841 599 iniustae.
866 568 907 598 Et
922 578 959 598 ex
975 575 1061 608 parte
1087 570 1251 611 utriusque
1275 577 1372 601 mate·
1399 563 1401 603 ἕ
1428 581 1526 601 unam
1551 572 1726 602 modestiae
1751 579 1873 612 partem
1897 582 2016 613 ponere
2040 573 2078 603 ad
2098 573 2332 603 moderandum
2356 573 2432 603 tales
2456 573 2501 603 af-

305 613 367 643 riae
399 620 446 644 est
475 612 604 652 propria
635 612 789 643 excellens
820 611 1001 644 difficultas:
1033 614 1188 654 quoniam
1211 614 1256 644 ira
1279 614 1373 645 habet
1428 615 1538 651 fectus,
1564 623 1595 646 et
1618 618 1750 647 alteram
1774 617 1813 647 ad
1837 617 2071 647 moderandum
2094 617 2247 648 exteriora
2270 627 2377 658 opera.

305 666 396 688 suam
415 656 622 687 resistentiam
645 657 685 686 ad
708 656 880 693 rationem;
906 664 936 688 et
959 657 1102 697 operatio
1126 659 1165 688 ad
1189 658 1372 699 proximum
1399 627 1402 689 1
1484 659 1532 690 Ex
1556 660 1684 690 duobus
1709 670 1783 701 ergo
1808 661 1962 702 capitibus
1987 661 2143 692 modestia
2167 662 2206 692 ad
2226 668 2292 692 tam
2316 661 2452 692 diversas
2469 672 2500 691 se

304 700 399 731 habet
414 700 577 741 propriam
590 699 808 731 difficultatem
825 708 860 732 ut
875 708 958 732 reeta
973 701 1021 733 sit.
1043 702 1082 733 Et
1096 710 1261 744 propterea
1278 713 1372 743 opor·
1430 704 1568 735 extendit
1584 704 1739 741 materias,
1757 711 1792 735 ut
1814 705 1847 735 in
1862 705 1920 736 hac
1935 706 2142 746 responsione
2162 705 2357 746 exprimitur.
2381 705 2500 742 Primo,

304 751 349 775 tet
363 744 407 775 ibi
423 744 518 775 aliam
530 754 597 775 esse
612 744 762 776 virtutem
779 745 859 776 circa
871 746 1125 777 moderationem
1136 746 1214 777 irae:
1233 755 1263 778 et
1279 747 1373 777 aliam
1400 754 1402 771 ὲ
1429 757 1466 778 ex
1488 748 1550 779 hoc
1567 749 1655 789 quod
1672 750 1730 779 sub
1747 759 1783 780 ea
1799 749 1938 780 diversae
1955 750 2156 781 continentur
2172 750 2313 781 virtutes.
2338 750 2496 786 Secundo,

305 788 386 819 circa
402 789 657 820 moderationem
680 790 874 829 operationis
890 790 1068 821 secundum
1084 801 1126 821 se.
1152 791 1193 822 Et
1215 792 1280 822 duo
1300 791 1375 822 vitia
1401 774 1403 815 ὗ
1430 802 1467 823 ex
1490 802 1529 823 eo
1553 793 1643 833 quod
1667 803 1738 833 pars
1763 793 1830 824 eius
1854 804 1918 824 una
1942 793 2057 825 sufficit
2073 795 2113 825 ad
2129 794 2312 835 passionem
2336 801 2367 825 et
2390 804 2501 834 opera—

305 832 509 864 incurruntur
537 833 570 864 in
598 834 802 875 percussione
825 834 1028 865 huiusmodi:
1057 835 1174 866 scilicet
1196 835 1376 866 iracundiae
1430 836 1552 867 tionem
1577 838 1818 868 moderandam.

306 883 336 907 et
358 877 539 908 iniustitiae.
562 895 584 901 —
607 878 671 909 Ubi
695 885 802 909 autem
826 879 931 918 passio
956 885 987 910 et
1009 880 1152 919 operatio
1177 890 1213 910 ex
1240 880 1376 920 propriis
