2768 4198
84 549 92 556 ·
99 546 158 568 Part.
165 546 182 572 l,
188 552 239 574 cap.
245 551 296 567 viu.

181 573 196 599 δ

83 865 94 876 ·
107 863 175 891 ibid„
190 869 242 891 cap.
254 868 297 884 vu.

968 296 1237 342 QUAESTIO
1268 296 1497 343 CLXXXV,
1526 297 1825 335 ARTlcULUs
1855 299 1868 334 1

323 376 514 422 tudinem,
545 383 908 425 praesumptuosum
936 375 1087 411 videtur
1120 376 1225 424 quod
1258 376 1392 424 aliquis
1418 379 1420 425 ζ

322 442 499 479 praeesse
536 436 689 478 appetat
726 428 775 465 ad
812 431 887 464 hoc
923 428 1028 476 quod
1067 429 1225 465 subditis
1260 429 1390 478 prosit,

323 483 395 520 nisi
423 482 624 520 manifesta
652 481 875 518 necessitate
905 481 1148 519 imminente:
1180 483 1275 519 sicut
1299 483 1392 520 Gre-

323 595 408 626 erat
446 589 699 638 episcopatum
746 600 950 636 quaerere,
993 590 1144 637 quando
1181 601 1254 638 per
1294 591 1394 626 hunc

323 654 509 691 quemque
535 642 691 678 dubium
717 653 791 678 non
813 648 896 678 erat
920 642 972 678 ad
997 643 1180 691 supplicia
1207 643 1393 693 graviora

317 695 535 744 pervenire,
566 696 668 731 unde
702 707 780 731 non
815 695 862 732 de
900 695 996 731 facili
1032 696 1299 733 inveniebatur
1331 696 1395 744 qui

323 749 398 785 hoc
427 760 525 785 onus
554 755 786 793 assumeret3
816 749 1037 797 praesertim
1063 762 1150 786 cum
1182 749 1314 798 aliquis
1335 762 1394 786 ca-

324 801 440 838 ritatis
469 802 552 838 zelo
581 801 762 839 divinitus
791 802 839 838 ad
868 803 944 839 hoc
973 802 1157 849 incitatur,
1178 803 1273 839 sicut
1302 803 1395 839 Gre-

323 855 451 903 gorius
481 855 581 902 dicit,
602 855 640 892 in
669 856 854 892 Pastoral.
875 855 906 902 *,
937 856 1043 903 quod
1061 856 1195 902 Isaias,
1217 857 1397 904 prodesse

316 908 510 957 proximis
537 909 701 957 cupiens,
731 909 971 946 laudabiliter
998 909 1167 957 officium
1196 910 1396 958 praedica-

323 962 434 999 tionis
462 962 625 1010 appetiit.
656 984 679 990 —
709 963 841 999 Potest
869 970 997 999 tamen
1026 963 1171 1011 absque
1200 975 1397 1011 praesum-

325 1015 455 1063 ptione
491 1015 648 1063 quilibet
685 1024 864 1064 appetere
899 1015 987 1052 talia
1028 1027 1146 1064 opera
1183 1015 1328 1063 facere,
1368 1016 1398 1053 si

325 1081 415 1105 eum
452 1068 688 1117 contingeret
720 1068 758 1105 in
787 1069 849 1105 tali
879 1069 1008 1106 officio
1046 1081 1152 1114 esse;
1190 1070 1252 1105 vel
1282 1069 1396 1106 etiam

325 1134 366 1159 se
396 1134 479 1159 esse
519 1122 676 1170 dignum
715 1122 764 1159 ad
794 1121 881 1158 talia
910 1134 1028 1170 opera
1063 1122 1309 1170 exequenda:
1348 1123 1398 1159 ita
1424 1134 1426 1157 ι

325 1176 431 1224 quod
461 1188 559 1224 opus
588 1176 736 1212 bonum
767 1175 876 1212 cadat
905 1176 975 1211 sub
1006 1175 1207 1220 desiderio,
1230 1188 1309 1212 non
1336 1188 1399 1212 au-

325 1237 404 1266 tem
433 1229 620 1277 primatus
649 1228 848 1277 dignitatis.
880 1228 992 1265 Unde
1014 1228 1315 1276 Chrysostomus
1345 1229 1398 1266 di-

0 1284 4 1328 ἱ
27 1268 30 1270 Ὗ
82 1282 395 1337 harmastus
415 1294 530 1330 super
555 1282 694 1319 Matth.
714 1282 752 1318 *ε
787 1281 888 1330 Opus
916 1282 1066 1330 quidem
1095 1281 1309 1318 desiderare
1336 1283 1399 1319 120-

0 1339 3 1361 ’.
84 1329 183 1364 ΧΧΧἿΞ
203 1351 216 1358 ·
239 1340 302 1362 Inter

0 1377 5 1393 ι
84 1366 200 1396 W&
215 1366 298 1394 (211⁸-

86 1553 99 1565 0
117 1551 178 1575 Pan.
200 1551 225 1580 1,
247 1557 299 1580 etp.

85 1585 137 1603 vm.

87 1817 222 1841 ἰοαοὶι

0 2261 9 2304 f

0 2306 26 2452 ἵ
91 2418 304 2449 'lammam

97 3057 108 3069 ⁸
121 3057 184 3079 loun.
199 3062 250 3085 σιρ.
261 3063 311 3084 m,

96 3090 157 3106 ven.
171 3089 193 3112 ¹5
202 3089 254 3112 sqq.

97 3161 109 3174 ⁸
121 3161 188 3184 Vm.
203 3167 233 3184 ιι.

327 1349 431 1383 num,
443 1337 584 1373 bonum
600 1341 670 1372 est.-
684 1335 896 1384 primatum
911 1340 1037 1372 autem
1057 1335 1211 1372 honoris
1226 1336 1400 1384 concupi-

325 1402 431 1427 scere
457 1390 607 1426 vanitas
625 1395 688 1426 est.
717 1389 910 1426 Primatus
929 1389 1029 1425 enim
1042 1388 1260 1438 fugientem
1279 1396 1320 1425 se
1337 1390 1399 1426 de-

325 1444 477 1489 siderat,
497 1442 772 1480 desiderantem
799 1454 840 1479 se
866 1443 1008 1479 horret.

380 1499 440 1534 AD
468 1508 607 1533 patmum
635 1507 735 1532 ERGO
764 1506 951 1532 DICENDUM
980 1495 1099 1544 quod,
1130 1494 1227 1531 sicut
1254 1495 1399 1543 Grego-

327 1550 405 1587 rius
435 1549 539 1596 dicit,
570 1549 609 1586 in
637 1548 823 1586 Pastoral.
853 1547 891 1594 ³¹²,
921 1547 985 1585 illo
1015 1554 1182 1596 tempore
1209 1549 1280 1586 hoc
1307 1549 1402 1586 dixit

325 1603 528 1652 Apostolus
562 1614 636 1651 quo
666 1602 727 1638 ille
754 1602 821 1650 qui
840 1601 1013 1650 plebibus
1034 1607 1228 1650 praeerat,
1251 1603 1402 1651 primus

325 1658 379 1695 ad
395 1657 577 1705 martyrii
593 1661 780 1693 tormenta
800 1655 1028 1692 ducebatur:
1057 1663 1094 1692 et
1113 1655 1166 1692 sic
1187 1655 1278 1692 nihil
1299 1656 1400 1693 allud

329 1718 409 1748 erat
441 1710 549 1759 quod
577 1709 616 1746 in
646 1710 870 1758 episcopatu
905 1708 1033 1758 appeti
1071 1716 1201 1757 posset
1234 1709 1305 1746 nisi
1334 1710 1402 1746 bo—

328 1776 423 1802 num
453 1775 564 1813 opus.
594 1763 706 1801 Unde
735 1762 969 1811 Augustinus
999 1762 1108 1808 dicit,
1139 1763 1228 1798 XIX
1258 1763 1304 1799 de
1323 1763 1400 1800 civ.

327 1818 404 1856 Dei
419 1817 451 1865 *,
474 1816 579 1866 quod
599 1817 809 1865 Apostolus
830 1815 976 1862 dicens,
1009 1831 1028 1849 «
1056 1816 1131 1858 Qui
1148 1816 1402 1864 episcopatum

328 1871 526 1917 desiderat,
547 1871 688 1907 bonum
709 1881 802 1918 opus
821 1870 1008 1906 desiderat
1024 1885 1058 1915 ι»,
1078 1881 1269 1917 exponere
1286 1870 1404 1907 voluit

328 1925 421 1974 quid
446 1925 495 1962 sit
520 1925 777 1972 episcopatus:
806 1925 895 1971 quia
924 1935 1060 1959 nomen
1090 1923 1214 1971 operis
1241 1929 1305 1969 est,
1327 1935 1402 1960 non

328 1979 496 2016 honoris.
515 1993 535 2011 <
553 1978 694 2026 Scopos
712 1992 731 2010 x>
753 1977 903 2025 quidem
919 1977 1071 2013 intentio
1087 1982 1149 2013 est.
1165 1978 1275 2026 Ergo
1294 1992 1312 2010 ‹<
1331 1977 1404 2025 epi-

328 2033 479 2081 scopein
499 2047 533 2077 2,
547 2031 582 2067 si
598 2030 768 2076 velimus,
785 2029 900 2067 latine
921 2045 939 2063 «
956 2030 1262 2078 superintendere
1275 2045 1294 2064 ι
1314 2042 1404 2079 pos-

329 2097 460 2123 sumus
488 2085 634 2122 dicere:
664 2090 705 2120 ut
726 2083 912 2134 intelligat
929 2095 1004 2120 non
1023 2096 1064 2120 se
1082 2096 1161 2120 esse
1188 2085 1403 2133 episcopum

330 2140 397 2189 qui
415 2150 596 2188 praeesse
631 2137 825 2184 dilexerit,
856 2149 930 2174 non
954 2137 1146 2186 prodesse.
1183 2139 1230 2174 In
1258 2138 1405 2174 actione

330 2194 444 2238 enim,
464 2200 507 2230 ut
534 2203 672 2241 parum
702 2199 790 2228 ante
809 2190 1026 2240 praemittit,
1047 2202 1121 2227 non
1142 2191 1330 2228 amandus
1353 2197 1407 2228 est

330 2247 454 2284 honor
481 2246 519 2282 in
547 2247 621 2282 hac
647 2245 724 2282 vita
752 2245 831 2281 sive
851 2245 1037 2292 potentia,
1067 2244 1247 2292 quoniam
1276 2245 1404 2281 omnia

330 2311 434 2338 vana
466 2305 554 2336 sunt
579 2299 649 2335 sub
683 2298 782 2335 sole.-
823 2298 890 2334 sed
920 2309 1015 2346 opus
1052 2298 1173 2346 ipsum
1202 2298 1305 2346 quod
1333 2309 1407 2346 per

331 2355 491 2391 eundem
520 2353 703 2389 honorem
732 2351 793 2389 vel
819 2351 1029 2400 potentiam
1051 2352 1114 2399 fit.
1136 2371 1161 2379 -
1185 2351 1234 2387 Et
1262 2358 1404 2398 tamen,

330 2415 373 2445 ut
401 2406 610 2455 Gregorius
639 2405 747 2452 dicit,
778 2404 815 2442 in
848 2404 1089 2452 Pastoral.*,
1120 2403 1280 2441 laudans
1312 2404 1405 2441 desi-

330 2461 500 2506 derium,
531 2459 673 2497 scilicet
700 2458 794 2496 boni
827 2458 972 2507 operis,
1003 2459 1039 2495 in
1074 2470 1260 2506 pavorem
1297 2459 1408 2495 vertit

324 2515 502 2564 protinus
530 2513 632 2562 quod
657 2512 838 2558 laudavit,
859 2524 946 2549 cum
973 2512 1179 2562 subiungit,
1207 2527 1226 2544 α
1255 2511 1409 2559 Oportet

331 2574 458 2607 autem
487 2567 702 2616 episcopum
732 2565 1096 2614 irreprehensibilem
1125 2577 1204 2602 esse
1220 2578 1262 2601 »ε
1298 2566 1409 2613 quasi

331 2622 452 2660 dicat.-
493 2635 512 2654 <x
535 2619 670 2657 Laudo
709 2619 812 2667 quod
836 2619 1036 2667 quaeritis,
1063 2619 1131 2655 sed
1156 2618 1283 2655 discite
1317 2619 1408 2666 quid

332 2674 525 2725 quaeratis
547 2689 581 2710 »-

386 2730 446 2766 An
474 2737 667 2764 SECUNDUM
699 2736 886 2762 mcennum
921 2724 1028 2773 quod
1065 2736 1144 2761 non
1178 2731 1234 2760 est
1267 2724 1405 2761 eadem

333 2782 429 2820 ratio
459 2782 507 2819 de
536 2787 634 2817 statu
664 2777 854 2826 religionis
883 2785 919 2814 et
947 2785 1044 2814 statu
1074 2777 1293 2826 episcopali,
1319 2790 1407 2826 pro-

333 2843 418 2886 pter
446 2836 537 2872 duo
576 2832 707 2870 Primo
741 2831 919 2879 quidem,
949 2831 1039 2879 quia
1074 2831 1122 2867 ad
1160 2838 1299 2867 statum
1330 2831 1407 2879 epi-

335 2889 532 2938 scopalem
570 2885 822 2935 praeexigitur
852 2884 954 2921 vitae
989 2883 1191 2933 perfectio:
1226 2891 1268 2920 ut
1304 2891 1408 2933 patet

334 2955 404 2992 per
431 2943 508 2979 hoc
527 2941 632 2989 quod
661 2938 853 2977 Dominus
873 2950 895 2974 a
914 2938 1028 2974 Petro
1050 2937 1248 2986 exquisivit
1272 2937 1302 2973 si
1321 2937 1407 2986 plus

336 3008 426 3034 eum
456 2994 590 3032 ceteris
623 2993 813 3041 diligeret,
843 2998 1050 3040 antequam
1079 2990 1113 3027 ei
1152 2990 1408 3039 committeret

336 3049 526 3098 pastorale
545 3046 717 3084 officium
732 3045 763 3082 *.
794 3044 872 3082 Sed
891 3044 939 3081 ad
960 3051 1098 3081 statum
1119 3043 1309 3091 religionis
1328 3056 1407 3081 non

336 3101 589 3151 praeexigitur
625 3099 826 3149 perfectio,
857 3097 925 3134 sed
955 3105 1010 3134 est
1036 3097 1099 3134 via
1136 3097 1174 3133 in
1207 3097 1406 3145 perfectio-

338 3166 450 3192 nem:
478 3154 583 3192 unde
613 3161 649 3190 et
676 3152 879 3198 Dominus,
910 3151 1044 3188 Matth.
1065 3162 1125 3186 xlx
1143 3149 1174 3196 ⁹⁸,
1205 3161 1284 3186 non
1304 3149 1405 3196 dixit,

339 3208 381 3245 Si
406 3219 445 3244 es
458 3208 659 3256 perfectus,
679 3206 776 3244 vade
803 3211 840 3242 et
863 3205 983 3242 vende
1010 3203 1138 3240 omnia
1159 3215 1256 3251 quae
1273 3203 1407 3240 habes:

338 3260 426 3307 sed,
456 3260 498 3297 Si
522 3261 578 3297 vis
605 3272 684 3297 esse
706 3260 910 3308 perfectus.
949 3258 998 3294 Et
1029 3256 1142 3294 huius
1172 3255 1407 3293 differentiae

391 3391 417 3424 δ)
437 3395 508 3417 tunc.
520 3405 539 3410 -
556 3399 617 3417 cum
640 3392 834 3425 ABDEKLpQ
858 3400 906 3424 pro
930 3398 1067 3424 quemque,
1087 3396 1276 3422 quemcumque
1294 3388 1408 3421 DEHpG

340 3434 366 3453 et
383 3435 408 3457 a,
428 3434 587 3460 quemquam
606 3426 635 3452 P.

394 3463 416 3494 ε)
436 3463 478 3488 ab.
489 3477 510 3482 —
527 3469 566 3487 ex
584 3461 805 3495 ABDEFIKLpC,
824 3463 851 3487 in
871 3462 942 3488 Hsc.

394 3499 419 3531 ζ)
438 3498 508 3526 aliis.
519 3511 540 3517 -
556 3498 656 3530 aliquis
673 3497 845 3530 BEFIKLpC.
875 3508 878 3510 ’

2433 301 2509 348 467

1447 377 1540 413 ratio
1570 385 1625 413 est
1653 377 1753 425 quia,
1784 378 1996 414 secundum
2025 377 2253 426 Dionysium
2272 377 2303 424 ²³,
2332 379 2511 427 perfectio

1418 464 1420 468 ,
1446 429 1608 478 pertinet
1636 430 1758 467 active
1787 430 1835 468 ad
1865 430 2103 479 episcopum,
2135 431 2229 468 sicut
2256 432 2304 468 ad
2329 433 2514 480 perfecto-

1447 495 1548 520 rem:
1577 484 1627 520 ad
1647 484 1883 521 monachum
1912 491 2040 521 autem
2061 485 2225 533 passive,
2246 485 2342 521 sicut
2361 486 2411 522 ad
2423 498 2511 534 per-

323 536 452 584 gorius
478 535 578 582 dicit,
599 535 637 572 in
657 534 842 571 Pastoral.
863 534 894 581 ⁹¹²,
925 535 1030 584 quod
1059 541 1146 572 tunc
1164 533 1178 557 δ
1207 536 1394 573 laudabile
1419 534 1421 562 ²

1444 538 1598 586 fectum.
1627 537 1847 585 Requiritur
1874 545 2001 574 autem
2032 538 2136 586 quod
2165 538 2211 575 sit
2233 538 2422 586 perfectus
2451 539 2515 575 ali-

1419 590 1421 624 l
1448 589 1532 638 quis
1560 591 1608 627 ad
1638 591 1713 627 hoc
1741 591 1847 638 quod
1882 591 2001 639 possit
2029 591 2122 628 alios
2160 591 2209 628 ad
2242 592 2513 640 perfectionem

1448 643 1659 680 adducere:
1699 644 1803 691 quod
1842 656 1920 680 non
1958 644 2208 693 praeexigitur
2244 646 2292 682 ab
2316 650 2327 666 ³
2367 658 2412 682 eo
2451 646 2515 694 qui

1450 696 1564 733 debet
1592 696 1640 733 ad
1668 697 1942 745 perfectionem
1972 697 2122 734 adduci.
2157 699 2227 736 Est
2254 707 2381 736 autem
2410 712 2516 748 prae-

1450 757 1718 798 sumptuosum
1757 751 1863 798 quod
1906 751 2039 799 aliquis
2080 751 2291 799 perfectum
2330 765 2369 789 se
2405 765 2515 802 repu-

1449 810 1540 893 tet:d
1563 815 1642 840 non
1680 811 1807 840 autem
1845 804 1950 851 quod
1985 804 2120 852 aliquis
2157 805 2206 842 ad
2244 806 2515 854 perfectionem

1450 863 1512 893 ten
1543 864 1591 893 at.

1505 909 1697 954 Secundo,
1729 909 1816 957 quia
1846 910 1903 946 ille
1933 910 1996 958 qui
2026 917 2165 947 statum
2195 911 2383 959 religionis
2412 925 2516 950 assu·

1423 993 1424 1002 ,
1451 962 1538 1009 mit,
1569 975 1610 999 se
1640 962 1718 999 aliis
1748 962 1896 999 subiicit
1923 964 1971 1000 ad
2001 963 2205 1011 spiritualia
2239 965 2443 1014 capienda:
2483 974 2519 1003 et

1450 1017 1525 1052 hoc
1554 1015 1707 1052 cuilibet
1726 1015 1822 1052 licet.
1851 1015 1963 1052 Unde
1983 1017 2215 1064 Augustinus
2245 1018 2344 1065 dicit,
2365 1020 2454 1056 XIX
2474 1020 2519 1056 de

1456 1069 1535 1105 Civ.
1570 1069 1646 1105 Dei
1662 1068 1703 1104 *z
1731 1069 1767 1104 A
1793 1069 1914 1105 studio
1949 1071 2232 1119 cognoscendae
2262 1073 2428 1109 veritatis
2457 1085 2518 1109 ne—

1451 1134 1514 1158 mo
1536 1122 1771 1170 prohibetur,
1793 1122 1894 1169 quod
1919 1123 1971 1158 ad
1998 1122 2184 1160 laudabile
2201 1126 2362 1172 pertinet
2389 1126 2516 1162 otium.

1453 1175 1530 1212 Sed
1558 1175 1618 1211 ille
1648 1174 1713 1223 qui
1741 1174 1870 1211 transit
1898 1175 1947 1211 ad
1983 1171 2120 1212 statum
2142 1177 2411 1226 episcopalem,
2433 1179 2519 1215 sub-

1452 1229 1606 1265 limatur
1633 1229 1681 1265 ad
1710 1228 1785 1264 hoc
1812 1229 1916 1276 quod
1946 1228 2026 1265 aliis
2054 1228 2066 1252 ζ
2094 1230 2305 1278 provideat.
2345 1232 2394 1268 Et
2421 1232 2519 1268 hanc

1453 1281 1764 1318 sublimationem
1804 1282 1928 1318 nullus
1966 1282 2079 1318 debet
2116 1283 2186 1320 sibi
2221 1296 2435 1321 assumere:
2466 1297 2520 1321 se-

2541 387 2549 395 ·
2566 385 2654 407 Eccles.
2675 386 2752 413 Hier„

2540 418 2590 440 cap.
2605 418 2636 434 vi.

2547 1083 2556 1092 ⁸
2570 1082 2626 1103 Loc.
2642 1082 2679 1103 cit.

1454 1335 1623 1372 cundum
1653 1334 1743 1371 illud
1771 1334 1872 1370 Heb.
1893 1346 1916 1370 v
1935 1333 1969 1370 *ε
2008 1335 2134 1373 Nemo
2163 1338 2320 1374 assumit
2348 1338 2420 1374 sibi
2454 1339 2519 1374 ho·
2548 1348 2557 1358 ·
2594 1354 2629 1369 ers

1454 1400 1599 1433 norem,
1619 1388 1685 1424 sed
1711 1388 1778 1435 qui
1804 1393 1961 1424 vocatur
1979 1399 2002 1424 a
2029 1390 2124 1426 Deo.
2155 1390 2204 1426 Et
2223 1390 2520 1438 Chrysostomus

1454 1441 1563 1488 dicit,
1592 1452 1706 1489 super
1737 1441 1876 1477 Matth.
1897 1439 1932 1476 *z
1970 1441 2181 1479 Primatum
2208 1444 2399 1480 Ecclesiae
2435 1456 2522 1480 con-

1455 1495 1646 1543 cupiscere
1674 1505 1793 1542 neque
1812 1494 1948 1530 iustum
1969 1500 2022 1530 est
2039 1507 2158 1544 neque
2183 1496 2279 1533 utile.
2314 1497 2404 1538 Quis
2423 1498 2521 1533 enim

1454 1548 1603 1597 sapiens
1630 1548 1711 1584 vult
1738 1548 1834 1587 ultro
1853 1559 1893 1583 se
1910 1547 2094 1585 subiicere
2119 1550 2290 1586 servituti
2306 1556 2342 1586 et
2353 1550 2523 1598 periculo

1455 1602 1523 1639 tali
1542 1607 1582 1638 ut
1599 1602 1661 1638 det
1677 1601 1863 1638 rationem
1882 1612 1956 1649 pro
1985 1602 2092 1639 omni
2115 1602 2307 1639 Ecclesia:
2337 1604 2409 1640 nisi
2414 1605 2523 1651 sorte

1456 1656 1522 1704 qui
1549 1667 1624 1692 non
1653 1655 1755 1691 timet
1782 1654 1858 1691 Dei
1884 1655 2074 1701 iudicium,
2095 1657 2251 1693 abutens
2273 1657 2442 1704 primatu
2471 1669 2525 1693 ec-

1456 1709 1661 1746 clesiastico
1680 1707 1937 1754 saeculariter,
1960 1714 2000 1745 ut
2017 1709 2156 1746 scilicet
2185 1715 2379 1746 convertat
2404 1710 2523 1758 ipsum

1457 1763 1494 1800 in
1522 1760 1788 1799 saecularem?

1510 1818 1569 1852 AD
1602 1826 1763 1852 TERTmM
1791 1826 1978 1851 melerinum
2015 1815 2119 1863 quod
2155 1815 2384 1864 dispensatio
2423 1816 2527 1865 spiri-

1456 1869 1613 1906 tualium
1633 1869 1914 1905 frumentorum
1935 1880 2014 1905 non
2043 1876 2098 1904 est
2116 1868 2288 1906 facienda
2313 1869 2524 1906 secundum

1456 1922 1654 1960 arbitrium
1676 1921 1895 1958 cuiuslibet:
1926 1922 1994 1958 sed
2013 1921 2267 1970 principaliter
2286 1922 2440 1971 quidem
2471 1935 2525 1959 se-

1458 1976 1627 2013 cundum
1649 1974 1845 2012 arbitrium
1867 1982 1902 2010 et
1922 1974 2209 2024 dispositionem
2230 1975 2319 2021 Dei;
2341 1976 2523 2012 secunda-

1457 2030 1513 2066 rio
1535 2037 1663 2066 autern
1687 2028 1901 2065 secundum
1927 2028 2122 2065 arbitrium
2152 2029 2391 2078 superiorum
2416 2041 2524 2078 prae-

1429 2117 1431 2127 ,
1457 2084 1635 2130 latorum,
1654 2094 1697 2118 ex
1713 2094 1878 2130 quorum
1900 2094 2064 2130 persona
2085 2081 2229 2128 dicitur,
2251 2083 2265 2118 1
2286 2082 2337 2118 ad
2350 2083 2436 2119 Cor.
2450 2082 2524 2119 1v*:

1458 2137 1520 2174 Sic
1547 2148 1615 2173 nos
1634 2135 1820 2172 existimet
1836 2136 1948 2172 homo
1970 2141 2010 2172 ut
2026 2135 2215 2172 ministros
2247 2136 2394 2181 Christi,
2413 2141 2449 2172 et
2475 2136 2526 2172 di-

1456 2195 1692 2240 spensatores
1719 2189 1989 2237 mysteriorum
2009 2194 2027 2216 '¹
2056 2189 2140 2225 Dei.
2171 2189 2219 2225 Et
2246 2188 2334 2225 ideo
2364 2201 2442 2225 non
2470 2189 2525 2225 in-

1459 2243 1634 2291 telligitur
1660 2242 1720 2279 ille
1749 2242 1986 2279 abscondere
2015 2242 2205 2278 frumenta
2242 2241 2446 2290 spiritualia
2467 2242 2526 2278 cui

1459 2309 1539 2334 non
1576 2295 1758 2344 competit
1787 2307 1832 2331 ex
1861 2295 2012 2342 officio,
2042 2307 2113 2331 nec
2143 2295 2175 2331 ei
2205 2308 2227 2331 a
2256 2294 2439 2344 superiori
2476 2295 2527 2332 in-

1458 2349 1635 2398 iungitur,
1657 2349 1687 2386 si
1717 2349 1764 2385 ab
1794 2347 1957 2385 aliorum
1987 2348 2221 2385 correctione
2251 2355 2315 2385 aut
2342 2348 2527 2396 guberna-

1459 2404 1562 2440 tione
1597 2402 1769 2440 desistat:
1809 2402 1876 2438 sed
1905 2402 2030 2438 solum
2069 2408 2159 2438 tunc
2196 2401 2411 2449 intelligitur
2447 2402 2529 2438 abs-

1460 2457 1645 2504 condere,
1675 2456 1706 2493 si
1743 2455 2066 2503 dispensationem
2096 2454 2259 2503 negligat
2297 2467 2384 2491 cum
2415 2454 2448 2490 ei
2483 2467 2527 2491 ex

1459 2510 1589 2547 officio
1619 2510 1827 2554 incumbat,
1857 2509 1919 2546 vel
1948 2508 1977 2545 si
2006 2508 2195 2556 officium,
2225 2520 2313 2545 cum
2343 2508 2376 2544 ei
2405 2507 2528 2544 iniun-

1458 2564 1576 2612 gitur,
1606 2563 1847 2613 pertinaciter
1876 2561 2044 2610 recipere
2073 2569 2215 2598 renuat.
2250 2561 2369 2598 Unde
2398 2563 2527 2608 Augu-

2550 1452 2559 1462 ·
2572 1452 2617 1499 Οὔ.
2630 1451 2724 1479 Imperf.
2736 1452 2760 1482 in

2551 1478 2590 1499 Ma
2612 1478 2647 1504 h„
2680 1478 2760 1500 homil.

2550 1504 2644 1526 XXXV.
2668 1515 2678 1519 -
2701 1505 2762 1526 Inter

2551 1531 2666 1558 supposit.
2679 1531 2759 1558 Chrys.

2552 2090 2562 2099 ⁸
2577 2089 2641 2110 Vers.
2658 2095 2672 2110 ι.

1460 2617 1579 2654 stinus
1608 2616 1708 2664 dicit,
1738 2616 1828 2652 XIX
1857 2615 1902 2651 de
1935 2615 2014 2652 Civ.
2043 2615 2119 2651 Dei
2134 2613 2170 2650 *ε
2205 2614 2328 2651 Otium
2356 2619 2526 2650 sanctum
2556 2626 2565 2634 ·
2599 2630 2627 2645 oc
2650 2630 2663 2645 c

1459 2671 1609 2719 quaerit
1634 2670 1773 2706 caritas
1800 2668 1984 2705 veritatis:
2021 2667 2213 2717 negotium
2250 2667 2386 2703 iustum
2412 2668 2527 2703 susci-

1453 2725 1513 2773 pit
1538 2723 1736 2760 necessitas
1764 2721 1943 2758 caritatis.
1978 2721 2101 2763 Quam
2127 2720 2318 2757 sarcinam
2345 2721 2379 2756 si
2401 2719 2525 2756 nullus

1459 2778 1627 2826 imponit,
1651 2775 1918 2825 percipiendae
1944 2779 2056 2822 atque
2083 2773 2282 2810 intuendae
2313 2774 2526 2810 vacandum

1459 2837 1515 2868 est
1532 2830 1691 2867 veritati.
1721 2829 1763 2865 Si
1781 2834 1907 2866 autem
1936 2827 2150 2876 imponitur,
2169 2826 2402 2874 suscipienda
2422 2823 2434 2847 θ
2463 2832 2526 2872 est,

1454 2889 1613 2934 propter
1641 2883 1807 2919 caritatis
1836 2881 2101 2918 necessitatem.

1513 2939 1573 2974 AD
1601 2947 1776 2979 QUARTUM
1812 2946 1998 2972 DICENDUM
2035 2933 2159 2981 quod,
2190 2932 2284 2969 sicut
2321 2932 2526 2980 Gregorius

1460 2990 1561 3037 dicit,
1593 2990 1630 3026 in
1659 2989 1844 3026 Pastoral.
1865 2988 1896 3034 ³¹⁶,
1926 2987 2059 3033 Isaias,
2081 2986 2147 3035 qui
2171 2986 2267 3022 mitti
2291 2985 2419 3031 voluit,
2439 2991 2526 3022 ante

1459 3056 1499 3080 se
1520 3055 1594 3092 per
1620 3042 1752 3079 altaris
1770 3041 1957 3079 calculum
1981 3045 2191 3089 purgatum
2210 3038 2320 3075 vidit:
2349 3044 2421 3074 ne‘
2450 3050 2524 3075 non

1455 3102 1646 3146 purgatus
1674 3096 1781 3132 adire
1814 3095 1968 3143 quisque
1994 3105 2106 3130 sacra
2140 3092 2344 3129 ministeria
2376 3091 2523 3128 audeat.

1465 3150 1562 3192 Quia
1591 3161 1685 3199 ergo
1713 3148 1824 3185 valde
1851 3147 2003 3196 difficile
2030 3152 2084 3183 est
2103 3151 2313 3194 purgatum
2332 3156 2371 3180 se
2398 3156 2524 3193 quem-

1460 3203 1549 3240 libet
1570 3214 1680 3250 posse
1707 3213 1948 3251 cognoscere,
1962 3199 2256 3248 praedicationis
2283 3198 2451 3246 officium
2471 3204 2525 3234 tu-

1460 3257 1531 3293 tius
1560 3255 1781 3292 declinatur.

1494 3423 1500 3428 .
1515 3387 1541 3419 η)
1562 3387 1763 3420 mysteriorum.
1787 3399 1807 3404 -
1833 3385 2043 3410 ministeriorum
2071 3383 2244 3414 ACEHKLa,
2270 3382 2455 3408 ministrorum
2476 3383 2525 3412 BF,

1463 3423 1739 3489 m1⁶0?'suscnpienda.
1751 3470 1770 3475 —
1787 3456 1945 3481 sustinenda
1965 3455 2012 3480 Pa.

1518 3495 1536 3525 ι)
1556 3500 1595 3518 ne.
1609 3506 1628 3512 —
1646 3500 1693 3518 nec
1711 3491 1919 3524 ABDEFKLpC.
1931 3505 1950 3510 -
1969 3491 2019 3516 Pro
2044 3490 2202 3518 ministeria,
2221 3490 2352 3523 mysteria
2371 3489 2524 3514 PBFHIKL.
