2768 4198
73 1053 85 1061 ⁸
99 1051 146 1099 Ἓιι.
156 1056 234 1076 cunr,
243 1053 284 1070 an.

74 1084 96 1106 5,
132 1080 243 1099 omment.
261 1082 283 1097 ιι.

73 1110 98 1131 ιι,
113 1110 161 1125 νιιι.

70 1656 81 1666 ⁸
94 1654 150 1681 Cap.
168 1659 228 1675 ιινι.

70 2136 79 2145 ⁸
93 2136 143 2156 Art.
164 2134 259 2162 praeced
266 2151 280 2161 .‚

70 2162 97 2183 ad
112 2168 132 2183 2.

68 2401 76 2411 ⁸
93 2400 129 2421 De
142 2399 191 2426 Ira,
207 2399 247 2421 lib.
264 2399 281 2425 1,

70 2432 121 2454 cap.
137 2432 151 2447 ι,

70 2501 81 2513 ·
87 2501 124 2522 De
128 2501 216 2522 Inveni.
223 2500 284 2521 Rhe—

70 2530 116 2549 tor.
133 2528 172 2549 lib.
187 2527 215 2554 11,
231 2533 281 2554 cap.

71 2561 116 2576 mv.

71 2718 81 2728 ⁴
95 2717 161 2738 Vers.
177 2722 208 2738 ιο.

317 305 393 350 254

999 297 1266 345 QUAESTIO
1301 297 1419 343 CLV,

1448 297 1747 335 ARTICULUS
1777 298 1808 333 ΙΙ

991 429 1325 462 Commentario.
1347 427 1599 460 Cardinalis
1620 427 1822 461 Caietam

345 526 365 546 N
382 515 514 546 articulo
538 514 642 555 primo
667 511 860 554 quaestionis
890 507 1376 549 centesimaequinquagesimae-

319 528 491 601 lquintae‚
517 565 592 589 nota
617 558 691 587 duo.
727 556 851 590 Primo,
888 554 966 594 quid
997 553 1211 583 continentiae
1242 551 1374 582 nomine

315 605 400 644 apud
428 602 647 637 Aristotelem,
672 608 702 631 et
726 598 938 630 communiter
967 597 1053 638 apud
1085 597 1239 632 morales,
1263 596 1377 626 intelli·
1404 611 1405 622 ι

313 649 408 689 gitur.
441 647 603 685 Quoniam
628 645 684 675 hac
708 642 936 684 significatione
968 649 1102 672 utuntur
1125 647 1191 671 tam
1221 647 1378 681 ponentes

314 691 541 723 continentiam
566 699 631 719 non
656 698 722 718 esse
746 688 911 723 virtutem,
937 686 991 716 sed
1020 685 1171 726 gradum;
1197 695 1296 725 quam
1320 695 1377 725 po-
1404 691 1406 706 ¹

314 744 423 767 nentes
447 745 512 765 non
537 744 603 764 esse
626 733 776 763 virtutem
806 731 948 772 proprie,
973 731 1027 760 sed
1051 729 1276 770 imperfectum
1300 729 1379 770 quid

314 781 345 811 in
368 789 481 821 genere
504 777 638 808 virtutis.
665 776 798 817 Utrique
822 776 908 806 enim
932 775 1042 805 dicunt
1066 774 1296 805 continentiam
1313 784 1380 804 esse
1405 773 1407 802 ἓ

312 835 376 865 qua
405 823 557 854 resistitur
590 820 853 860 concupiscentiis
881 819 984 861 pravis
1015 818 1273 849 vehementibus:
1298 818 1379 849 infra

311 868 511 899 latitudinem
528 874 633 897 tamen
657 865 832 896 humanam
857 863 959 906 (quod
983 864 1067 894 addo
1091 870 1221 904 propter
1245 873 1280 894 ea
1297 873 1379 904 quae

312 913 471 943 humanos
495 917 610 941 exeunt
632 910 758 947 limites,
776 917 812 941 ut
827 910 972 940 bestiales
989 907 1179 951 passiones).
1204 908 1267 939 Sed
1291 914 1378 939 tanta
1406 938 1407 944 ,

312 964 358 988 est
380 957 460 987 inter
482 956 538 985 has
567 955 736 995 opiniones
765 954 937 985 differentia
961 961 996 985 ut
1020 953 1181 994 disputare
1205 953 1301 983 simul
1325 963 1379 983 ne-

311 1008 437 1042 queant,
458 1001 512 1030 sed
537 1009 661 1040 semper
680 999 902 1040 aequivocatio
926 998 1056 1035 intersit,
1075 998 1135 1029 nisi
1152 998 1315 1028 redeundo
1340 997 1380 1027 ad

310 1045 503 1086 principium
533 1044 691 1085 primum:
722 1051 800 1084 puta
830 1044 918 1085 quod
950 1044 1077 1079 dentur,
1102 1043 1152 1073 vel
1176 1052 1242 1072 non
1266 1043 1381 1073 dentur
1406 1062 1407 1073 ¹

310 1090 386 1121 tales
410 1089 534 1129 gradus.
565 1089 663 1127 Quod
687 1088 833 1129 superius
855 1088 872 1108 *
895 1095 1016 1119 tactum
1040 1095 1094 1118 est.
1126 1087 1168 1118 Et
1191 1097 1276 1118 nunc
1307 1087 1379 1117 ideo

1084 1231 1405 1274 ARTICULUS

1430 515 1679 540 rememoratum
1694 508 1743 545 sit,
1761 515 1797 540 ut
1819 509 2023 542 meminerint
2039 510 2237 551 disputantes
2261 521 2336 542 cum
2352 511 2502 547 Martino,

1430 551 1561 582 semotis
1585 551 1634 582 his
1658 554 1910 594 praesuppositis
1932 554 1991 585 sibi
2019 555 2155 586 invicem
2184 555 2423 586 adversantibus
2447 553 2502 598 (an

1430 595 1548 626 scilicet
1571 596 1767 627 continentia
1783 597 1822 628 sit
1845 599 1977 638 gradus:
2003 609 2042 629 an
2067 599 2107 630 sit
2129 600 2352 640 imperfectum
2368 599 2446 640 quid
2470 599 2503 629 in

1430 650 1544 680 genere
1561 639 1711 683 virtutis),
1728 641 1892 682 disputent
1915 643 1954 673 de
1977 643 2123 684 reliquis:
2149 644 2209 674 nisi
2232 644 2331 675 velint
2354 644 2504 675 reducere

1432 694 1559 725 semper
1585 685 1807 725 quaestionem
1837 687 1877 716 ad
1900 687 2104 728 principium.

1488 729 1653 765 Secundo,
1680 729 1845 770 diligenter
1875 731 2001 762 adverte
2031 732 2120 773 quod
2155 733 2351 764 continentia
2374 733 2412 763 ab
2437 735 2504 763 Au-

1433 780 1519 805 ctore
1549 773 1681 814 ponitur
1705 774 1764 805 sub
1792 784 1906 814 genere
1928 777 2087 816 principii
2117 777 2328 808 laudabilium
2359 787 2502 818 operum.

1433 818 1599 856 Quoniam
1623 818 1696 849 hinc
1720 818 1818 849 habes
1841 819 1931 860 quod
1955 826 2002 851 est
2021 820 2054 850 in
2078 820 2181 861 prima
2204 822 2308 862 specie
2332 821 2504 863 qualitatis,

1433 873 1516 904 quae
1529 870 1576 893 est
1590 863 1718 894 habitus
1735 864 1785 894 vel
1795 863 1995 904 dispositio*.
2011 865 2095 895 Nam
2111 871 2235 897 constat
2250 875 2317 896 non
2333 876 2400 898 esse
2417 866 2505 897 aliter

1433 907 1627 948 principium
1655 907 1824 938 laudabilis
1848 908 1954 948 operis
1978 908 2039 939 nisi
2062 909 2145 940 sicut
2171 909 2298 942 habitus
2321 911 2372 942 vel
2394 910 2505 952 dispo-

1433 952 1506 983 sitio
1523 952 1685 993 potentiae
1702 959 1749 983 est
1764 952 1960 993 principium
1975 953 2145 984 laudabilis
2160 954 2277 994 operis.
2301 955 2343 986 Et
2365 955 2424 986 hac
2446 955 2504 986 do-

1434 997 1532 1028 ctrina
1556 997 1614 1028 erit
1637 1007 1721 1037 opus
1745 997 1880 1037 pluries,
1913 997 2031 1028 scilicet
2058 998 2091 1028 in
2122 998 2214 1029 tertio
2242 998 2376 1030 articulo
2407 999 2505 1030 huius

1433 1041 1639 1082 quaestionis,
1669 1049 1699 1074 et
1722 1041 1755 1072 in
1779 1041 1871 1073 tertio
1896 1042 2030 1073 articulo
2051 1042 2212 1083 sequentis
2235 1043 2450 1084 quaestionis:
2475 1050 2506 1074 et

1434 1086 1563 1116 habebit
1585 1084 1756 1127 utrobique
1780 1085 2007 1118 difficultatem.

1435 1230 1740 1274 SECUNDUS

462 1326 616 1357 UTRUM
641 1325 838 1356 MATERIA
863 1323 1193 1356 CONTINENTIAE
1217 1323 1315 1355 SINT
1339 1323 1749 1356 CONCUPISCENTIAE
1772 1324 2155 1356 DELECTATIONUM
2179 1324 2355 1358 TACTUS

1259 1403 1303 1428 VII
1324 1403 1419 1432 Ethic.,

348 1504 403 1528 [⁸⁸
429 1512 481 1530 ,Ἰκ

360 1512 365 1514 -
522 1495 543 1520 D
563 1493 753 1520 SECUNDUM
767 1493 821 1518 stc
836 1492 1076 1517 PROCEDITUR.
1096 1480 1255 1518 Videtur
1270 1479 1377 1528 quod

339 1531 346 1543 ‘
378 1536 385 1542 '
440 1527 491 1579 fia
520 1535 677 1573 materia
706 1534 956 1572 continentiae
985 1546 1064 1571 non
1093 1533 1165 1570 sint
1199 1533 1377 1582 concupi-

431 1568 489 1635 »ἢ
504 1588 685 1626 scentiae
701 1588 996 1626 delectationum
1011 1595 1142 1624 tactus.
1159 1587 1259 1624 Dicit
1274 1587 1377 1624 enim

309 1697 391 1734 rale
422 1688 601 1733 decorum
634 1696 685 1732 ita
719 1701 773 1732 est
805 1706 851 1731 ac
878 1695 912 1731 si
941 1694 1175 1742 aequabilem
1198 1695 1377 1742 formam

309 1756 420 1798 atque
440 1749 717 1786 universitatem
736 1747 937 1785 honestatis
956 1748 1094 1784 habeat
1111 1748 1148 1783 in
1169 1747 1275 1784 omni
1292 1752 1377 1783 actu

307 1815 375 1840 suo
405 1803 663 1839 continentem.
696 1802 773 1838 Sed
798 1813 875 1837 non
904 1800 1030 1837 omnis
1051 1808 1156 1836 actus
1184 1800 1378 1836 humanus

307 1856 468 1905 pertinet
492 1855 540 1892 ad
569 1854 837 1892 delectationes
857 1860 989 1890 tactuS.
1020 1854 1122 1901 Ergo
1149 1852 1378 1890 continentia

307 1920 386 1946 non
422 1915 477 1944 est
511 1909 635 1945 solum
664 1908 762 1959 circa
798 1906 1124 1955 concupiscentias
1161 1906 1377 1943 delectatio-

307 1974 401 1999 num
429 1968 560 1998 tactus.

362 2027 396 2052 2.
426 2015 660 2061 PRAETEREA,
692 2025 836 2051 nornen
864 2013 1113 2050 continentiae
1142 2024 1186 2049 ex
1214 2013 1290 2049 hoc
1318 2025 1379 2049 su-

308 2068 421 2105 mitur
449 2067 554 2116 quod
584 2066 717 2116 aliquis
746 2072 844 2103 tenet
870 2079 909 2103 se
939 2066 977 2103 in
1001 2066 1105 2103 bono
1136 2066 1292 2103 rationis
1323 2078 1378 2102 re—

308 2129 401 2168 ctae,
422 2121 517 2158 sicut
546 2120 689 2158 dictum
720 2127 775 2157 est
793 2119 824 2156 *.
855 2120 930 2156 Sed
951 2119 1142 2168 quaedam
1171 2119 1264 2156 aliae
1293 2131 1378 2168 pas-

308 2175 434 2212 siones
452 2174 720 2211 vehementius
740 2173 936 2210 abducunt
954 2172 1152 2209 hominem
1182 2185 1204 2209 a
1234 2172 1378 2210 ratione

308 2235 410 2265 recta
430 2239 547 2276 quam
577 2226 782 2275 concupisc
808 2226 907 2263 ntiae
928 2225 1207 2263 delectabilium
1236 2233 1376 2263 tactus:

308 2281 404 2318 sicut
422 2281 537 2317 timor
565 2239 820 2328 periculoruda
841 2278 986 2325 mortis,
1008 2279 1072 2328 qui
1093 2279 1292 2327 stupefacit
1309 2280 1378 2316 ho—

309 2334 472 2379 minem;
504 2341 539 2370 et
567 2333 633 2379 ira,
655 2344 753 2381 quae
782 2339 838 2369 est
866 2331 1035 2369 insaniae
1064 2331 1214 2379 similis,
1241 2339 1283 2369 ut
1312 2333 1378 2369 Se-

309 2400 404 2424 neca
433 2386 520 2424 dicit
538 2385 569 2423 ³¹⁸.
600 2386 701 2434 Ergo
723 2385 954 2426 continentia
973 2397 1052 2422 non
1072 2385 1207 2422 dicitur
1224 2385 1378 2434 proprie

309 2441 407 2478 circa
436 2438 760 2489 concupiscentias
789 2438 1082 2476 delectationum
1110 2445 1242 2476 tactus.

364 2495 398 2531 3.
429 2494 662 2540 PRAETEREA,
684 2491 831 2529 Tullius
851 2491 950 2539 dicit,
970 2492 1009 2529 in
1038 2493 1070 2528 II
1090 2493 1199 2529 Rhet.
1219 2491 1250 2538 ³⁸,
1272 2492 1377 2541 quod

309 2547 536 2584 continentia
564 2552 618 2583 est
629 2557 703 2595 per
730 2557 844 2594 quam
864 2545 1046 2594 cupiditas
1075 2545 1223 2582 consilii
1238 2546 1377 2596 guber-

309 2602 460 2637 natione
483 2599 639 2650 regitur.
671 2598 868 2648 Cupiditas
887 2606 1017 2635 autern
1038 2598 1158 2647 magis
1178 2599 1378 2636 consuevit

308 2653 380 2691 dici
401 2652 615 2690 divitiarum
637 2664 753 2701 quam
774 2651 1054 2689 delectabilium
1074 2659 1217 2689 tactus:
1243 2665 1378 2689 secun—

309 2707 400 2744 dum
421 2706 512 2743 illud
539 2707 552 2742 1
573 2706 624 2743 ad
641 2705 736 2742 Tim.
757 2706 822 2742 ult.
843 2704 884 2741 *ε
913 2705 1046 2742 Radix
1067 2706 1237 2743 omnium
1258 2706 1376 2743 malo-

308 2772 393 2797 rum
422 2759 612 2808 cupiditas.
645 2759 746 2807 Ergo
777 2758 1007 2796 continentia
1032 2771 1111 2796 non
1140 2766 1195 2796 est
1222 2759 1376 2809 proprie

308 2813 406 2850 circa
436 2812 760 2862 concupiscentias
789 2812 1080 2849 delectationum
1109 2819 1242 2850 tactus.

359 2879 396 2914 4.
427 2867 660 2912 PRAETEREA,
688 2865 955 2902 delectationes
990 2873 1111 2902 tactus
1145 2878 1223 2903 non
1252 2867 1376 2903 solum

308 2927 394 2956 sunt
423 2919 461 2956 in
490 2919 601 2955 rebus
629 2918 815 2966 venereis,
842 2919 909 2956 sed
939 2918 1052 2955 etiam
1082 2918 1120 2956 in
1150 2931 1217 2956 esu
1238 2924 1266 2956 α.
1299 2919 1376 2957 Sed

308 2972 538 3010 continentia
567 2972 691 3009 solum
721 2971 820 3009 circa
857 2985 969 3009 usum
998 2984 1255 3010 venereorum
1286 2985 1376 3010 con-

308 3025 431 3063 suevit
459 3025 543 3062 dici.
584 3026 685 3074 Ergo
716 3037 794 3062 non
832 3033 888 3062 est
915 3025 1070 3074 propria
1108 3026 1267 3063 materia
1296 3026 1376 3064 eius

309 3078 615 3127 concupiscentia
644 3078 937 3116 delectationum
966 3086 1098 3116 tactus,

366 3133 397 3169 5.
429 3133 661 3180 PRAETEREA,
691 3132 787 3168 inter
815 3132 1083 3169 delectationes
1111 3139 1232 3170 tactus
1261 3145 1376 3182 quae—

310 3184 398 3222 dam
428 3193 524 3232 sunt,
554 3197 633 3222 non
662 3185 874 3233 humanae,
904 3185 971 3222 sed
1010 3185 1199 3223 bestiales:
1229 3193 1309 3223 tam
1338 3186 1376 3223 in

311 3237 413 3285 cibis,
434 3246 563 3287 utpote
594 3238 624 3275 si
652 3238 736 3288 quis
765 3238 1013 3275 delectaretur
1041 3239 1079 3276 in
1108 3251 1176 3276 esu
1205 3239 1375 3277 carnium

311 3290 584 3336 humanarum;
625 3303 742 3339 quarn
779 3291 892 3329 etiam
922 3291 960 3329 in
991 3292 1184 3340 venereis,
1216 3300 1309 3342 puta
1337 3293 1375 3330 in

313 3343 433 3379 abusu
453 3344 656 3382 bestiarum
678 3345 740 3382 vel
769 3357 990 3394 puerorum.
1022 3346 1098 3384 Sed
1119 3346 1219 3383 circa
1246 3347 1376 3384 huius-

276 3415 285 3420 -
313 3396 418 3432 modi
438 3409 516 3433 non
536 3406 591 3434 est
611 3398 851 3446 continentia,
873 3407 913 3436 ut
933 3398 1065 3436 dicitur
1083 3399 1121 3436 in
1136 3399 1377 3437 V11Ethic.*

314 3449 405 3485 Non
425 3461 513 3497 ergo
541 3450 693 3499 propria
721 3452 878 3489 materia
898 3451 1150 3490 continentiae
1179 3460 1266 3490 sunt
1286 3465 1376 3490 con-

315 3501 564 3550 cupiscentiae
594 3503 884 3542 delectationum
913 3513 1044 3543 tactus.

369 3615 395 3647 α)
415 3622 469 3640 esu.
482 3629 500 3634 —
519 3622 566 3640 usu
586 3615 775 3646 ABCEFHKL,
795 3617 852 3641 visu
872 3618 912 3642 ed.
931 3625 956 3647 a,
978 3625 1025 3643 usu
1044 3619 1163 3644 ciborum
1181 3619 1232 3645 PD.
1403 3618 1406 3644 Ι

1439 1403 1498 1429 lect.
1516 1411 1550 1428 ιν.

1487 1480 1562 1516 SED
1582 1491 1729 1517 CONTRA
1749 1492 1815 1517 EST
1843 1481 1949 1529 quod
1973 1481 2230 1531 Philosophus
2256 1482 2357 1532 dicit,
2378 1484 2417 1522 in
2437 1485 2506 1523 Vll

1430 1533 1552 1570 Ethic.
1573 1532 1605 1581 ²¹²,
1637 1533 1743 1581 quod
1781 1534 2008 1571 continentia
2045 1540 2081 1571 et
2116 1535 2384 1576 incontinentia
2420 1544 2509 1576 sunt

1432 1587 1535 1624 circa
1563 1587 1694 1624 eadem
1723 1587 1826 1624 circa
1854 1599 1952 1636 quae
1989 1589 2236 1637 temperantia
2264 1596 2301 1627 et
2330 1590 2507 1643 intempe-

328 1620 349 1647 ζ’
366 1658 375 1669 .
478 1636 760 1690 XAmbrosius,
782 1641 819 1678 in
850 1642 862 1677 Ι
883 1641 929 1678 de
952 1641 1060 1689 Offic.
1081 1640 1113 1688 *,
1134 1641 1240 1689 quod
1263 1652 1377 1690 gene·
1405 1652 1407 1695 ῃ
1432 1641 1569 1677 rantia.
1615 1640 1692 1677 Sed
1729 1641 1981 1690 temperantia
2020 1648 2056 1678 et
2091 1641 2383 1692 intemperantia
2420 1654 2509 1684 sunt

1434 1693 1532 1730 circa
1562 1693 1889 1743 concupiscentias
1909 1695 2204 1733 delectationum
2232 1704 2364 1746 tactus,
2385 1706 2428 1736 ut
2445 1711 2507 1737 su·

1432 1759 1502 1795 pra
1521 1746 1541 1769 ’¹‘
1568 1747 1742 1784 habitum
1765 1755 1830 1784 est.
1862 1748 1964 1796 Ergo
1985 1748 2099 1785 etiarn
2129 1749 2359 1788 continentia
2389 1759 2424 1789 et
2452 1752 2507 1790 in-

1434 1800 1665 1837 continentia
1693 1808 1780 1837 sunt
1809 1800 1907 1838 circa
1937 1801 2099 1839 eandem
2127 1803 2340 1842 materiam.

1487 1854 1715 1890 Resposnzo
1735 1865 1921 1891 DICENDUM
1955 1854 2061 1903 quod
2085 1867 2231 1894 nomen
2257 1857 2508 1905 continentiae

1433 1906 1728 1943 refrenationem
1749 1907 1945 1956 quandam
1966 1907 2163 1957 importat:
2189 1909 2417 1960 inquantum
2438 1912 2508 1950 sci-

1433 1958 1519 1996 licet
1547 1965 1645 1996 tenet
1672 1971 1712 1996 se
1750 1959 1885 2009 aliquis
1918 1972 1966 1997 ne
2004 1961 2202 2010 passiones
2237 1975 2254 2000 s
2306 1971 2430 2002 uatur.
2458 1965 2509 2004 Et

1434 2012 1521 2050 ideo
1551 2012 1704 2062 proprie
1724 2013 1956 2051 continentia
1982 2013 2117 2052 dicitur
2136 2014 2236 2053 circa
2263 2015 2287 2053 il
2303 2028 2344 2054 as
2363 2017 2509 2067 passio-

1434 2078 1502 2103 nes
1531 2078 1631 2115 quae
1652 2066 1852 2116 impellunt
1875 2067 1924 2104 ad
1949 2067 2092 2118 aliquid
2120 2069 2449 2120 prosequendum,
2469 2070 2508 2110 in

1434 2119 1573 2168 quibus
1609 2120 1798 2157 laudabile
1828 2128 1884 2157 est
1917 2127 1958 2158 ut
1987 2121 2081 2159 ratio
2115 2123 2281 2161 retrahat
2307 2123 2508 2164 hominem

1433 2185 1455 2209 a
1474 2174 1768 2222 prosequendo:
1799 2185 1877 2211 non
1897 2182 2025 2212 autem
2056 2176 2210 2224 proprie
2230 2184 2287 2214 est
2309 2176 2410 2216 circa
2428 2177 2508 2217 illas

1432 2226 1631 2275 passiones
1651 2239 1750 2276 quae
1778 2226 1985 2276 important
2005 2229 2273 2267 retractionem
2298 2231 2507 2283 quandam,

1434 2279 1528 2316 sicut
1556 2279 1671 2316 timor
1700 2288 1737 2316 et
1765 2279 1836 2317 alia
1865 2281 2105 2327 huiusmodi;
2135 2282 2173 2319 in
2202 2283 2259 2320 his
2297 2284 2398 2322 enim
2427 2286 2508 2324 lau-

1435 2332 1559 2370 dabile
1601 2340 1656 2369 est
1697 2333 1919 2370 firmitatem
1940 2346 2115 2385 ‘servare
2153 2334 2191 2373 in
2231 2338 2507 2386 prosequendo

1433 2385 1540 2435 quod
1565 2386 1658 2423 ratio
1689 2386 1814 2434 dictat,
1835 2394 1877 2423 ut
1904 2399 2019 2436 supra
2037 2387 2058 2409 ⁸⁸¹
2086 2387 2228 2426 dictum
2250 2398 2316 2428 est.
2346 2391 2415 2428 Est
2443 2404 2508 2429 au-

1433 2447 1510 2476 tem
1541 2439 1866 2477 considerandum
1896 2442 2001 2490 quod
2026 2442 2216 2480 naturales
2243 2442 2507 2482 inclinationes

1431 2492 1616 2542 principia
1631 2501 1718 2530 sunt
1733 2493 1909 2530 omnium
1926 2494 2291 2544 supervenientium,
2305 2504 2348 2534 ut
2361 2497 2508 2548 supra*

1433 2545 1576 2584 dictum
1606 2553 1672 2583 est.
1703 2547 1753 2583 Et
1781 2546 1868 2584 ideo
1896 2547 2095 2596 passiones
2114 2555 2219 2586 tanto
2239 2550 2508 2589 vehementius

2532 875 2542 884 ·
2551 873 2649 895 Aristot.
2659 872 2744 901 Categ.

2532 906 2583 928 esp.
2597 906 2629 927 vr,
2644 905 2667 922 n.
2681 905 2701 928 3.

2535 1545 2694 1595 ὲῖῗὶῐῗςοὲ·
2703 1546 2748 1595 :5:-

2535 1761 2546 1771 ⁴
2553 1759 2669 1788 Quum,
2676 1764 2719 1784 1η.
2724 1768 2747 1788 4.

2536 2402 2546 2413 “
2557 2401 2604 2430 Qu.
2614 2382 2697 2441 ’axiiij
2705 2405 2747 2423 nrt.

2534 2434 2582 2477 Ἠ,
2591 2434 2621 2484 3,
2635 2434 2674 2456 qu.
2687 2433 2748 2455 ena,

2534 2499 2619 2549 2³⁸5&
2629 2498 2649 2527 1,
2659 2504 2699 2528 qu.
2708 2505 2747 2526 u,

1432 2599 1630 2648 impellunt
1648 2599 1697 2636 acl
1712 2599 1856 2648 aliquid
1875 2601 2203 2650 prosequendum,
2221 2611 2364 2652 quanto
2385 2602 2507 2654 magis
2554 2598 2555 2601 ¹

1432 2660 1643 2702 sequuntur
1663 2652 1947 2691 inclinationem
1968 2662 2135 2692 naturae.
2167 2655 2277 2703 Quae
2302 2656 2507 2708 praecipue

1431 2704 1586 2743 inclinat
1609 2705 1658 2743 ad
1688 2718 1733 2743 ea
1766 2719 1865 2756 quae
1894 2715 1982 2745 sunt
2009 2707 2080 2745 sibi
2107 2710 2335 2757 necessaria,
2365 2711 2428 2748 vel
2457 2711 2506 2750 ad

1432 2759 1766 2797 conservationem
1795 2760 1995 2808 individui,
2017 2761 2114 2798 sicut
2141 2770 2229 2800 sunt
2254 2763 2346 2810 cibi;
2371 2764 2434 2802 vel
2455 2764 2505 2802 ad

1433 2812 1766 2850 conservationem
1795 2813 1947 2863 speciei,
1968 2814 2064 2852 sicut
2088 2823 2176 2853 sunt
2203 2823 2309 2854 actus
2336 2817 2504 2856 venerei.

1433 2866 1612 2914 Quorum
1652 2866 1921 2905 delectationes
1956 2868 2006 2905 ad
2043 2875 2186 2906 tactum
2218 2869 2417 2919 pertinent.
2457 2870 2507 2908 Et

1431 2919 1520 2957 ideo
1550 2919 1782 2958 continentia
1806 2928 1842 2958 et
1865 2920 2137 2959 incontinentia
2155 2922 2308 2972 proprie
2329 2922 2506 2961 dicuntur

1432 2973 1530 3010 circa
1561 2973 1888 3023 concupiscentias
1918 2974 2212 3013 delectationum
2241 2982 2374 3014 tactus.

1485 3028 1544 3063 Αι)
1573 3038 1711 3064 PmMUM
1740 3039 1838 3064 eaeo
1867 3039 2053 3065 DICENDUM
2082 3028 2204 3078 quod,
2235 3028 2332 3066 sicut
2359 3040 2504 3067 nomen

1431 3080 1706 3129 temperantiae
1744 3088 1871 3130 potest
1906 3081 2163 3118 communiter
2189 3081 2310 3131 accipi
2344 3082 2381 3120 in
2410 3094 2503 3133 qua—

1432 3145 1596 3183 cumque
1616 3133 1788 3182 materia,
1808 3133 1963 3184 proprie
1981 3142 2111 3171 tamen
2132 3133 2266 3172 dicitur
2284 3133 2323 3172 in
2342 3135 2403 3173 illa
2423 3147 2504 3174 ma-

1430 3186 1523 3224 teria
1543 3186 1581 3224 in
1609 3199 1685 3236 qua
1705 3194 1762 3224 est
1789 3187 1979 3236 optimum
1998 3187 2196 3224 hominem
2226 3188 2423 3236 refrenari;
2453 3189 2504 3227 ita

1431 3239 1546 3277 etiam
1566 3240 1798 3278 continentia
1811 3240 1965 3290 proprie
1987 3239 2122 3278 dicitur
2140 3240 2178 3278 in
2195 3242 2354 3279 materia
2372 3242 2411 3280 in
2426 3254 2503 3292 qua

1431 3301 1487 3331 est
1515 3293 1705 3342 optimum
1735 3301 1771 3331 et
1799 3293 2063 3331 difficillimum
2094 3294 2287 3332 continere
2307 3293 2337 3343 β,
2363 3295 2503 3333 scilicet

1430 3346 1469 3384 in
1498 3346 1813 3396 concupiscentiis
1832 3346 2125 3384 delectationum
2153 3356 2285 3386 tactus.
2316 3349 2502 3387 Commu—

1430 3399 1528 3437 niter
1547 3407 1675 3437 autern
1705 3407 1741 3436 et
1760 3399 1973 3437 secundum
2004 3400 2097 3448 quid
2114 3409 2240 3450 potest
2260 3401 2332 3440 dici
2352 3402 2391 3440 in
2410 3414 2503 3452 qua-

1431 3465 1597 3500 cumque
1625 3451 1698 3490 alia
1726 3451 1895 3490 materia.
1935 3453 1984 3489 Et
2011 3454 2085 3491 hoc
2119 3455 2238 3492 modo
2267 3455 2382 3493 utitur
2409 3457 2502 3492 Am-

1430 3505 1580 3543 brosius
1609 3505 1764 3542 nomine
1794 3505 2057 3544 continentiae.

1487 3618 1513 3651 β)
1532 3619 1675 3644 continere.
1686 3632 1706 3638 -
1723 3619 1855 3644 contineri
1875 3619 1919 3644 Pa.
