<?xml version="1.0" encoding="UTF-8"?>
<!DOCTYPE html PUBLIC "-//W3C//DTD XHTML 1.0 Transitional//EN"
    "http://www.w3.org/TR/xhtml1/DTD/xhtml1-transitional.dtd">
<html xmlns="http://www.w3.org/1999/xhtml" xml:lang="en" lang="en">
 <head>
  <title>
</title>
<meta http-equiv="Content-Type" content="text/html;charset=utf-8" />
  <meta name='ocr-system' content='tesseract 3.04.00' />
  <meta name='ocr-capabilities' content='ocr_page ocr_carea ocr_par ocr_line ocrx_word'/>
</head>
<body>
  <div class='ocr_page' id='page_1' title='image "./operaomniaiussui10thom_0206.png"; bbox 0 0 2768 4198; ppageno 0'>
   <div class='ocr_carea' id='block_1_1' title="bbox 59 449 270 503">
    <p class='ocr_par' dir='ltr' id='par_1_1' title="bbox 59 449 270 503">
     <span class='ocr_line' id='line_1_1' title="bbox 60 449 270 476; baseline -0.005 -6"><span class='ocrx_word' id='word_1_1' title='bbox 60 450 68 459; x_wconf 78' lang='lat'><strong><em>⁴</em></strong></span> <span class='ocrx_word' id='word_1_2' title='bbox 84 449 92 470; x_wconf 95' lang='lat'><em>1</em></span> <span class='ocrx_word' id='word_1_3' title='bbox 108 449 142 470; x_wconf 80' lang='lat' dir='ltr'>ad</span> <span class='ocrx_word' id='word_1_4' title='bbox 154 449 208 470; x_wconf 86' lang='lat' dir='ltr'>Cor.</span> <span class='ocrx_word' id='word_1_5' title='bbox 220 454 270 476; x_wconf 86' lang='lat' dir='ltr'>cap.</span> 
     </span>
     <span class='ocr_line' id='line_1_2' title="bbox 59 482 217 503; baseline -0.006 -6"><span class='ocrx_word' id='word_1_6' title='bbox 59 482 91 498; x_wconf 83' lang='lat' dir='ltr'>x1.</span> <span class='ocrx_word' id='word_1_7' title='bbox 108 482 165 497; x_wconf 81' lang='lat' dir='ltr'>vers.</span> <span class='ocrx_word' id='word_1_8' title='bbox 181 482 217 503; x_wconf 80' lang='lat'>30·</span> 
     </span>
    </p>
   </div>
   <div class='ocr_carea' id='block_1_2' title="bbox 57 1245 185 1274">
    <p class='ocr_par' dir='ltr' id='par_1_2' title="bbox 57 1245 185 1274">
     <span class='ocr_line' id='line_1_3' title="bbox 57 1245 185 1274; baseline 0 -8"><span class='ocrx_word' id='word_1_9' title='bbox 57 1248 65 1255; x_wconf 78' lang='lat'>⁸</span> <span class='ocrx_word' id='word_1_10' title='bbox 81 1245 145 1267; x_wconf 71' lang='lat' dir='ltr'>Vers.</span> <span class='ocrx_word' id='word_1_11' title='bbox 161 1252 185 1274; x_wconf 83' lang='lat'>32</span> 
     </span>
    </p>
   </div>
   <div class='ocr_carea' id='block_1_3' title="bbox 55 1839 164 1859">
    <p class='ocr_par' dir='ltr' id='par_1_3' title="bbox 55 1839 164 1859">
     <span class='ocr_line' id='line_1_4' title="bbox 55 1839 164 1859; baseline 0.009 -1"><span class='ocrx_word' id='word_1_12' title='bbox 55 1839 63 1847; x_wconf 78' lang='lat'>⁸</span> <span class='ocrx_word' id='word_1_13' title='bbox 78 1839 128 1859; x_wconf 68' lang='lat' dir='ltr'>Art.</span> <span class='ocrx_word' id='word_1_14' title='bbox 145 1845 164 1859; x_wconf 75' lang='lat'>2.</span> 
     </span>
    </p>
   </div>
   <div class='ocr_carea' id='block_1_4' title="bbox 53 1993 263 2121">
    <p class='ocr_par' dir='ltr' id='par_1_4' title="bbox 53 1993 263 2121">
     <span class='ocr_line' id='line_1_5' title="bbox 54 1993 263 2040; baseline -0.014 -25"><span class='ocrx_word' id='word_1_15' title='bbox 54 1995 62 2002; x_wconf 75' lang='lat'>⁴</span> <span class='ocrx_word' id='word_1_16' title='bbox 77 1993 132 2040; x_wconf 44' lang='lat' dir='ltr'>CR.</span> <span class='ocrx_word' id='word_1_17' title='bbox 145 1999 175 2017; x_wconf 88' lang='grc' dir='ltr'><strong>νι,</strong></span> <span class='ocrx_word' id='word_1_18' title='bbox 188 1999 208 2013; x_wconf 75' lang='grc' dir='ltr'>ιι,</span> <span class='ocrx_word' id='word_1_19' title='bbox 221 1998 241 2019; x_wconf 85' lang='grc'>7.</span> <span class='ocrx_word' id='word_1_20' title='bbox 254 2003 263 2008; x_wconf 94' lang='grc'>-</span> 
     </span>
     <span class='ocr_line' id='line_1_6' title="bbox 53 2019 250 2041; baseline -0.005 0"><span class='ocrx_word' id='word_1_21' title='bbox 53 2020 77 2041; x_wconf 89' lang='lat' dir='ltr'>S.</span> <span class='ocrx_word' id='word_1_22' title='bbox 134 2037 136 2039; x_wconf 97' lang='lat'>.</span> <span class='ocrx_word' id='word_1_23' title='bbox 154 2019 204 2040; x_wconf 87' lang='lat' dir='ltr'>lect.</span> <span class='ocrx_word' id='word_1_24' title='bbox 220 2025 250 2040; x_wconf 90' lang='grc' dir='ltr'><strong>νι.</strong></span> 
     </span>
     <span class='ocr_line' id='line_1_7' title="bbox 152 2105 167 2121; baseline 0 0"><span class='ocrx_word' id='word_1_25' title='bbox 152 2105 167 2121; x_wconf 70' lang='grc' dir='ltr'>α</span> 
     </span>
    </p>
   </div>
   <div class='ocr_carea' id='block_1_5' title="bbox 52 2155 266 2284">
    <p class='ocr_par' dir='ltr' id='par_1_5' title="bbox 52 2155 266 2284">
     <span class='ocr_line' id='line_1_8' title="bbox 54 2155 266 2177; baseline -0.005 -1"><span class='ocrx_word' id='word_1_26' title='bbox 54 2158 61 2166; x_wconf 82' lang='grc'><em>·</em></span> <span class='ocrx_word' id='word_1_27' title='bbox 77 2155 200 2177; x_wconf 76' lang='lat' dir='ltr'>Tlieodull.</span> <span class='ocrx_word' id='word_1_28' title='bbox 216 2155 266 2175; x_wconf 81' lang='lat' dir='ltr'>Au-</span> 
     </span>
     <span class='ocr_line' id='line_1_9' title="bbox 52 2182 264 2209; baseline -0.009 -5"><span class='ocrx_word' id='word_1_29' title='bbox 52 2182 264 2209; x_wconf 62' lang='lat' dir='ltr'>reliancapxxxtx.</span> 
     </span>
     <span class='ocr_line' id='line_1_10' title="bbox 52 2208 264 2234; baseline -0.014 -3"><span class='ocrx_word' id='word_1_30' title='bbox 52 2220 63 2224; x_wconf 96' lang='lat'><em>-</em></span> <span class='ocrx_word' id='word_1_31' title='bbox 71 2209 102 2231; x_wconf 82' lang='lat' dir='ltr'>Cf</span> <span class='ocrx_word' id='word_1_32' title='bbox 103 2226 107 2230; x_wconf 93' lang='lat'>.</span> <span class='ocrx_word' id='word_1_33' title='bbox 116 2215 165 2231; x_wconf 76' lang='lat' dir='ltr'>can.</span> <span class='ocrx_word' id='word_1_34' title='bbox 175 2208 264 2234; x_wconf 80' lang='lat' dir='ltr'><em>Solent,</em></span> 
     </span>
     <span class='ocr_line' id='line_1_11' title="bbox 54 2234 264 2258; baseline -0.01 -1"><span class='ocrx_word' id='word_1_35' title='bbox 54 2236 106 2257; x_wconf 79' lang='lat' dir='ltr'>dist.</span> <span class='ocrx_word' id='word_1_36' title='bbox 123 2236 143 2258; x_wconf 84' lang='lat' dir='ltr'>l.</span> <span class='ocrx_word' id='word_1_37' title='bbox 159 2235 188 2257; x_wconf 78' lang='lat' dir='ltr'>de</span> <span class='ocrx_word' id='word_1_38' title='bbox 203 2234 264 2256; x_wconf 80' lang='lat' dir='ltr'>Con—</span> 
     </span>
     <span class='ocr_line' id='line_1_12' title="bbox 54 2265 138 2284; baseline 0 0"><span class='ocrx_word' id='word_1_39' title='bbox 54 2265 138 2284; x_wconf 60' lang='grc' dir='ltr'>πει-ναι.</span> 
     </span>
    </p>
   </div>
   <div class='ocr_carea' id='block_1_6' title="bbox 55 2426 194 2453">
    <p class='ocr_par' dir='ltr' id='par_1_6' title="bbox 55 2426 194 2453">
     <span class='ocr_line' id='line_1_13' title="bbox 55 2426 194 2453; baseline 0.007 -8"><span class='ocrx_word' id='word_1_40' title='bbox 55 2426 63 2435; x_wconf 80' lang='grc'><em>·</em></span> <span class='ocrx_word' id='word_1_41' title='bbox 78 2426 127 2447; x_wconf 82' lang='lat' dir='ltr'>Art.</span> <span class='ocrx_word' id='word_1_42' title='bbox 146 2431 161 2446; x_wconf 87' lang='grc' dir='ltr'><strong>ι.</strong></span> <span class='ocrx_word' id='word_1_43' title='bbox 176 2432 194 2453; x_wconf 76' lang='lat'>3.</span> 
     </span>
    </p>
   </div>
   <div class='ocr_carea' id='block_1_7' title="bbox 56 3266 222 3294">
    <p class='ocr_par' dir='ltr' id='par_1_7' title="bbox 56 3266 222 3294">
     <span class='ocr_line' id='line_1_14' title="bbox 56 3266 222 3294; baseline -0.006 -7"><span class='ocrx_word' id='word_1_44' title='bbox 56 3268 63 3276; x_wconf 77' lang='lat'>⁸</span> <span class='ocrx_word' id='word_1_45' title='bbox 79 3266 187 3288; x_wconf 66' lang='grc' dir='ltr'>(ζοιιεΙυε4</span> <span class='ocrx_word' id='word_1_46' title='bbox 204 3273 222 3294; x_wconf 67' lang='grc' dir='ltr'>3Δ</span> 
     </span>
    </p>
   </div>
   <div class='ocr_carea' id='block_1_8' title="bbox 55 3624 109 3643">
    <p class='ocr_par' dir='ltr' id='par_1_8' title="bbox 55 3624 109 3643">
     <span class='ocr_line' id='line_1_15' title="bbox 55 3624 109 3643; baseline -0.019 0"><span class='ocrx_word' id='word_1_47' title='bbox 55 3624 109 3643; x_wconf 75' lang='lat' dir='ltr'>Con!</span> 
     </span>
    </p>
   </div>
   <div class='ocr_carea' id='block_1_9' title="bbox 947 280 1864 327">
    <p class='ocr_par' dir='ltr' id='par_1_9' title="bbox 947 280 1864 327">
     <span class='ocr_line' id='line_1_16' title="bbox 947 280 1864 327; baseline 0.004 -11"><span class='ocrx_word' id='word_1_48' title='bbox 947 280 1215 327; x_wconf 87' lang='lat' dir='ltr'>QUAESTIO</span> <span class='ocrx_word' id='word_1_49' title='bbox 1246 280 1438 327; x_wconf 87' lang='lat' dir='ltr'>CXLVII,</span> <span class='ocrx_word' id='word_1_50' title='bbox 1469 283 1768 320; x_wconf 91' lang='lat' dir='ltr'>ARTICULUS</span> <span class='ocrx_word' id='word_1_51' title='bbox 1796 283 1864 320; x_wconf 89' lang='lat' dir='ltr'>Vll</span> 
     </span>
    </p>
   </div>
   <div class='ocr_carea' id='block_1_10' title="bbox 300 357 2504 536">
    <p class='ocr_par' dir='ltr' id='par_1_10' title="bbox 300 357 2504 536">
     <span class='ocr_line' id='line_1_17' title="bbox 301 357 2504 403; baseline 0 -11"><span class='ocrx_word' id='word_1_52' title='bbox 301 363 390 403; x_wconf 92' lang='lat' dir='ltr'>quod</span> <span class='ocrx_word' id='word_1_53' title='bbox 422 362 636 398; x_wconf 85' lang='lat' dir='ltr'>comestibile,</span> <span class='ocrx_word' id='word_1_54' title='bbox 662 368 697 391; x_wconf 89' lang='lat' dir='ltr'>ut</span> <span class='ocrx_word' id='word_1_55' title='bbox 721 361 786 391; x_wconf 91' lang='lat' dir='ltr'>duo</span> <span class='ocrx_word' id='word_1_56' title='bbox 812 360 926 395; x_wconf 90' lang='lat' dir='ltr'>cruda,</span> <span class='ocrx_word' id='word_1_57' title='bbox 953 359 1043 388; x_wconf 90' lang='lat' dir='ltr'>cibus</span> <span class='ocrx_word' id='word_1_58' title='bbox 1067 357 1185 388; x_wconf 88' lang='lat' dir='ltr'>scilicet</span> <span class='ocrx_word' id='word_1_59' title='bbox 1208 365 1239 389; x_wconf 90' lang='lat' dir='ltr'>et</span> <span class='ocrx_word' id='word_1_60' title='bbox 1261 365 1375 397; x_wconf 85' lang='lat' dir='ltr'>potus,</span> <span class='ocrx_word' id='word_1_61' title='bbox 1431 368 1555 390; x_wconf 85' lang='lat' dir='ltr'>eorum.</span> <span class='ocrx_word' id='word_1_62' title='bbox 1579 361 1620 391; x_wconf 93' lang='lat' dir='ltr'>Et</span> <span class='ocrx_word' id='word_1_63' title='bbox 1643 370 1680 391; x_wconf 85' lang='lat' dir='ltr'>ex</span> <span class='ocrx_word' id='word_1_64' title='bbox 1703 361 1767 392; x_wconf 90' lang='lat' dir='ltr'>hoc</span> <span class='ocrx_word' id='word_1_65' title='bbox 1789 368 1876 401; x_wconf 85' lang='lat' dir='ltr'>patet</span> <span class='ocrx_word' id='word_1_66' title='bbox 1899 361 1988 402; x_wconf 93' lang='lat' dir='ltr'>quod</span> <span class='ocrx_word' id='word_1_67' title='bbox 2007 371 2075 392; x_wconf 86' lang='lat' dir='ltr'>non</span> <span class='ocrx_word' id='word_1_68' title='bbox 2091 362 2163 392; x_wconf 91' lang='lat' dir='ltr'>licet</span> <span class='ocrx_word' id='word_1_69' title='bbox 2178 362 2393 394; x_wconf 87' lang='lat' dir='ltr'>ieiunantibus</span> <span class='ocrx_word' id='word_1_70' title='bbox 2411 372 2504 393; x_wconf 80' lang='lat' dir='ltr'>causa</span> 
     </span>
     <span class='ocr_line' id='line_1_18' title="bbox 300 402 2504 447; baseline -0 -9"><span class='ocrx_word' id='word_1_71' title='bbox 300 407 458 438; x_wconf 86' lang='lat' dir='ltr'>addantur</span> <span class='ocrx_word' id='word_1_72' title='bbox 480 406 648 446; x_wconf 87' lang='lat' dir='ltr'>indigesto.</span> <span class='ocrx_word' id='word_1_73' title='bbox 673 406 806 445; x_wconf 87' lang='lat' dir='ltr'>Propter</span> <span class='ocrx_word' id='word_1_74' title='bbox 834 403 922 444; x_wconf 91' lang='lat' dir='ltr'>quod</span> <span class='ocrx_word' id='word_1_75' title='bbox 944 403 1039 433; x_wconf 89' lang='lat' dir='ltr'>multi</span> <span class='ocrx_word' id='word_1_76' title='bbox 1055 403 1177 442; x_wconf 87' lang='lat' dir='ltr'><em>infirmi</em></span> <span class='ocrx_word' id='word_1_77' title='bbox 1193 407 1224 432; x_wconf 86' lang='lat' dir='ltr'>et</span> <span class='ocrx_word' id='word_1_78' title='bbox 1239 402 1376 433; x_wconf 86' lang='lat' dir='ltr'>imbecil-</span> <span class='ocrx_word' id='word_1_79' title='bbox 1403 409 1404 447; x_wconf 51' lang='grc' dir='ltr'><strong>ι</strong></span> <span class='ocrx_word' id='word_1_80' title='bbox 1431 404 1608 434; x_wconf 83' lang='lat' dir='ltr'>medicinae</span> <span class='ocrx_word' id='word_1_81' title='bbox 1632 414 1728 445; x_wconf 86' lang='lat' dir='ltr'>super</span> <span class='ocrx_word' id='word_1_82' title='bbox 1749 405 1908 445; x_wconf 85' lang='lat' dir='ltr'>indigesto</span> <span class='ocrx_word' id='word_1_83' title='bbox 1931 416 2058 437; x_wconf 85' lang='lat' dir='ltr'>sumere</span> <span class='ocrx_word' id='word_1_84' title='bbox 2082 406 2205 447; x_wconf 84' lang='lat' dir='ltr'>aliquid</span> <span class='ocrx_word' id='word_1_85' title='bbox 2239 406 2436 438; x_wconf 86' lang='lat' dir='ltr'>comestibile</span> <span class='ocrx_word' id='word_1_86' title='bbox 2464 416 2504 437; x_wconf 85' lang='lat' dir='ltr'>ne</span> 
     </span>
     <span class='ocr_line' id='line_1_19' title="bbox 300 445 2503 492; baseline 0 -10"><span class='ocrx_word' id='word_1_87' title='bbox 300 453 346 482; x_wconf 81' lang='lat' dir='ltr'>les</span> <span class='ocrx_word' id='word_1_88' title='bbox 361 451 379 470; x_wconf 94' lang='lat'><em>*</em></span> <span class='ocrx_word' id='word_1_89' title='bbox 402 450 630 482; x_wconf 86' lang='lat' dir='ltr'>rationabiliter</span> <span class='ocrx_word' id='word_1_90' title='bbox 646 459 720 480; x_wconf 90' lang='lat' dir='ltr'>cum</span> <span class='ocrx_word' id='word_1_91' title='bbox 738 458 880 488; x_wconf 86' lang='lat' dir='ltr'>tempore</span> <span class='ocrx_word' id='word_1_92' title='bbox 898 447 992 477; x_wconf 88' lang='lat' dir='ltr'>fiunt:</span> <span class='ocrx_word' id='word_1_93' title='bbox 1019 453 1050 476; x_wconf 92' lang='lat' dir='ltr'>et</span> <span class='ocrx_word' id='word_1_94' title='bbox 1070 446 1139 476; x_wconf 90' lang='lat' dir='ltr'>aliis</span> <span class='ocrx_word' id='word_1_95' title='bbox 1156 445 1268 482; x_wconf 87' lang='lat' dir='ltr'>causis,</span> <span class='ocrx_word' id='word_1_96' title='bbox 1293 456 1376 486; x_wconf 89' lang='lat' dir='ltr'>quae</span> <span class='ocrx_word' id='word_1_97' title='bbox 1402 450 1404 478; x_wconf 63' lang='grc' dir='ltr'>ἰ</span> <span class='ocrx_word' id='word_1_98' title='bbox 1431 454 1528 487; x_wconf 87' lang='lat' dir='ltr'>potus</span> <span class='ocrx_word' id='word_1_99' title='bbox 1552 456 1680 479; x_wconf 85' lang='lat' dir='ltr'>noceat:</span> <span class='ocrx_word' id='word_1_100' title='bbox 1706 450 1760 480; x_wconf 91' lang='lat' dir='ltr'>sed</span> <span class='ocrx_word' id='word_1_101' title='bbox 1783 457 1859 490; x_wconf 90' lang='lat' dir='ltr'>post</span> <span class='ocrx_word' id='word_1_102' title='bbox 1882 450 2076 491; x_wconf 86' lang='lat' dir='ltr'>completam</span> <span class='ocrx_word' id='word_1_103' title='bbox 2100 450 2311 492; x_wconf 85' lang='lat' dir='ltr'>digestionem</span> <span class='ocrx_word' id='word_1_104' title='bbox 2333 450 2397 482; x_wconf 89' lang='lat' dir='ltr'>hoc</span> <span class='ocrx_word' id='word_1_105' title='bbox 2420 450 2503 482; x_wconf 90' lang='lat' dir='ltr'>licet.</span> 
     </span>
     <span class='ocr_line' id='line_1_20' title="bbox 301 479 2308 536; baseline 0 -10"><span class='ocrx_word' id='word_1_106' title='bbox 301 506 413 536; x_wconf 86' lang='lat' dir='ltr'>parum</span> <span class='ocrx_word' id='word_1_107' title='bbox 445 502 498 526; x_wconf 90' lang='lat' dir='ltr'>aut</span> <span class='ocrx_word' id='word_1_108' title='bbox 528 495 606 524; x_wconf 90' lang='lat' dir='ltr'>nihil</span> <span class='ocrx_word' id='word_1_109' title='bbox 639 494 670 523; x_wconf 92' lang='lat' dir='ltr'>in</span> <span class='ocrx_word' id='word_1_110' title='bbox 700 503 793 524; x_wconf 86' lang='lat' dir='ltr'>causa</span> <span class='ocrx_word' id='word_1_111' title='bbox 821 500 914 527; x_wconf 85' lang='lat' dir='ltr'>sunt,</span> <span class='ocrx_word' id='word_1_112' title='bbox 939 490 1156 521; x_wconf 88' lang='lat' dir='ltr'>attribuuntur</span> <span class='ocrx_word' id='word_1_113' title='bbox 1179 490 1377 520; x_wconf 89' lang='lat' dir='ltr'>infirmitates</span> <span class='ocrx_word' id='word_1_114' title='bbox 1402 479 1404 515; x_wconf 81' lang='grc' dir='ltr'>Ι</span> <span class='ocrx_word' id='word_1_115' title='bbox 1430 490 1471 521; x_wconf 92' lang='lat' dir='ltr'>Et</span> <span class='ocrx_word' id='word_1_116' title='bbox 1494 491 1534 521; x_wconf 90' lang='lat' dir='ltr'>ad</span> <span class='ocrx_word' id='word_1_117' title='bbox 1557 491 1619 522; x_wconf 90' lang='lat' dir='ltr'>hoc</span> <span class='ocrx_word' id='word_1_118' title='bbox 1643 493 1823 524; x_wconf 84' lang='lat' dir='ltr'>introducta</span> <span class='ocrx_word' id='word_1_119' title='bbox 1846 501 1893 525; x_wconf 92' lang='lat' dir='ltr'>est</span> <span class='ocrx_word' id='word_1_120' title='bbox 1915 494 2074 525; x_wconf 87' lang='lat' dir='ltr'>Ecclesiae</span> <span class='ocrx_word' id='word_1_121' title='bbox 2098 495 2308 526; x_wconf 87' lang='lat' dir='ltr'>consuetudo.</span> 
     </span>
    </p>
   </div>
   <div class='ocr_carea' id='block_1_11' title="bbox 308 283 380 329">
    <p class='ocr_par' dir='ltr' id='par_1_11' title="bbox 308 283 380 329">
     <span class='ocr_line' id='line_1_21' title="bbox 308 283 380 329; baseline 0 -10"><span class='ocrx_word' id='word_1_122' title='bbox 308 283 380 329; x_wconf 83' lang='lat'>164</span> 
     </span>
    </p>
   </div>
   <div class='ocr_carea' id='block_1_12' title="bbox 1267 581 1483 590">
    <p class='ocr_par' dir='ltr' id='par_1_12' title="bbox 1267 581 1483 590">
     <span class='ocr_line' id='line_1_22' title="bbox 1267 581 1483 590; baseline 0 3608"><span class='ocrx_word' id='word_1_123' title='bbox 1267 581 1483 590; x_wconf 95' lang='lat' dir='ltr'> </span> 
     </span>
    </p>
   </div>
   <div class='ocr_carea' id='block_1_13' title="bbox 1485 581 1536 588">
    <p class='ocr_par' dir='ltr' id='par_1_13' title="bbox 1485 581 1536 588">
     <span class='ocr_line' id='line_1_23' title="bbox 1485 581 1536 588; baseline 0 0"><span class='ocrx_word' id='word_1_124' title='bbox 1485 581 1536 588; x_wconf 37' lang='lat' dir='ltr'>W&amp;</span> 
     </span>
    </p>
   </div>
   <div class='ocr_carea' id='block_1_14' title="bbox 443 653 2356 791">
    <p class='ocr_par' dir='ltr' id='par_1_14' title="bbox 443 653 2356 791">
     <span class='ocr_line' id='line_1_24' title="bbox 1093 653 1715 696; baseline 0.003 -2"><span class='ocrx_word' id='word_1_125' title='bbox 1093 653 1414 695; x_wconf 87' lang='lat' dir='ltr'>ARTICULUS</span> <span class='ocrx_word' id='word_1_126' title='bbox 1445 653 1715 696; x_wconf 88' lang='lat' dir='ltr'>SEPTIMUS</span> 
     </span>
     <span class='ocr_line' id='line_1_25' title="bbox 443 747 2356 791; baseline 0.003 -9"><span class='ocrx_word' id='word_1_127' title='bbox 443 751 599 782; x_wconf 87' lang='lat' dir='ltr'>UTRUM</span> <span class='ocrx_word' id='word_1_128' title='bbox 625 749 748 780; x_wconf 79' lang='lat' dir='ltr'><strong>HORA</strong></span> <span class='ocrx_word' id='word_1_129' title='bbox 772 748 896 779; x_wconf 87' lang='lat' dir='ltr'>NONA</span> <span class='ocrx_word' id='word_1_130' title='bbox 921 747 1266 779; x_wconf 80' lang='lat' dir='ltr'>CONVENlENTER</span> <span class='ocrx_word' id='word_1_131' title='bbox 1290 748 1503 779; x_wconf 84' lang='lat' dir='ltr'>TAXETUR</span> <span class='ocrx_word' id='word_1_132' title='bbox 1526 748 1585 779; x_wconf 83' lang='lat' dir='ltr'>AD</span> <span class='ocrx_word' id='word_1_133' title='bbox 1611 748 1932 788; x_wconf 87' lang='lat' dir='ltr'>COMEDENDUM‚</span> <span class='ocrx_word' id='word_1_134' title='bbox 1953 752 2022 783; x_wconf 79' lang='lat' dir='ltr'>His</span> <span class='ocrx_word' id='word_1_135' title='bbox 2046 753 2121 791; x_wconf 78' lang='lat' dir='ltr'>Qui</span> <span class='ocrx_word' id='word_1_136' title='bbox 2146 754 2356 786; x_wconf 83' lang='lat' dir='ltr'>IEIUNANT</span> 
     </span>
    </p>
   </div>
   <div class='ocr_carea' id='block_1_15' title="bbox 1088 826 1715 860">
    <p class='ocr_par' dir='ltr' id='par_1_15' title="bbox 1088 826 1715 860">
     <span class='ocr_line' id='line_1_26' title="bbox 1088 826 1715 860; baseline 0.003 -10"><span class='ocrx_word' id='word_1_137' title='bbox 1088 826 1122 850; x_wconf 93' lang='lat' dir='ltr'>1v</span> <span class='ocrx_word' id='word_1_138' title='bbox 1142 826 1226 855; x_wconf 69' lang='lat' dir='ltr'>Sent„</span> <span class='ocrx_word' id='word_1_139' title='bbox 1248 826 1307 851; x_wconf 89' lang='lat' dir='ltr'>dist.</span> <span class='ocrx_word' id='word_1_140' title='bbox 1326 834 1367 857; x_wconf 86' lang='lat' dir='ltr'>xv,</span> <span class='ocrx_word' id='word_1_141' title='bbox 1387 834 1432 859; x_wconf 86' lang='lat' dir='ltr'>qu.</span> <span class='ocrx_word' id='word_1_142' title='bbox 1451 833 1488 857; x_wconf 83' lang='lat'>111,</span> <span class='ocrx_word' id='word_1_143' title='bbox 1508 831 1555 851; x_wconf 86' lang='lat' dir='ltr'>art.</span> <span class='ocrx_word' id='word_1_144' title='bbox 1577 826 1600 856; x_wconf 82' lang='lat'>3,</span> <span class='ocrx_word' id='word_1_145' title='bbox 1620 827 1670 860; x_wconf 70' lang='lat' dir='ltr'>qu*</span> <span class='ocrx_word' id='word_1_146' title='bbox 1691 827 1715 852; x_wconf 85' lang='lat'>3.</span> 
     </span>
    </p>
   </div>
   <div class='ocr_carea' id='block_1_16' title="bbox 314 918 508 1017">
    <p class='ocr_par' dir='ltr' id='par_1_16' title="bbox 314 918 508 1017">
     <span class='ocr_line' id='line_1_27' title="bbox 314 918 508 1017; baseline 0 -62"><span class='ocrx_word' id='word_1_147' title='bbox 314 918 508 1017; x_wconf 95' lang='lat' dir='ltr'>    </span> <span class='ocrx_word' id='word_1_148' title='bbox 481 950 507 955; x_wconf 95' lang='lat' dir='ltr'> </span> 
     </span>
    </p>
   </div>
   <div class='ocr_carea' id='block_1_17' title="bbox 451 937 508 950">
    <p class='ocr_par' dir='ltr' id='par_1_17' title="bbox 451 937 508 950">
     <span class='ocr_line' id='line_1_28' title="bbox 451 937 508 950; baseline 0 0"><span class='ocrx_word' id='word_1_149' title='bbox 451 937 508 950; x_wconf 95' lang='lat' dir='ltr'>  </span> 
     </span>
    </p>
   </div>
   <div class='ocr_carea' id='block_1_18' title="bbox 509 913 2502 970">
    <p class='ocr_par' dir='ltr' id='par_1_18' title="bbox 509 913 2502 970">
     <span class='ocr_line' id='line_1_29' title="bbox 509 913 2502 970; baseline 0.004 -16"><span class='ocrx_word' id='word_1_150' title='bbox 509 929 531 954; x_wconf 88' lang='lat' dir='ltr'>D</span> <span class='ocrx_word' id='word_1_151' title='bbox 552 928 733 954; x_wconf 71' lang='grc' dir='ltr'><strong>εΕΡΤιΜυΜ</strong></span> <span class='ocrx_word' id='word_1_152' title='bbox 753 927 806 953; x_wconf 69' lang='lat' dir='ltr'>stc</span> <span class='ocrx_word' id='word_1_153' title='bbox 827 927 1069 953; x_wconf 55' lang='lat' dir='ltr'>moer-:orrum</span> <span class='ocrx_word' id='word_1_154' title='bbox 1085 915 1246 952; x_wconf 89' lang='lat' dir='ltr'>Videtur</span> <span class='ocrx_word' id='word_1_155' title='bbox 1266 915 1372 965; x_wconf 93' lang='lat' dir='ltr'>quod</span> <span class='ocrx_word' id='word_1_156' title='bbox 1398 918 1400 921; x_wconf 82' lang='grc'>’</span> <span class='ocrx_word' id='word_1_157' title='bbox 1429 923 1663 964; x_wconf 89' lang='lat' dir='ltr'>cooperante</span> <span class='ocrx_word' id='word_1_158' title='bbox 1702 915 1751 952; x_wconf 89' lang='lat' dir='ltr'>ad</span> <span class='ocrx_word' id='word_1_159' title='bbox 1780 916 1855 952; x_wconf 88' lang='lat' dir='ltr'>hoe</span> <span class='ocrx_word' id='word_1_160' title='bbox 1886 913 2030 954; x_wconf 84' lang='lat' dir='ltr'>calore</span> <span class='ocrx_word' id='word_1_161' title='bbox 2049 916 2130 955; x_wconf 80' lang='lat' dir='ltr'>diei&#39;</span> <span class='ocrx_word' id='word_1_162' title='bbox 2151 931 2278 970; x_wconf 70' lang='lat' dir='ltr'>usquev</span> <span class='ocrx_word' id='word_1_163' title='bbox 2311 921 2362 960; x_wconf 87' lang='lat' dir='ltr'>ad</span> <span class='ocrx_word' id='word_1_164' title='bbox 2398 935 2502 963; x_wconf 85' lang='lat' dir='ltr'>sum·</span> 
     </span>
    </p>
   </div>
   <div class='ocr_carea' id='block_1_19' title="bbox 384 932 486 997">
    <p class='ocr_par' dir='ltr' id='par_1_19' title="bbox 384 932 486 997">
     <span class='ocr_line' id='line_1_30' title="bbox 384 932 486 997; baseline 0 -51"><span class='ocrx_word' id='word_1_165' title='bbox 384 932 390 946; x_wconf 78' lang='grc'>,</span> <span class='ocrx_word' id='word_1_166' title='bbox 418 936 486 997; x_wconf 46' lang='lat'>³5³&lt;</span> 
     </span>
    </p>
   </div>
   <div class='ocr_carea' id='block_1_20' title="bbox 301 955 496 1086">
    <p class='ocr_par' dir='ltr' id='par_1_20' title="bbox 301 955 496 1086">
     <span class='ocr_line' id='line_1_31' title="bbox 481 955 496 989; baseline 0 3209"><span class='ocrx_word' id='word_1_167' title='bbox 481 955 496 989; x_wconf 95' lang='lat' dir='ltr'> </span> 
     </span>
     <span class='ocr_line' id='line_1_32' title="bbox 301 1017 458 1086; baseline 0 -47"><span class='ocrx_word' id='word_1_168' title='bbox 301 1017 458 1086; x_wconf 95' lang='lat' dir='ltr'>    </span> 
     </span>
    </p>
   </div>
   <div class='ocr_carea' id='block_1_21' title="bbox 299 967 2504 1130">
    <p class='ocr_par' dir='ltr' id='par_1_21' title="bbox 299 967 2504 1130">
     <span class='ocr_line' id='line_1_33' title="bbox 436 967 2503 1029; baseline 0.003 -22"><span class='ocrx_word' id='word_1_169' title='bbox 436 967 481 1029; x_wconf 45' lang='grc' dir='ltr'>ζμ</span> <span class='ocrx_word' id='word_1_170' title='bbox 509 971 606 1007; x_wconf 90' lang='lat' dir='ltr'>hora</span> <span class='ocrx_word' id='word_1_171' title='bbox 625 983 728 1007; x_wconf 92' lang='lat' dir='ltr'>nona</span> <span class='ocrx_word' id='word_1_172' title='bbox 753 982 832 1007; x_wconf 91' lang='lat' dir='ltr'>non</span> <span class='ocrx_word' id='word_1_173' title='bbox 859 968 1135 1007; x_wconf 88' lang='lat' dir='ltr'>convenienter</span> <span class='ocrx_word' id='word_1_174' title='bbox 1156 976 1303 1006; x_wconf 83' lang='lat' dir='ltr'>taxetur</span> <span class='ocrx_word' id='word_1_175' title='bbox 1323 969 1372 1006; x_wconf 89' lang='lat' dir='ltr'>ad</span> <span class='ocrx_word' id='word_1_176' title='bbox 1398 975 1400 1014; x_wconf 77' lang='lat' dir='ltr'><em>J</em></span> <span class='ocrx_word' id='word_1_177' title='bbox 1427 981 1538 1006; x_wconf 90' lang='lat' dir='ltr'>mum</span> <span class='ocrx_word' id='word_1_178' title='bbox 1559 968 1647 1006; x_wconf 86' lang='lat' dir='ltr'>solis</span> <span class='ocrx_word' id='word_1_179' title='bbox 1667 981 1888 1016; x_wconf 89' lang='lat' dir='ltr'>ascensum;</span> <span class='ocrx_word' id='word_1_180' title='bbox 1908 977 1991 1007; x_wconf 92' lang='lat' dir='ltr'>tum</span> <span class='ocrx_word' id='word_1_181' title='bbox 2012 970 2128 1009; x_wconf 84' lang='lat' dir='ltr'>etiam</span> <span class='ocrx_word' id='word_1_182' title='bbox 2147 972 2237 1021; x_wconf 90' lang='lat' dir='ltr'>quia</span> <span class='ocrx_word' id='word_1_183' title='bbox 2251 976 2340 1018; x_wconf 72' lang='lat' dir='ltr'>tunc</span> <span class='ocrx_word' id='word_1_184' title='bbox 2354 975 2503 1025; x_wconf 42' lang='lat' dir='ltr'>,praeci-</span> 
     </span>
     <span class='ocr_line' id='line_1_34' title="bbox 360 1021 2503 1085; baseline 0.003 -24"><span class='ocrx_word' id='word_1_185' title='bbox 360 1061 363 1067; x_wconf 76' lang='grc'><em>,</em></span> <span class='ocrx_word' id='word_1_186' title='bbox 420 1041 429 1048; x_wconf 59' lang='lat'><em>2</em></span> <span class='ocrx_word' id='word_1_187' title='bbox 456 1027 480 1062; x_wconf 60' lang='lat'>&#39;6</span> <span class='ocrx_word' id='word_1_188' title='bbox 511 1023 816 1069; x_wconf 86' lang='lat' dir='ltr'>comedendum,</span> <span class='ocrx_word' id='word_1_189' title='bbox 845 1023 903 1060; x_wconf 88' lang='lat' dir='ltr'>his</span> <span class='ocrx_word' id='word_1_190' title='bbox 932 1022 997 1072; x_wconf 92' lang='lat' dir='ltr'>qui</span> <span class='ocrx_word' id='word_1_191' title='bbox 1026 1022 1208 1060; x_wconf 89' lang='lat' dir='ltr'>ieiunant.</span> <span class='ocrx_word' id='word_1_192' title='bbox 1244 1022 1372 1059; x_wconf 91' lang='lat' dir='ltr'>Status</span> <span class='ocrx_word' id='word_1_193' title='bbox 1398 1021 1399 1060; x_wconf 54' lang='lat' dir='ltr'>l</span> <span class='ocrx_word' id='word_1_194' title='bbox 1426 1034 1502 1070; x_wconf 86' lang='lat' dir='ltr'>pue</span> <span class='ocrx_word' id='word_1_195' title='bbox 1523 1030 1660 1059; x_wconf 90' lang='lat' dir='ltr'>natura</span> <span class='ocrx_word' id='word_1_196' title='bbox 1687 1022 1859 1071; x_wconf 88' lang='lat' dir='ltr'>corporis</span> <span class='ocrx_word' id='word_1_197' title='bbox 1878 1023 2039 1062; x_wconf 87' lang='lat' dir='ltr'>humani</span> <span class='ocrx_word' id='word_1_198' title='bbox 2059 1024 2202 1074; x_wconf 89' lang='lat' dir='ltr'>indiget</span> <span class='ocrx_word' id='word_1_199' title='bbox 2229 1027 2352 1065; x_wconf 86' lang='lat' dir='ltr'>iuvari</span> <span class='ocrx_word' id='word_1_200' title='bbox 2371 1037 2503 1085; x_wconf 73' lang='lat' dir='ltr'>contra</span> 
     </span>
     <span class='ocr_line' id='line_1_35' title="bbox 299 1067 2504 1130; baseline 0.004 -19"><span class='ocrx_word' id='word_1_201' title='bbox 299 1090 315 1106; x_wconf 69' lang='grc' dir='ltr'><strong><em>υ</em></strong></span> <span class='ocrx_word' id='word_1_202' title='bbox 469 1067 614 1114; x_wconf 88' lang='lat' dir='ltr'>enim</span> <span class='ocrx_word' id='word_1_203' title='bbox 658 1077 750 1114; x_wconf 88' lang='lat' dir='ltr'>novi</span> <span class='ocrx_word' id='word_1_204' title='bbox 787 1075 1027 1114; x_wconf 87' lang='lat' dir='ltr'>Testamenti</span> <span class='ocrx_word' id='word_1_205' title='bbox 1071 1085 1127 1113; x_wconf 89' lang='lat' dir='ltr'>est</span> <span class='ocrx_word' id='word_1_206' title='bbox 1168 1076 1399 1125; x_wconf 67' lang='lat' dir='ltr'>perfectior}</span> <span class='ocrx_word' id='word_1_207' title='bbox 1427 1074 1654 1112; x_wconf 88' lang='lat' dir='ltr'>exteriorem</span> <span class='ocrx_word' id='word_1_208' title='bbox 1692 1076 1790 1113; x_wconf 89' lang='lat' dir='ltr'>aeris</span> <span class='ocrx_word' id='word_1_209' title='bbox 1825 1077 2013 1125; x_wconf 91' lang='lat' dir='ltr'>calorem,</span> <span class='ocrx_word' id='word_1_210' title='bbox 2047 1090 2095 1115; x_wconf 90' lang='lat' dir='ltr'>ne</span> <span class='ocrx_word' id='word_1_211' title='bbox 2129 1079 2314 1116; x_wconf 89' lang='lat' dir='ltr'>humores</span> <span class='ocrx_word' id='word_1_212' title='bbox 2348 1080 2504 1130; x_wconf 81' lang='lat' dir='ltr'>interius</span> 
     </span>
    </p>
   </div>
   <div class='ocr_carea' id='block_1_22' title="bbox 295 1118 2504 1290">
    <p class='ocr_par' dir='ltr' id='par_1_22' title="bbox 295 1118 2504 1290">
     <span class='ocr_line' id='line_1_36' title="bbox 295 1118 2504 1182; baseline 0.001 -13"><span class='ocrx_word' id='word_1_213' title='bbox 295 1145 412 1180; x_wconf 86' lang='lat' dir='ltr'>quarn</span> <span class='ocrx_word' id='word_1_214' title='bbox 452 1138 571 1169; x_wconf 86' lang='lat' dir='ltr'>status</span> <span class='ocrx_word' id='word_1_215' title='bbox 608 1131 749 1168; x_wconf 90' lang='lat' dir='ltr'>veteris</span> <span class='ocrx_word' id='word_1_216' title='bbox 786 1130 1036 1167; x_wconf 86' lang='lat' dir='ltr'>Testamenti.</span> <span class='ocrx_word' id='word_1_217' title='bbox 1077 1130 1156 1167; x_wconf 90' lang='lat' dir='ltr'>Sed</span> <span class='ocrx_word' id='word_1_218' title='bbox 1183 1130 1221 1167; x_wconf 91' lang='lat' dir='ltr'>in</span> <span class='ocrx_word' id='word_1_219' title='bbox 1250 1130 1372 1171; x_wconf 72' lang='lat' dir='ltr'>veteri</span> <span class='ocrx_word' id='word_1_220' title='bbox 1397 1118 1399 1174; x_wconf 68' lang='lat' dir='ltr'>l</span> <span class='ocrx_word' id='word_1_221' title='bbox 1426 1129 1647 1166; x_wconf 89' lang='lat' dir='ltr'>adurantur.</span> <span class='ocrx_word' id='word_1_222' title='bbox 1685 1130 1735 1166; x_wconf 91' lang='lat' dir='ltr'>Et</span> <span class='ocrx_word' id='word_1_223' title='bbox 1771 1129 1878 1178; x_wconf 85' lang='lat' dir='ltr'>ideo,</span> <span class='ocrx_word' id='word_1_224' title='bbox 1912 1138 1954 1167; x_wconf 92' lang='lat' dir='ltr'>ut</span> <span class='ocrx_word' id='word_1_225' title='bbox 1991 1130 2165 1168; x_wconf 91' lang='lat' dir='ltr'>ieiunans</span> <span class='ocrx_word' id='word_1_226' title='bbox 2203 1132 2371 1182; x_wconf 87' lang='lat' dir='ltr'>aliquam</span> <span class='ocrx_word' id='word_1_227' title='bbox 2410 1135 2504 1172; x_wconf 83' lang='lat' dir='ltr'>affli-</span> 
     </span>
     <span class='ocr_line' id='line_1_37' title="bbox 295 1175 2503 1248; baseline 0.001 -25"><span class='ocrx_word' id='word_1_228' title='bbox 295 1187 549 1223; x_wconf 89' lang='lat' dir='ltr'>Testamento</span> <span class='ocrx_word' id='word_1_229' title='bbox 578 1184 798 1222; x_wconf 87' lang='lat' dir='ltr'>ieiunabant</span> <span class='ocrx_word' id='word_1_230' title='bbox 826 1196 949 1232; x_wconf 90' lang='lat' dir='ltr'>usque</span> <span class='ocrx_word' id='word_1_231' title='bbox 979 1183 1028 1220; x_wconf 90' lang='lat' dir='ltr'>ad</span> <span class='ocrx_word' id='word_1_232' title='bbox 1057 1195 1286 1233; x_wconf 90' lang='lat' dir='ltr'>vesperam:</span> <span class='ocrx_word' id='word_1_233' title='bbox 1317 1184 1372 1221; x_wconf 89' lang='lat' dir='ltr'>di·</span> <span class='ocrx_word' id='word_1_234' title='bbox 1397 1175 1399 1248; x_wconf 51' lang='lat' dir='ltr'>l</span> <span class='ocrx_word' id='word_1_235' title='bbox 1427 1183 1594 1220; x_wconf 78' lang='lat' dir='ltr'>ctionem</span> <span class='ocrx_word' id='word_1_236' title='bbox 1624 1182 1761 1220; x_wconf 87' lang='lat' dir='ltr'>sentiat</span> <span class='ocrx_word' id='word_1_237' title='bbox 1787 1195 1858 1232; x_wconf 93' lang='lat' dir='ltr'>pro</span> <span class='ocrx_word' id='word_1_238' title='bbox 1889 1185 2023 1233; x_wconf 90' lang='lat' dir='ltr'>culpae</span> <span class='ocrx_word' id='word_1_239' title='bbox 2053 1185 2328 1234; x_wconf 81' lang='lat' dir='ltr'>satisfactione,</span> <span class='ocrx_word' id='word_1_240' title='bbox 2361 1198 2503 1238; x_wconf 78' lang='lat' dir='ltr'>conve-</span> 
     </span>
     <span class='ocr_line' id='line_1_38' title="bbox 296 1234 2504 1290; baseline 0.001 -14"><span class='ocrx_word' id='word_1_241' title='bbox 296 1240 390 1276; x_wconf 90' lang='lat' dir='ltr'>citur</span> <span class='ocrx_word' id='word_1_242' title='bbox 419 1239 522 1276; x_wconf 90' lang='lat' dir='ltr'>enim</span> <span class='ocrx_word' id='word_1_243' title='bbox 540 1238 661 1276; x_wconf 78' lang='lat' dir='ltr'>Levit.</span> <span class='ocrx_word' id='word_1_244' title='bbox 681 1239 767 1275; x_wconf 76' lang='lat' dir='ltr'>&#39;xxm</span> <span class='ocrx_word' id='word_1_245' title='bbox 789 1239 825 1274; x_wconf 73' lang='grc' dir='ltr'>*ε</span> <span class='ocrx_word' id='word_1_246' title='bbox 856 1238 1064 1275; x_wconf 83' lang='lat' dir='ltr'>Sabbatum</span> <span class='ocrx_word' id='word_1_247' title='bbox 1088 1243 1162 1274; x_wconf 84' lang='lat' dir='ltr'>est:</span> <span class='ocrx_word' id='word_1_248' title='bbox 1191 1237 1373 1287; x_wconf 81' lang='lat' dir='ltr'>affligetis</span> <span class='ocrx_word' id='word_1_249' title='bbox 1397 1252 1399 1290; x_wconf 48' lang='grc' dir='ltr'><strong>ι</strong></span> <span class='ocrx_word' id='word_1_250' title='bbox 1426 1236 1535 1273; x_wconf 90' lang='lat' dir='ltr'>niens</span> <span class='ocrx_word' id='word_1_251' title='bbox 1562 1237 1659 1273; x_wconf 90' lang='lat' dir='ltr'>hora</span> <span class='ocrx_word' id='word_1_252' title='bbox 1688 1237 1918 1275; x_wconf 89' lang='lat' dir='ltr'>comedendi</span> <span class='ocrx_word' id='word_1_253' title='bbox 1946 1245 2094 1275; x_wconf 88' lang='lat' dir='ltr'>taxatur</span> <span class='ocrx_word' id='word_1_254' title='bbox 2121 1238 2377 1278; x_wconf 88' lang='lat' dir='ltr'>ieiunantibus</span> <span class='ocrx_word' id='word_1_255' title='bbox 2406 1234 2504 1279; x_wconf 87' lang='lat' dir='ltr'>circa</span> 
     </span>
    </p>
   </div>
   <div class='ocr_carea' id='block_1_23' title="bbox 293 1291 1372 2144">
    <p class='ocr_par' dir='ltr' id='par_1_23' title="bbox 295 1291 1372 1501">
     <span class='ocr_line' id='line_1_39' title="bbox 295 1291 1372 1341; baseline -0.003 -11"><span class='ocrx_word' id='word_1_256' title='bbox 295 1294 444 1330; x_wconf 81' lang='lat' dir='ltr'>animas</span> <span class='ocrx_word' id='word_1_257' title='bbox 471 1297 639 1336; x_wconf 77' lang='lat' dir='ltr'>vestras,·</span> <span class='ocrx_word' id='word_1_258' title='bbox 677 1300 713 1329; x_wconf 90' lang='lat' dir='ltr'>et</span> <span class='ocrx_word' id='word_1_259' title='bbox 747 1300 883 1341; x_wconf 89' lang='lat' dir='ltr'>postea</span> <span class='ocrx_word' id='word_1_260' title='bbox 920 1291 1110 1340; x_wconf 86' lang='lat' dir='ltr'>sequitur:</span> <span class='ocrx_word' id='word_1_261' title='bbox 1149 1292 1185 1327; x_wconf 83' lang='lat' dir='ltr'><strong><em>A</em></strong></span> <span class='ocrx_word' id='word_1_262' title='bbox 1216 1303 1372 1340; x_wconf 79' lang='lat' dir='ltr'>vespere</span> 
     </span>
     <span class='ocr_line' id='line_1_40' title="bbox 296 1345 1369 1396; baseline -0.003 -12"><span class='ocrx_word' id='word_1_263' title='bbox 296 1359 412 1396; x_wconf 85' lang='lat' dir='ltr'>usque</span> <span class='ocrx_word' id='word_1_264' title='bbox 449 1346 501 1383; x_wconf 86' lang='lat' dir='ltr'>ad</span> <span class='ocrx_word' id='word_1_265' title='bbox 533 1357 729 1394; x_wconf 80' lang='lat' dir='ltr'>vesperam</span> <span class='ocrx_word' id='word_1_266' title='bbox 769 1345 1002 1383; x_wconf 84' lang='lat' dir='ltr'>celebrabitis</span> <span class='ocrx_word' id='word_1_267' title='bbox 1037 1346 1195 1382; x_wconf 82' lang='lat' dir='ltr'>sabbata</span> <span class='ocrx_word' id='word_1_268' title='bbox 1231 1351 1369 1382; x_wconf 79' lang='lat' dir='ltr'>vestra.</span> 
     </span>
     <span class='ocr_line' id='line_1_41' title="bbox 296 1398 1368 1448; baseline -0.001 -11"><span class='ocrx_word' id='word_1_269' title='bbox 296 1401 397 1448; x_wconf 88' lang='lat' dir='ltr'>Ergo</span> <span class='ocrx_word' id='word_1_270' title='bbox 427 1400 549 1436; x_wconf 88' lang='lat' dir='ltr'>multo</span> <span class='ocrx_word' id='word_1_271' title='bbox 579 1399 698 1448; x_wconf 86' lang='lat' dir='ltr'>magis</span> <span class='ocrx_word' id='word_1_272' title='bbox 722 1399 760 1436; x_wconf 95' lang='lat' dir='ltr'>in</span> <span class='ocrx_word' id='word_1_273' title='bbox 780 1411 885 1437; x_wconf 84' lang='lat' dir='ltr'>novo</span> <span class='ocrx_word' id='word_1_274' title='bbox 906 1399 1158 1436; x_wconf 89' lang='lat' dir='ltr'>Testamento</span> <span class='ocrx_word' id='word_1_275' title='bbox 1183 1398 1368 1436; x_wconf 90' lang='lat' dir='ltr'>ieiunium</span> 
     </span>
     <span class='ocr_line' id='line_1_42' title="bbox 295 1453 1028 1501; baseline -0.003 -10"><span class='ocrx_word' id='word_1_276' title='bbox 295 1455 409 1491; x_wconf 85' lang='lat' dir='ltr'>debet</span> <span class='ocrx_word' id='word_1_277' title='bbox 437 1453 552 1491; x_wconf 90' lang='lat' dir='ltr'>indici</span> <span class='ocrx_word' id='word_1_278' title='bbox 580 1465 704 1501; x_wconf 89' lang='lat' dir='ltr'>usque</span> <span class='ocrx_word' id='word_1_279' title='bbox 734 1454 782 1491; x_wconf 89' lang='lat' dir='ltr'>ad</span> <span class='ocrx_word' id='word_1_280' title='bbox 810 1464 1028 1501; x_wconf 89' lang='lat' dir='ltr'>vesperam.</span> 
     </span>
    </p>

    <p class='ocr_par' dir='ltr' id='par_1_24' title="bbox 294 1505 1372 1759">
     <span class='ocr_line' id='line_1_43' title="bbox 349 1505 1369 1554; baseline -0.002 -10"><span class='ocrx_word' id='word_1_281' title='bbox 349 1520 384 1545; x_wconf 91' lang='lat'>2.</span> <span class='ocrx_word' id='word_1_282' title='bbox 413 1508 648 1554; x_wconf 74' lang='lat' dir='ltr'>PRAETEREA,</span> <span class='ocrx_word' id='word_1_283' title='bbox 670 1506 856 1544; x_wconf 89' lang='lat' dir='ltr'>ieiunium</span> <span class='ocrx_word' id='word_1_284' title='bbox 880 1507 928 1543; x_wconf 93' lang='lat' dir='ltr'>ab</span> <span class='ocrx_word' id='word_1_285' title='bbox 957 1505 1130 1543; x_wconf 89' lang='lat' dir='ltr'>Ecclesia</span> <span class='ocrx_word' id='word_1_286' title='bbox 1157 1505 1369 1543; x_wconf 86' lang='lat' dir='ltr'>institutum</span> 
     </span>
     <span class='ocr_line' id='line_1_44' title="bbox 295 1560 1372 1610; baseline -0.002 -12"><span class='ocrx_word' id='word_1_287' title='bbox 295 1561 476 1598; x_wconf 88' lang='lat' dir='ltr'>omnibus</span> <span class='ocrx_word' id='word_1_288' title='bbox 505 1560 728 1610; x_wconf 87' lang='lat' dir='ltr'>imponitur.</span> <span class='ocrx_word' id='word_1_289' title='bbox 760 1560 837 1597; x_wconf 89' lang='lat' dir='ltr'>Sed</span> <span class='ocrx_word' id='word_1_290' title='bbox 858 1572 936 1597; x_wconf 90' lang='lat' dir='ltr'>non</span> <span class='ocrx_word' id='word_1_291' title='bbox 957 1571 1092 1596; x_wconf 90' lang='lat' dir='ltr'>omnes</span> <span class='ocrx_word' id='word_1_292' title='bbox 1116 1568 1278 1608; x_wconf 90' lang='lat' dir='ltr'>possunt</span> <span class='ocrx_word' id='word_1_293' title='bbox 1308 1560 1372 1596; x_wconf 91' lang='lat' dir='ltr'>de-</span> 
     </span>
     <span class='ocr_line' id='line_1_45' title="bbox 294 1613 1370 1662; baseline -0.003 -10"><span class='ocrx_word' id='word_1_294' title='bbox 294 1615 494 1652; x_wconf 89' lang='lat' dir='ltr'>terminate</span> <span class='ocrx_word' id='word_1_295' title='bbox 523 1626 756 1662; x_wconf 87' lang='lat' dir='ltr'>cognoscere</span> <span class='ocrx_word' id='word_1_296' title='bbox 785 1615 922 1650; x_wconf 91' lang='lat' dir='ltr'>horam</span> <span class='ocrx_word' id='word_1_297' title='bbox 953 1624 1110 1650; x_wconf 92' lang='lat' dir='ltr'>nonam.</span> <span class='ocrx_word' id='word_1_298' title='bbox 1141 1613 1244 1661; x_wconf 88' lang='lat' dir='ltr'>Ergo</span> <span class='ocrx_word' id='word_1_299' title='bbox 1264 1613 1370 1650; x_wconf 87' lang='lat' dir='ltr'>vide-</span> 
     </span>
     <span class='ocr_line' id='line_1_46' title="bbox 294 1666 1372 1718; baseline -0.003 -12"><span class='ocrx_word' id='word_1_300' title='bbox 294 1677 354 1706; x_wconf 91' lang='lat' dir='ltr'>tur</span> <span class='ocrx_word' id='word_1_301' title='bbox 383 1668 487 1718; x_wconf 91' lang='lat' dir='ltr'>quod</span> <span class='ocrx_word' id='word_1_302' title='bbox 507 1667 646 1704; x_wconf 88' lang='lat' dir='ltr'>taxatio</span> <span class='ocrx_word' id='word_1_303' title='bbox 675 1669 794 1705; x_wconf 91' lang='lat' dir='ltr'>horae</span> <span class='ocrx_word' id='word_1_304' title='bbox 823 1679 949 1704; x_wconf 91' lang='lat' dir='ltr'>nonae</span> <span class='ocrx_word' id='word_1_305' title='bbox 970 1678 1049 1704; x_wconf 92' lang='lat' dir='ltr'>non</span> <span class='ocrx_word' id='word_1_306' title='bbox 1070 1666 1208 1703; x_wconf 89' lang='lat' dir='ltr'>debeat</span> <span class='ocrx_word' id='word_1_307' title='bbox 1236 1667 1372 1704; x_wconf 89' lang='lat' dir='ltr'>cadere</span> 
     </span>
     <span class='ocr_line' id='line_1_47' title="bbox 294 1721 702 1759; baseline -0.002 0"><span class='ocrx_word' id='word_1_308' title='bbox 294 1723 365 1759; x_wconf 84' lang='lat' dir='ltr'>sub</span> <span class='ocrx_word' id='word_1_309' title='bbox 395 1730 533 1759; x_wconf 89' lang='lat' dir='ltr'>statuto</span> <span class='ocrx_word' id='word_1_310' title='bbox 563 1721 702 1758; x_wconf 90' lang='lat' dir='ltr'>ieiunii.</span> 
     </span>
    </p>

    <p class='ocr_par' dir='ltr' id='par_1_25' title="bbox 293 1773 1372 2080">
     <span class='ocr_line' id='line_1_48' title="bbox 350 1773 1370 1821; baseline -0.003 -9"><span class='ocrx_word' id='word_1_311' title='bbox 350 1776 384 1813; x_wconf 87' lang='lat'>3.</span> <span class='ocrx_word' id='word_1_312' title='bbox 405 1776 648 1821; x_wconf 79' lang='lat' dir='ltr'>PRAETEREA,</span> <span class='ocrx_word' id='word_1_313' title='bbox 678 1773 862 1811; x_wconf 88' lang='lat' dir='ltr'>ieiunium</span> <span class='ocrx_word' id='word_1_314' title='bbox 893 1781 950 1810; x_wconf 91' lang='lat' dir='ltr'>est</span> <span class='ocrx_word' id='word_1_315' title='bbox 978 1781 1085 1810; x_wconf 91' lang='lat' dir='ltr'>actus</span> <span class='ocrx_word' id='word_1_316' title='bbox 1108 1773 1256 1810; x_wconf 88' lang='lat' dir='ltr'>virtutis</span> <span class='ocrx_word' id='word_1_317' title='bbox 1285 1774 1370 1810; x_wconf 90' lang='lat' dir='ltr'>abs-</span> 
     </span>
     <span class='ocr_line' id='line_1_49' title="bbox 294 1826 1371 1876; baseline -0.003 -11"><span class='ocrx_word' id='word_1_318' title='bbox 294 1829 484 1874; x_wconf 83' lang='lat' dir='ltr'>tinentiae,</span> <span class='ocrx_word' id='word_1_319' title='bbox 514 1835 556 1864; x_wconf 88' lang='lat' dir='ltr'>ut</span> <span class='ocrx_word' id='word_1_320' title='bbox 584 1840 700 1876; x_wconf 89' lang='lat' dir='ltr'>supra</span> <span class='ocrx_word' id='word_1_321' title='bbox 720 1827 740 1848; x_wconf 64' lang='lat'>²¹³</span> <span class='ocrx_word' id='word_1_322' title='bbox 769 1826 914 1864; x_wconf 91' lang='lat' dir='ltr'>dictum</span> <span class='ocrx_word' id='word_1_323' title='bbox 935 1834 1002 1863; x_wconf 90' lang='lat' dir='ltr'>est.</span> <span class='ocrx_word' id='word_1_324' title='bbox 1040 1827 1118 1863; x_wconf 90' lang='lat' dir='ltr'>Sed</span> <span class='ocrx_word' id='word_1_325' title='bbox 1136 1826 1258 1863; x_wconf 91' lang='lat' dir='ltr'>virtus</span> <span class='ocrx_word' id='word_1_326' title='bbox 1287 1838 1371 1863; x_wconf 88' lang='lat' dir='ltr'>mo-</span> 
     </span>
     <span class='ocr_line' id='line_1_50' title="bbox 294 1879 1370 1928; baseline -0.003 -9"><span class='ocrx_word' id='word_1_327' title='bbox 294 1882 380 1919; x_wconf 85' lang='lat' dir='ltr'>ralis</span> <span class='ocrx_word' id='word_1_328' title='bbox 419 1894 497 1918; x_wconf 92' lang='lat' dir='ltr'>non</span> <span class='ocrx_word' id='word_1_329' title='bbox 528 1882 667 1918; x_wconf 89' lang='lat' dir='ltr'>eodem</span> <span class='ocrx_word' id='word_1_330' title='bbox 703 1880 824 1918; x_wconf 91' lang='lat' dir='ltr'>modo</span> <span class='ocrx_word' id='word_1_331' title='bbox 862 1879 996 1928; x_wconf 89' lang='lat' dir='ltr'>accipit</span> <span class='ocrx_word' id='word_1_332' title='bbox 1034 1879 1207 1917; x_wconf 89' lang='lat' dir='ltr'>medium</span> <span class='ocrx_word' id='word_1_333' title='bbox 1241 1881 1370 1928; x_wconf 92' lang='lat' dir='ltr'>quoad</span> 
     </span>
     <span class='ocr_line' id='line_1_51' title="bbox 293 1933 1372 1984; baseline -0.002 -12"><span class='ocrx_word' id='word_1_334' title='bbox 293 1947 444 1972; x_wconf 89' lang='lat' dir='ltr'>omnes:</span> <span class='ocrx_word' id='word_1_335' title='bbox 475 1934 564 1983; x_wconf 88' lang='lat' dir='ltr'>quia</span> <span class='ocrx_word' id='word_1_336' title='bbox 593 1935 696 1984; x_wconf 87' lang='lat' dir='ltr'>quod</span> <span class='ocrx_word' id='word_1_337' title='bbox 714 1940 768 1971; x_wconf 85' lang='lat' dir='ltr'>est</span> <span class='ocrx_word' id='word_1_338' title='bbox 794 1933 955 1970; x_wconf 87' lang='lat' dir='ltr'>multum</span> <span class='ocrx_word' id='word_1_339' title='bbox 981 1934 1058 1980; x_wconf 86' lang='lat' dir='ltr'>uni,</span> <span class='ocrx_word' id='word_1_340' title='bbox 1079 1938 1134 1970; x_wconf 85' lang='lat' dir='ltr'>est</span> <span class='ocrx_word' id='word_1_341' title='bbox 1153 1945 1298 1982; x_wconf 85' lang='lat' dir='ltr'>parum</span> <span class='ocrx_word' id='word_1_342' title='bbox 1317 1933 1372 1970; x_wconf 87' lang='lat' dir='ltr'>al-</span> 
     </span>
     <span class='ocr_line' id='line_1_52' title="bbox 293 1986 1370 2036; baseline -0.002 -10"><span class='ocrx_word' id='word_1_343' title='bbox 293 1990 373 2036; x_wconf 86' lang='lat' dir='ltr'>teri,</span> <span class='ocrx_word' id='word_1_344' title='bbox 403 1997 443 2026; x_wconf 93' lang='lat' dir='ltr'>ut</span> <span class='ocrx_word' id='word_1_345' title='bbox 473 1988 608 2026; x_wconf 91' lang='lat' dir='ltr'>dicitur</span> <span class='ocrx_word' id='word_1_346' title='bbox 637 1988 675 2025; x_wconf 93' lang='lat' dir='ltr'>in</span> <span class='ocrx_word' id='word_1_347' title='bbox 704 1989 735 2024; x_wconf 93' lang='grc' dir='ltr'>ΙΙ</span> <span class='ocrx_word' id='word_1_348' title='bbox 762 1987 883 2025; x_wconf 87' lang='lat' dir='ltr'>Ethic.</span> <span class='ocrx_word' id='word_1_349' title='bbox 904 1986 924 2008; x_wconf 84' lang='lat'>*</span> <span class='ocrx_word' id='word_1_350' title='bbox 952 1987 1055 2036; x_wconf 89' lang='lat' dir='ltr'>Ergo</span> <span class='ocrx_word' id='word_1_351' title='bbox 1077 1999 1155 2025; x_wconf 93' lang='lat' dir='ltr'>non</span> <span class='ocrx_word' id='word_1_352' title='bbox 1177 1987 1291 2024; x_wconf 90' lang='lat' dir='ltr'>debet</span> <span class='ocrx_word' id='word_1_353' title='bbox 1319 1987 1370 2024; x_wconf 91' lang='lat' dir='ltr'>ie-</span> 
     </span>
     <span class='ocr_line' id='line_1_53' title="bbox 293 2042 930 2080; baseline -0.003 0"><span class='ocrx_word' id='word_1_354' title='bbox 293 2043 513 2080; x_wconf 88' lang='lat' dir='ltr'>iunantibus</span> <span class='ocrx_word' id='word_1_355' title='bbox 541 2042 660 2079; x_wconf 84' lang='lat' dir='ltr'>taxari</span> <span class='ocrx_word' id='word_1_356' title='bbox 688 2043 784 2079; x_wconf 91' lang='lat' dir='ltr'>hora</span> <span class='ocrx_word' id='word_1_357' title='bbox 814 2053 930 2078; x_wconf 91' lang='lat' dir='ltr'>nona.</span> 
     </span>
    </p>

    <p class='ocr_par' dir='ltr' id='par_1_26' title="bbox 348 2094 1370 2144">
     <span class='ocr_line' id='line_1_54' title="bbox 348 2094 1370 2144; baseline -0.001 -11"><span class='ocrx_word' id='word_1_358' title='bbox 348 2097 422 2134; x_wconf 88' lang='lat' dir='ltr'>SED</span> <span class='ocrx_word' id='word_1_359' title='bbox 443 2107 592 2133; x_wconf 82' lang='lat' dir='ltr'>CONTRA</span> <span class='ocrx_word' id='word_1_360' title='bbox 611 2107 678 2137; x_wconf 72' lang='lat' dir='ltr'>r-:sr</span> <span class='ocrx_word' id='word_1_361' title='bbox 697 2095 805 2144; x_wconf 92' lang='lat' dir='ltr'>quod</span> <span class='ocrx_word' id='word_1_362' title='bbox 825 2094 1044 2132; x_wconf 89' lang='lat' dir='ltr'>Concilium</span> <span class='ocrx_word' id='word_1_363' title='bbox 1065 2094 1337 2132; x_wconf 90' lang='lat' dir='ltr'>Cabillonense</span> <span class='ocrx_word' id='word_1_364' title='bbox 1354 2100 1370 2116; x_wconf 60' lang='grc' dir='ltr'>α</span> 
     </span>
    </p>
   </div>
   <div class='ocr_carea' id='block_1_24' title="bbox 294 2148 1399 2200">
    <p class='ocr_par' dir='ltr' id='par_1_27' title="bbox 294 2148 1399 2200">
     <span class='ocr_line' id='line_1_55' title="bbox 294 2148 1399 2200; baseline -0.004 -12"><span class='ocrx_word' id='word_1_365' title='bbox 294 2150 380 2189; x_wconf 89' lang='lat' dir='ltr'>dicit</span> <span class='ocrx_word' id='word_1_366' title='bbox 398 2150 437 2186; x_wconf 78' lang='lat' dir='ltr'>*t</span> <span class='ocrx_word' id='word_1_367' title='bbox 462 2150 508 2186; x_wconf 90' lang='lat' dir='ltr'>In</span> <span class='ocrx_word' id='word_1_368' title='bbox 530 2149 826 2200; x_wconf 82' lang='lat' dir='ltr'>quadragesima</span> <span class='ocrx_word' id='word_1_369' title='bbox 856 2148 1069 2185; x_wconf 76' lang='lat' dir='ltr'>nullatenus</span> <span class='ocrx_word' id='word_1_370' title='bbox 1092 2148 1270 2185; x_wconf 81' lang='lat' dir='ltr'>credendi</span> <span class='ocrx_word' id='word_1_371' title='bbox 1285 2154 1373 2185; x_wconf 84' lang='lat' dir='ltr'>sunt</span> <span class='ocrx_word' id='word_1_372' title='bbox 1397 2176 1399 2179; x_wconf 33' lang='lat' dir='ltr'>s</span> 
     </span>
    </p>
   </div>
   <div class='ocr_carea' id='block_1_25' title="bbox 293 2202 1373 2305">
    <p class='ocr_par' dir='ltr' id='par_1_28' title="bbox 293 2202 1373 2305">
     <span class='ocr_line' id='line_1_56' title="bbox 293 2202 1373 2252; baseline -0.003 -11"><span class='ocrx_word' id='word_1_373' title='bbox 293 2204 464 2241; x_wconf 86' lang='lat' dir='ltr'>ieiunare</span> <span class='ocrx_word' id='word_1_374' title='bbox 491 2203 558 2252; x_wconf 84' lang='lat' dir='ltr'>qui</span> <span class='ocrx_word' id='word_1_375' title='bbox 583 2209 671 2240; x_wconf 88' lang='lat' dir='ltr'>ante</span> <span class='ocrx_word' id='word_1_376' title='bbox 705 2202 1021 2239; x_wconf 75' lang='lat' dir='ltr'>manducaverint</span> <span class='ocrx_word' id='word_1_377' title='bbox 1053 2213 1169 2250; x_wconf 86' lang='lat' dir='ltr'>quam</span> <span class='ocrx_word' id='word_1_378' title='bbox 1197 2202 1373 2250; x_wconf 83' lang='lat' dir='ltr'>vesperti-</span> 
     </span>
     <span class='ocr_line' id='line_1_57' title="bbox 294 2255 1371 2305; baseline -0.002 -11"><span class='ocrx_word' id='word_1_379' title='bbox 294 2270 385 2294; x_wconf 90' lang='lat' dir='ltr'>num</span> <span class='ocrx_word' id='word_1_380' title='bbox 427 2257 635 2294; x_wconf 85' lang='lat' dir='ltr'>celebretur</span> <span class='ocrx_word' id='word_1_381' title='bbox 672 2256 863 2305; x_wconf 88' lang='lat' dir='ltr'>officium,</span> <span class='ocrx_word' id='word_1_382' title='bbox 907 2255 1013 2304; x_wconf 92' lang='lat' dir='ltr'>quod</span> <span class='ocrx_word' id='word_1_383' title='bbox 1050 2255 1371 2304; x_wconf 88' lang='lat' dir='ltr'>quadragesimali</span> 
     </span>
    </p>
   </div>
   <div class='ocr_carea' id='block_1_26' title="bbox 293 2308 1370 2359">
    <p class='ocr_par' dir='ltr' id='par_1_29' title="bbox 293 2300 1399 2359">
     <span class='ocr_line' id='line_1_58' title="bbox 293 2308 1370 2359; baseline -0.003 -11"><span class='ocrx_word' id='word_1_384' title='bbox 293 2320 468 2359; x_wconf 89' lang='lat' dir='ltr'>tempore</span> <span class='ocrx_word' id='word_1_385' title='bbox 488 2318 576 2359; x_wconf 91' lang='lat' dir='ltr'>post</span> <span class='ocrx_word' id='word_1_386' title='bbox 596 2322 740 2347; x_wconf 91' lang='lat' dir='ltr'>nonam</span> <span class='ocrx_word' id='word_1_387' title='bbox 770 2309 916 2347; x_wconf 90' lang='lat' dir='ltr'>dieitur.</span> <span class='ocrx_word' id='word_1_388' title='bbox 947 2309 1050 2357; x_wconf 87' lang='lat' dir='ltr'>Ergo</span> <span class='ocrx_word' id='word_1_389' title='bbox 1075 2320 1198 2358; x_wconf 91' lang='lat' dir='ltr'>usque</span> <span class='ocrx_word' id='word_1_390' title='bbox 1223 2308 1273 2346; x_wconf 87' lang='lat' dir='ltr'>ad</span> <span class='ocrx_word' id='word_1_391' title='bbox 1303 2321 1370 2346; x_wconf 88' lang='lat' dir='ltr'>no·</span> 
     </span>
    </p>
   </div>
   <div class='ocr_carea' id='block_1_27' title="bbox 294 2363 762 2402">
    <p class='ocr_par' dir='ltr' id='par_1_30' title="bbox 294 2363 762 2402">
     <span class='ocr_line' id='line_1_59' title="bbox 294 2363 762 2402; baseline -0.004 0"><span class='ocrx_word' id='word_1_392' title='bbox 294 2377 384 2402; x_wconf 89' lang='lat' dir='ltr'>nam</span> <span class='ocrx_word' id='word_1_393' title='bbox 416 2372 471 2401; x_wconf 87' lang='lat' dir='ltr'>est</span> <span class='ocrx_word' id='word_1_394' title='bbox 499 2363 762 2401; x_wconf 90' lang='lat' dir='ltr'>ieiunandum.</span> 
     </span>
    </p>
   </div>
   <div class='ocr_carea' id='block_1_28' title="bbox 348 2413 1398 2465">
    <p class='ocr_par' dir='ltr' id='par_1_31' title="bbox 348 2413 1398 2465">
     <span class='ocr_line' id='line_1_60' title="bbox 348 2413 1398 2465; baseline -0.003 -10"><span class='ocrx_word' id='word_1_395' title='bbox 348 2413 575 2455; x_wconf 63' lang='lat' dir='ltr'>Respounno</span> <span class='ocrx_word' id='word_1_396' title='bbox 604 2428 790 2454; x_wconf 57' lang='lat' dir='ltr'>montinum</span> <span class='ocrx_word' id='word_1_397' title='bbox 815 2416 933 2465; x_wconf 92' lang='lat' dir='ltr'>quod,</span> <span class='ocrx_word' id='word_1_398' title='bbox 963 2416 1059 2453; x_wconf 90' lang='lat' dir='ltr'>sicut</span> <span class='ocrx_word' id='word_1_399' title='bbox 1087 2415 1232 2452; x_wconf 90' lang='lat' dir='ltr'>dictum</span> <span class='ocrx_word' id='word_1_400' title='bbox 1263 2423 1319 2453; x_wconf 90' lang='lat' dir='ltr'>est</span> <span class='ocrx_word' id='word_1_401' title='bbox 1337 2415 1368 2462; x_wconf 80' lang='lat'>*,</span> <span class='ocrx_word' id='word_1_402' title='bbox 1396 2444 1398 2451; x_wconf 94' lang='lat'>.</span> 
     </span>
    </p>
   </div>
   <div class='ocr_carea' id='block_1_29' title="bbox 292 2469 1370 2723">
    <p class='ocr_par' dir='ltr' id='par_1_32' title="bbox 292 2469 1370 2723">
     <span class='ocr_line' id='line_1_61' title="bbox 294 2469 1368 2508; baseline -0.002 0"><span class='ocrx_word' id='word_1_403' title='bbox 294 2471 478 2508; x_wconf 88' lang='lat' dir='ltr'>ieiunium</span> <span class='ocrx_word' id='word_1_404' title='bbox 499 2470 696 2508; x_wconf 90' lang='lat' dir='ltr'>ordinatur</span> <span class='ocrx_word' id='word_1_405' title='bbox 716 2470 764 2508; x_wconf 90' lang='lat' dir='ltr'>ad</span> <span class='ocrx_word' id='word_1_406' title='bbox 786 2469 1016 2507; x_wconf 87' lang='lat' dir='ltr'>deletionem</span> <span class='ocrx_word' id='word_1_407' title='bbox 1039 2478 1074 2506; x_wconf 91' lang='lat' dir='ltr'>et</span> <span class='ocrx_word' id='word_1_408' title='bbox 1095 2469 1368 2506; x_wconf 89' lang='lat' dir='ltr'>cohibitionem</span> 
     </span>
     <span class='ocr_line' id='line_1_62' title="bbox 294 2522 1370 2574; baseline -0.002 -12"><span class='ocrx_word' id='word_1_409' title='bbox 294 2526 439 2574; x_wconf 89' lang='lat' dir='ltr'>culpae.</span> <span class='ocrx_word' id='word_1_410' title='bbox 479 2525 592 2562; x_wconf 88' lang='lat' dir='ltr'>Unde</span> <span class='ocrx_word' id='word_1_411' title='bbox 621 2531 773 2574; x_wconf 88' lang='lat' dir='ltr'>oportet</span> <span class='ocrx_word' id='word_1_412' title='bbox 801 2524 907 2572; x_wconf 90' lang='lat' dir='ltr'>quod</span> <span class='ocrx_word' id='word_1_413' title='bbox 937 2523 1080 2572; x_wconf 92' lang='lat' dir='ltr'>aliquid</span> <span class='ocrx_word' id='word_1_414' title='bbox 1109 2522 1226 2560; x_wconf 92' lang='lat' dir='ltr'>addat</span> <span class='ocrx_word' id='word_1_415' title='bbox 1254 2535 1370 2572; x_wconf 91' lang='lat' dir='ltr'>supra</span> 
     </span>
     <span class='ocr_line' id='line_1_63' title="bbox 294 2576 1370 2626; baseline -0.002 -10"><span class='ocrx_word' id='word_1_416' title='bbox 294 2591 545 2616; x_wconf 90' lang='lat' dir='ltr'>communem</span> <span class='ocrx_word' id='word_1_417' title='bbox 567 2577 905 2615; x_wconf 90' lang='lat' dir='ltr'>consuetudinem:</span> <span class='ocrx_word' id='word_1_418' title='bbox 936 2577 986 2614; x_wconf 88' lang='lat' dir='ltr'>ita</span> <span class='ocrx_word' id='word_1_419' title='bbox 1010 2585 1140 2614; x_wconf 89' lang='lat' dir='ltr'>tamen</span> <span class='ocrx_word' id='word_1_420' title='bbox 1165 2576 1272 2625; x_wconf 92' lang='lat' dir='ltr'>quod</span> <span class='ocrx_word' id='word_1_421' title='bbox 1301 2589 1370 2626; x_wconf 91' lang='lat' dir='ltr'>per</span> 
     </span>
     <span class='ocr_line' id='line_1_64' title="bbox 292 2630 1369 2679; baseline -0.002 -10"><span class='ocrx_word' id='word_1_422' title='bbox 292 2634 367 2669; x_wconf 93' lang='lat' dir='ltr'>hoc</span> <span class='ocrx_word' id='word_1_423' title='bbox 396 2645 474 2669; x_wconf 91' lang='lat' dir='ltr'>non</span> <span class='ocrx_word' id='word_1_424' title='bbox 495 2633 660 2669; x_wconf 89' lang='lat' dir='ltr'>multum</span> <span class='ocrx_word' id='word_1_425' title='bbox 681 2639 815 2668; x_wconf 91' lang='lat' dir='ltr'>natura</span> <span class='ocrx_word' id='word_1_426' title='bbox 834 2638 1026 2679; x_wconf 87' lang='lat' dir='ltr'>gravetur.</span> <span class='ocrx_word' id='word_1_427' title='bbox 1057 2631 1126 2667; x_wconf 91' lang='lat' dir='ltr'>Est</span> <span class='ocrx_word' id='word_1_428' title='bbox 1145 2637 1274 2668; x_wconf 92' lang='lat' dir='ltr'>autem</span> <span class='ocrx_word' id='word_1_429' title='bbox 1305 2630 1369 2668; x_wconf 93' lang='lat' dir='ltr'>de-</span> 
     </span>
     <span class='ocr_line' id='line_1_65' title="bbox 293 2684 1370 2723; baseline -0.002 0"><span class='ocrx_word' id='word_1_430' title='bbox 293 2686 368 2723; x_wconf 90' lang='lat' dir='ltr'>bita</span> <span class='ocrx_word' id='word_1_431' title='bbox 399 2695 434 2723; x_wconf 91' lang='lat' dir='ltr'>et</span> <span class='ocrx_word' id='word_1_432' title='bbox 463 2685 682 2723; x_wconf 87' lang='lat' dir='ltr'>communis</span> <span class='ocrx_word' id='word_1_433' title='bbox 712 2684 951 2722; x_wconf 90' lang='lat' dir='ltr'>consuetudo</span> <span class='ocrx_word' id='word_1_434' title='bbox 981 2684 1212 2722; x_wconf 89' lang='lat' dir='ltr'>comedendi</span> <span class='ocrx_word' id='word_1_435' title='bbox 1245 2684 1370 2721; x_wconf 86' lang='lat' dir='ltr'>homi-</span> 
     </span>
    </p>
   </div>
   <div class='ocr_carea' id='block_1_30' title="bbox 294 2737 1397 2791">
    <p class='ocr_par' dir='ltr' id='par_1_33' title="bbox 294 2737 1397 2791">
     <span class='ocr_line' id='line_1_66' title="bbox 294 2737 1397 2791; baseline -0.003 -14"><span class='ocrx_word' id='word_1_436' title='bbox 294 2740 405 2777; x_wconf 91' lang='lat' dir='ltr'>nibus</span> <span class='ocrx_word' id='word_1_437' title='bbox 426 2740 524 2777; x_wconf 89' lang='lat' dir='ltr'>circa</span> <span class='ocrx_word' id='word_1_438' title='bbox 543 2740 680 2776; x_wconf 89' lang='lat' dir='ltr'>horam</span> <span class='ocrx_word' id='word_1_439' title='bbox 709 2746 874 2776; x_wconf 88' lang='lat' dir='ltr'>sextam:</span> <span class='ocrx_word' id='word_1_440' title='bbox 905 2746 986 2775; x_wconf 88' lang='lat' dir='ltr'>turn</span> <span class='ocrx_word' id='word_1_441' title='bbox 1005 2737 1095 2788; x_wconf 84' lang='lat' dir='ltr'>quia</span> <span class='ocrx_word' id='word_1_442' title='bbox 1119 2737 1196 2775; x_wconf 89' lang='lat' dir='ltr'>iam</span> <span class='ocrx_word' id='word_1_443' title='bbox 1216 2737 1370 2775; x_wconf 89' lang='lat' dir='ltr'>videtur</span> <span class='ocrx_word' id='word_1_444' title='bbox 1395 2743 1397 2791; x_wconf 58' lang='lat' dir='ltr'>J</span> 
     </span>
    </p>
   </div>
   <div class='ocr_carea' id='block_1_31' title="bbox 293 2792 1369 2895">
    <p class='ocr_par' dir='ltr' id='par_1_34' title="bbox 293 2792 1369 2895">
     <span class='ocr_line' id='line_1_67' title="bbox 293 2792 1369 2842; baseline -0.003 -11"><span class='ocrx_word' id='word_1_445' title='bbox 293 2806 375 2831; x_wconf 86' lang='lat' dir='ltr'>esse</span> <span class='ocrx_word' id='word_1_446' title='bbox 406 2794 597 2842; x_wconf 90' lang='lat' dir='ltr'>completa</span> <span class='ocrx_word' id='word_1_447' title='bbox 626 2792 807 2841; x_wconf 85' lang='lat' dir='ltr'>digestio,</span> <span class='ocrx_word' id='word_1_448' title='bbox 838 2800 1027 2830; x_wconf 91' lang='lat' dir='ltr'>nocturno</span> <span class='ocrx_word' id='word_1_449' title='bbox 1057 2799 1232 2841; x_wconf 88' lang='lat' dir='ltr'>tempore</span> <span class='ocrx_word' id='word_1_450' title='bbox 1261 2799 1369 2829; x_wconf 86' lang='lat' dir='ltr'>natu-</span> 
     </span>
     <span class='ocr_line' id='line_1_68' title="bbox 293 2845 1368 2895; baseline -0.002 -11"><span class='ocrx_word' id='word_1_451' title='bbox 293 2847 358 2884; x_wconf 91' lang='lat' dir='ltr'>rali</span> <span class='ocrx_word' id='word_1_452' title='bbox 388 2848 515 2884; x_wconf 90' lang='lat' dir='ltr'>calore</span> <span class='ocrx_word' id='word_1_453' title='bbox 536 2847 691 2884; x_wconf 89' lang='lat' dir='ltr'>interius</span> <span class='ocrx_word' id='word_1_454' title='bbox 720 2854 902 2883; x_wconf 87' lang='lat' dir='ltr'>revocato</span> <span class='ocrx_word' id='word_1_455' title='bbox 923 2853 1080 2895; x_wconf 88' lang='lat' dir='ltr'>propter</span> <span class='ocrx_word' id='word_1_456' title='bbox 1109 2845 1224 2894; x_wconf 87' lang='lat' dir='ltr'>frigus</span> <span class='ocrx_word' id='word_1_457' title='bbox 1248 2845 1368 2882; x_wconf 89' lang='lat' dir='ltr'>noctis</span> 
     </span>
    </p>
   </div>
   <div class='ocr_carea' id='block_1_32' title="bbox 292 2898 1395 2948">
    <p class='ocr_par' dir='ltr' id='par_1_35' title="bbox 292 2898 1395 2948">
     <span class='ocr_line' id='line_1_69' title="bbox 292 2898 1395 2948; baseline -0.001 -11"><span class='ocrx_word' id='word_1_458' title='bbox 292 2900 564 2947; x_wconf 85' lang='lat' dir='ltr'>circumstans,</span> <span class='ocrx_word' id='word_1_459' title='bbox 596 2908 631 2937; x_wconf 90' lang='lat' dir='ltr'>et</span> <span class='ocrx_word' id='word_1_460' title='bbox 650 2898 666 2928; x_wconf 74' lang='grc' dir='ltr'><strong>β</strong></span> <span class='ocrx_word' id='word_1_461' title='bbox 694 2899 847 2937; x_wconf 83' lang='lat' dir='ltr'>diffusio</span> <span class='ocrx_word' id='word_1_462' title='bbox 877 2899 1053 2937; x_wconf 85' lang='lat' dir='ltr'>humoris</span> <span class='ocrx_word' id='word_1_463' title='bbox 1082 2911 1151 2948; x_wconf 90' lang='lat' dir='ltr'>per</span> <span class='ocrx_word' id='word_1_464' title='bbox 1178 2900 1367 2946; x_wconf 88' lang='lat' dir='ltr'>membra,</span> <span class='ocrx_word' id='word_1_465' title='bbox 1393 2929 1395 2940; x_wconf 40' lang='lat'>1</span> 
     </span>
    </p>
   </div>
   <div class='ocr_carea' id='block_1_33' title="bbox 344 3031 1396 3064">
    <p class='ocr_par' dir='ltr' id='par_1_36' title="bbox 344 3031 1396 3064">
     <span class='ocr_line' id='line_1_70' title="bbox 344 3031 1396 3064; baseline -0.002 -6"><span class='ocrx_word' id='word_1_466' title='bbox 344 3034 371 3064; x_wconf 77' lang='grc' dir='ltr'>α)</span> <span class='ocrx_word' id='word_1_467' title='bbox 388 3032 607 3058; x_wconf 80' lang='lat' dir='ltr'>Cabillonense.-</span> <span class='ocrx_word' id='word_1_468' title='bbox 624 3031 801 3057; x_wconf 79' lang='lat' dir='ltr'>Gadilonense</span> <span class='ocrx_word' id='word_1_469' title='bbox 813 3031 910 3064; x_wconf 78' lang='lat' dir='ltr'>AEpK,</span> <span class='ocrx_word' id='word_1_470' title='bbox 926 3032 1118 3057; x_wconf 78' lang='lat' dir='ltr'>Cardinolense</span> <span class='ocrx_word' id='word_1_471' title='bbox 1131 3033 1160 3062; x_wconf 82' lang='lat' dir='ltr'>L,</span> <span class='ocrx_word' id='word_1_472' title='bbox 1174 3031 1370 3058; x_wconf 77' lang='lat' dir='ltr'>Calcedonense</span> <span class='ocrx_word' id='word_1_473' title='bbox 1395 3058 1396 3062; x_wconf 45' lang='lat'>,</span> 
     </span>
    </p>
   </div>
   <div class='ocr_carea' id='block_1_34' title="bbox 290 3067 1144 3100">
    <p class='ocr_par' dir='ltr' id='par_1_37' title="bbox 290 3067 1144 3100">
     <span class='ocr_line' id='line_1_71' title="bbox 290 3067 1144 3100; baseline 0 -7"><span class='ocrx_word' id='word_1_474' title='bbox 290 3068 432 3093; x_wconf 75' lang='lat' dir='ltr'>PGHsF’IK</span> <span class='ocrx_word' id='word_1_475' title='bbox 451 3073 476 3093; x_wconf 89' lang='lat' dir='ltr'>et</span> <span class='ocrx_word' id='word_1_476' title='bbox 495 3075 520 3097; x_wconf 85' lang='lat' dir='ltr'>a,</span> <span class='ocrx_word' id='word_1_477' title='bbox 544 3067 698 3093; x_wconf 83' lang='lat' dir='ltr'>Calcidense</span> <span class='ocrx_word' id='word_1_478' title='bbox 717 3067 746 3096; x_wconf 86' lang='lat' dir='ltr'>C.</span> <span class='ocrx_word' id='word_1_479' title='bbox 766 3073 833 3099; x_wconf 82' lang='lat' dir='ltr'>spat.</span> <span class='ocrx_word' id='word_1_480' title='bbox 853 3075 908 3092; x_wconf 85' lang='lat' dir='ltr'>vac.</span> <span class='ocrx_word' id='word_1_481' title='bbox 927 3067 964 3100; x_wconf 81' lang='lat' dir='ltr'>pl,</span> <span class='ocrx_word' id='word_1_482' title='bbox 985 3068 1076 3092; x_wconf 79' lang='lat' dir='ltr'>abrasa</span> <span class='ocrx_word' id='word_1_483' title='bbox 1095 3068 1144 3100; x_wconf 88' lang='lat' dir='ltr'>pE.</span> 
     </span>
    </p>
   </div>
   <div class='ocr_carea' id='block_1_35' title="bbox 345 3091 1396 3137">
    <p class='ocr_par' dir='ltr' id='par_1_38' title="bbox 345 3091 1396 3137">
     <span class='ocr_line' id='line_1_72' title="bbox 345 3091 1396 3137; baseline 0 -9"><span class='ocrx_word' id='word_1_484' title='bbox 345 3103 370 3137; x_wconf 78' lang='grc' dir='ltr'>β)</span> <span class='ocrx_word' id='word_1_485' title='bbox 390 3107 424 3129; x_wconf 80' lang='lat' dir='ltr'>et.</span> <span class='ocrx_word' id='word_1_486' title='bbox 437 3117 456 3122; x_wconf 97' lang='lat'><strong>—</strong></span> <span class='ocrx_word' id='word_1_487' title='bbox 474 3103 536 3129; x_wconf 90' lang='lat' dir='ltr'>Om.</span> <span class='ocrx_word' id='word_1_488' title='bbox 555 3101 808 3136; x_wconf 75' lang='lat' dir='ltr'>BEFHILpACDK;</span> <span class='ocrx_word' id='word_1_489' title='bbox 829 3103 861 3128; x_wconf 85' lang='lat' dir='ltr'>ad</span> <span class='ocrx_word' id='word_1_490' title='bbox 876 3103 992 3137; x_wconf 61' lang='lat' dir='ltr'>diffusio,</span> <span class='ocrx_word' id='word_1_491' title='bbox 1012 3103 1054 3128; x_wconf 79' lang='lat' dir='ltr'>vel</span> <span class='ocrx_word' id='word_1_492' title='bbox 1071 3103 1214 3137; x_wconf 68' lang='lat' dir='ltr'>diffusa‘one</span> <span class='ocrx_word' id='word_1_493' title='bbox 1232 3111 1323 3135; x_wconf 84' lang='lat' dir='ltr'>margo</span> <span class='ocrx_word' id='word_1_494' title='bbox 1338 3103 1368 3128; x_wconf 88' lang='lat' dir='ltr'>C.</span> <span class='ocrx_word' id='word_1_495' title='bbox 1395 3091 1396 3096; x_wconf 30' lang='lat'>¹</span> 
     </span>
    </p>
   </div>
   <div class='ocr_carea' id='block_1_36' title="bbox 1397 1295 2505 1556">
    <p class='ocr_par' dir='ltr' id='par_1_39' title="bbox 1397 1295 1619 1339">
     <span class='ocr_line' id='line_1_73' title="bbox 1397 1295 1619 1339; baseline 0 -12"><span class='ocrx_word' id='word_1_496' title='bbox 1397 1295 1399 1339; x_wconf 54' lang='grc' dir='ltr'>ᾗ</span> <span class='ocrx_word' id='word_1_497' title='bbox 1425 1302 1572 1327; x_wconf 90' lang='lat' dir='ltr'>nonam</span> <span class='ocrx_word' id='word_1_498' title='bbox 1592 1295 1619 1327; x_wconf 75' lang='grc' dir='ltr'>Υ.</span> 
     </span>
    </p>

    <p class='ocr_par' dir='ltr' id='par_1_40' title="bbox 1425 1342 2505 1556">
     <span class='ocr_line' id='line_1_74' title="bbox 1480 1342 2504 1396; baseline 0.005 -16"><span class='ocrx_word' id='word_1_499' title='bbox 1480 1343 1674 1381; x_wconf 92' lang='lat' dir='ltr'>Convenit</span> <span class='ocrx_word' id='word_1_500' title='bbox 1709 1342 1824 1380; x_wconf 87' lang='lat' dir='ltr'>etiam</span> <span class='ocrx_word' id='word_1_501' title='bbox 1862 1343 1932 1381; x_wconf 90' lang='lat' dir='ltr'>ista</span> <span class='ocrx_word' id='word_1_502' title='bbox 1964 1345 2060 1381; x_wconf 91' lang='lat' dir='ltr'>hora</span> <span class='ocrx_word' id='word_1_503' title='bbox 2099 1346 2281 1394; x_wconf 89' lang='lat' dir='ltr'>mysterio</span> <span class='ocrx_word' id='word_1_504' title='bbox 2313 1347 2504 1396; x_wconf 87' lang='lat' dir='ltr'>passionis</span> 
     </span>
     <span class='ocr_line' id='line_1_75' title="bbox 1426 1397 2502 1450; baseline 0.005 -16"><span class='ocrx_word' id='word_1_505' title='bbox 1426 1397 1577 1443; x_wconf 90' lang='lat' dir='ltr'>Christi,</span> <span class='ocrx_word' id='word_1_506' title='bbox 1595 1409 1693 1446; x_wconf 92' lang='lat' dir='ltr'>quae</span> <span class='ocrx_word' id='word_1_507' title='bbox 1715 1398 1907 1447; x_wconf 90' lang='lat' dir='ltr'>completa</span> <span class='ocrx_word' id='word_1_508' title='bbox 1927 1397 1995 1435; x_wconf 85' lang='lat' dir='ltr'>fuit</span> <span class='ocrx_word' id='word_1_509' title='bbox 2013 1399 2109 1436; x_wconf 87' lang='lat' dir='ltr'>hora</span> <span class='ocrx_word' id='word_1_510' title='bbox 2129 1409 2233 1437; x_wconf 87' lang='lat' dir='ltr'>nona</span> <span class='ocrx_word' id='word_1_511' title='bbox 2252 1397 2265 1422; x_wconf 58' lang='grc' dir='ltr'><strong><em>Β</em></strong></span> <span class='ocrx_word' id='word_1_512' title='bbox 2278 1399 2310 1448; x_wconf 79' lang='grc'>*,</span> <span class='ocrx_word' id='word_1_513' title='bbox 2331 1401 2463 1450; x_wconf 87' lang='lat' dir='ltr'>quand</span> <span class='ocrx_word' id='word_1_514' title='bbox 2492 1430 2502 1449; x_wconf 96' lang='lat'>,</span> 
     </span>
     <span class='ocr_line' id='line_1_76' title="bbox 1425 1450 2462 1501; baseline 0.004 -13"><span class='ocrx_word' id='word_1_515' title='bbox 1425 1450 1604 1488; x_wconf 88' lang='lat' dir='ltr'>inclinato</span> <span class='ocrx_word' id='word_1_516' title='bbox 1646 1451 1779 1500; x_wconf 84' lang='lat' dir='ltr'>capite,</span> <span class='ocrx_word' id='word_1_517' title='bbox 1809 1451 1963 1488; x_wconf 84' lang='lat' dir='ltr'>tradidit</span> <span class='ocrx_word' id='word_1_518' title='bbox 2001 1452 2174 1501; x_wconf 80' lang='lat' dir='ltr'>spiritum</span> <span class='ocrx_word' id='word_1_519' title='bbox 2210 1452 2242 1490; x_wconf 69' lang='lat'>⁸.</span> <span class='ocrx_word' id='word_1_520' title='bbox 2287 1453 2462 1492; x_wconf 85' lang='lat' dir='ltr'>Ieiunant</span> 
     </span>
     <span class='ocr_line' id='line_1_77' title="bbox 1426 1502 2505 1556; baseline 0.006 -14"><span class='ocrx_word' id='word_1_521' title='bbox 1426 1505 1541 1552; x_wconf 85' lang='lat' dir='ltr'>enim,</span> <span class='ocrx_word' id='word_1_522' title='bbox 1563 1506 1656 1542; x_wconf 91' lang='lat' dir='ltr'>dum</span> <span class='ocrx_word' id='word_1_523' title='bbox 1685 1517 1796 1542; x_wconf 89' lang='lat' dir='ltr'>suam</span> <span class='ocrx_word' id='word_1_524' title='bbox 1818 1517 1973 1543; x_wconf 90' lang='lat' dir='ltr'>carnem</span> <span class='ocrx_word' id='word_1_525' title='bbox 1994 1505 2179 1554; x_wconf 88' lang='lat' dir='ltr'>affligunt,</span> <span class='ocrx_word' id='word_1_526' title='bbox 2203 1506 2374 1556; x_wconf 84' lang='lat' dir='ltr'>passioni</span> <span class='ocrx_word' id='word_1_527' title='bbox 2398 1502 2505 1552; x_wconf 73' lang='lat' dir='ltr'>Chri-</span> 
     </span>
    </p>
   </div>
   <div class='ocr_carea' id='block_1_37' title="bbox 1426 1558 2542 1606">
    <p class='ocr_par' dir='ltr' id='par_1_41' title="bbox 1426 1558 2542 1606">
     <span class='ocr_line' id='line_1_78' title="bbox 1426 1558 2542 1606; baseline 0.004 -11"><span class='ocrx_word' id='word_1_528' title='bbox 1426 1558 1471 1596; x_wconf 91' lang='lat' dir='ltr'>sti</span> <span class='ocrx_word' id='word_1_529' title='bbox 1492 1559 1802 1596; x_wconf 84' lang='lat' dir='ltr'>conformantur:</span> <span class='ocrx_word' id='word_1_530' title='bbox 1827 1559 2044 1596; x_wconf 86' lang='lat' dir='ltr'>secundum</span> <span class='ocrx_word' id='word_1_531' title='bbox 2062 1559 2154 1597; x_wconf 89' lang='lat' dir='ltr'>illud</span> <span class='ocrx_word' id='word_1_532' title='bbox 2177 1559 2302 1599; x_wconf 84' lang='lat' dir='ltr'>Galat.</span> <span class='ocrx_word' id='word_1_533' title='bbox 2323 1573 2347 1599; x_wconf 90' lang='lat' dir='ltr'>v</span> <span class='ocrx_word' id='word_1_534' title='bbox 2365 1561 2406 1599; x_wconf 71' lang='grc' dir='ltr'>*ε</span> <span class='ocrx_word' id='word_1_535' title='bbox 2431 1559 2507 1606; x_wconf 65' lang='lat' dir='ltr'>Qui</span> <span class='ocrx_word' id='word_1_536' title='bbox 2531 1572 2542 1583; x_wconf 89' lang='grc'><em>·</em></span> 
     </span>
    </p>
   </div>
   <div class='ocr_carea' id='block_1_38' title="bbox 1394 1613 2505 2948">
    <p class='ocr_par' dir='ltr' id='par_1_42' title="bbox 1425 1613 2504 1715">
     <span class='ocr_line' id='line_1_79' title="bbox 1430 1613 2504 1662; baseline 0.005 -13"><span class='ocrx_word' id='word_1_537' title='bbox 1430 1613 1571 1649; x_wconf 83' lang='lat' dir='ltr'>Christi</span> <span class='ocrx_word' id='word_1_538' title='bbox 1592 1618 1690 1658; x_wconf 85' lang='lat' dir='ltr'>sunt,</span> <span class='ocrx_word' id='word_1_539' title='bbox 1710 1624 1867 1649; x_wconf 88' lang='lat' dir='ltr'>carnem</span> <span class='ocrx_word' id='word_1_540' title='bbox 1890 1624 2001 1650; x_wconf 81' lang='lat' dir='ltr'>suam</span> <span class='ocrx_word' id='word_1_541' title='bbox 2027 1614 2312 1662; x_wconf 58' lang='lat' dir='ltr'>crucifixerunt,</span> <span class='ocrx_word' id='word_1_542' title='bbox 2334 1627 2421 1652; x_wconf 80' lang='lat' dir='ltr'>cum</span> <span class='ocrx_word' id='word_1_543' title='bbox 2448 1616 2504 1654; x_wconf 73' lang='grc' dir='ltr'>νί-</span> 
     </span>
     <span class='ocr_line' id='line_1_80' title="bbox 1425 1666 1893 1715; baseline 0.002 -13"><span class='ocrx_word' id='word_1_544' title='bbox 1425 1666 1484 1703; x_wconf 83' lang='lat' dir='ltr'>tiis</span> <span class='ocrx_word' id='word_1_545' title='bbox 1511 1672 1547 1703; x_wconf 91' lang='lat' dir='ltr'>et</span> <span class='ocrx_word' id='word_1_546' title='bbox 1574 1666 1893 1715; x_wconf 82' lang='lat' dir='ltr'>concupiscentiis.</span> 
     </span>
    </p>

    <p class='ocr_par' dir='ltr' id='par_1_43' title="bbox 1396 1719 2504 1822">
     <span class='ocr_line' id='line_1_81' title="bbox 1479 1719 2504 1768; baseline 0.003 -12"><span class='ocrx_word' id='word_1_547' title='bbox 1479 1721 1538 1756; x_wconf 84' lang='grc' dir='ltr'><strong>Αι)</strong></span> <span class='ocrx_word' id='word_1_548' title='bbox 1563 1731 1702 1757; x_wconf 60' lang='grc' dir='ltr'><strong>ΡιὶιΜυΜ</strong></span> <span class='ocrx_word' id='word_1_549' title='bbox 1731 1731 1831 1757; x_wconf 76' lang='lat' dir='ltr'>ano</span> <span class='ocrx_word' id='word_1_550' title='bbox 1859 1730 2046 1757; x_wconf 69' lang='lat' dir='ltr'>nicaunum</span> <span class='ocrx_word' id='word_1_551' title='bbox 2076 1719 2183 1768; x_wconf 91' lang='lat' dir='ltr'>quod</span> <span class='ocrx_word' id='word_1_552' title='bbox 2217 1728 2335 1758; x_wconf 89' lang='lat' dir='ltr'>status</span> <span class='ocrx_word' id='word_1_553' title='bbox 2363 1721 2504 1759; x_wconf 84' lang='lat' dir='ltr'>veteris</span> 
     </span>
     <span class='ocr_line' id='line_1_82' title="bbox 1396 1772 2503 1822; baseline 0.004 -13"><span class='ocrx_word' id='word_1_554' title='bbox 1396 1780 1399 1808; x_wconf 71' lang='grc' dir='ltr'><em>ε</em></span> <span class='ocrx_word' id='word_1_555' title='bbox 1426 1772 1667 1810; x_wconf 90' lang='lat' dir='ltr'>Testamenti</span> <span class='ocrx_word' id='word_1_556' title='bbox 1704 1780 1951 1822; x_wconf 88' lang='lat' dir='ltr'>comparatur</span> <span class='ocrx_word' id='word_1_557' title='bbox 1985 1773 2099 1821; x_wconf 91' lang='lat' dir='ltr'>noeti,</span> <span class='ocrx_word' id='word_1_558' title='bbox 2129 1780 2247 1812; x_wconf 90' lang='lat' dir='ltr'>status</span> <span class='ocrx_word' id='word_1_559' title='bbox 2275 1786 2371 1812; x_wconf 90' lang='lat' dir='ltr'>vero</span> <span class='ocrx_word' id='word_1_560' title='bbox 2410 1775 2503 1813; x_wconf 91' lang='lat' dir='ltr'>novi</span> 
     </span>
    </p>

    <p class='ocr_par' dir='ltr' id='par_1_44' title="bbox 1425 1825 2505 1867">
     <span class='ocr_line' id='line_1_83' title="bbox 1425 1825 2505 1867; baseline 0.005 -5"><span class='ocrx_word' id='word_1_561' title='bbox 1425 1826 1664 1863; x_wconf 88' lang='lat' dir='ltr'>Testamenti</span> <span class='ocrx_word' id='word_1_562' title='bbox 1685 1826 1778 1863; x_wconf 88' lang='lat' dir='ltr'>diei:</span> <span class='ocrx_word' id='word_1_563' title='bbox 1800 1825 2014 1864; x_wconf 89' lang='lat' dir='ltr'>secundum</span> <span class='ocrx_word' id='word_1_564' title='bbox 2034 1826 2125 1865; x_wconf 90' lang='lat' dir='ltr'>illud</span> <span class='ocrx_word' id='word_1_565' title='bbox 2143 1827 2258 1866; x_wconf 90' lang='lat' dir='ltr'>Rom.</span> <span class='ocrx_word' id='word_1_566' title='bbox 2273 1828 2386 1866; x_wconf 79' lang='lat' dir='ltr'>x111*:</span> <span class='ocrx_word' id='word_1_567' title='bbox 2406 1828 2505 1867; x_wconf 83' lang='lat' dir='ltr'>Nox</span> 
     </span>
    </p>

    <p class='ocr_par' dir='ltr' id='par_1_45' title="bbox 1396 1869 2503 2306">
     <span class='ocr_line' id='line_1_84' title="bbox 1397 1869 2503 1929; baseline 0.004 -14"><span class='ocrx_word' id='word_1_568' title='bbox 1397 1869 1399 1884; x_wconf 53' lang='lat'><em>¹</em></span> <span class='ocrx_word' id='word_1_569' title='bbox 1419 1880 1638 1928; x_wconf 84' lang='lat' dir='ltr'>praecessit,</span> <span class='ocrx_word' id='word_1_570' title='bbox 1657 1879 1736 1916; x_wconf 84' lang='lat' dir='ltr'>dies</span> <span class='ocrx_word' id='word_1_571' title='bbox 1763 1885 1890 1917; x_wconf 85' lang='lat' dir='ltr'>autem</span> <span class='ocrx_word' id='word_1_572' title='bbox 1917 1881 2248 1929; x_wconf 77' lang='lat' dir='ltr'>appropinquavit.</span> <span class='ocrx_word' id='word_1_573' title='bbox 2278 1882 2328 1919; x_wconf 87' lang='lat' dir='ltr'>Et</span> <span class='ocrx_word' id='word_1_574' title='bbox 2346 1881 2434 1919; x_wconf 90' lang='lat' dir='ltr'>ideo</span> <span class='ocrx_word' id='word_1_575' title='bbox 2464 1883 2503 1920; x_wconf 90' lang='lat' dir='ltr'>in</span> 
     </span>
     <span class='ocr_line' id='line_1_85' title="bbox 1423 1932 2501 1982; baseline 0.004 -12"><span class='ocrx_word' id='word_1_576' title='bbox 1423 1932 1545 1970; x_wconf 83' lang='lat' dir='ltr'>veteri</span> <span class='ocrx_word' id='word_1_577' title='bbox 1565 1933 1818 1970; x_wconf 85' lang='lat' dir='ltr'>Testamento</span> <span class='ocrx_word' id='word_1_578' title='bbox 1847 1932 2068 1970; x_wconf 86' lang='lat' dir='ltr'>ieiunabant</span> <span class='ocrx_word' id='word_1_579' title='bbox 2095 1945 2219 1982; x_wconf 91' lang='lat' dir='ltr'>usque</span> <span class='ocrx_word' id='word_1_580' title='bbox 2248 1934 2297 1972; x_wconf 84' lang='lat' dir='ltr'>ad</span> <span class='ocrx_word' id='word_1_581' title='bbox 2326 1943 2501 1974; x_wconf 86' lang='lat' dir='ltr'>noctem:</span> 
     </span>
     <span class='ocr_line' id='line_1_86' title="bbox 1425 1986 2164 2025; baseline 0 -1"><span class='ocrx_word' id='word_1_582' title='bbox 1425 1999 1505 2024; x_wconf 90' lang='lat' dir='ltr'>non</span> <span class='ocrx_word' id='word_1_583' title='bbox 1534 1994 1664 2024; x_wconf 88' lang='lat' dir='ltr'>autem</span> <span class='ocrx_word' id='word_1_584' title='bbox 1694 1986 1734 2024; x_wconf 91' lang='lat' dir='ltr'>in</span> <span class='ocrx_word' id='word_1_585' title='bbox 1761 1998 1867 2024; x_wconf 89' lang='lat' dir='ltr'>novo</span> <span class='ocrx_word' id='word_1_586' title='bbox 1897 1986 2164 2025; x_wconf 87' lang='lat' dir='ltr'>Testamento.</span> 
     </span>
     <span class='ocr_line' id='line_1_87' title="bbox 1396 2040 2503 2092; baseline 0.003 -15"><span class='ocrx_word' id='word_1_587' title='bbox 1396 2082 1398 2090; x_wconf 23' lang='grc' dir='ltr'><em>Α</em></span> <span class='ocrx_word' id='word_1_588' title='bbox 1479 2042 1539 2078; x_wconf 83' lang='grc' dir='ltr'><strong>Αι)</strong></span> <span class='ocrx_word' id='word_1_589' title='bbox 1558 2052 1751 2078; x_wconf 74' lang='lat' dir='ltr'>SECUNDUM</span> <span class='ocrx_word' id='word_1_590' title='bbox 1770 2051 1958 2078; x_wconf 69' lang='lat' dir='ltr'>met-:unum</span> <span class='ocrx_word' id='word_1_591' title='bbox 1978 2040 2084 2090; x_wconf 88' lang='lat' dir='ltr'>quod</span> <span class='ocrx_word' id='word_1_592' title='bbox 2103 2040 2152 2079; x_wconf 91' lang='lat' dir='ltr'>ad</span> <span class='ocrx_word' id='word_1_593' title='bbox 2171 2040 2358 2080; x_wconf 89' lang='lat' dir='ltr'>ieiunium</span> <span class='ocrx_word' id='word_1_594' title='bbox 2377 2041 2503 2092; x_wconf 88' lang='lat' dir='ltr'>requi-</span> 
     </span>
     <span class='ocr_line' id='line_1_88' title="bbox 1397 2093 2502 2148; baseline 0.004 -17"><span class='ocrx_word' id='word_1_595' title='bbox 1397 2117 1399 2148; x_wconf 61' lang='lat'><strong>5</strong></span> <span class='ocrx_word' id='word_1_596' title='bbox 1425 2094 1517 2132; x_wconf 88' lang='lat' dir='ltr'>ritur</span> <span class='ocrx_word' id='word_1_597' title='bbox 1545 2095 1641 2131; x_wconf 89' lang='lat' dir='ltr'>hora</span> <span class='ocrx_word' id='word_1_598' title='bbox 1680 2093 1931 2131; x_wconf 90' lang='lat' dir='ltr'>determinata</span> <span class='ocrx_word' id='word_1_599' title='bbox 1966 2106 2046 2132; x_wconf 90' lang='lat' dir='ltr'>non</span> <span class='ocrx_word' id='word_1_600' title='bbox 2075 2094 2288 2132; x_wconf 88' lang='lat' dir='ltr'>secundum</span> <span class='ocrx_word' id='word_1_601' title='bbox 2323 2095 2502 2135; x_wconf 81' lang='lat' dir='ltr'>subtilem</span> 
     </span>
     <span class='ocr_line' id='line_1_89' title="bbox 1426 2147 2503 2197; baseline 0.004 -13"><span class='ocrx_word' id='word_1_602' title='bbox 1426 2147 1762 2195; x_wconf 79' lang='lat' dir='ltr'>examinationem,</span> <span class='ocrx_word' id='word_1_603' title='bbox 1783 2148 1852 2185; x_wconf 90' lang='lat' dir='ltr'>sed</span> <span class='ocrx_word' id='word_1_604' title='bbox 1881 2147 2096 2185; x_wconf 87' lang='lat' dir='ltr'>secundum</span> <span class='ocrx_word' id='word_1_605' title='bbox 2125 2160 2298 2197; x_wconf 84' lang='lat' dir='ltr'>grossam</span> <span class='ocrx_word' id='word_1_606' title='bbox 2326 2149 2503 2188; x_wconf 78' lang='lat' dir='ltr'>aestima-</span> 
     </span>
     <span class='ocr_line' id='line_1_90' title="bbox 1398 2192 2502 2251; baseline 0.004 -13"><span class='ocrx_word' id='word_1_607' title='bbox 1398 2192 1399 2208; x_wconf 55' lang='lat'><em>*</em></span> <span class='ocrx_word' id='word_1_608' title='bbox 1425 2202 1590 2239; x_wconf 88' lang='lat' dir='ltr'>tionem:</span> <span class='ocrx_word' id='word_1_609' title='bbox 1612 2201 1752 2238; x_wconf 88' lang='lat' dir='ltr'>sufficit</span> <span class='ocrx_word' id='word_1_610' title='bbox 1767 2200 1869 2239; x_wconf 87' lang='lat' dir='ltr'>enirn</span> <span class='ocrx_word' id='word_1_611' title='bbox 1885 2201 1991 2251; x_wconf 87' lang='lat' dir='ltr'>quod</span> <span class='ocrx_word' id='word_1_612' title='bbox 2012 2201 2058 2239; x_wconf 92' lang='lat' dir='ltr'>sit</span> <span class='ocrx_word' id='word_1_613' title='bbox 2073 2201 2172 2239; x_wconf 88' lang='lat' dir='ltr'>circa</span> <span class='ocrx_word' id='word_1_614' title='bbox 2185 2202 2323 2240; x_wconf 88' lang='lat' dir='ltr'>horam</span> <span class='ocrx_word' id='word_1_615' title='bbox 2343 2213 2502 2242; x_wconf 83' lang='lat' dir='ltr'>nonam.</span> 
     </span>
     <span class='ocr_line' id='line_1_91' title="bbox 1425 2254 2397 2306; baseline 0.002 -14"><span class='ocrx_word' id='word_1_616' title='bbox 1425 2256 1475 2292; x_wconf 91' lang='lat' dir='ltr'>Et</span> <span class='ocrx_word' id='word_1_617' title='bbox 1502 2256 1578 2292; x_wconf 89' lang='lat' dir='ltr'>hoc</span> <span class='ocrx_word' id='word_1_618' title='bbox 1607 2255 1654 2292; x_wconf 87' lang='lat' dir='ltr'>de</span> <span class='ocrx_word' id='word_1_619' title='bbox 1685 2254 1781 2292; x_wconf 86' lang='lat' dir='ltr'>facili</span> <span class='ocrx_word' id='word_1_620' title='bbox 1810 2254 1968 2304; x_wconf 88' lang='lat' dir='ltr'>quilibet</span> <span class='ocrx_word' id='word_1_621' title='bbox 1997 2267 2231 2303; x_wconf 88' lang='lat' dir='ltr'>cognoscere</span> <span class='ocrx_word' id='word_1_622' title='bbox 2259 2263 2397 2306; x_wconf 90' lang='lat' dir='ltr'>potest.</span> 
     </span>
    </p>

    <p class='ocr_par' dir='ltr' id='par_1_46' title="bbox 1394 2308 2502 2948">
     <span class='ocr_line' id='line_1_92' title="bbox 1478 2308 2502 2359; baseline 0.004 -14"><span class='ocrx_word' id='word_1_623' title='bbox 1478 2310 1538 2346; x_wconf 81' lang='lat' dir='ltr'>An</span> <span class='ocrx_word' id='word_1_624' title='bbox 1557 2319 1721 2346; x_wconf 64' lang='lat' dir='ltr'>reanum</span> <span class='ocrx_word' id='word_1_625' title='bbox 1744 2319 1931 2346; x_wconf 81' lang='lat' dir='ltr'>D1CENDUM</span> <span class='ocrx_word' id='word_1_626' title='bbox 1960 2309 2066 2357; x_wconf 90' lang='lat' dir='ltr'>quod</span> <span class='ocrx_word' id='word_1_627' title='bbox 2093 2308 2293 2347; x_wconf 89' lang='lat' dir='ltr'>modicum</span> <span class='ocrx_word' id='word_1_628' title='bbox 2316 2321 2502 2359; x_wconf 84' lang='lat' dir='ltr'>augmen-</span> 
     </span>
     <span class='ocr_line' id='line_1_93' title="bbox 1425 2361 2501 2413; baseline 0.005 -15"><span class='ocrx_word' id='word_1_629' title='bbox 1425 2370 1519 2410; x_wconf 88' lang='lat' dir='ltr'>tum,</span> <span class='ocrx_word' id='word_1_630' title='bbox 1540 2362 1602 2399; x_wconf 91' lang='lat' dir='ltr'>vel</span> <span class='ocrx_word' id='word_1_631' title='bbox 1624 2362 1737 2398; x_wconf 90' lang='lat' dir='ltr'>etiam</span> <span class='ocrx_word' id='word_1_632' title='bbox 1759 2361 1936 2399; x_wconf 87' lang='lat' dir='ltr'>modicus</span> <span class='ocrx_word' id='word_1_633' title='bbox 1957 2362 2138 2411; x_wconf 91' lang='lat' dir='ltr'>defectus,</span> <span class='ocrx_word' id='word_1_634' title='bbox 2151 2375 2231 2400; x_wconf 92' lang='lat' dir='ltr'>non</span> <span class='ocrx_word' id='word_1_635' title='bbox 2246 2364 2412 2402; x_wconf 87' lang='lat' dir='ltr'>multum</span> <span class='ocrx_word' id='word_1_636' title='bbox 2432 2376 2501 2413; x_wconf 89' lang='lat' dir='ltr'>po—</span> 
     </span>
     <span class='ocr_line' id='line_1_94' title="bbox 1424 2415 2502 2467; baseline 0.001 -14"><span class='ocrx_word' id='word_1_637' title='bbox 1424 2423 1496 2453; x_wconf 90' lang='lat' dir='ltr'>test</span> <span class='ocrx_word' id='word_1_638' title='bbox 1529 2427 1681 2453; x_wconf 90' lang='lat' dir='ltr'>nocere.</span> <span class='ocrx_word' id='word_1_639' title='bbox 1721 2415 1812 2452; x_wconf 93' lang='lat' dir='ltr'>Non</span> <span class='ocrx_word' id='word_1_640' title='bbox 1846 2423 1902 2452; x_wconf 91' lang='lat' dir='ltr'>est</span> <span class='ocrx_word' id='word_1_641' title='bbox 1936 2423 2066 2453; x_wconf 88' lang='lat' dir='ltr'>autem</span> <span class='ocrx_word' id='word_1_642' title='bbox 2095 2428 2280 2464; x_wconf 88' lang='lat' dir='ltr'>magnum</span> <span class='ocrx_word' id='word_1_643' title='bbox 2318 2417 2502 2467; x_wconf 84' lang='lat' dir='ltr'>temporis</span> 
     </span>
     <span class='ocr_line' id='line_1_95' title="bbox 1424 2468 2501 2520; baseline 0.002 -14"><span class='ocrx_word' id='word_1_644' title='bbox 1424 2469 1588 2519; x_wconf 84' lang='lat' dir='ltr'>spatium</span> <span class='ocrx_word' id='word_1_645' title='bbox 1627 2468 1733 2518; x_wconf 93' lang='lat' dir='ltr'>quod</span> <span class='ocrx_word' id='word_1_646' title='bbox 1763 2477 1818 2506; x_wconf 90' lang='lat' dir='ltr'>est</span> <span class='ocrx_word' id='word_1_647' title='bbox 1848 2469 1896 2506; x_wconf 90' lang='lat' dir='ltr'>ab</span> <span class='ocrx_word' id='word_1_648' title='bbox 1933 2469 2030 2506; x_wconf 88' lang='lat' dir='ltr'>hora</span> <span class='ocrx_word' id='word_1_649' title='bbox 2065 2477 2188 2518; x_wconf 87' lang='lat' dir='ltr'>sexta,</span> <span class='ocrx_word' id='word_1_650' title='bbox 2218 2469 2256 2507; x_wconf 94' lang='lat' dir='ltr'>in</span> <span class='ocrx_word' id='word_1_651' title='bbox 2285 2481 2362 2520; x_wconf 87' lang='lat' dir='ltr'>qua</span> <span class='ocrx_word' id='word_1_652' title='bbox 2395 2482 2501 2508; x_wconf 87' lang='lat' dir='ltr'>com-</span> 
     </span>
     <span class='ocr_line' id='line_1_96' title="bbox 1423 2521 2500 2575; baseline 0.002 -15"><span class='ocrx_word' id='word_1_653' title='bbox 1423 2522 1589 2560; x_wconf 89' lang='lat' dir='ltr'>muniter</span> <span class='ocrx_word' id='word_1_654' title='bbox 1617 2521 1795 2560; x_wconf 90' lang='lat' dir='ltr'>homines</span> <span class='ocrx_word' id='word_1_655' title='bbox 1824 2521 2030 2560; x_wconf 87' lang='lat' dir='ltr'>comedere</span> <span class='ocrx_word' id='word_1_656' title='bbox 2059 2530 2356 2572; x_wconf 88' lang='lat' dir='ltr'>consueverunt,</span> <span class='ocrx_word' id='word_1_657' title='bbox 2377 2535 2500 2575; x_wconf 91' lang='lat' dir='ltr'>usque</span> 
     </span>
     <span class='ocr_line' id='line_1_97' title="bbox 1423 2575 2501 2625; baseline 0.001 -11"><span class='ocrx_word' id='word_1_658' title='bbox 1423 2577 1472 2614; x_wconf 93' lang='lat' dir='ltr'>ad</span> <span class='ocrx_word' id='word_1_659' title='bbox 1502 2578 1639 2614; x_wconf 90' lang='lat' dir='ltr'>horam</span> <span class='ocrx_word' id='word_1_660' title='bbox 1669 2588 1827 2623; x_wconf 89' lang='lat' dir='ltr'>nonam,</span> <span class='ocrx_word' id='word_1_661' title='bbox 1857 2588 1957 2625; x_wconf 89' lang='lat' dir='ltr'>quae</span> <span class='ocrx_word' id='word_1_662' title='bbox 1985 2575 2242 2615; x_wconf 87' lang='lat' dir='ltr'>ieiunantibus</span> <span class='ocrx_word' id='word_1_663' title='bbox 2271 2577 2501 2616; x_wconf 79' lang='lat' dir='ltr'>determina-</span> 
     </span>
     <span class='ocr_line' id='line_1_98' title="bbox 1423 2629 2501 2680; baseline 0.002 -12"><span class='ocrx_word' id='word_1_664' title='bbox 1423 2639 1494 2668; x_wconf 92' lang='lat' dir='ltr'>tur.</span> <span class='ocrx_word' id='word_1_665' title='bbox 1534 2631 1583 2667; x_wconf 86' lang='lat' dir='ltr'>Et</span> <span class='ocrx_word' id='word_1_666' title='bbox 1611 2629 1699 2667; x_wconf 89' lang='lat' dir='ltr'>ideo</span> <span class='ocrx_word' id='word_1_667' title='bbox 1728 2629 1811 2667; x_wconf 84' lang='lat' dir='ltr'>talis</span> <span class='ocrx_word' id='word_1_668' title='bbox 1840 2629 1981 2668; x_wconf 86' lang='lat' dir='ltr'>taxatio</span> <span class='ocrx_word' id='word_1_669' title='bbox 2015 2630 2200 2680; x_wconf 87' lang='lat' dir='ltr'>temporis</span> <span class='ocrx_word' id='word_1_670' title='bbox 2228 2642 2307 2668; x_wconf 89' lang='lat' dir='ltr'>non</span> <span class='ocrx_word' id='word_1_671' title='bbox 2335 2631 2501 2670; x_wconf 86' lang='lat' dir='ltr'>multum</span> 
     </span>
     <span class='ocr_line' id='line_1_99' title="bbox 1395 2683 2500 2738; baseline 0.002 -18"><span class='ocrx_word' id='word_1_672' title='bbox 1395 2687 1397 2738; x_wconf 28' lang='grc' dir='ltr'><strong><em>ἑ</em></strong></span> <span class='ocrx_word' id='word_1_673' title='bbox 1422 2691 1548 2733; x_wconf 90' lang='lat' dir='ltr'>potest</span> <span class='ocrx_word' id='word_1_674' title='bbox 1568 2683 1678 2720; x_wconf 89' lang='lat' dir='ltr'>alicui</span> <span class='ocrx_word' id='word_1_675' title='bbox 1699 2695 1852 2730; x_wconf 88' lang='lat' dir='ltr'>nocere,</span> <span class='ocrx_word' id='word_1_676' title='bbox 1873 2683 2152 2734; x_wconf 88' lang='lat' dir='ltr'>cuiuscumque</span> <span class='ocrx_word' id='word_1_677' title='bbox 2175 2683 2404 2722; x_wconf 89' lang='lat' dir='ltr'>conditionis</span> <span class='ocrx_word' id='word_1_678' title='bbox 2423 2684 2500 2722; x_wconf 85' lang='lat' dir='ltr'>exi·</span> 
     </span>
     <span class='ocr_line' id='line_1_100' title="bbox 1422 2737 2499 2787; baseline 0.002 -13"><span class='ocrx_word' id='word_1_679' title='bbox 1422 2746 1505 2775; x_wconf 88' lang='lat' dir='ltr'>stat.</span> <span class='ocrx_word' id='word_1_680' title='bbox 1521 2737 1605 2785; x_wconf 89' lang='lat' dir='ltr'>Vel,</span> <span class='ocrx_word' id='word_1_681' title='bbox 1627 2737 1658 2774; x_wconf 91' lang='lat' dir='ltr'>si</span> <span class='ocrx_word' id='word_1_682' title='bbox 1678 2737 1773 2774; x_wconf 85' lang='lat' dir='ltr'>forte</span> <span class='ocrx_word' id='word_1_683' title='bbox 1794 2745 1952 2787; x_wconf 87' lang='lat' dir='ltr'>propter</span> <span class='ocrx_word' id='word_1_684' title='bbox 1970 2737 2231 2776; x_wconf 85' lang='lat' dir='ltr'>infirmitatem</span> <span class='ocrx_word' id='word_1_685' title='bbox 2251 2738 2315 2776; x_wconf 84' lang='lat' dir='ltr'>vel</span> <span class='ocrx_word' id='word_1_686' title='bbox 2334 2745 2499 2777; x_wconf 84' lang='lat' dir='ltr'>aetatem</span> 
     </span>
     <span class='ocr_line' id='line_1_101' title="bbox 1422 2790 2500 2841; baseline 0.002 -13"><span class='ocrx_word' id='word_1_687' title='bbox 1422 2799 1487 2829; x_wconf 92' lang='lat' dir='ltr'>aut</span> <span class='ocrx_word' id='word_1_688' title='bbox 1515 2790 1659 2841; x_wconf 90' lang='lat' dir='ltr'>aliquid</span> <span class='ocrx_word' id='word_1_689' title='bbox 1687 2790 1919 2839; x_wconf 88' lang='lat' dir='ltr'>huiusmodi,</span> <span class='ocrx_word' id='word_1_690' title='bbox 1948 2791 2024 2829; x_wconf 89' lang='lat' dir='ltr'>hoc</span> <span class='ocrx_word' id='word_1_691' title='bbox 2054 2790 2107 2829; x_wconf 92' lang='lat' dir='ltr'>eis</span> <span class='ocrx_word' id='word_1_692' title='bbox 2135 2791 2174 2829; x_wconf 92' lang='lat' dir='ltr'>in</span> <span class='ocrx_word' id='word_1_693' title='bbox 2203 2803 2387 2840; x_wconf 83' lang='lat' dir='ltr'>magnum</span> <span class='ocrx_word' id='word_1_694' title='bbox 2417 2803 2500 2841; x_wconf 85' lang='lat' dir='ltr'>gra-</span> 
     </span>
     <span class='ocr_line' id='line_1_102' title="bbox 1394 2844 2499 2895; baseline 0.002 -13"><span class='ocrx_word' id='word_1_695' title='bbox 1394 2844 1396 2864; x_wconf 76' lang='lat'><em>‘</em></span> <span class='ocrx_word' id='word_1_696' title='bbox 1419 2857 1563 2883; x_wconf 88' lang='lat' dir='ltr'>varnen</span> <span class='ocrx_word' id='word_1_697' title='bbox 1594 2844 1757 2892; x_wconf 87' lang='lat' dir='ltr'>cederet,</span> <span class='ocrx_word' id='word_1_698' title='bbox 1780 2853 1879 2882; x_wconf 89' lang='lat' dir='ltr'>esset</span> <span class='ocrx_word' id='word_1_699' title='bbox 1908 2857 1996 2882; x_wconf 91' lang='lat' dir='ltr'>curn</span> <span class='ocrx_word' id='word_1_700' title='bbox 2027 2844 2080 2882; x_wconf 87' lang='lat' dir='ltr'>eis</span> <span class='ocrx_word' id='word_1_701' title='bbox 2108 2845 2146 2882; x_wconf 92' lang='lat' dir='ltr'>in</span> <span class='ocrx_word' id='word_1_702' title='bbox 2175 2844 2317 2883; x_wconf 89' lang='lat' dir='ltr'>ieiunio</span> <span class='ocrx_word' id='word_1_703' title='bbox 2347 2845 2499 2895; x_wconf 86' lang='lat' dir='ltr'>dispen-</span> 
     </span>
     <span class='ocr_line' id='line_1_103' title="bbox 1422 2898 2496 2948; baseline 0.001 -13"><span class='ocrx_word' id='word_1_704' title='bbox 1422 2899 1600 2945; x_wconf 81' lang='lat' dir='ltr'>sandum,</span> <span class='ocrx_word' id='word_1_705' title='bbox 1622 2899 1683 2936; x_wconf 90' lang='lat' dir='ltr'>vel</span> <span class='ocrx_word' id='word_1_706' title='bbox 1703 2906 1744 2935; x_wconf 92' lang='lat' dir='ltr'>ut</span> <span class='ocrx_word' id='word_1_707' title='bbox 1762 2898 2041 2948; x_wconf 90' lang='lat' dir='ltr'>aliquantulum</span> <span class='ocrx_word' id='word_1_708' title='bbox 2062 2898 2328 2948; x_wconf 87' lang='lat' dir='ltr'>praevenirent</span> <span class='ocrx_word' id='word_1_709' title='bbox 2346 2899 2496 2938; x_wconf 87' lang='lat' dir='ltr'>horam.</span> 
     </span>
    </p>
   </div>
   <div class='ocr_carea' id='block_1_39' title="bbox 1638 2989 1787 2992">
    <p class='ocr_par' dir='ltr' id='par_1_47' title="bbox 1638 2989 1787 2992">
     <span class='ocr_line' id='line_1_104' title="bbox 1638 2989 1787 2992; baseline 0 0"><span class='ocrx_word' id='word_1_710' title='bbox 1638 2989 1787 2992; x_wconf 95' lang='lat' dir='ltr'> </span> 
     </span>
    </p>
   </div>
   <div class='ocr_carea' id='block_1_40' title="bbox 1476 3031 2316 3101">
    <p class='ocr_par' dir='ltr' id='par_1_48' title="bbox 1476 3031 2316 3101">
     <span class='ocr_line' id='line_1_105' title="bbox 1476 3031 1966 3065; baseline 0 -9"><span class='ocrx_word' id='word_1_711' title='bbox 1476 3032 1502 3065; x_wconf 87' lang='grc' dir='ltr'>γ)</span> <span class='ocrx_word' id='word_1_712' title='bbox 1523 3039 1632 3058; x_wconf 80' lang='lat' dir='ltr'>nonam.</span> <span class='ocrx_word' id='word_1_713' title='bbox 1644 3045 1663 3050; x_wconf 97' lang='lat'>-</span> <span class='ocrx_word' id='word_1_714' title='bbox 1680 3031 1776 3056; x_wconf 82' lang='lat' dir='ltr'>horam</span> <span class='ocrx_word' id='word_1_715' title='bbox 1796 3038 1895 3057; x_wconf 78' lang='lat' dir='ltr'>nonam</span> <span class='ocrx_word' id='word_1_716' title='bbox 1916 3031 1966 3057; x_wconf 81' lang='lat' dir='ltr'>PC.</span> 
     </span>
     <span class='ocr_line' id='line_1_106' title="bbox 1476 3065 2316 3101; baseline 0.001 -10"><span class='ocrx_word' id='word_1_717' title='bbox 1476 3065 1501 3101; x_wconf 80' lang='grc' dir='ltr'>δ)</span> <span class='ocrx_word' id='word_1_718' title='bbox 1522 3075 1603 3093; x_wconf 80' lang='lat' dir='ltr'>nona.</span> <span class='ocrx_word' id='word_1_719' title='bbox 1615 3081 1634 3088; x_wconf 94' lang='lat'>-</span> <span class='ocrx_word' id='word_1_720' title='bbox 1653 3067 1705 3092; x_wconf 82' lang='lat' dir='ltr'>ista</span> <span class='ocrx_word' id='word_1_721' title='bbox 1726 3066 1754 3098; x_wconf 86' lang='lat' dir='ltr'>E,</span> <span class='ocrx_word' id='word_1_722' title='bbox 1775 3075 1830 3093; x_wconf 89' lang='lat' dir='ltr'>om.</span> <span class='ocrx_word' id='word_1_723' title='bbox 1848 3066 1994 3100; x_wconf 80' lang='lat' dir='ltr'>BFLpAC;</span> <span class='ocrx_word' id='word_1_724' title='bbox 2013 3066 2082 3093; x_wconf 76' lang='lat' dir='ltr'>hora</span> <span class='ocrx_word' id='word_1_725' title='bbox 2101 3073 2172 3093; x_wconf 77' lang='lat' dir='ltr'>nona</span> <span class='ocrx_word' id='word_1_726' title='bbox 2191 3074 2245 3092; x_wconf 88' lang='lat' dir='ltr'>om.</span> <span class='ocrx_word' id='word_1_727' title='bbox 2264 3066 2316 3101; x_wconf 72' lang='lat' dir='ltr'>px.</span> 
     </span>
    </p>
   </div>
   <div class='ocr_carea' id='block_1_41' title="bbox 1395 1670 1400 3090">
    <p class='ocr_par' dir='ltr' id='par_1_49' title="bbox 1395 1670 1400 3090">
     <span class='ocr_line' id='line_1_107' title="bbox 1395 1670 1400 3090; baseline 0 0"><span class='ocrx_word' id='word_1_728' title='bbox 1395 1670 1400 3090; x_wconf 95' lang='lat' dir='ltr'> </span> 
     </span>
    </p>
   </div>
   <div class='ocr_carea' id='block_1_42' title="bbox 1394 3099 1396 3135">
    <p class='ocr_par' dir='ltr' id='par_1_50' title="bbox 1394 3099 1396 3135">
     <span class='ocr_line' id='line_1_108' title="bbox 1395 3099 1396 3107; baseline 0 0"><span class='ocrx_word' id='word_1_729' title='bbox 1395 3099 1396 3107; x_wconf 66' lang='grc' dir='ltr'><strong>ι</strong></span> 
     </span>
     <span class='ocr_line' id='line_1_109' title="bbox 1394 3120 1396 3135; baseline 0 0"><span class='ocrx_word' id='word_1_730' title='bbox 1394 3120 1396 3135; x_wconf 73' lang='grc'><strong>4</strong></span> 
     </span>
    </p>
   </div>
   <div class='ocr_carea' id='block_1_43' title="bbox 973 3183 1816 3218">
    <p class='ocr_par' dir='ltr' id='par_1_51' title="bbox 973 3183 1816 3218">
     <span class='ocr_line' id='line_1_110' title="bbox 973 3183 1816 3218; baseline -0.002 0"><span class='ocrx_word' id='word_1_731' title='bbox 973 3183 1310 3218; x_wconf 75' lang='lat' dir='ltr'>commentaria</span> <span class='ocrx_word' id='word_1_732' title='bbox 1333 3184 1588 3218; x_wconf 76' lang='lat' dir='ltr'>Cardinalis</span> <span class='ocrx_word' id='word_1_733' title='bbox 1611 3183 1816 3218; x_wconf 72' lang='lat' dir='ltr'>Caietam</span> 
     </span>
    </p>
   </div>
   <div class='ocr_carea' id='block_1_44' title="bbox 295 3263 1363 3338">
    <p class='ocr_par' dir='ltr' id='par_1_52' title="bbox 295 3263 1363 3338">
     <span class='ocr_line' id='line_1_111' title="bbox 295 3263 1363 3337; baseline 0.001 -43"><span class='ocrx_word' id='word_1_734' title='bbox 295 3273 341 3337; x_wconf 50' lang='lat' dir='ltr'>l?</span> <span class='ocrx_word' id='word_1_735' title='bbox 357 3263 497 3314; x_wconf 35' lang='lat' dir='ltr'>’articulo</span> <span class='ocrx_word' id='word_1_736' title='bbox 528 3263 665 3304; x_wconf 83' lang='lat' dir='ltr'>septimo</span> <span class='ocrx_word' id='word_1_737' title='bbox 695 3264 831 3294; x_wconf 88' lang='lat' dir='ltr'>dubium</span> <span class='ocrx_word' id='word_1_738' title='bbox 860 3274 897 3295; x_wconf 83' lang='lat' dir='ltr'>ex</span> <span class='ocrx_word' id='word_1_739' title='bbox 920 3264 1074 3301; x_wconf 84' lang='lat' dir='ltr'>Martino,</span> <span class='ocrx_word' id='word_1_740' title='bbox 1100 3264 1132 3295; x_wconf 93' lang='lat' dir='ltr'>in</span> <span class='ocrx_word' id='word_1_741' title='bbox 1157 3274 1211 3306; x_wconf 90' lang='lat' dir='ltr'>qu.</span> <span class='ocrx_word' id='word_1_742' title='bbox 1232 3275 1265 3295; x_wconf 85' lang='grc' dir='ltr'>ιιι</span> <span class='ocrx_word' id='word_1_743' title='bbox 1283 3264 1302 3284; x_wconf 79' lang='lat'>&#39;⁴‘</span> <span class='ocrx_word' id='word_1_744' title='bbox 1324 3265 1363 3295; x_wconf 89' lang='lat' dir='ltr'>de</span> 
     </span>
     <span class='ocr_line' id='line_1_112' title="bbox 339 3318 365 3338; baseline -0.038 0"><span class='ocrx_word' id='word_1_745' title='bbox 339 3318 365 3338; x_wconf 78' lang='lat' dir='ltr'>ei</span> 
     </span>
    </p>
   </div>
   <div class='ocr_carea' id='block_1_45' title="bbox 293 3308 1391 3393">
    <p class='ocr_par' dir='ltr' id='par_1_53' title="bbox 293 3308 1391 3393">
     <span class='ocr_line' id='line_1_113' title="bbox 370 3308 1391 3350; baseline 0.002 -12"><span class='ocrx_word' id='word_1_746' title='bbox 370 3308 462 3344; x_wconf 85' lang='lat' dir='ltr'>unio,</span> <span class='ocrx_word' id='word_1_747' title='bbox 488 3308 640 3345; x_wconf 89' lang='lat' dir='ltr'>occurrit,</span> <span class='ocrx_word' id='word_1_748' title='bbox 665 3315 775 3339; x_wconf 86' lang='lat' dir='ltr'>contra</span> <span class='ocrx_word' id='word_1_749' title='bbox 804 3308 992 3349; x_wconf 89' lang='lat' dir='ltr'>opinionem</span> <span class='ocrx_word' id='word_1_750' title='bbox 1017 3309 1167 3340; x_wconf 81' lang='lat' dir='ltr'>Auctoris</span> <span class='ocrx_word' id='word_1_751' title='bbox 1196 3316 1362 3350; x_wconf 84' lang='lat' dir='ltr'>arguente,</span> <span class='ocrx_word' id='word_1_752' title='bbox 1390 3341 1391 3347; x_wconf 20' lang='lat'>¹</span> 
     </span>
     <span class='ocr_line' id='line_1_114' title="bbox 293 3351 1391 3393; baseline 0.004 -12"><span class='ocrx_word' id='word_1_753' title='bbox 293 3351 367 3393; x_wconf 81' lang='lat' dir='ltr'>quia</span> <span class='ocrx_word' id='word_1_754' title='bbox 398 3352 544 3383; x_wconf 83' lang='lat' dir='ltr'>homines</span> <span class='ocrx_word' id='word_1_755' title='bbox 578 3353 791 3384; x_wconf 87' lang='lat' dir='ltr'>communiter</span> <span class='ocrx_word' id='word_1_756' title='bbox 823 3360 1058 3384; x_wconf 81' lang='lat' dir='ltr'>consueverunt</span> <span class='ocrx_word' id='word_1_757' title='bbox 1088 3354 1255 3385; x_wconf 88' lang='lat' dir='ltr'>comedere</span> <span class='ocrx_word' id='word_1_758' title='bbox 1285 3354 1364 3385; x_wconf 85' lang='lat' dir='ltr'>hora</span> <span class='ocrx_word' id='word_1_759' title='bbox 1390 3353 1391 3368; x_wconf 69' lang='lat'>³</span> 
     </span>
    </p>
   </div>
   <div class='ocr_carea' id='block_1_46' title="bbox 293 3396 1365 3528">
    <p class='ocr_par' dir='ltr' id='par_1_54' title="bbox 293 3396 1365 3528">
     <span class='ocr_line' id='line_1_115' title="bbox 293 3396 1364 3437; baseline 0.004 -12"><span class='ocrx_word' id='word_1_760' title='bbox 293 3396 396 3426; x_wconf 87' lang='lat' dir='ltr'>tertia:</span> <span class='ocrx_word' id='word_1_761' title='bbox 421 3406 456 3427; x_wconf 88' lang='lat' dir='ltr'>ac</span> <span class='ocrx_word' id='word_1_762' title='bbox 481 3407 535 3437; x_wconf 89' lang='lat' dir='ltr'>per</span> <span class='ocrx_word' id='word_1_763' title='bbox 558 3397 630 3434; x_wconf 84' lang='lat' dir='ltr'>hoc,</span> <span class='ocrx_word' id='word_1_764' title='bbox 655 3398 732 3428; x_wconf 85' lang='lat' dir='ltr'>hora</span> <span class='ocrx_word' id='word_1_765' title='bbox 757 3405 841 3429; x_wconf 84' lang='lat' dir='ltr'>sexta</span> <span class='ocrx_word' id='word_1_766' title='bbox 866 3398 958 3429; x_wconf 88' lang='lat' dir='ltr'>debet</span> <span class='ocrx_word' id='word_1_767' title='bbox 982 3408 1048 3429; x_wconf 81' lang='lat' dir='ltr'>esse</span> <span class='ocrx_word' id='word_1_768' title='bbox 1073 3398 1151 3429; x_wconf 83' lang='lat' dir='ltr'>hora</span> <span class='ocrx_word' id='word_1_769' title='bbox 1175 3399 1364 3430; x_wconf 85' lang='lat' dir='ltr'>comedendi</span> 
     </span>
     <span class='ocr_line' id='line_1_116' title="bbox 293 3440 518 3472; baseline 0.009 -2"><span class='ocrx_word' id='word_1_770' title='bbox 293 3440 518 3472; x_wconf 80' lang='lat' dir='ltr'>ieiunantibus.</span> 
     </span>
     <span class='ocr_line' id='line_1_117' title="bbox 338 3484 1365 3528; baseline 0.004 -14"><span class='ocrx_word' id='word_1_771' title='bbox 338 3484 483 3515; x_wconf 85' lang='lat' dir='ltr'>Dubium</span> <span class='ocrx_word' id='word_1_772' title='bbox 507 3486 648 3516; x_wconf 86' lang='lat' dir='ltr'>secundo</span> <span class='ocrx_word' id='word_1_773' title='bbox 665 3487 801 3517; x_wconf 87' lang='lat' dir='ltr'>occurrit</span> <span class='ocrx_word' id='word_1_774' title='bbox 818 3496 854 3517; x_wconf 86' lang='lat' dir='ltr'>ex</span> <span class='ocrx_word' id='word_1_775' title='bbox 871 3487 1077 3528; x_wconf 80' lang='lat' dir='ltr'>opinantibus</span> <span class='ocrx_word' id='word_1_776' title='bbox 1093 3488 1182 3528; x_wconf 90' lang='lat' dir='ltr'>quod</span> <span class='ocrx_word' id='word_1_777' title='bbox 1196 3487 1295 3518; x_wconf 75' lang='lat' dir='ltr'>nimia</span> <span class='ocrx_word' id='word_1_778' title='bbox 1310 3496 1365 3518; x_wconf 71' lang='lat' dir='ltr'>an-</span> 
     </span>
    </p>
   </div>
   <div class='ocr_carea' id='block_1_47' title="bbox 1389 3247 2494 3305">
    <p class='ocr_par' dir='ltr' id='par_1_55' title="bbox 1389 3247 2494 3305">
     <span class='ocr_line' id='line_1_118' title="bbox 1389 3247 2494 3305; baseline -0.002 -10"><span class='ocrx_word' id='word_1_779' title='bbox 1389 3271 1391 3277; x_wconf 87' lang='lat'>·</span> <span class='ocrx_word' id='word_1_780' title='bbox 1419 3271 1497 3301; x_wconf 81' lang='lat' dir='ltr'>tate;</span> <span class='ocrx_word' id='word_1_781' title='bbox 1529 3273 1587 3295; x_wconf 88' lang='lat' dir='ltr'>nec</span> <span class='ocrx_word' id='word_1_782' title='bbox 1619 3264 1751 3305; x_wconf 84' lang='lat' dir='ltr'>aliquod</span> <span class='ocrx_word' id='word_1_783' title='bbox 1780 3262 1942 3294; x_wconf 86' lang='lat' dir='ltr'>invenitur</span> <span class='ocrx_word' id='word_1_784' title='bbox 1971 3269 2178 3303; x_wconf 79' lang='lat' dir='ltr'>praeceptum</span> <span class='ocrx_word' id='word_1_785' title='bbox 2213 3262 2425 3303; x_wconf 76' lang='lat' dir='ltr'>obligativum</span> <span class='ocrx_word' id='word_1_786' title='bbox 2455 3247 2494 3294; x_wconf 77' lang='lat' dir='ltr'>ad</span> 
     </span>
    </p>
   </div>
   <div class='ocr_carea' id='block_1_48' title="bbox 1418 3306 2494 3437">
    <p class='ocr_par' dir='ltr' id='par_1_56' title="bbox 1418 3306 2494 3437">
     <span class='ocr_line' id='line_1_119' title="bbox 1419 3306 2473 3348; baseline -0.003 -8"><span class='ocrx_word' id='word_1_787' title='bbox 1419 3308 1563 3345; x_wconf 80' lang='lat' dir='ltr'>mortale.</span> <span class='ocrx_word' id='word_1_788' title='bbox 1581 3308 1662 3340; x_wconf 82' lang='lat' dir='ltr'>circa</span> <span class='ocrx_word' id='word_1_789' title='bbox 1685 3308 1798 3339; x_wconf 79' lang='lat' dir='ltr'>horam</span> <span class='ocrx_word' id='word_1_790' title='bbox 1823 3306 2012 3338; x_wconf 83' lang='lat' dir='ltr'>comedendi</span> <span class='ocrx_word' id='word_1_791' title='bbox 2035 3306 2067 3337; x_wconf 85' lang='lat' dir='ltr'>in</span> <span class='ocrx_word' id='word_1_792' title='bbox 2092 3306 2143 3337; x_wconf 91' lang='lat' dir='ltr'>die</span> <span class='ocrx_word' id='word_1_793' title='bbox 2167 3306 2287 3338; x_wconf 87' lang='lat' dir='ltr'>ieiunii.</span> <span class='ocrx_word' id='word_1_794' title='bbox 2472 3345 2473 3348; x_wconf 11' lang='grc' dir='ltr'><strong>Ἴ</strong></span> 
     </span>
     <span class='ocr_line' id='line_1_120' title="bbox 1475 3351 2494 3393; baseline -0.001 -9"><span class='ocrx_word' id='word_1_795' title='bbox 1475 3353 1513 3384; x_wconf 92' lang='lat'>11.</span> <span class='ocrx_word' id='word_1_796' title='bbox 1538 3353 1590 3384; x_wconf 84' lang='lat' dir='ltr'>Ad</span> <span class='ocrx_word' id='word_1_797' title='bbox 1614 3351 1807 3384; x_wconf 75' lang='lat' dir='ltr'>evidentiam</span> <span class='ocrx_word' id='word_1_798' title='bbox 1823 3351 1953 3387; x_wconf 86' lang='lat' dir='ltr'>horum,</span> <span class='ocrx_word' id='word_1_799' title='bbox 1969 3351 2137 3382; x_wconf 85' lang='lat' dir='ltr'>sciendum</span> <span class='ocrx_word' id='word_1_800' title='bbox 2153 3358 2201 3382; x_wconf 87' lang='lat' dir='ltr'>est</span> <span class='ocrx_word' id='word_1_801' title='bbox 2215 3352 2317 3393; x_wconf 88' lang='lat' dir='ltr'>quod,</span> <span class='ocrx_word' id='word_1_802' title='bbox 2334 3351 2412 3392; x_wconf 72' lang='lat' dir='ltr'>quia</span> <span class='ocrx_word' id='word_1_803' title='bbox 2427 3359 2494 3383; x_wconf 73' lang='lat' dir='ltr'>mn—</span> 
     </span>
     <span class='ocr_line' id='line_1_121' title="bbox 1418 3395 2493 3437; baseline 0 -9"><span class='ocrx_word' id='word_1_804' title='bbox 1418 3397 1494 3429; x_wconf 80' lang='lat' dir='ltr'>teria</span> <span class='ocrx_word' id='word_1_805' title='bbox 1519 3397 1577 3428; x_wconf 79' lang='lat' dir='ltr'>ista</span> <span class='ocrx_word' id='word_1_806' title='bbox 1600 3403 1647 3428; x_wconf 84' lang='lat' dir='ltr'>est</span> <span class='ocrx_word' id='word_1_807' title='bbox 1669 3396 1746 3427; x_wconf 75' lang='lat' dir='ltr'>iuris</span> <span class='ocrx_word' id='word_1_808' title='bbox 1770 3395 1908 3436; x_wconf 82' lang='lat' dir='ltr'>positivi.</span> <span class='ocrx_word' id='word_1_809' title='bbox 1929 3395 2029 3437; x_wconf 86' lang='lat' dir='ltr'>quod,</span> <span class='ocrx_word' id='word_1_810' title='bbox 2046 3396 2128 3427; x_wconf 84' lang='lat' dir='ltr'>sicut</span> <span class='ocrx_word' id='word_1_811' title='bbox 2151 3405 2310 3427; x_wconf 67' lang='lat' dir='ltr'>consensu</span> <span class='ocrx_word' id='word_1_812' title='bbox 2334 3395 2493 3428; x_wconf 80' lang='lat' dir='ltr'>utentium</span> 
     </span>
    </p>
   </div>
   <div class='ocr_carea' id='block_1_49' title="bbox 1390 3439 2492 3483">
    <p class='ocr_par' dir='ltr' id='par_1_57' title="bbox 1390 3439 2492 3483">
     <span class='ocr_line' id='line_1_122' title="bbox 1390 3439 2492 3483; baseline 0 -11"><span class='ocrx_word' id='word_1_813' title='bbox 1390 3445 1392 3483; x_wconf 68' lang='grc' dir='ltr'>ζ</span> <span class='ocrx_word' id='word_1_814' title='bbox 1418 3442 1579 3477; x_wconf 77' lang='lat' dir='ltr'>firmatur,</span> <span class='ocrx_word' id='word_1_815' title='bbox 1602 3441 1646 3472; x_wconf 82' lang='lat' dir='ltr'>ita</span> <span class='ocrx_word' id='word_1_816' title='bbox 1669 3440 1825 3472; x_wconf 77' lang='lat' dir='ltr'>contraria</span> <span class='ocrx_word' id='word_1_817' title='bbox 1841 3440 2075 3472; x_wconf 87' lang='lat' dir='ltr'>consuetudine</span> <span class='ocrx_word' id='word_1_818' title='bbox 2097 3439 2277 3472; x_wconf 76' lang='lat' dir='ltr'>infirmatur</span> <span class='ocrx_word' id='word_1_819' title='bbox 2299 3446 2331 3472; x_wconf 74' lang='lat' dir='ltr'>ot</span> <span class='ocrx_word' id='word_1_820' title='bbox 2353 3439 2492 3476; x_wconf 63' lang='lat' dir='ltr'>tollitun</span> 
     </span>
    </p>
   </div>
   <div class='ocr_carea' id='block_1_50' title="bbox 1419 3484 2493 3527">
    <p class='ocr_par' dir='ltr' id='par_1_58' title="bbox 1419 3484 2493 3527">
     <span class='ocr_line' id='line_1_123' title="bbox 1419 3484 2493 3527; baseline -0.001 -10"><span class='ocrx_word' id='word_1_821' title='bbox 1419 3486 1463 3517; x_wconf 74' lang='lat' dir='ltr'>tic</span> <span class='ocrx_word' id='word_1_822' title='bbox 1479 3485 1569 3527; x_wconf 91' lang='lat' dir='ltr'>quod</span> <span class='ocrx_word' id='word_1_823' title='bbox 1585 3485 1698 3516; x_wconf 82' lang='lat' dir='ltr'>accidit</span> <span class='ocrx_word' id='word_1_824' title='bbox 1713 3491 1748 3516; x_wconf 90' lang='lat' dir='ltr'>ut</span> <span class='ocrx_word' id='word_1_825' title='bbox 1764 3485 1854 3525; x_wconf 93' lang='lat' dir='ltr'>quod</span> <span class='ocrx_word' id='word_1_826' title='bbox 1879 3485 1965 3525; x_wconf 75' lang='lat' dir='ltr'>prius</span> <span class='ocrx_word' id='word_1_827' title='bbox 1989 3492 2055 3516; x_wconf 82' lang='lat' dir='ltr'>erat</span> <span class='ocrx_word' id='word_1_828' title='bbox 2076 3484 2138 3521; x_wconf 78' lang='lat' dir='ltr'>ius,</span> <span class='ocrx_word' id='word_1_829' title='bbox 2155 3495 2221 3516; x_wconf 88' lang='lat' dir='ltr'>non</span> <span class='ocrx_word' id='word_1_830' title='bbox 2242 3485 2283 3516; x_wconf 76' lang='lat' dir='ltr'>sit</span> <span class='ocrx_word' id='word_1_831' title='bbox 2298 3484 2438 3525; x_wconf 65' lang='lat' dir='ltr'>amplius</span> <span class='ocrx_word' id='word_1_832' title='bbox 2453 3484 2493 3515; x_wconf 86' lang='lat' dir='ltr'>de</span> 
     </span>
    </p>
   </div>
   <div class='ocr_carea' id='block_1_51' title="bbox 55 3521 2491 3621">
    <p class='ocr_par' dir='ltr' id='par_1_59' title="bbox 55 3521 2491 3621">
     <span class='ocr_line' id='line_1_124' title="bbox 294 3521 2491 3572; baseline 0.001 -14"><span class='ocrx_word' id='word_1_833' title='bbox 294 3528 435 3569; x_wconf 82' lang='lat' dir='ltr'>ticipatio</span> <span class='ocrx_word' id='word_1_834' title='bbox 461 3529 556 3560; x_wconf 83' lang='lat' dir='ltr'>horae</span> <span class='ocrx_word' id='word_1_835' title='bbox 580 3536 699 3560; x_wconf 79' lang='lat' dir='ltr'>taxatae</span> <span class='ocrx_word' id='word_1_836' title='bbox 722 3541 786 3561; x_wconf 88' lang='lat' dir='ltr'>non</span> <span class='ocrx_word' id='word_1_837' title='bbox 803 3531 903 3562; x_wconf 77' lang='lat' dir='ltr'>violat</span> <span class='ocrx_word' id='word_1_838' title='bbox 917 3531 1084 3568; x_wconf 81' lang='lat' dir='ltr'>ieiunium,</span> <span class='ocrx_word' id='word_1_839' title='bbox 1101 3532 1156 3562; x_wconf 86' lang='lat' dir='ltr'>sed</span> <span class='ocrx_word' id='word_1_840' title='bbox 1178 3538 1224 3562; x_wconf 80' lang='lat' dir='ltr'>est</span> <span class='ocrx_word' id='word_1_841' title='bbox 1239 3535 1365 3562; x_wconf 81' lang='lat' dir='ltr'>tantum</span> <span class='ocrx_word' id='word_1_842' title='bbox 1390 3521 1392 3572; x_wconf 67' lang='grc' dir='ltr'>ξ</span> <span class='ocrx_word' id='word_1_843' title='bbox 1418 3530 1495 3561; x_wconf 83' lang='lat' dir='ltr'>iuris</span> <span class='ocrx_word' id='word_1_844' title='bbox 1514 3529 1709 3565; x_wconf 76' lang='lat' dir='ltr'>necessitate,</span> <span class='ocrx_word' id='word_1_845' title='bbox 1734 3536 1765 3560; x_wconf 87' lang='lat' dir='ltr'>et</span> <span class='ocrx_word' id='word_1_846' title='bbox 1782 3529 1873 3570; x_wconf 91' lang='lat' dir='ltr'>quod</span> <span class='ocrx_word' id='word_1_847' title='bbox 1894 3529 1981 3570; x_wconf 85' lang='lat' dir='ltr'>prius</span> <span class='ocrx_word' id='word_1_848' title='bbox 2003 3529 2091 3560; x_wconf 76' lang='lat' dir='ltr'>nefas</span> <span class='ocrx_word' id='word_1_849' title='bbox 2108 3535 2182 3566; x_wconf 76' lang='lat' dir='ltr'>erat,</span> <span class='ocrx_word' id='word_1_850' title='bbox 2197 3529 2323 3560; x_wconf 82' lang='lat' dir='ltr'>licitum</span> <span class='ocrx_word' id='word_1_851' title='bbox 2346 3534 2491 3570; x_wconf 74' lang='lat' dir='ltr'>pontm&#39;o—</span> 
     </span>
     <span class='ocr_line' id='line_1_125' title="bbox 55 3572 2490 3621; baseline 0.001 -18"><span class='ocrx_word' id='word_1_852' title='bbox 55 3597 63 3604; x_wconf 93' lang='lat'>.</span> <span class='ocrx_word' id='word_1_853' title='bbox 87 3595 121 3616; x_wconf 25' lang='lat' dir='ltr'>Cs-</span> <span class='ocrx_word' id='word_1_854' title='bbox 148 3601 193 3621; x_wconf 30' lang='lat' dir='ltr'>W·</span> <span class='ocrx_word' id='word_1_855' title='bbox 218 3593 267 3615; x_wconf 75' lang='lat' dir='ltr'>Sed</span> <span class='ocrx_word' id='word_1_856' title='bbox 294 3580 459 3613; x_wconf 83' lang='lat' dir='ltr'>peccatum</span> <span class='ocrx_word' id='word_1_857' title='bbox 493 3573 632 3604; x_wconf 78' lang='lat' dir='ltr'>veniale:</span> <span class='ocrx_word' id='word_1_858' title='bbox 657 3574 733 3615; x_wconf 79' lang='lat' dir='ltr'>quia</span> <span class='ocrx_word' id='word_1_859' title='bbox 765 3575 941 3615; x_wconf 86' lang='lat' dir='ltr'>capitulum</span> <span class='ocrx_word' id='word_1_860' title='bbox 970 3576 1099 3613; x_wconf 87' lang='lat' dir='ltr'>Solent,</span> <span class='ocrx_word' id='word_1_861' title='bbox 1127 3576 1167 3607; x_wconf 82' lang='lat' dir='ltr'>de</span> <span class='ocrx_word' id='word_1_862' title='bbox 1193 3575 1363 3612; x_wconf 82' lang='lat' dir='ltr'>Consecr.‚</span> <span class='ocrx_word' id='word_1_863' title='bbox 1390 3576 1392 3608; x_wconf 68' lang='lat'>⁴,</span> <span class='ocrx_word' id='word_1_864' title='bbox 1419 3574 1499 3605; x_wconf 90' lang='lat' dir='ltr'>dum</span> <span class='ocrx_word' id='word_1_865' title='bbox 1515 3574 1571 3605; x_wconf 81' lang='lat' dir='ltr'>sit:</span> <span class='ocrx_word' id='word_1_866' title='bbox 1598 3591 1618 3597; x_wconf 93' lang='lat'>-</span> <span class='ocrx_word' id='word_1_867' title='bbox 1638 3581 1784 3614; x_wconf 85' lang='lat' dir='ltr'>tempore</span> <span class='ocrx_word' id='word_1_868' title='bbox 1800 3574 1896 3614; x_wconf 83' lang='lat' dir='ltr'>igitur</span> <span class='ocrx_word' id='word_1_869' title='bbox 1921 3574 1985 3605; x_wconf 88' lang='lat' dir='ltr'>divi</span> <span class='ocrx_word' id='word_1_870' title='bbox 1998 3574 2156 3610; x_wconf 44' lang='lat' dir='ltr'>Thomna</span> <span class='ocrx_word' id='word_1_871' title='bbox 2177 3580 2212 3605; x_wconf 84' lang='lat' dir='ltr'>ut</span> <span class='ocrx_word' id='word_1_872' title='bbox 2228 3572 2490 3614; x_wconf 63' lang='lat' dir='ltr'>patainlitten,</span> 
     </span>
    </p>
   </div>
   <div class='ocr_carea' id='block_1_52' title="bbox 295 3617 1365 3660">
    <p class='ocr_par' dir='ltr' id='par_1_60' title="bbox 295 3617 1365 3660">
     <span class='ocr_line' id='line_1_126' title="bbox 295 3617 1365 3660; baseline 0.002 -13"><span class='ocrx_word' id='word_1_873' title='bbox 295 3617 365 3649; x_wconf 87' lang='lat' dir='ltr'>dist.</span> <span class='ocrx_word' id='word_1_874' title='bbox 384 3618 394 3648; x_wconf 88' lang='lat'>1</span> <span class='ocrx_word' id='word_1_875' title='bbox 412 3618 437 3654; x_wconf 82' lang='grc'>*,</span> <span class='ocrx_word' id='word_1_876' title='bbox 456 3618 562 3658; x_wconf 89' lang='lat' dir='ltr'>potius</span> <span class='ocrx_word' id='word_1_877' title='bbox 591 3618 735 3659; x_wconf 87' lang='lat' dir='ltr'>loquitur</span> <span class='ocrx_word' id='word_1_878' title='bbox 758 3619 796 3649; x_wconf 93' lang='lat' dir='ltr'>de</span> <span class='ocrx_word' id='word_1_879' title='bbox 822 3619 1014 3659; x_wconf 86' lang='lat' dir='ltr'>perfectione</span> <span class='ocrx_word' id='word_1_880' title='bbox 1047 3630 1146 3660; x_wconf 80' lang='lat' dir='ltr'>quam</span> <span class='ocrx_word' id='word_1_881' title='bbox 1171 3620 1209 3650; x_wconf 91' lang='lat' dir='ltr'>de</span> <span class='ocrx_word' id='word_1_882' title='bbox 1233 3618 1365 3650; x_wconf 87' lang='lat' dir='ltr'>necessi-</span> 
     </span>
    </p>
   </div>
   <div class='ocr_carea' id='block_1_53' title="bbox 1391 3617 2491 3654">
    <p class='ocr_par' dir='ltr' id='par_1_61' title="bbox 1391 3617 2491 3654">
     <span class='ocr_line' id='line_1_127' title="bbox 1391 3617 2491 3654; baseline -0.002 -5"><span class='ocrx_word' id='word_1_883' title='bbox 1391 3619 1393 3639; x_wconf 39' lang='grc' dir='ltr'>ἱ</span> <span class='ocrx_word' id='word_1_884' title='bbox 1420 3618 1634 3649; x_wconf 83' lang='lat' dir='ltr'>communiter</span> <span class='ocrx_word' id='word_1_885' title='bbox 1665 3618 1810 3649; x_wconf 80' lang='lat' dir='ltr'>homines</span> <span class='ocrx_word' id='word_1_886' title='bbox 1836 3619 2045 3650; x_wconf 83' lang='lat' dir='ltr'>comedebant</span> <span class='ocrx_word' id='word_1_887' title='bbox 2069 3619 2147 3649; x_wconf 81' lang='lat' dir='ltr'>hora</span> <span class='ocrx_word' id='word_1_888' title='bbox 2171 3625 2274 3654; x_wconf 82' lang='lat' dir='ltr'>sexta,</span> <span class='ocrx_word' id='word_1_889' title='bbox 2300 3617 2362 3648; x_wconf 86' lang='lat' dir='ltr'>hoc</span> <span class='ocrx_word' id='word_1_890' title='bbox 2386 3623 2432 3648; x_wconf 84' lang='lat' dir='ltr'>est</span> <span class='ocrx_word' id='word_1_891' title='bbox 2459 3617 2491 3647; x_wconf 91' lang='lat' dir='ltr'>in</span> 
     </span>
    </p>
   </div>
   <div class='ocr_carea' id='block_1_54' title="bbox 2629 1299 2647 1326">
    <p class='ocr_par' dir='ltr' id='par_1_62' title="bbox 2629 1299 2647 1326">
     <span class='ocr_line' id='line_1_128' title="bbox 2629 1299 2647 1326; baseline 0 0"><span class='ocrx_word' id='word_1_892' title='bbox 2629 1299 2647 1326; x_wconf 76' lang='grc' dir='ltr'><strong>Υ</strong></span> 
     </span>
    </p>
   </div>
   <div class='ocr_carea' id='block_1_55' title="bbox 2530 1399 2745 1548">
    <p class='ocr_par' dir='ltr' id='par_1_63' title="bbox 2530 1399 2745 1548">
     <span class='ocr_line' id='line_1_129' title="bbox 2628 1399 2644 1426; baseline 0 0"><span class='ocrx_word' id='word_1_893' title='bbox 2628 1399 2644 1426; x_wconf 74' lang='grc' dir='ltr'><strong>δ</strong></span> 
     </span>
     <span class='ocr_line' id='line_1_130' title="bbox 2530 1433 2745 1491; baseline 0.005 -8"><span class='ocrx_word' id='word_1_894' title='bbox 2530 1433 2745 1491; x_wconf 51' lang='grc' dir='ltr'>ἱᾞῖῗὲῥῗ’“’</span> 
     </span>
     <span class='ocr_line' id='line_1_131' title="bbox 2532 1490 2743 1521; baseline 0.005 -7"><span class='ocrx_word' id='word_1_895' title='bbox 2532 1493 2542 1503; x_wconf 84' lang='grc'><em>·</em></span> <span class='ocrx_word' id='word_1_896' title='bbox 2555 1490 2622 1515; x_wconf 70' lang='lat' dir='ltr'>Ima.</span> <span class='ocrx_word' id='word_1_897' title='bbox 2633 1497 2685 1521; x_wconf 69' lang='lat' dir='ltr'>up.</span> <span class='ocrx_word' id='word_1_898' title='bbox 2695 1498 2743 1519; x_wconf 76' lang='grc' dir='ltr'><strong>ιιι,</strong></span> 
     </span>
     <span class='ocr_line' id='line_1_132' title="bbox 2531 1524 2640 1548; baseline 0 -8"><span class='ocrx_word' id='word_1_899' title='bbox 2531 1524 2590 1541; x_wconf 72' lang='grc' dir='ltr'><strong>ναι-ι.</strong></span> <span class='ocrx_word' id='word_1_900' title='bbox 2604 1525 2640 1548; x_wconf 72' lang='lat'>³⁰·</span> 
     </span>
    </p>
   </div>
   <div class='ocr_carea' id='block_1_56' title="bbox 2555 1571 2690 1602">
    <p class='ocr_par' dir='ltr' id='par_1_64' title="bbox 2555 1571 2690 1602">
     <span class='ocr_line' id='line_1_133' title="bbox 2555 1571 2690 1602; baseline 0.015 -2"><span class='ocrx_word' id='word_1_901' title='bbox 2555 1571 2690 1602; x_wconf 49' lang='lat' dir='ltr'>Vota-us</span> 
     </span>
    </p>
   </div>
   <div class='ocr_carea' id='block_1_57' title="bbox 2531 1834 2667 1858">
    <p class='ocr_par' dir='ltr' id='par_1_65' title="bbox 2531 1834 2667 1858">
     <span class='ocr_line' id='line_1_134' title="bbox 2531 1834 2667 1858; baseline 0.015 -2"><span class='ocrx_word' id='word_1_902' title='bbox 2531 1837 2541 1846; x_wconf 77' lang='lat'>⁸</span> <span class='ocrx_word' id='word_1_903' title='bbox 2555 1834 2622 1858; x_wconf 75' lang='lat' dir='ltr'>vm.</span> <span class='ocrx_word' id='word_1_904' title='bbox 2638 1841 2667 1858; x_wconf 72' lang='grc' dir='ltr'><strong>ιι.</strong></span> 
     </span>
    </p>
   </div>
  </div>
 </body>
</html>
