2768 4198
0 2696 11 2747 -ς-κ-

0 2854 17 2930 fxv-.—

2 4179 3 4183 „
0 4166 2 4172 -
0 4100 9 4155 -ωι
6 4090 7 4094 Α
0 4068 14 4083 ᾗ
0 3954 16 4055 ,ἠὴρ-’,Α

73 3661 84 3672 ’
97 3661 168 3684 Num.
183 3667 199 3683 ι.

964 297 1232 343 QUAESTIO
1263 296 1436 343 CLXXI,
1465 296 1764 334 ARTICULUS
1795 297 1826 332 Il

2418 299 2492 346 369

305 378 368 409 riae
392 376 556 416 contingit,
579 376 669 417 quod
693 385 731 405 ex
745 384 802 405 sua
816 381 927 405 natura
950 375 1045 405 habet
1068 374 1223 405 rationem
1246 385 1370 415 perma-
1397 388 1400 431 1
1426 375 1511 405 enim
1534 375 1624 416 quod
1647 377 1770 406 Auctor
1794 382 1934 406 assumat
1957 375 2038 406 hanc
2062 375 2332 412 conditionalem,
2362 377 2493 413 scilicet,

302 422 418 458 nentis,
444 428 479 451 ut
501 426 587 461 patet
609 420 643 450 in
666 419 775 457 beatis,
793 419 848 449 sed
863 419 1058 459 quandoque
1075 429 1112 449 ex
1128 419 1251 450 actione
1267 419 1372 449 divina
1398 434 1400 454 1.
1425 419 1461 450 Si
1490 421 1598 450 lumen
1622 420 1846 460 propheticum
1875 425 1957 450 esset
1980 429 2044 460 per
2067 420 2194 450 modum
2209 420 2346 461 formae
2363 431 2493 461 perma-

305 466 340 498 fit
363 472 398 496 ut
420 465 495 496 insit
517 474 573 505 per
595 463 731 494 modum
753 463 954 499 transeuntis,
979 470 1013 494 ut
1036 463 1068 494 in
1088 464 1188 494 Paulo
1203 471 1234 494 et
1249 465 1370 504 Moyse.
1398 456 1400 506 ἦ
1425 465 1540 502 nentis,
1554 463 1689 505 faceret
1712 464 1820 495 videre
1842 465 1968 495 Deum:
1991 471 2027 495 ut
2051 471 2137 504 patet
2151 464 2184 494 in
2200 464 2311 501 littera,
2328 472 2359 495 et
2374 466 2405 495 in
2423 475 2495 505 pro-

304 511 346 542 Et
368 509 523 551 quoniam
545 511 668 539 Auctor
691 507 856 538 m‘anifeste
880 508 1014 548 explicat
1037 518 1069 538 se
1092 509 1182 549 loqui
1207 509 1245 538 de
1269 508 1372 538 forma

304 555 439 585 habente
462 553 600 584 modum
623 553 846 592 permanentis,
866 552 939 583 ideo
956 553 1017 583 hoc
1034 553 1133 583 modo
1150 553 1372 593 intelligendus

306 606 352 629 est
380 598 487 639 quoad
521 597 658 637 primam
691 596 892 636 particulam,
925 597 1055 633 scilicet,
1079 597 1216 638 formae
1239 607 1372 637 perma-
1399 586 1401 636 l

306 644 421 673 nentis.

304 830 360 861 per
390 820 526 850 modum
554 819 677 850 formae
700 820 934 860 permanentiS,
959 820 1013 850 sed
1038 829 1104 850 non
1127 819 1248 850 formae
1273 818 1372 859 perfe-

304 919 387 950 quae
410 909 461 939 via
489 916 535 939 est
565 909 604 938 ad
629 909 756 945 animal,
781 915 816 939 ut
839 909 943 939 forma
967 908 1162 949 embryonis,
1188 909 1243 938 sed
1271 907 1374 938 forma

304 954 500 985 constituens
523 953 658 989 animal,
683 963 766 994 quae
794 953 912 984 scilicet
938 959 1044 993 potest
1066 953 1099 983 in
1123 953 1285 993 propriam
1308 952 1374 982 ani-

303 998 395 1029 malis
420 998 649 1039 operationem,
673 1007 755 1038 quae
779 1005 825 1028 est
848 998 976 1034 sentire;
1002 998 1045 1028 ita
1068 997 1100 1028 in
1116 1007 1229 1037 genere
1244 996 1374 1027 luminis

303 1087 427 1118 tionem
449 1087 572 1118 formae
596 1087 751 1126 perfectae
774 1087 864 1128 quod
879 1096 946 1116 non
962 1093 1068 1126 potest
1091 1086 1123 1116 in
1147 1086 1310 1125 propriam
1326 1085 1374 1114 lu-

304 1132 399 1163 minis
423 1131 653 1172 operationem.
678 1140 760 1171 quae
777 1138 823 1161 est
838 1130 939 1161 facere
954 1130 1120 1160 visionem.
1146 1130 1271 1160 Lumen
1289 1129 1374 1159 enim

304 1177 384 1207 adeo
401 1177 574 1207 obscurum
594 1176 644 1206 vel
667 1175 896 1206 obumbratum
919 1174 1008 1214 quod
1032 1184 1098 1204 non
1122 1181 1227 1214 potest
1249 1180 1375 1204 tantum

303 1221 484 1252 illuminare
507 1227 543 1251 ut
564 1220 718 1258 videatur,
734 1219 956 1260 imperfectum
972 1218 1050 1259 quid
1066 1218 1099 1248 in
1115 1228 1229 1258 genere
1245 1217 1375 1248 luminis

304 1272 360 1297 est.
381 1265 521 1303 Quando
536 1271 645 1295 autem
660 1264 703 1294 ita
719 1263 879 1294 illuminat
894 1270 930 1294 ut
945 1263 1100 1293 visionem
1119 1272 1246 1293 causare
1264 1261 1374 1302 possit,

266 1348 270 1349 ⁷
291 1306 691 1350 Vmwperfectionem
715 1309 764 1339 sui
787 1307 910 1348 generis
933 1307 1092 1348 pervenit:
1124 1306 1271 1347 quamvis
1295 1306 1376 1336 inter

303 1355 363 1386 ista
386 1364 489 1385 unum
512 1353 576 1384 alio
599 1353 801 1384 excellentius
824 1352 873 1384 sit.
906 1352 946 1382 Et
972 1351 1048 1392 quia
1075 1351 1184 1382 lumen
1212 1350 1285 1381 fidei
1308 1360 1375 1381 non

304 1399 378 1430 facit
401 1397 591 1429 evidentiam
614 1398 647 1427 in
663 1397 756 1427 nobis
779 1406 893 1428 eorum
912 1406 994 1437 quae
1011 1402 1086 1426 sunt
1100 1395 1185 1431 fidei,
1201 1395 1285 1431 ideo,
1302 1395 1376 1426 licet

303 1443 418 1474 habeat
441 1442 598 1473 rationem
621 1441 742 1471 formae
767 1441 990 1481 permanentis,
1016 1447 1099 1471 caret
1121 1446 1228 1470 tamen
1254 1440 1376 1470 ratione

303 1488 427 1519 formae
450 1486 606 1527 perfectae
629 1486 662 1516 in
685 1495 799 1525 genere
822 1485 952 1515 luminis
974 1484 1207 1515 intellectualis·

360 1532 408 1562 Ex
430 1531 479 1562 his
502 1537 611 1561 autem
634 1536 720 1570 patet
742 1539 853 1560 sensus
869 1529 965 1560 medii
981 1529 1118 1564 termini,
1143 1536 1174 1559 et
1196 1529 1296 1559 totius
1312 1529 1376 1569 syl-

302 1576 442 1618 logismi.
466 1575 550 1606 Hinc
573 1574 659 1606 enim
682 1574 778 1604 habes
793 1574 874 1604 clare
894 1573 1058 1604 veritatem
1074 1574 1214 1608 maioris,
1230 1573 1376 1604 videlicet

303 1621 394 1663 quod
417 1630 510 1651 omne
533 1620 640 1650 lumen
658 1618 874 1649 intellectuale
897 1619 1038 1650 existens
1057 1619 1090 1649 in
1107 1619 1216 1659 aliquo
1234 1628 1298 1658 per
1313 1628 1376 1648 mo·
1401 1642 1403 1646 ,

303 1666 380 1697 dum
391 1665 614 1705 permanentis
632 1668 663 1693 et
672 1662 840 1703 perfectae
846 1662 996 1704 formae,
1007 1663 1136 1704 perficit
1148 1663 1377 1704 principaliter

302 1709 348 1741 ad
369 1708 625 1750 cognoscendum
644 1708 841 1748 principium
866 1717 978 1738 eorum
1002 1718 1085 1748 quae
1108 1707 1373 1748 manifestantur.

302 1754 386 1786 Nam
410 1753 436 1784 si
460 1759 507 1784 est
529 1762 586 1793 per
609 1752 746 1782 modum
770 1751 891 1783 formae
915 1752 1080 1792 perfectae,
1106 1751 1180 1782 facit
1201 1752 1307 1782 videre
1327 1751 1375 1781 in-

301 1797 529 1830 tellectualiter.
554 1797 596 1827 Et
615 1796 640 1827 si
663 1796 738 1827 facit
760 1796 875 1832 videre,
899 1796 1037 1827 maxime
1059 1797 1134 1827 facit
1156 1797 1262 1827 videre
1286 1796 1374 1836 prin-

302 1842 434 1884 cipium,
458 1842 491 1872 in
515 1851 582 1882 quo
606 1848 733 1881 oportet
756 1841 862 1872 videre
886 1841 1117 1877 conclusiones,
1142 1848 1196 1872 aut
1219 1851 1275 1880 per
1291 1841 1374 1871 viam

301 1888 437 1922 intuitus
461 1893 516 1917 aut
540 1895 596 1926 per
609 1885 695 1916 viam
719 1886 938 1916 resolutionis:
964 1886 1185 1917 conclusiones
1202 1885 1298 1922 enim,
1316 1885 1375 1915 nisi

303 1933 463 1964 evidenter
484 1930 629 1961 videatur
651 1940 761 1960 earum
786 1931 824 1960 ad
848 1930 1042 1971 principium
1067 1930 1268 1966 coniunctio,
1293 1940 1375 1960 nun-

303 1986 402 2019 quam
424 1975 582 2011 videntur,
598 1974 653 2004 sed
668 1975 847 2005 creduntur.
874 1975 915 2006 Et
933 1981 1099 2015 propterea
1116 1977 1237 2005 Auctor
1253 1974 1285 2004 in
1305 1984 1377 2014 pro-

303 2021 433 2052 batione
457 2019 590 2050 minoris
613 2019 785 2059 assumpsit
812 2019 901 2060 quod
932 2020 1039 2050 lumen
1064 2020 1287 2060 propheticum
1312 2029 1375 2050 non

297 2066 386 2108 sacit
403 2065 509 2095 Deum
527 2073 590 2104 per
608 2065 776 2094 essentiam
802 2060 922 2095 videri:
945 2071 1122 2105 propterea,
1139 2064 1283 2104 inquam.
1300 2064 1376 2104 quia

305 2111 344 2141 de
374 2109 558 2150 cognitione
588 2108 725 2139 evidenti
753 2108 786 2138 in
810 2108 917 2139 medio
941 2109 1078 2140 termino
1110 2108 1227 2139 sciebat
1255 2118 1376 2139 sermo-

304 2164 380 2186 nem
403 2163 482 2184 esse.

361 2199 448 2229 Haec
470 2198 563 2233 dicta,
586 2197 695 2238 quoad
718 2197 780 2227 hoc
803 2197 893 2238 quod
917 2204 1043 2238 ponunt
1065 2197 1152 2227 illam
1177 2197 1375 2238 particulam,

304 2243 422 2275 scilicet
445 2242 631 2284 perfectae,
663 2241 843 2282 appositam
871 2241 904 2272 in
929 2241 986 2272 hac
1016 2241 1137 2272 ratione
1165 2242 1204 2272 ad
1233 2241 1377 2272 differen-

304 2289 381 2320 tiam
405 2286 536 2318 luminis
558 2285 643 2323 fidei,
667 2295 733 2316 non
757 2286 904 2317 videntur
927 2286 1045 2317 solida:
1074 2286 1229 2327 quoniam
1254 2296 1290 2316 ex
1314 2286 1376 2317 hoc

304 2332 502 2364 clauderetur
523 2331 575 2361 via
597 2340 661 2371 qua
685 2337 793 2370 posset
815 2330 922 2361 inferri
947 2341 983 2361 ex
1000 2330 1059 2361 hac
1073 2330 1195 2361 ratione
1211 2331 1376 2361 conclusio

303 2376 487 2418 principalis
516 2385 598 2416 quae
621 2375 654 2405 in
677 2375 779 2405 littera
809 2374 960 2411 infertum
993 2382 1028 2406 ut
1051 2375 1084 2406 in
1111 2375 1254 2406 secundo
1278 2375 1377 2406 dedu-

303 2421 384 2453 citur
407 2420 517 2451 dubio.
548 2420 590 2450 Et
611 2426 789 2460 propterea,
809 2420 954 2450 admissis
978 2420 1087 2451 ceteris
1113 2420 1214 2456 dictis,
1239 2420 1302 2450 hoc
1327 2431 1378 2451 so-

303 2466 373 2497 lum
389 2465 594 2496 refutandum
609 2465 778 2500 credimus,
794 2464 884 2505 quod
904 2464 936 2506 ly
954 2464 1123 2506 perfectae
1137 2465 1177 2496 sit
1192 2465 1377 2505 appositum

304 2517 341 2541 ut
364 2509 538 2541 necessaria
561 2509 715 2549 particula
738 2509 777 2539 ad
794 2509 1027 2539 excludendum
1042 2509 1152 2540 lumen
1168 2508 1257 2540 fidei:
1284 2517 1314 2540 et
1331 2510 1377 2540 di-

305 2555 407 2586 cimus
431 2554 520 2595 quod
542 2553 653 2584 lumen
675 2553 749 2584 fidei
773 2563 811 2584 ex
833 2553 894 2584 alia
916 2553 1087 2594 particula,
1113 2553 1218 2593 priore
1243 2561 1376 2594 utraque

305 2600 436 2634 harum,
461 2598 626 2629 exclusum
650 2605 730 2634 erat,
755 2598 873 2629 scilicet
899 2607 937 2628 ex
959 2597 992 2639 ly
1016 2599 1124 2629 lumen
1149 2599 1376 2630 intellectuale.

304 2645 399 2679 Nam,
424 2643 552 2684 proprie
575 2649 606 2673 et
628 2642 803 2673 formaliter
825 2642 1006 2683 loquendo,
1032 2643 1143 2673 lumen
1165 2642 1378 2674 intellectuale

306 2696 353 2720 est
381 2687 471 2729 quod
499 2694 545 2718 est
574 2687 685 2717 lumen
715 2687 892 2718 intellectus
921 2693 956 2717 ut
979 2686 1038 2717 sic:
1070 2694 1101 2717 et
1124 2697 1190 2717 non
1218 2688 1307 2728 quod
1332 2695 1379 2719 est

304 2734 416 2764 lumen
445 2732 624 2762 intellectus
653 2738 688 2762 ut
712 2731 792 2762 moti
822 2741 840 2761 a
863 2730 1037 2762 voluntate.
1069 2731 1167 2769 Quod
1195 2731 1281 2762 enim
1303 2732 1379 2763 illu-

305 2777 406 2809 minat
429 2777 626 2807 intellectum
650 2782 686 2806 ut
709 2782 836 2806 motum
860 2786 877 2805 a
893 2775 1066 2812 voluntate,
1091 2783 1137 2806 est
1160 2776 1270 2807 lumen
1285 2776 1377 2807 intel-

305 2823 416 2857 lectus,
441 2828 570 2852 extenso
594 2820 752 2851 vocabulo
778 2821 909 2851 luminis
931 2820 1129 2851 intellectus:
1152 2820 1227 2861 quia
1252 2830 1316 2850 non
1342 2821 1378 2851 il-

304 2866 443 2897 luminat
463 2866 572 2906 ipsum
593 2873 628 2895 ut
642 2865 710 2905 ipse
727 2871 773 2895 est
796 2864 876 2894 infra
893 2865 1040 2904 proprios
1055 2864 1182 2901 limites,
1198 2865 1254 2895 sed
1270 2865 1378 2905 ipsum

306 2918 342 2942 ut
358 2911 480 2941 substat
496 2909 593 2940 alteri.
618 2909 698 2939 Tale
713 2916 819 2939 autem
837 2919 904 2939 esse
921 2915 1044 2939 constat
1058 2909 1168 2939 lumen
1182 2908 1272 2939 fidei:
1297 2919 1378 2950 quo-

306 2956 393 2986 niam
426 2962 472 2985 est
501 2955 534 2984 in
557 2954 719 2984 intellectu
743 2961 778 2984 ut
803 2959 950 2984 movetur
980 2964 998 2983 a
1021 2953 1185 2984 voluntate
1209 2954 1249 2984 ad
1272 2963 1377 2985 assen-

306 3000 452 3031 tiendum
474 2999 524 3029 his
547 3009 630 3039 quae
653 3005 728 3029 sunt
750 2997 840 3034 fidei,
871 3005 902 3028 et
929 3007 995 3027 non
1018 2997 1178 3028 illuminat
1201 2997 1308 3038 ipsum
1331 2999 1378 3029 in-

306 3044 469 3074 tellectum
492 3044 669 3074 secundum
693 3053 726 3073 se
742 3043 781 3073 ad
797 3052 962 3073 assensum
978 3042 1222 3074 determinatum
1241 3052 1296 3073 seu
1313 3053 1378 3074 cer-

306 3094 387 3118 tum.
413 3087 497 3125 Quia
521 3098 595 3128 ergo
619 3088 699 3118 ratio
723 3087 782 3117 ista
805 3087 926 3117 litterae
950 3087 988 3116 de
1008 3086 1129 3116 lumine
1149 3086 1326 3117 intellectus
1343 3095 1379 3118 ut

308 3131 362 3167 sic,
385 3131 538 3174 loquitur,
561 3132 672 3163 lumen
696 3131 768 3163 fidei
792 3133 831 3162 ab
855 3131 917 3162 hoc
941 3140 1091 3172 processu
1116 3130 1303 3163 excluditur.
1327 3132 1378 3163 In-

308 3175 409 3206 tendit
432 3185 507 3216 ergo
522 3179 645 3208 Auctor
665 3176 697 3207 in
714 3176 835 3207 maiore
858 3175 947 3217 quod
971 3175 1078 3206 lumen
1099 3175 1325 3213 intellectuale,
1343 3182 1379 3207 ut

308 3219 366 3256 sic,
386 3229 449 3259 per
463 3219 591 3251 modum
600 3220 737 3262 formae
753 3221 979 3262 permanentis
1002 3225 1032 3250 et
1048 3219 1228 3261 perfectae,
1247 3220 1378 3262 perficit

310 3262 354 3294 ad
375 3264 630 3304 cognoscendum
648 3266 860 3306 principium,
881 3272 957 3296 etc.:
983 3271 1012 3295 et
1037 3263 1187 3304 apposuit
1209 3263 1278 3294 illas
1301 3264 1377 3294 alias

311 3307 390 3337 duas
419 3307 589 3347 particulas
617 3309 682 3340 iam
711 3310 900 3346 declaratas,
925 3308 1043 3340 scilicet
1062 3309 1323 3349 permanentiam
1347 3315 1378 3339 et

305 3350 549 3392 perfecHOnM,
565 3362 662 3393 supra
676 3353 788 3385 lumen
802 3354 1024 3389 intellectuale,
1037 3363 1104 3384 non
1121 3359 1288 3393 propterea
1303 3353 1379 3393 quia

311 3395 407 3426 altera
429 3395 469 3427 ab
492 3395 589 3427 altera
615 3404 776 3438 separetur
799 3399 832 3429 in
861 3407 975 3439 genere
1007 3397 1137 3428 luminis
1161 3397 1378 3428 intellectualis

312 3438 483 3482 (quoniam
513 3446 745 3473 connectuntur
770 3442 804 3472 in
831 3443 885 3474 tali
913 3451 1045 3484 genere:
1080 3442 1122 3473 ita
1145 3442 1254 3483 quod,
1278 3441 1305 3472 si
1333 3448 1379 3473 est

311 3494 510 3524 permanens,
531 3490 578 3514 est
595 3483 742 3524 perfecta,
767 3492 798 3516 et
814 3485 840 3516 si
855 3493 902 3518 est
917 3486 1063 3527 perfecta,
1088 3492 1134 3516 est
1151 3484 1377 3534 permanens);

312 3529 367 3559 sed
398 3534 566 3569 propterea
596 3528 672 3568 quia
701 3528 760 3559 hae
789 3529 870 3560 duae
895 3530 1095 3562 conditiones
1119 3530 1151 3560 in
1175 3529 1244 3560 aliis
1267 3529 1378 3560 formis

312 3572 469 3613 dispersae
492 3571 706 3608 inveniuntur,
730 3579 761 3603 et
783 3574 895 3604 ambae
917 3574 950 3605 in
966 3584 1079 3614 genere
1094 3574 1314 3606 intellectualis
1330 3575 1378 3605 lu-

312 3616 406 3648 minis
430 3616 538 3648 unitae
561 3616 776 3648 inveniuntur.

369 3662 420 3692 IV.
446 3661 486 3692 Et
514 3671 570 3701 per
597 3661 673 3691 haec
703 3667 788 3700 patet
815 3660 932 3692 solutio
956 3662 1049 3702 primi
1074 3662 1161 3693 dubii
1180 3662 1206 3693 *.
1238 3663 1376 3702 Negatur

455 3723 566 3747 Smer:
584 3722 686 3747 Tutor„
706 3722 737 3747 D.
751 3721 867 3746 'rueme
886 3721 918 3747 Τ.
933 3721 986 3747 VII.

1398 507 1400 544 ἶ
1426 518 1515 539 cessu
1540 518 1576 538 ex
1599 509 1700 539 littera
1724 508 1874 539 formato.
1898 508 2021 539 Dicitur
2041 508 2250 539 nihilominus
2267 510 2307 539 ad
2329 510 2496 540 subiuncta

1424 554 1513 594 quod
1537 553 1654 583 modus
1685 553 1807 583 essendi
1839 561 2060 593 permanenter
2084 554 2132 584 vel
2167 554 2381 590 transeundo,
2407 554 2432 584 si
2457 554 2497 584 sit

1426 608 1481 638 per
1504 598 1658 634 accidens,
1677 608 1741 627 non
1757 597 1855 628 variat
1879 598 2018 638 speciem
2041 598 2178 628 formae:
2204 599 2259 629 sed
2275 598 2300 628 si
2317 598 2357 628 sit
2380 609 2435 639 per
2452 609 2495 635 se,

1399 644 1401 682 ξ
1427 649 1462 672 ut
1485 642 1677 672 declaratum
1695 649 1748 678 est,
1767 642 1868 682 arguit
1883 642 2094 673 diversitatem
2111 642 2292 683 specificam
2308 643 2495 674 formarum.

348 687 467 724 Quoad
490 686 662 716 secundam
686 695 772 722 vero,
797 685 914 717 scilicet
937 686 1026 727 quod
1042 686 1223 728 perfectae,
1248 692 1375 726 oportet
1399 688 1401 727 ᾗ

304 731 464 762 advertere
487 731 577 771 quod
599 733 722 761 Auctor
745 730 853 771 posuit
875 731 968 761 istam
989 732 1162 761 secundam
1186 730 1372 770 particulam
1399 732 1401 761 ἴ

304 782 435 816 propter
456 775 567 806 lumen
582 774 674 813 fidei,
698 775 788 815 quod
811 782 858 806 est
880 775 990 806 lumen
1010 775 1230 811 intellectuale,
1248 782 1278 805 et
1293 775 1374 804 inest
1399 775 1400 792 ³

1425 687 1467 716 Et
1489 687 1578 727 quod
1601 687 1711 717 lumen
1735 687 1959 727 propheticum
1983 687 2087 728 specie
2107 687 2310 727 distinguitur
2333 698 2351 717 a
2373 687 2496 718 lumine

1426 731 1560 770 gloriae:
1593 731 1738 772 quamvis
1770 741 1826 771 per
1849 731 1992 762 accidens
2023 732 2132 762 lumen
2156 732 2274 771 gloriae
2302 732 2496 773 quandoque

1426 776 1650 816 propheticum
1674 775 1805 812 dicatur,
1830 776 1960 816 quando
1985 776 2100 807 scilicet
2124 787 2180 816 per
2203 777 2348 807 accidens
2371 783 2418 807 est
2441 787 2497 817 per

305 872 371 895 ctae
406 865 488 895 Nam
513 864 594 894 sicut
613 864 646 894 in
661 874 774 904 genere
799 864 942 895 animalis
958 864 1061 894 forma
1078 864 1214 904 perfecta
1231 870 1276 894 est
1307 873 1373 893 non
1398 849 1400 882 ᾗ
1427 821 1562 850 mudum
1585 820 1784 856 transeuntis,
1811 827 1844 851 nt
1868 821 1906 851 de
1922 821 2034 861 Moyse
2054 820 2176 852 dieitur.
2201 821 2261 852 sed
2286 821 2496 862 relinquendo

374 887 381 894 .
1279 887 1286 899 ,
1398 886 1400 893 ι

1427 875 1462 895 ea
1486 875 1567 905 quae
1591 871 1665 895 sunt
1681 874 1736 904 per
1752 865 1906 901 accidens,
1930 865 2040 895 lumen
2065 866 2289 906 propheticum
2313 867 2415 906 specie
2435 866 2498 896 dis-

1425 909 1579 948 tinguitur
1602 919 1619 939 a
1643 909 1764 939 lumine
1787 909 1915 949 gloriae.
1940 910 1996 940 Est
2020 910 2105 940 enim
2125 920 2161 940 ex
2183 920 2239 940 sua
2263 917 2374 941 natura
2394 911 2496 940 forma

1426 953 1545 984 habens
1568 954 1704 984 modum
1729 953 1900 993 passionis:
1926 954 2034 984 lumen
2059 962 2166 985 autem
2183 954 2300 994 gloriae
2318 965 2354 985 ex
2371 965 2427 985 sua
2443 965 2496 985 na-

1398 1025 1401 1032 ,
1426 1005 1496 1028 tura
1520 998 1614 1028 habet
1629 998 1764 1028 modurn
1780 997 1902 1028 formae
1918 998 2140 1038 permanentis·
2166 999 2258 1029 Unde
2275 999 2300 1029 si
2317 999 2404 1029 Deus
2421 1009 2496 1029 con-

303 1043 534 1078 intellectualis,
560 1042 598 1072 de
622 1052 688 1083 quo
713 1049 759 1072 est
782 1052 897 1078 sermo,
922 1042 1048 1072 nullum
1072 1042 1182 1072 lumen
1206 1041 1301 1071 habet
1325 1050 1373 1070 ra·
1399 1041 1400 1049 ¹

1427 1050 1562 1072 servaret
1584 1042 1694 1072 lumen
1718 1042 1941 1081 propheticum
1966 1042 1998 1072 in
2023 1043 2142 1083 aliquo,
2168 1053 2232 1073 non
2258 1043 2316 1073 nisi
2340 1053 2396 1083 per
2419 1043 2497 1074 acci-

1427 1087 1504 1116 dens
1527 1093 1740 1126 permaneret,
1766 1086 1884 1116 habens
1909 1087 2085 1117 secundum
2110 1098 2142 1117 se
2166 1094 2309 1118 naturam
2334 1095 2495 1118 transeun-

1427 1130 1476 1162 tis.
1501 1148 1522 1153 —
1546 1131 1586 1160 Et
1614 1140 1670 1170 per
1700 1130 1776 1160 haec
1806 1140 1918 1161 sumus
1947 1141 1964 1160 a
1993 1131 2096 1171 primo
2128 1132 2226 1162 dubio
2257 1139 2287 1162 et
2310 1132 2496 1172 syllogismo

1428 1171 1573 1214 expediti.

1484 1219 1523 1249 V.
1547 1219 1712 1249 Secundus
1737 1225 1844 1248 autem
1869 1219 2073 1259 syllogismus
2096 1219 2190 1250 habet
2214 1221 2400 1251 antecedens
2424 1221 2496 1251 taci-

1428 1270 1508 1298 tum,
1525 1262 1642 1293 scilicet
1658 1263 1898 1293 conclusionem
1914 1264 2127 1303 praecedentis
2144 1264 2333 1304 syllogismi:
2351 1265 2393 1295 ita
2410 1265 2498 1305 quod

1429 1314 1475 1338 est
1498 1307 1684 1338 huiusmodi
1709 1307 1930 1348 enthymema:
1963 1308 2085 1338 Lumen
2112 1310 2334 1348 propheticum
2364 1319 2426 1339 non
2452 1315 2499 1340 est

1428 1353 1536 1382 lumen
1569 1352 1786 1382 intellectuale
1813 1362 1876 1392 per
1907 1352 2034 1382 modum
2058 1352 2192 1393 formae
2219 1355 2443 1393 permanentis
2469 1359 2499 1384 et

1423 1396 1600 1437 perfectae.
1625 1396 1831 1436 Relinquitur
1847 1406 1926 1437 ergo
1950 1397 2035 1436 quod
2051 1402 2097 1427 est
2106 1407 2169 1437 per
2184 1398 2312 1428 modum
2330 1398 2496 1428 cuiusdam

1429 1441 1647 1480 impressionis
1679 1441 1729 1470 uel
1753 1441 1917 1480 passionis
1945 1442 2151 1471 transeuntis.
2185 1442 2225 1471 Et
2256 1449 2321 1472 tota
2353 1443 2498 1482 quaestio

1429 1491 1539 1516 contra
1562 1485 1647 1514 hunc
1672 1494 1856 1524 processum
1881 1485 1920 1514 ad
1945 1485 2005 1515 hoc
2029 1486 2163 1521 devenit,
2188 1486 2262 1525 quia
2279 1496 2315 1515 ex
2331 1487 2499 1526 negatione

1427 1529 1512 1560 illius
1537 1529 1699 1559 coniuncti
1723 1529 1829 1564 simul,
1855 1529 1971 1559 scilicet
1995 1529 2116 1559 formae
2141 1531 2354 1570 permanentis
2379 1538 2408 1561 et
2433 1541 2500 1570 per-

1429 1574 1539 1609 fectae,
1564 1583 1630 1603 non
1653 1574 1727 1604 licet
1749 1573 1862 1604 inferre
1887 1583 2029 1604 seorsum
2055 1575 2260 1605 determinate
2283 1582 2404 1614 partem
2425 1585 2500 1605 con-

1427 1618 1537 1654 iuncti,
1562 1618 1654 1659 Ergo
1673 1628 1735 1648 non
1754 1624 1800 1649 est
1813 1628 1874 1658 per
1890 1618 2018 1649 modum
2027 1618 2163 1659 formae
2173 1621 2406 1658 permanentis.
2421 1637 2441 1642 -
2457 1619 2498 1649 Et

1428 1662 1555 1693 affertur
1571 1662 1718 1693 instantia
1735 1663 1773 1692 de
1793 1662 1914 1693 lumine
1931 1662 2014 1693 fidei.
2027 1681 2047 1686 -
2062 1663 2102 1693 Et
2117 1663 2149 1693 in
2167 1663 2332 1694 communi
2349 1663 2438 1694 facile
2455 1670 2501 1694 est

1429 1707 1535 1738 afferre
1558 1707 1760 1737 instantiam:
1785 1707 1861 1747 quia
1886 1717 1951 1737 non
1976 1707 2068 1742 valet,
2093 1708 2167 1738 Non
2191 1714 2237 1738 est
2262 1709 2437 1738 monachus
2452 1708 2500 1738 al-

1429 1752 1498 1789 bus,
1523 1752 1616 1792 Ergo
1641 1761 1703 1782 non
1728 1757 1775 1782 est
1797 1752 1982 1782 monachus.
2000 1769 2021 1774 -
2046 1752 2080 1781 In
2112 1752 2160 1782 his
2191 1752 2368 1782 secundum
2399 1752 2500 1782 consi-

1429 1797 1482 1827 stit
1505 1796 1641 1827 dubium
1657 1796 1684 1826 *.

1484 1841 1535 1871 Ad
1559 1841 1649 1881 quod
1677 1840 1791 1870 dicitur
1814 1841 1903 1880 quod
1927 1840 1959 1870 in
1989 1850 2101 1880 genere
2125 1840 2255 1870 luminis
2282 1841 2501 1871 intellectualis

1429 1896 1495 1916 non
1524 1886 1616 1916 datur
1644 1884 1787 1915 medium
1811 1885 1892 1915 inter
1916 1884 2053 1915 formam
2077 1892 2316 1924 permanentem
2340 1895 2375 1915 ac
2399 1885 2500 1925 perfe-

1429 1937 1527 1966 ctam,
1553 1935 1583 1960 et
1599 1929 1736 1959 formam
1762 1939 1817 1969 per
1841 1929 1977 1959 modum
1994 1929 2160 1969 passionis.
2192 1929 2232 1959 Et
2247 1936 2414 1969 propterea
2438 1932 2501 1959 Au-

1430 1981 1513 2010 ctor,
1539 1974 1600 2004 hoc
1631 1973 1840 2014 perspiciens,
1867 1983 1940 2004 cum
1964 1973 2074 2004 lumen
2106 1973 2338 2014 propheticum,
2365 1981 2399 2004 ut
2423 1973 2500 2004 infe-

1430 2019 1494 2049 rius
1509 2019 1527 2038 *
1550 2018 1679 2060 patebit,
1696 2018 1735 2048 sit
1751 2018 1783 2048 in
1806 2027 1918 2057 genere
1942 2018 2072 2048 luminis
2096 2018 2325 2054 intellectualis,
2351 2028 2387 2048 ex
2407 2028 2501 2058 nega-

1430 2063 1518 2095 tione
1549 2063 1672 2093 formae
1696 2063 1909 2102 permanentis
1938 2069 1968 2093 et
1992 2062 2146 2103 perfectae
2175 2063 2297 2102 optime
2327 2062 2499 2093 conclusit:

1430 2108 1638 2148 Relinquitur
1654 2108 1757 2148 igitur
1772 2107 1857 2148 quod
1871 2108 1913 2137 sit
1930 2117 1993 2147 per
2009 2107 2136 2137 modum
2161 2108 2368 2138 transeuntis.

1486 2153 1527 2183 Et
1550 2162 1606 2192 per
1621 2152 1682 2182 hoc
1704 2159 1788 2192 patet
1804 2151 1969 2192 responsio
1994 2158 2024 2182 et
2047 2152 2086 2181 ad
2110 2151 2294 2182 instantiam
2318 2151 2356 2181 de
2380 2151 2501 2181 lumine

1429 2195 1512 2227 fidei.
1538 2197 1622 2234 Quia
1646 2196 1731 2226 enim
1756 2206 1822 2226 non
1847 2202 1894 2226 est
1917 2196 1948 2226 in
1973 2205 2087 2235 genere
2110 2195 2240 2226 luminis
2264 2195 2500 2231 intellectualis,

1431 2247 1465 2270 ut
1490 2241 1542 2277 sic,
1568 2241 1761 2281 simpliciter,
1787 2241 1840 2270 sed
1865 2240 2041 2270 secundum
2066 2240 2158 2281 quid,
2184 2239 2302 2270 scilicet
2325 2240 2432 2280 quoad
2457 2250 2502 2269 as-

1430 2295 1560 2316 sensum
1583 2285 1816 2320 voluntarium
1843 2284 1924 2315 inter
1938 2284 2161 2315 intellectualia
2178 2294 2244 2314 non
2259 2284 2325 2314 sine
2341 2284 2503 2314 additione

1430 2330 1537 2370 aliqua
1561 2335 1766 2369 computatur
1785 2330 1824 2359 ab
1841 2329 2034 2359 auctoribus.
2058 2346 2079 2352 -
2102 2329 2170 2359 Nec
2186 2329 2292 2359 obstat
2307 2328 2399 2359 dictis
2415 2330 2503 2369 quod

1430 2374 1586 2415 superius,
1604 2374 1636 2404 in
1654 2380 1786 2404 tractatu
1811 2374 1849 2404 de
1868 2373 1930 2404 fide
1944 2373 1970 2409 *,
1997 2373 2118 2404 dictum
2134 2379 2180 2403 est
2199 2373 2287 2414 quod
2304 2372 2377 2403 fidei
2394 2373 2502 2403 lumen

1431 2419 1505 2450 facit
1521 2419 1629 2460 aliquo
1654 2419 1754 2449 modo
1770 2418 1886 2448 videre.
1911 2418 2076 2456 Quoniam
2099 2418 2178 2448 illud
2202 2418 2306 2447 videre
2323 2424 2388 2448 tarn
2412 2418 2502 2447 dimi-

1430 2471 1547 2494 nutum
1571 2470 1618 2494 est
1642 2470 1678 2494 ut
1702 2473 1760 2503 pro
1784 2462 1885 2493 nihilo
1910 2462 2062 2493 habeatur
2085 2462 2116 2492 in
2137 2472 2250 2502 genere
2265 2462 2395 2492 luminis
2412 2462 2503 2492 intel—

1430 2508 1573 2539 lectualis
1597 2507 1798 2548 simpliciter:
1831 2514 1866 2537 ut
1894 2514 1980 2547 patet
2010 2517 2046 2537 ex
2070 2506 2131 2537 hoc
2155 2507 2242 2547 quod
2268 2516 2325 2536 nec
2349 2506 2502 2546 principia

1431 2563 1488 2584 nec
1512 2552 1734 2583 conclusiones
1759 2551 1832 2582 facit
1854 2552 1969 2587 videre,
1994 2552 2048 2581 sed
2065 2551 2228 2591 quandam
2245 2550 2435 2581 diminutam
2455 2561 2502 2580 ra-

1430 2598 1563 2634 tionem,
1581 2596 1792 2627 credibilitatis
1815 2595 1940 2631 scilicet,
1965 2605 2046 2636 quae
2071 2602 2214 2626 extranea
2234 2601 2280 2624 est
2302 2595 2340 2624 ab
2364 2595 2440 2634 ipsis
2457 2605 2502 2625 re-

1430 2642 1539 2673 velatis
1563 2652 1645 2682 quae
1669 2641 1836 2672 credimus.
1862 2641 1954 2671 Unde
1976 2640 2008 2670 in
2025 2640 2083 2670 hac
2098 2639 2199 2670 littera
2222 2649 2365 2679 expresse
2388 2639 2503 2669 dicitur

1430 2687 1520 2728 quod
1544 2687 1654 2717 lumen
1678 2685 1889 2716 intellectuale
1920 2683 2041 2725 perficit
2063 2684 2106 2714 ad
2129 2683 2383 2724 cognoscendum
2407 2685 2501 2723 prin-

1432 2733 1560 2772 cipium.

1487 2776 1538 2806 Ad
1561 2774 1743 2805 instantiam
1768 2783 1843 2803 vero
1868 2782 2075 2803 communem
2103 2779 2188 2812 patet
2212 2771 2393 2811 responsio:
2426 2771 2501 2811 quia

1431 2820 1549 2851 scilicet
1572 2819 1658 2849 aliud
1682 2826 1728 2848 est
1751 2817 1840 2858 loqui
1870 2818 1907 2847 de
1932 2816 2158 2857 consequentia
2182 2816 2214 2845 in
2238 2825 2351 2855 genere
2374 2815 2499 2855 aliquo;

1431 2871 1462 2896 et
1485 2864 1582 2900 aliud,
1606 2864 1645 2894 de
1669 2862 1895 2902 consequentia
1919 2861 2110 2901 simpliciter.
2140 2860 2294 2897 Quamvis
2318 2860 2402 2889 enim
2427 2860 2499 2889 sim-

1431 2909 1554 2949 pliciter
1577 2917 1643 2938 non
1667 2907 1799 2942 valeret,
1828 2907 1901 2936 Non
1926 2911 1973 2936 est
1985 2905 2103 2946 forma
2123 2914 2319 2944 permanens
2343 2909 2373 2934 et
2390 2904 2500 2944 perfe-

1431 2959 1494 2990 cta,
1519 2953 1612 2993 Ergo
1636 2962 1699 2982 non
1725 2956 1770 2982 est
1788 2958 2006 2991 permanens:
2029 2950 2061 2980 in
2085 2950 2139 2980 tali
2164 2956 2269 2979 tamen
2292 2952 2415 2988 genere,
2441 2948 2500 2978 sci-

1430 2997 1503 3028 licet
1525 2996 1656 3027 luminis
1680 2995 1899 3026 intellectualis
1923 3001 1958 3025 ut
1982 2994 2035 3030 sic,
2060 2994 2187 3034 sequela
2212 3000 2258 3023 est
2277 2992 2408 3032 optima,
2426 2993 2501 3032 quia

1431 3041 1616 3072 immediata
1639 3046 1713 3070 sunt
1736 3046 1882 3070 extrema.
1915 3039 1965 3070 Sic
1989 3045 2096 3069 autem
2119 3038 2152 3068 in
2176 3037 2276 3068 littera
2301 3036 2419 3067 factum
2444 3044 2499 3068 est.

1432 3085 1582 3116 [nstantia
1606 3092 1713 3115 autem
1738 3083 1847 3114 obiicit
1869 3083 2063 3123 simpliciter.

1487 3130 1540 3161 VI.
1567 3130 1602 3160 ln
1627 3129 1742 3159 eodem
1761 3127 1894 3159 articulo
1917 3128 2068 3162 secundo,
2092 3126 2124 3156 in
2149 3125 2355 3166 responsione
2378 3125 2418 3154 ad
2442 3131 2500 3155 ter-

1431 3175 1527 3210 tium,
1553 3173 1688 3204 dubium
1711 3171 1847 3203 occurrit
1871 3171 1950 3202 circa
1973 3171 2069 3202 illud:
2098 3170 2299 3211 Cognoscere
2320 3169 2447 3201 occulta
2470 3175 2501 3200 et

1432 3220 1555 3249 incerta
1583 3218 1713 3248 divinae
1743 3217 1920 3256 sapientiae
1948 3221 1995 3246 est
2023 3224 2124 3256 supra
2148 3219 2300 3245 naturam
2323 3214 2499 3244 humanam

1431 3268 1586 3303 quantum
1611 3261 1656 3292 ad
1677 3261 1888 3292 substantiam
1913 3265 2013 3290 actus.
2046 3259 2129 3289 Nam
2153 3258 2269 3288 falsum
2292 3257 2416 3290 videtur
2438 3258 2501 3289 hoc

1431 3306 1634 3347 particulare:
1658 3313 1690 3336 et
1713 3304 1830 3335 falsum
1852 3304 1948 3334 etiam
1971 3303 2051 3334 illud
2075 3312 2258 3338 commune,
2275 3302 2393 3335 scilieet
2409 3302 2500 3342 quod

1431 3352 1524 3382 homo
1547 3351 1690 3382 elevetur
1706 3359 1771 3390 per
1792 3348 1913 3379 donum
1935 3349 2067 3389 gratiae
2090 3347 2134 3378 ad
2156 3348 2295 3387 aliquem
2313 3351 2422 3378 actum
2446 3347 2502 3387 qui

1433 3401 1479 3428 est
1509 3404 1610 3435 supra
1641 3399 1794 3424 naturam
1825 3393 2000 3424 humanam
2031 3396 2187 3433 quantum
2218 3391 2262 3422 ad
2288 3391 2498 3422 substantiam

1433 3445 1535 3471 actus.

1486 3484 1641 3514 Probatur
1663 3482 1815 3522 primum.
1841 3481 1925 3518 Quia
1949 3480 2055 3510 omnis
2075 3479 2218 3520 operatio
2242 3479 2418 3510 intellectus
2442 3479 2500 3508 hu-

1433 3528 1528 3564 mani,
1554 3527 1648 3558 etiam
1672 3536 1736 3567 qua
1759 3526 1791 3556 in
1815 3525 1914 3566 patria
1937 3525 2022 3555 videt
2044 3525 2151 3555 Deum
2174 3534 2229 3564 per
2248 3523 2425 3558 essentiam,
2443 3529 2498 3558 est,

1432 3573 1541 3614 quoad
1571 3570 1779 3602 substantiam
1810 3577 1918 3606 actus,
1943 3570 1982 3600 ab
2009 3569 2077 3610 ipsa
2103 3568 2279 3600 substantia
2306 3567 2497 3598 intellectus:

1431 3617 1504 3648 licet
1527 3616 1635 3657 quoad
1664 3614 1850 3656 qualitatem
1874 3614 1951 3651 eius,
1976 3613 2016 3646 sit
2039 3624 2057 3644 a
2081 3613 2134 3644 tali
2157 3612 2278 3643 lumine
2301 3612 2351 3642 vel
2378 3610 2496 3641 habitu.

1432 3660 1583 3702 Cognitio
1609 3670 1683 3700 ergo
1707 3669 1771 3700 qua
1794 3659 1950 3699 propheta
1974 3658 2136 3698 cognoscit
2159 3657 2284 3687 occulta
2305 3656 2433 3686 divinae
2447 3663 2497 3684 sa-

2322 3723 2355 3748 47

2530 1798 2538 1806 ¹
2552 1795 2623 1818 Num.
2639 1802 2662 1817 n.

2530 2025 2538 2033 ·
2563 2023 2611 2050 Qu.
2635 2028 2740 2050 cnxxrn,

2528 2053 2570 2071 art.
2585 2055 2605 2071 2:

2531 2378 2540 2387 ⁴
2561 2376 2608 2404 Qu.
2628 2383 2644 2403 1,
2659 2380 2701 2398 art.
2719 2384 2742 2404 4,

2530 2403 2559 2424 ad
2570 2410 2594 2432 3;
2609 2407 2678 2430 art.5,
2690 2403 2741 2424 adr.
