2768 4198
54 1483 62 1491 ⁸
70 1481 106 1502 De
115 1481 265 1509 Temperant.

54 1510 74 1518 '⁸
82 1508 107 1529 ln
116 1508 242 1536 resp.adar
261 1525 264 1528 .

53 1541 64 1560 ’4
79 1539 141 1557 cont.
162 1535 236 1556 concl.
261 1552 264 1555 .

54 1561 108 1584 ’CL
133 1568 172 1589 qu.
194 1568 265 1588 mar,

53 1593 94 1610 art.
110 1595 129 1617 3,

55 1700 62 1708 ·
79 1698 149 1719 Num⁴
166 1705 189 1720 11.

301 261 369 297 152

963 262 1232 308 QUAESTIO
1262 262 1438 311 CXLVI,
1467 263 1766 301 ARTICULUS
1798 265 1829 300 11

986 402 1322 434 Commentaria
1345 401 1597 436 cardinalis
1620 405 1822 438 Caietam
2036 412 2053 415 ”

326 510 345 530 N
369 500 502 531 articulo
527 501 668 530 secundo
696 500 840 530 eiusdem
868 497 1369 538 centesimaequadragesimaese—

299 512 395 575 lxtae
422 545 616 585 quaestionis
638 545 704 574 duo
728 549 908 574 occurrunt.
940 542 1085 572 Primum
1113 549 1160 572 est
1182 542 1214 571 in
1239 551 1369 582 respon-

295 588 383 619 sione
399 589 438 618 ad
455 589 596 629 primum
619 588 741 619 articuli
764 586 904 623 secundi,
921 587 1010 627 quod
1034 586 1200 626 responsio
1220 586 1369 616 Auctoris

294 643 361 663 non
374 633 481 663 solum
494 633 568 664 dicit
578 632 801 663 abstinentiam
818 631 1036 661 commendari
1047 641 1084 661 ex
1102 630 1170 660 aliis
1187 630 1368 667 virtutibus,

294 678 350 707 sed
374 677 468 708 etiam
493 687 559 707 non
579 676 795 707 commendari
820 676 879 706 nisi
896 675 1079 706 adiunctam
1103 675 1216 706 habeat
1239 675 1369 706 laudem

295 731 331 752 ex
355 721 422 752 aliis
439 722 615 756 virtutibus,
633 728 668 751 ut
683 720 854 751 auctoritas
878 719 1023 760 Gregorii
1048 720 1199 760 exposcit.
1225 720 1370 751 Sumitur

294 773 401 796 autem
417 776 527 796 sensus
551 766 608 795 iste
633 775 669 795 ex
686 775 724 795 eo
748 765 837 806 quod
861 765 893 795 in
914 764 1122 805 responsione
1142 765 1257 795 dicitur
1280 765 1369 806 quod
1395 768 1398 780 '

294 817 421 850 oportet
444 810 574 840 virtutes
598 819 664 840 esse
699 819 872 840 connexas:
899 819 934 840 ac
965 819 1021 850 per
1044 809 1123 846 hoc,
1147 809 1369 840 abstinentiam
1396 814 1397 818 ’

293 864 359 884 non
385 864 451 884 esse
474 855 623 885 virtutem
648 854 707 884 nisi
732 865 874 885 connexa
898 854 937 885 sit
960 854 1038 884 aliis.
1073 854 1115 884 Et
1138 861 1371 895 consequenter

293 908 359 928 non
383 905 430 929 est
456 891 624 929 laudabilis
655 899 715 929 nisi
740 909 777 930 ex
801 899 868 929 aliis
895 899 1149 930 commendetur.
1185 898 1271 930 Cum
1302 909 1369 940 quo
1396 893 1398 918 ἒ

292 950 378 983 patet
401 949 481 974 stare
498 944 587 984 quod
604 943 699 974 habet
715 943 879 984 propriam
903 943 1049 974 laudem:
1076 943 1158 974 sicut
1174 950 1295 974 ceterae
1311 944 1369 974 vir-

292 994 374 1018 tutes
398 988 546 1025 morales,
562 995 619 1019 etc.

292 1121 368 1162 quia
384 1121 501 1153 falsum
512 1122 638 1153 videtur
649 1124 739 1164 quod
757 1133 836 1154 usus
852 1124 1113 1154 vestimentorum
1126 1124 1169 1153 sit
1184 1123 1224 1153 ab
1236 1129 1308 1154 arte
1322 1124 1370 1153 in-

292 1166 470 1198 troductus.
495 1167 661 1204 Quoniam
676 1168 750 1198 licet
772 1168 961 1199 vestimenta
976 1166 1054 1198 fiant
1077 1177 1133 1208 per
1152 1174 1263 1205 artem,
1280 1169 1370 1209 quod

293 1218 423 1241 utamur
445 1219 553 1243 tamen
567 1212 769 1248 vestimento,
787 1223 804 1243 a
828 1219 940 1244 natura
955 1212 1122 1249 habemus,
1140 1222 1222 1253 quae
1247 1223 1307 1243 nos
1323 1213 1369 1243 in-

292 1255 434 1295 digentes
456 1256 646 1288 vestimento
669 1257 830 1298 produxit.
854 1258 967 1298 Neque
991 1257 1077 1288 enim
1108 1257 1215 1288 minus
1245 1265 1371 1288 natura·
1397 1270 1399 1280 ⁴

291 1300 361 1331 liter
385 1301 486 1332 homo
511 1309 557 1332 est
580 1302 699 1332 animal
722 1302 865 1333 vestibile
893 1312 991 1344 quam
1015 1302 1194 1343 politicum.

293 1390 332 1420 ab
357 1398 432 1427 arte,
451 1401 487 1422 ex
511 1391 573 1422 hoc
597 1402 663 1422 non
687 1399 770 1423 recte
793 1392 927 1423 infertur
950 1393 1040 1433 quod
1065 1392 1146 1423 circa
1172 1392 1281 1433 ipsum
1306 1403 1372 1423 non

293 1434 333 1465 sit
356 1435 462 1476 aliqua
485 1436 629 1476 specialis
648 1437 764 1467 virtus:
790 1443 826 1468 ut
848 1436 956 1468 obiicit
972 1436 1137 1474 Martinus,
1153 1437 1186 1467 in
1210 1437 1372 1478 praedicto

293 1486 426 1511 tractatu
441 1480 468 1517 *,
484 1481 518 1511 in
541 1491 597 1522 qu.
613 1492 624 1512 1
637 1481 672 1500 **
687 1482 725 1512 de
748 1482 959 1514 Abstinentia.
981 1482 1066 1519 Quia
1086 1492 1190 1523 neque
1214 1482 1295 1513 circa
1318 1493 1374 1523 pe-

294 1525 422 1555 cuniam
441 1532 472 1556 et
486 1526 713 1557 delectationes
735 1528 899 1567 appositas
913 1527 939 1563 *‚
957 1537 1063 1568 neque
1078 1526 1159 1557 circa
1183 1537 1299 1567 magna
1322 1538 1372 1558 ae-

294 1568 413 1606 dificia,
444 1580 548 1611 neque
577 1571 658 1602 circa
688 1571 784 1602 ludos
812 1572 934 1603 multos
964 1582 1106 1613 quorum
1140 1582 1217 1603 usus
1249 1579 1296 1603 est
1334 1573 1373 1603 ab

293 1622 368 1650 arte,
395 1622 498 1646 essent
521 1616 690 1656 ponendae
714 1616 865 1656 speciales
889 1617 1031 1648 virtutes.
1056 1617 1155 1654 Quod
1179 1624 1225 1648 est
1245 1617 1372 1648 falsum.

293 1659 389 1699 Ergo,
415 1667 474 1691 etc.

350 1704 403 1734 111.
429 1705 479 1735 Ad
497 1706 641 1745 primum
666 1705 814 1736 horum*
829 1705 920 1736 facile
938 1705 1052 1736 dicitur
1075 1707 1164 1747 quod
1189 1716 1266 1737 usus
1281 1707 1373 1738 vesti-

294 1756 479 1779 mentorum
497 1757 543 1780 est
566 1750 718 1780 naturalis
734 1750 859 1780 homini
882 1751 1062 1781 secundum
1078 1751 1168 1791 quod
1192 1758 1239 1782 est
1255 1751 1374 1782 animal

293 1794 458 1830 rationale,
476 1794 558 1825 sicut
581 1804 649 1824 esse
665 1794 851 1834 politicum:
876 1795 932 1825 sed
949 1805 1014 1825 non
1031 1803 1077 1826 est
1093 1795 1245 1826 naturalis
1269 1796 1374 1826 eidem

293 1839 471 1869 secundum
496 1846 642 1869 naturam
667 1838 859 1876 sensitivam,
880 1839 940 1869 nisi
959 1839 1149 1876 inchoative,
1166 1850 1226 1880 pro
1251 1848 1373 1881 quanto

294 1883 474 1923 complexio
506 1884 649 1924 corporis
681 1891 866 1924 praeparata
896 1891 943 1914 est
971 1892 1007 1915 ut
1036 1884 1228 1915 vestimento
1259 1885 1374 1916 melius

294 1935 508 1959 conservetur.
533 1928 633 1966 Quod
656 1935 764 1959 autem
789 1938 855 1960 non
879 1928 952 1969 plus
974 1939 1072 1970 quam
1097 1929 1141 1960 sic
1165 1929 1374 1961 naturalitatis

292 1972 398 2009 habet,
415 1974 454 2004 ab
478 1980 543 2004 arte
567 1973 699 2014 ponitur
722 1983 800 2004 esse.

348 2018 400 2048 Ad
423 2018 600 2049 secundum
634 2028 710 2049 vero
746 2018 861 2049 dicitur
891 2019 982 2059 quod
1006 2019 1101 2049 verba
1124 2019 1276 2050 Auctoris
1299 2029 1374 2060 pos—

293 2070 368 2094 sunt
390 2062 524 2104 intelligi
548 2062 726 2104 dupliciter.
747 2063 866 2100 Primo,
884 2070 920 2094 ut
943 2062 1116 2094 differentia
1141 2063 1174 2094 in
1198 2063 1260 2095 hoc
1284 2065 1373 2106 quod

292 2117 370 2138 usus
395 2108 551 2149 cuiusque
568 2108 717 2139 materiae
742 2115 789 2139 est
812 2119 829 2139 a
854 2115 966 2139 natura
992 2108 1043 2139 vel
1067 2109 1105 2139 ab
1129 2115 1204 2145 arte,
1223 2109 1263 2139 sit
1279 2119 1373 2140 causa

293 2152 485 2184 differentiae
505 2153 537 2183 in
561 2152 624 2184 hoc
643 2153 734 2194 quod
756 2153 789 2183 in
813 2153 867 2184 illa
887 2152 1019 2184 materia
1042 2153 1082 2184 sit
1104 2153 1204 2184 virtus
1229 2154 1374 2194 specialis

292 2198 343 2228 vel
366 2207 444 2228 non.
469 2198 510 2229 Et
525 2198 576 2229 hic
599 2207 712 2228 sensus
735 2204 782 2228 est
802 2205 950 2238 acceptus
974 2198 1013 2228 ab
1038 2205 1208 2238 arguente:
1234 2199 1289 2229 sed
1306 2209 1372 2230 non

293 2249 340 2273 est
363 2242 503 2273 intentus
527 2243 566 2273 ab
590 2245 742 2274 Auctore.

349 2287 498 2318 Secundo
534 2287 635 2318 modo
663 2294 770 2328 potest
796 2287 931 2327 intelligi
960 2287 1051 2328 quod
1074 2287 1250 2318 differentia
1279 2288 1371 2325 dicta,

294 2331 411 2362 scilicet
434 2342 452 2362 a
475 2339 587 2363 natura
610 2332 661 2363 vel
677 2338 752 2369 arte,
770 2331 875 2372 posita
894 2331 927 2362 in
943 2331 1059 2363 talibus
1084 2332 1233 2369 materiis,
1256 2332 1372 2364 scilicet

1424 509 1485 530 usu
1516 500 1745 532 alimentorum
1772 510 1803 534 et
1830 503 2113 541 vestimentorum,
2141 512 2188 536 est
2219 514 2312 535 causa
2342 504 2433 544 quod
2461 503 2500 533 sit

1424 544 1504 574 circa
1527 544 1677 576 alimenta
1700 547 1844 586 specialis
1867 548 1976 585 virtus,
1993 556 2024 579 et
2047 559 2114 579 non
2134 549 2215 580 circa
2238 548 2434 579 vestimenta.
2460 548 2501 578 Et

1424 588 1475 618 hic
1499 598 1610 619 sensus
1627 591 1835 622 concedatur:
1861 593 2007 633 quamvis
2032 593 2127 624 etiam
2144 604 2210 625 non
2235 593 2388 624 habeatur
2406 592 2500 633 plene

1423 632 1456 664 in
1480 633 1596 670 littera,
1622 634 1778 674 quoniam
1801 636 1975 676 apponitur
1997 638 2030 679 ly
2054 639 2172 679 magis,
2190 638 2341 669 dicendo:
2366 637 2410 668 Et
2431 637 2501 668 ideo

1425 678 1532 718 magis
1547 678 1638 709 debet
1654 688 1721 709 esse
1737 680 1840 710 virtus
1858 682 2006 720 specialis
2025 684 2112 713 circa
2129 683 2283 714 alimenta
2299 692 2395 723 quam
2413 683 2500 713 circa

1425 723 1622 753 vestimenta.
1648 723 1772 754 Directa
1787 723 1947 764 siquidem
1969 725 2105 757 intentio
2120 727 2242 758 litterae
2258 735 2304 758 est
2323 726 2501 758 satisfacere

1424 775 1613 806 argumento
1637 777 1693 808 per
1716 768 1778 798 hoc
1802 770 1891 808 quod
1915 779 1981 799 non
2002 778 2049 801 est
2068 781 2125 811 par
2140 772 2220 804 ratio
2245 772 2284 802 de
2307 771 2502 802 vestimentis

1425 818 1455 842 et
1478 811 1635 843 alimentis
1663 813 1702 842 ad
1727 812 1897 852 specialem
1913 813 2063 845 virtutem
2087 816 2146 846 sibi
2169 816 2412 847 vindicandum:
2438 816 2500 846 hoc

1425 856 1512 886 enim
1535 856 1630 887 solvit
1660 864 1886 897 argumentum
1910 868 1928 888 a
1951 859 2052 897 sicut,
2077 869 2132 890 seu
2158 870 2175 890 a
2206 860 2424 892 similitudine.
2460 861 2501 891 Et

1424 901 1639 941 imparitatem
1662 901 1792 932 rationis
1816 902 1956 933 ostendit
1985 913 2041 943 per
2064 904 2126 934 hoc
2150 905 2240 945 quod
2267 915 2345 936 usus
2369 905 2502 936 alimen—

1425 953 1534 976 torum
1558 954 1604 977 est
1628 957 1646 976 a
1662 954 1784 983 natura,
1800 947 2067 978 vestimentorum
2089 958 2165 979 vero
2181 949 2220 979 ab
2244 956 2318 980 arte.
2344 950 2395 980 Ad
2411 950 2502 980 cuius

1397 1020 1398 1025 ,
1425 990 1627 1027 evidentiam,
1645 991 1810 1021 sciendum
1827 998 1874 1022 est
1889 993 1989 1033 quod,
2006 992 2142 1024 dicendo
2167 1002 2245 1024 usus
2260 995 2500 1032 alimentorum,

349 1032 386 1062 11.
411 1032 596 1064 Secundum
627 1040 675 1064 est
697 1033 730 1063 in
760 1033 970 1074 responsione
999 1033 1039 1063 ad
1064 1033 1192 1063 tertium
1226 1034 1370 1064 eiusdem
1397 1033 1398 1036 ’

292 1076 425 1108 articuli.
450 1077 507 1108 Est
529 1077 690 1119 siquidem
712 1078 745 1108 in
770 1078 824 1108 illa
848 1078 966 1118 duplex
990 1077 1138 1108 dubium.
1173 1078 1280 1109 Unum
1306 1085 1369 1115 est,
1397 1087 1399 1094 ¹

1425 1035 1497 1066 dico
1514 1046 1611 1066 usum
1626 1036 1879 1067 necessariorum
1898 1036 2082 1078 simpliciter
2098 1038 2138 1068 ad
2160 1037 2260 1069 vitam
2283 1038 2439 1070 animalis.
2462 1039 2503 1069 Et

1425 1080 1450 1111 si
1475 1090 1571 1121 supra
1595 1080 1708 1111 talium
1731 1090 1828 1111 usum
1851 1081 2006 1121 adiungas
2030 1083 2120 1123 quod
2144 1089 2191 1113 est
2213 1093 2232 1113 a
2256 1089 2383 1119 natura,
2407 1083 2503 1114 habe-

1425 1125 1472 1156 bis
1497 1125 1603 1156 statim
1627 1126 1716 1166 quod
1740 1132 1853 1157 natura
1875 1126 1907 1156 in
1931 1126 1986 1157 tali
2010 1137 2071 1158 usu
2095 1127 2247 1168 apposuit
2269 1127 2412 1168 aliquam
2436 1137 2502 1159 ma-

1424 1170 1544 1200 ximam
1568 1180 1604 1200 ac
1628 1170 1791 1211 propriam
1815 1170 1869 1202 tali
1894 1171 1967 1202 usui
1983 1172 2243 1203 delectationem:
2267 1171 2425 1213 quoniam
2441 1172 2504 1203 sol—

1424 1215 1510 1246 licita
1533 1215 1614 1245 circa
1638 1215 1812 1246 necessaria
1837 1216 1880 1246 sic
1905 1216 2079 1247 necessaria
2101 1227 2159 1247 sua
2181 1217 2274 1248 valde
2297 1223 2352 1248 est.
2378 1219 2425 1247 Ac
2448 1226 2505 1256 per

1425 1259 1488 1291 hoc
1512 1259 1619 1290 statim
1642 1259 1739 1290 habes
1763 1260 1972 1300 indigentiam
1995 1261 2139 1302 specialis
2170 1261 2411 1293 moderationis.
2448 1261 2503 1292 Di-

1398 1325 1400 1336 >
1426 1305 1528 1336 cendo
1553 1312 1662 1335 autem
1686 1314 1764 1336 usus
1788 1306 2061 1344 vestimentorum,
2082 1305 2226 1347 significo
2250 1316 2347 1337 usum
2370 1306 2414 1337 rei
2438 1316 2504 1337 non

348 1346 496 1377 Alterum
514 1354 560 1377 est
582 1347 669 1388 quia,
686 1347 761 1378 dato
786 1347 876 1388 quod
900 1357 976 1378 usus
1000 1347 1265 1378 vestimentorum
1291 1355 1372 1378 esset
1398 1358 1399 1367 ¹

1427 1349 1574 1387 omnino,
1590 1350 1646 1380 sed
1665 1350 1708 1386 ‚ad
1728 1350 1807 1380 bene
1832 1360 1899 1381 esse
1923 1351 2126 1383 necessariae.
2150 1351 2191 1382 Et
2206 1351 2232 1382 si
2251 1361 2347 1392 super
2371 1351 2433 1382 hoc
2449 1361 2504 1392 ap-
2533 1376 2537 1377 γ

1399 1427 1400 1432 ,
1427 1394 1572 1435 posueris
1592 1395 1681 1435 quod
1698 1394 1768 1425 talis
1792 1395 1836 1425 rei
1861 1405 1938 1426 usus
1955 1402 2001 1426 est
2024 1397 2063 1427 ab
2088 1403 2163 1433 arte,
2181 1406 2247 1426 non
2264 1396 2361 1427 habes
2384 1395 2504 1436 aliquid

1427 1439 1563 1480 speciale
1586 1447 1616 1470 et
1640 1439 1808 1480 proprium
1824 1440 2028 1471 retractivum
2051 1451 2070 1471 a
2093 1442 2182 1472 bono
2205 1440 2346 1478 rationis,
2363 1441 2446 1472 sicut
2461 1440 2505 1471 ibi

1400 1515 1401 1519 ,
1427 1492 1492 1515 erat
1517 1491 1582 1515 tam
1607 1494 1722 1524 magna
1746 1484 1913 1516 delectatio
1937 1485 2109 1516 sensibilis:
2135 1492 2241 1526 potest
2264 1485 2351 1517 enim
2375 1486 2446 1517 talis
2461 1485 2505 1516 rei

1428 1539 1515 1564 usus,
1533 1529 1589 1570 qui
1605 1535 1652 1559 est
1674 1529 1713 1559 ab
1738 1536 1813 1565 arte,
1836 1539 2025 1561 concurrere
2049 1541 2123 1561 cum
2153 1530 2260 1572 aliqua
2282 1530 2344 1562 alia
2374 1529 2504 1562 materia

1400 1588 1401 1592 =
1427 1575 1467 1605 ad
1491 1574 1626 1604 eandem
1649 1572 1788 1604 formam
1813 1575 2040 1606 moderaminis
2068 1575 2336 1607 subinduendam.
2369 1575 2410 1606 Et
2432 1575 2506 1607 ideo

1429 1629 1465 1650 ex
1488 1619 1547 1649 hac
1575 1618 1697 1650 ratione
1721 1618 1843 1659 optime
1874 1619 1998 1651 illatum
2022 1627 2069 1651 est
2091 1621 2124 1651 in
2155 1620 2257 1651 littera
2279 1621 2369 1661 quod
2398 1620 2506 1661 potius

1428 1664 1522 1694 debet
1541 1663 1619 1703 poni
1643 1663 1787 1703 specialis
1802 1663 1902 1694 virtus
1926 1664 2006 1695 circa
2031 1675 2126 1695 usum
2143 1665 2370 1696 alimentorum
2395 1665 2506 1696 mode-

1427 1709 1564 1739 randum
1593 1718 1694 1750 quam
1716 1708 1992 1740 vestimentorum.

1485 1753 1526 1783 Et
1548 1763 1604 1793 per
1627 1752 1705 1783 haec
1728 1759 1814 1793 patet
1837 1754 1926 1794 quod
1950 1764 2018 1784 non
2034 1761 2162 1795 oportet
2184 1754 2322 1786 Martino
2347 1754 2436 1785 aliter
2458 1764 2506 1785 re-

1428 1798 1596 1838 spondere,
1612 1797 1669 1838 qui
1684 1807 1752 1827 non
1769 1805 1878 1828 contra
1893 1798 2029 1829 litteram
2046 1799 2090 1830 sic
2108 1799 2311 1836 intellectam,
2328 1799 2384 1830 sed
2400 1798 2506 1839 primo

1427 1848 1553 1872 tantum
1577 1841 1688 1878 mod0‚
1706 1842 1819 1882 arguit.
1843 1843 2000 1880 Quamvis
2024 1843 2140 1874 falsum
2157 1844 2241 1875 dicat
2260 1845 2299 1875 de
2314 1850 2363 1875 tot
2387 1843 2507 1884 specie-

1427 1887 1488 1916 bus
1511 1885 1667 1916 virtutum
1697 1896 1778 1926 quas
1808 1887 1974 1927 ponendas
1998 1897 2065 1918 esse
2094 1895 2195 1928 putat.
2226 1889 2293 1919 Nec
2316 1895 2363 1919 est
2393 1898 2506 1919 verum

1427 1931 1519 1972 quod
1541 1930 1649 1973 aliqua
1672 1929 1772 1961 virtus
1795 1931 1940 1971 specialis
1963 1931 2003 1962 sit
2027 1932 2108 1963 circa
2138 1932 2324 1973 pecuniam:
2350 1932 2508 1974 quoniam

1427 1983 1493 2006 tam
1516 1975 1686 2006 liberalitas
1710 1985 1809 2016 quam
1834 1974 2070 2017 magnificentia
2088 1977 2157 2008 sine
2179 1977 2333 2018 pecunia,
2358 1986 2396 2008 ex
2419 1986 2507 2008 com-

1427 2020 1608 2052 mutatione
1631 2020 1827 2051 naturalium
1850 2021 2044 2058 divitiarum,
2060 2021 2195 2054 exerceri
2214 2028 2332 2063 potest,
2351 2028 2388 2053 ut
2411 2028 2508 2062 patet.

1427 2064 1580 2097 Similiter
1603 2065 1692 2096 nulla
1715 2065 1859 2106 specialis
1883 2065 1983 2097 virtus
1999 2066 2130 2098 moralis
2154 2073 2201 2098 est
2219 2066 2300 2099 circa
2323 2076 2441 2108 magna
2455 2075 2507 2097 ae-

1428 2109 1531 2141 dificia
1549 2116 1604 2140 aut
1619 2110 1715 2140 ludos
1739 2109 1915 2142 artificiales
1939 2117 1995 2142 aut
2011 2111 2237 2144 delectationes
2261 2110 2434 2153 appositas,
2452 2111 2508 2142 sed

1428 2155 1504 2186 haec
1528 2154 1716 2186 coincidunt
1738 2165 1813 2186 cum
1837 2155 1994 2187 similibus
2011 2155 2069 2187 sibi
2094 2156 2233 2188 materiis
2255 2156 2429 2188 virtutum:
2455 2155 2508 2187 de·

1427 2199 1612 2230 lectationes
1635 2199 1722 2230 enim
1745 2200 1911 2240 appositae
1936 2201 2166 2232 coordinantur
2190 2211 2266 2232 cum
2288 2200 2507 2238 naturalibus,

1428 2251 1458 2275 et
1475 2250 1522 2275 est
1545 2244 1626 2275 circa
1641 2254 1694 2275 eas
1718 2244 1907 2276 abstinentia
1923 2246 1974 2276 vel
1990 2246 2132 2283 castitas;
2155 2246 2225 2277 ludi
2244 2255 2378 2288 quoque
2393 2254 2508 2277 omnes

1428 2289 1468 2319 ad
1491 2289 1699 2329 eutrapeliam
1715 2296 1873 2329 spectant;
1898 2299 2014 2330 magna
2031 2290 2174 2322 aedificia
2194 2292 2255 2322 sub
2278 2290 2403 2331 magnis
2419 2300 2508 2322 sum·

1426 2333 1534 2374 ptibus
1558 2333 1876 2374 comprehenduntur
1904 2335 2121 2376 spectantibus
2151 2335 2191 2366 ad
2227 2334 2506 2376 magnificentiam.
