2768 4198
46 510 143 558 ’Cfipisn
156 509 215 533 Lm,
230 509 258 530 al.

146 563 161 593 ζ

914 320 1183 366 QUAESTIO
1214 320 1463 368 CLXXXIX,
1493 322 1789 359 ARTICULUS
1819 323 1854 359 X

288 403 346 434 cto
375 397 548 434 assiduus
575 402 664 433 esto.
696 397 738 433 In
767 396 904 445 quibus
932 405 1062 434 tamen
1090 410 1169 435 non
1193 406 1249 435 est
1278 399 1359 435 diu·
1385 414 1387 462 1
1414 400 1610 436 occasione
1653 401 1833 438 redeundi
1868 403 2021 439 domum
2066 409 2101 440 et
2136 416 2221 441 cum
2253 406 2476 455 propinquis

288 459 399 488 tuma
442 444 662 487 deliberatio
705 448 895 487 habenda.
943 446 1055 488 Unde
1098 451 1359 500 Hieronymus

289 504 388 551 dicit,
410 502 448 540 in
473 500 646 552 Epistola
665 503 717 539 ad
733 502 937 539 Paulinum
956 503 993 540 *2
1023 505 1186 550 Festina,
1207 518 1359 554 quaeso,
1387 534 1388 541 ,

288 564 341 594 te.-
377 563 414 594 et
438 555 640 594 haerenti‘
669 556 707 592 in
735 556 816 593 salo
845 557 1046 594 naviculae
1065 559 1207 606 funem
1236 560 1361 609 magis

283 611 464 659 praecide
491 621 607 658 quam
636 610 750 646 solve.

341 663 475 701 Tertio
515 669 643 700 autem
677 668 803 711 potest
841 663 1073 700 considerari
1106 665 1247 701 modus
1280 665 1363 701 reli-

288 717 443 766 gionem
472 716 652 762 intrandi,
685 723 720 752 et
748 722 866 763 quam
896 716 1115 764 religionem
1146 718 1279 767 aliquis
1309 718 1363 754 in-

288 770 395 819 gredi
424 770 576 807 debeat.
611 766 659 806 Et
689 770 736 806 de
766 769 904 806 talibus
933 777 1060 819 potest
1087 771 1201 808 etiam
1232 771 1366 808 haberi
1389 776 1391 813 ἒ
1417 772 1549 808 turrim
1569 773 1771 810 aedificare
1791 774 1821 810 si
1841 784 2015 824 sumptus
2035 777 2193 814 habeat:
2223 778 2290 815 sed
2314 779 2388 815 hoc
2407 780 2478 816 sub

290 823 494 861 consilium
524 835 613 860 cum
643 822 701 859 his
730 822 796 871 qui
824 835 903 859 non
931 823 1154 872 impediant.

343 880 404 914 Au
433 889 572 914 PRIMUM
601 887 701 913 eaeo
735 887 922 913 meramnum
952 877 1071 924 quod,
1098 889 1186 913 curn
1217 878 1365 925 dicitur,

289 932 454 969 Probate
489 931 642 979 spiritus
668 930 703 966 si
738 941 788 966 ex
824 931 908 966 Deo
944 935 1051 976 sunt,
1086 931 1214 967 locum
1250 932 1367 968 habet

290 985 329 1022 in
358 985 419 1022 his
448 997 548 1033 quae
579 983 696 1021 dubia
716 991 803 1020 sunt
831 991 959 1020 utrum
991 983 1143 1032 spiritus
1171 984 1242 1020 Dei
1270 985 1315 1021 sit
1335 990 1366 1021 η.

290 1093 444 1142 ligione,
466 1099 594 1128 utrum
623 1091 683 1128 ille
713 1090 779 1139 qui
808 1090 980 1138 religioni
1009 1103 1050 1127 se
1079 1090 1203 1137 offert,
1226 1091 1368 1140 Spiritu

291 1147 366 1184 Dei
386 1146 559 1191 ducatur,
581 1157 630 1182 an
650 1144 826 1181 simulate
847 1144 1020 1180 accedat:
1050 1151 1087 1180 et
1115 1144 1202 1180 ideo
1227 1145 1368 1182 debent

291 1200 542 1238 accedentem
563 1199 742 1248 probare,
758 1206 888 1234 utrum
904 1197 1032 1234 divino
1055 1197 1187 1246 spiritu
1208 1210 1368 1235 movea-
1394 1193 1395 1217 ³

291 1261 365 1291 tur.
401 1253 479 1290 Sed
499 1252 548 1289 illi
567 1252 633 1301 qui
653 1252 702 1289 ad
723 1252 944 1300 religionem
967 1251 1126 1297 accedit,
1148 1264 1226 1288 non
1245 1260 1370 1300 potest

234 1337 256 1339 ⁷-
291 1319 378 1344 esse
398 1306 559 1344 dubium
588 1319 636 1343 an
656 1306 899 1355 propositum
921 1305 967 1342 de
989 1305 1160 1353 ingressu
1181 1305 1369 1353 religionis

56 1910 67 1922 ⁰
81 1908 149 1933 Vm.
163 1915 195 1932 ιο.

292 1361 332 1398 in
353 1361 469 1398 corde
490 1360 571 1397 eius
600 1367 775 1397 exortum
796 1359 843 1396 sit
862 1371 885 1396 a
905 1359 1047 1408 Spiritu
1076 1358 1161 1406 Dei,
1183 1359 1290 1396 cuius
1316 1367 1372 1396 est
1396 1355 1397 1375 ³

261 1431 268 1438 ·
293 1415 433 1452 ducere
465 1414 657 1451 hominem
694 1414 731 1450 in
765 1419 908 1450 terram
943 1418 1086 1450 rectam
1106 1412 1137 1450 ²⁸.

303 1491 313 1498 ·
348 1470 434 1506 Nec
463 1476 621 1517 propter
648 1468 724 1504 hoc
753 1467 966 1505 ostenditur
993 1479 1073 1504 non
1093 1478 1176 1503 esse
1207 1477 1252 1502 ex
1271 1466 1370 1513 Deo,

293 1523 401 1573 quod
429 1522 546 1572 aliqui
574 1521 831 1559 retrocedunt.
862 1522 954 1558 Non
985 1520 1088 1557 enim
1119 1531 1236 1556 omne
1266 1521 1370 1568 quod

295 1584 352 1614 est
380 1589 402 1614 a
431 1577 530 1623 Deo,
552 1583 609 1613 est
632 1575 940 1624 incorruptibile:
971 1573 1154 1623 alioquin,
1176 1581 1372 1610 creaturae

296 1630 562 1680 corruptibiles
596 1641 675 1666 non
712 1637 838 1666 essent
868 1641 913 1665 ex
942 1629 1047 1675 Deo,
1083 1636 1126 1665 ut
1155 1627 1374 1665 Manichaei
1399 1633 1400 1637 ’

238 1731 242 1736 .
297 1684 429 1722 dicunt
447 1683 489 1729 *ς
523 1695 651 1732 neque
681 1683 795 1720 etiam
829 1682 944 1731 aliqui
974 1683 1039 1731 qui
1068 1682 1211 1719 habent
1240 1694 1262 1718 a
1287 1683 1373 1718 Deo

296 1738 470 1787 gratiam,
500 1744 659 1787 possent
687 1737 790 1774 illam
820 1736 1011 1783 amittere,
1042 1735 1147 1785 quod
1177 1735 1290 1772 etiam
1320 1743 1376 1772 est

296 1791 545 1830 haereticum.
577 1791 655 1828 Sed
684 1790 882 1828 consilium
911 1790 987 1827 Dei
1014 1797 1070 1826 est
1098 1789 1374 1837 indissolubile,

297 1858 378 1895 quo
408 1844 527 1883 etiarn
549 1844 809 1894 corruptibilia
829 1851 866 1881 et
885 1843 1082 1881 mutabilia
1102 1843 1210 1880 facit:
1241 1855 1377 1880 secun-

299 1900 394 1938 dum
423 1899 515 1936 illud
545 1898 665 1936 Isaiae
686 1910 769 1936 nvi
790 1897 831 1935 *:
866 1898 1074 1935 Consilium
1099 1909 1226 1935 meum
1253 1898 1376 1944 stabit,

270 1975 274 1978 -
298 1959 333 1991 et
360 1953 484 1990 omnis
512 1953 686 1990 voluntas
714 1964 800 1989 mea
818 1953 903 2000 fiet.
938 1952 987 1988 Et
1015 1951 1103 1989 ideo
1134 1951 1376 2000 propositum

55 2118 198 2168 2352‘2‘2,

57 2283 68 2296 ⁸
82 2283 148 2306 von.
163 2288 195 2311 ¹7-

60 2386 142 2416 ·vm.
151 2393 179 2421 ⁶;
190 2392 274 2416 ιιιιιιι.

59 2426 111 2459 ‹jup-
120 2427 144 2445 x.
154 2425 214 2443 ven.
223 2418 274 2468 3ὄῆ

60 2502 72 2514 ·
84 2490 152 2524 v'en.
166 2500 200 2523 σι.

63 2818 74 2828 ⁸
88 2816 156 2840 Vm.
170 2816 206 2839 fia.

298 2007 347 2045 de
362 2007 536 2056 ingressu
548 2006 737 2055 religionis
753 2018 832 2043 non
848 2005 990 2054 indiget
1004 2005 1232 2054 probatione
1248 2013 1377 2043 utrum

298 2061 346 2098 sit
373 2073 396 2098 a
424 2062 532 2098 Deo:
562 2060 653 2109 quia
681 2065 784 2097 certa
810 2060 1039 2097 discussione
1067 2071 1142 2096 non
1163 2064 1275 2109 egent
1289 2055 1315 2106 ⁰,
1336 2067 1378 2096 ut

299 2114 391 2153 dicit
424 2115 564 2153 Glossa
587 2113 628 2161 ²¹⁸,
667 2126 783 2163 super
818 2114 910 2151 illud
946 2115 959 2150 I
989 2114 1042 2151 ad
1071 2114 1196 2150 Tlaess.
1226 2113 1294 2150 ult.
1313 2112 1376 2161 **,
1403 2113 1405 2121 ⁴

303 2168 443 2206 Omnia
460 2169 640 2217 probate.

353 2224 413 2270 Au
441 2233 635 2260 SECUNDUM
664 2233 851 2258 memnon
879 2221 1009 2270 quod,
1046 2220 1142 2257 sicut
1168 2209 1261 2257 caro
1289 2232 1378 2257 con·
1404 2249 1405 2268 ÷

298 2277 457 2326 cupiscit
482 2277 665 2314 adversus
691 2275 878 2324 spiritum,
908 2282 949 2312 ut
978 2274 1114 2311 dicitur
1146 2274 1271 2311 Galat.
1296 2285 1320 2310 v
1337 2273 1377 2320 *3

299 2330 351 2368 ita
379 2330 493 2368 etiam
529 2330 748 2379 frequenter
775 2328 889 2366 amici
920 2329 1092 2365 carnales
1126 2327 1380 2365 adversantur

300 2384 490 2434 profectui
527 2382 732 2432 spirituali:
769 2382 983 2420 secundum
1012 2382 1105 2419 illud
1133 2381 1251 2418 Mich.
1271 2380 1378 2418 V11*:
1404 2381 1406 2388 ⁴

300 2438 456 2476 Inimici
480 2438 644 2475 hominis
672 2437 867 2474 domestici
898 2437 988 2473 eius.
1018 2436 1132 2474 Unde
1157 2435 1322 2484 Cyrillus
1344 2434 1376 2483 *,
1405 2431 1407 2442 ¹

302 2504 502 2542 exponens
530 2491 622 2529 illud
652 2492 746 2528 Luc.
768 2503 803 2528 ix
821 2490 853 2538 ³⁸,
882 2490 1061 2527 Permitte
1079 2502 1141 2527 me
1160 2490 1380 2527 renuntiare

306 2708 420 2744 lentes
448 2719 572 2756 aequa
599 2718 744 2756 sapere,
770 2706 912 2744 indicat
928 2706 1053 2743 adhuc
1072 2711 1273 2754 utcumque
1301 2705 1381 2742 lan-

305 2766 484 2812 guentem
521 2767 556 2798 et
591 2761 836 2798 recedentem.
878 2761 1040 2810 Propter
1076 2760 1196 2809 quod,
1226 2759 1331 2796 audit
1357 2770 1382 2795 a

306 2815 475 2853 Domino
490 2815 530 2852 *ε
558 2830 578 2849 «
595 2815 736 2861 Nemo,
756 2826 843 2851 cum
858 2815 1031 2863 posuerit
1048 2825 1206 2851 manum
1226 2813 1278 2850 ad
1295 2824 1383 2849 ara-

306 2875 408 2906 trum
443 2874 479 2906 et
509 2869 703 2918 aspexerit
737 2874 860 2914 retro,
897 2868 1034 2905 habilis
1060 2873 1115 2904 est
1141 2867 1193 2904 ad
1219 2878 1383 2917 regnum
1408 2864 1410 2901 ἲ

2398 327 2469 364 553

1414 454 1645 501 conferendi.

1468 509 1527 543 An
1546 518 1707 544 TERTmM
1736 519 1921 546 mcENDum
1949 510 2055 557 quod
2084 522 2151 558 per
2171 511 2474 550 aedificationem

1387 556 1389 602 l
1416 559 1527 596 turris
1547 560 1779 607 significatur
1802 562 1982 610 perfectio
2004 563 2238 601 Christianae
2257 565 2370 602 vitae.
2399 568 2476 603 Ab·

1388 614 1389 640 ἶ
1417 613 1643 649 renuntiatio
1682 622 1809 650 autem
1844 616 2087 663 propriorum
2127 623 2182 654 est
2217 624 2391 667 sumptus
2429 620 2477 656 ad

1417 665 1695 703 aedificandam
1728 668 1873 704 turrim.
1917 669 2053 706 Nullus
2087 671 2214 707 autem
2245 671 2390 708 dubitat
2415 673 2477 709 vel

1418 718 1600 756 deliberat
1628 732 1676 756 an
1703 720 1794 757 velit
1820 722 1962 759 habere
1991 731 2173 771 sumptus,
2202 725 2263 761 vel
2289 738 2337 762 an
2362 726 2480 774 possit

1419 825 1689 862 deliberatione
1718 827 1883 875 ponitur,
1906 841 1954 865 an
1975 830 2107 878 aliquis
2128 839 2301 879 sumptus
2328 833 2478 869 habeat.

1391 896 1392 911 ι
1421 877 1600 915 Similiter
1637 880 1706 915 sub
1744 880 2014 918 deliberatione
2052 884 2187 920 cadere
2225 896 2302 920 non
2332 892 2482 933 oportet

1419 939 1547 967 utrum
1572 931 1705 980 aliquis
1734 933 1870 970 debeat
1891 936 2155 973 abrenuntiare
2176 938 2354 974 omnibus
2383 951 2479 987 quae

1392 1034 1393 1037 Ἰ
1420 984 1607 1032 possidet:
1638 986 1699 1021 vel
1729 986 1778 1033 si,
1807 987 1882 1023 hoc
1910 988 2104 1036 faciendo,
2134 990 2182 1026 ad
2210 991 2481 1038 perfectionem

292 1039 398 1076 Sicut
427 1038 589 1076 dubium
618 1044 744 1087 potest
768 1049 851 1073 esse
880 1036 938 1073 his
967 1037 1031 1086 qui
1050 1037 1127 1074 iam
1147 1045 1234 1073 sunt
1253 1037 1290 1074 in
1311 1050 1367 1074 re·
1393 1040 1394 1043 ’

1419 1038 1621 1085 pervenire
1642 1039 1772 1086 possit.
1801 1041 1877 1077 Sed
1896 1042 1970 1078 hoc
1991 1042 2090 1079 cadit
2109 1044 2179 1079 sub
2200 1044 2481 1091 deliberatione,

1420 1098 1547 1127 utrum
1578 1092 1652 1128 hoc
1681 1092 1786 1140 quod
1815 1093 1917 1139 facit,
1948 1095 1994 1131 sit
2021 1097 2287 1133 abrenuntiare
2312 1099 2483 1135 omnibus

1394 1178 1395 1184 ,
1421 1156 1519 1192 quae
1531 1144 1742 1192 possidet*:
1768 1146 1857 1193 quia
1876 1147 1946 1183 nisi
1966 1149 2296 1197 abrenuntiaverit,
2309 1152 2413 1198 quod
2430 1160 2484 1188 est

1423 1206 1597 1246 sumptus
1626 1199 1780 1244 habere,
1808 1211 1881 1236 non
1904 1207 2036 1248 potest,
2061 1210 2102 1238 ut
2130 1203 2271 1240 ibidem
2301 1205 2483 1252 subditur,

1427 1252 1566 1288 Christi
1583 1263 1662 1288 esse
1680 1252 1892 1300 discipulus,
1913 1255 2017 1301 quod
2040 1263 2093 1291 est
2121 1256 2250 1293 turrim
2271 1257 2483 1295 aedificare.

1476 1305 1614 1341 Timor
1643 1313 1771 1342 autem
1801 1318 1934 1343 eorum
1964 1307 2028 1355 qui
2051 1309 2238 1357 trepidant
2265 1323 2312 1346 an
2341 1323 2409 1359 per
2429 1324 2484 1347 re-

1396 1398 1397 1402 *
1422 1357 1572 1405 ligionis
1602 1358 1814 1406 ingressum
1849 1360 1994 1408 possint
2022 1361 2070 1398 ad
2098 1363 2369 1410 perfectionem
2404 1377 2486 1413 per-

1423 1411 1567 1458 venire,
1589 1420 1644 1448 est
1667 1412 1946 1459 irrationabilis;
1977 1422 2012 1450 et
2030 1420 2046 1435 “
2075 1416 2282 1453 multorum
2312 1419 2486 1467 exemplo

1397 1468 1399 1518 ff
1425 1465 1675 1501 convincitur.
1693 1466 1805 1502 Unde
1820 1467 2053 1514 Augustinus
2070 1468 2166 1515 dicit,
2178 1470 2263 1506 VIII
2281 1471 2487 1519 Confess.*:

1398 1528 1399 1561 ξ
1424 1518 1679 1567 Aperiebatur
1706 1520 1754 1555 ab
1774 1531 1818 1555 ea
1836 1525 1948 1567 parte
1967 1532 2040 1568 qua
2062 1522 2293 1559 intenderam
2307 1522 2321 1545 λ
2329 1525 2488 1572 faciem,

1399 1619 1400 1624 1
1425 1578 1462 1608 et
1488 1583 1561 1620 quo
1591 1573 1753 1609 transire
1781 1573 2026 1620 trepidabam,
2057 1581 2158 1612 casta
2186 1576 2349 1625 dignitas
2376 1579 2490 1614 conti-

1427 1627 1587 1671 nentiae,
1617 1627 1769 1662 honeste
1797 1627 1991 1664 blandiens
2021 1634 2059 1664 ut
2085 1629 2252 1665 venirem
2281 1642 2400 1678 neque
2427 1633 2492 1668 du-

1427 1680 1600 1725 bitarem,
1630 1686 1666 1716 et
1692 1681 1895 1717 extendens
1919 1682 1970 1717 ad
1991 1693 2051 1717 me
2068 1683 2342 1730 suscipiendum
2361 1690 2397 1720 et
2413 1697 2492 1721 am-

1400 1744 1401 1780 3
1421 1733 1661 1782 plectendum
1684 1734 1771 1782 pias
1799 1746 1935 1771 manus
1956 1735 2091 1782 plenas
2108 1737 2290 1786 gregibus
2309 1738 2492 1775 bonorum

1429 1787 1704 1836 exemplorum.
1739 1788 1800 1824 Ibi
1817 1794 1868 1824 tot
1881 1789 1996 1836 pueri
2013 1795 2048 1825 et
2058 1790 2229 1837 puellae,·
2257 1791 2308 1827 ibi
2325 1792 2494 1829 iuventus

1401 1878 1403 1881 ⁴
1430 1841 1548 1878 multa
1569 1847 1605 1878 et
1622 1842 1743 1878 omnis
1762 1847 1877 1887 aetas,
1902 1847 1938 1878 et
1958 1854 2097 1892 graves
2122 1844 2258 1880 viduae
2276 1850 2312 1881 et
2327 1845 2494 1895 virgines

1430 1907 1538 1932 anus.
1559 1896 1749 1932 Irridebat
1762 1908 1822 1932 me
1840 1896 2013 1932 irrisione
2031 1898 2300 1944 exhortatoria,
2317 1900 2426 1946 quasi
2441 1900 2493 1936 di-

1431 1955 1551 1986 ceret:
1576 1950 1632 1986 Tu
1653 1961 1727 1986 non
1743 1950 1884 1998 poteris
1904 1950 2005 1998 quod
2022 1951 2080 1987 isti
2101 1956 2136 1987 et
2163 1951 2279 1988 istae?
2304 1953 2365 1988 An
2386 1953 2446 1989 isti
2462 1959 2497 1989 et

1431 2003 1524 2040 istae
1543 2003 1580 2040 in
1599 2003 1804 2052 semetipsis
1827 2009 1995 2052 possunt,
2015 2009 2050 2040 et
2076 2016 2150 2041 non
2171 2005 2208 2041 in
2228 2006 2393 2043 Domino
2412 2007 2495 2043 Deo

1430 2056 1531 2094 suo?
1563 2057 1663 2100 Quid
1689 2057 1726 2093 in
1756 2062 1790 2093 te
1816 2063 1909 2094 stas:
1937 2063 1973 2093 et
2000 2069 2073 2094 non
2093 2057 2196 2095 stas?
2222 2059 2370 2096 Proiice
2397 2065 2431 2096 te
2457 2061 2494 2096 in

1403 2136 1405 2147 ,
1431 2123 1530 2148 eum.
1560 2111 1656 2148 Noli
1682 2116 1866 2148 metuere:
1896 2123 1970 2148 non
1999 2123 2038 2148 se
2064 2113 2272 2158 subtrahet,
2303 2118 2344 2149 ut
2369 2113 2493 2150 cadas.

1430 2165 1579 2203 Proiice
1613 2171 1647 2201 te
1674 2177 1847 2210 securus,
1877 2170 1913 2201 et
1942 2165 2100 2213 excipiet
2133 2171 2167 2202 te
2206 2171 2242 2202 et
2266 2167 2414 2203 sanabit
2450 2173 2494 2203 te.

1486 2219 1719 2267 Exemplum
1749 2226 1876 2255 autem
1906 2218 1996 2255 illud
2022 2219 2124 2267 quod
2149 2219 2336 2256 inducitur
2355 2221 2402 2257 de
2421 2221 2496 2257 Da-

1430 2273 1510 2319 vid,
1540 2285 1618 2310 non
1643 2272 1730 2309 facit
1758 2272 1805 2309 ad
1835 2272 2086 2320 propositum.
2117 2272 2216 2319 Quia
2236 2285 2340 2310 arma
2361 2274 2495 2320 Saulis,

1433 2326 1530 2364 sicut
1558 2326 1697 2364 Glossa
1714 2325 1734 2347 '¹‘
1763 2325 1867 2372 dicit,
1897 2333 1983 2362 sunt
2010 2326 2104 2375 legis
2130 2332 2387 2373 sacramenta,
2416 2333 2496 2364 tan-

1432 2392 1547 2430 quam
1577 2380 1788 2417 onerantia.
1819 2379 1965 2427 Religio
1987 2387 2114 2416 autern
2145 2387 2200 2416 est
2226 2391 2342 2417 suave
2365 2381 2497 2430 iugum

1437 2434 1577 2472 Christi
1588 2433 1625 2470 *ε
1647 2434 1748 2482 quia,
1765 2441 1805 2470 ut
1820 2433 2025 2481 Gregorius
2046 2433 2144 2480 dicit,
2166 2433 2203 2470 in
2219 2433 2270 2469 IV
2284 2434 2427 2470 Moral.
2439 2433 2496 2471 ³¹²⁸:

301 2546 344 2583 h·
438 2546 489 2582 'd
561 2546 568 2553 ι
658 2550 672 2582 t
712 2545 747 2582 d·
777 2545 802 2581 ’ἴ
855 2545 888 2587 Q
1201 2544 1229 2580 t·
1323 2543 1364 2580 h·
1406 2510 1407 2554 ξ
1438 2489 1539 2531 Quid
1556 2499 1679 2538 grave
1698 2487 1831 2524 mentis
1851 2493 2002 2524 nostrae
2020 2487 2226 2524 cervicibus
2254 2487 2409 2535 imponit
2436 2488 2501 2536 qui
2524 2491 2544 2500 ’“

329 2558 360 2583 ts
378 2558 443 2595 qui
488 2558 565 2583 omi
583 2557 654 2582 sun
671 2574 681 2591 ,
740 2557 786 2582 ici
811 2557 820 2581 ε
890 2556 1049 2582 uaerere
1076 2556 1197 2581 renun
1215 2556 1297 2580 zare
1350 2556 1380 2580 zs

303 2600 371 2648 qui
396 2600 502 2637 domi
527 2605 632 2645 sunt,
671 2599 828 2636 ostendit
855 2599 958 2647 quod
985 2604 1211 2647 utcumque‘
1240 2598 1380 2635 divisus

303 2654 370 2690 sit:
399 2665 490 2691 nam
514 2653 800 2690 communicare
821 2652 1026 2701 proximis,
1046 2658 1083 2689 et
1100 2652 1296 2689 consulere
1315 2664 1380 2688 no·
1407 2650 1409 2676 ἒ

1432 2543 1554 2580 vitare
1576 2554 1688 2579 omne
1706 2540 1930 2578 desiderium
1959 2541 2061 2589 quod
2082 2541 2281 2588 perturbat
2299 2541 2496 2589 praecipit,

1433 2596 1500 2646 qui
1516 2595 1701 2632 declinari
1717 2594 1907 2631 laboriosa
1926 2593 2060 2630 mundi
2075 2594 2184 2630 huius
2199 2593 2332 2630 itinera
2347 2594 2499 2630 monet?

1489 2650 1604 2696 Quod
1626 2648 1782 2697 quidem
1802 2659 1921 2684 suave
1939 2647 2069 2695 iugum
2091 2658 2204 2695 super
2223 2659 2263 2683 se
2282 2647 2497 2683 tollentibus

1436 2703 1682 2740 refectionem
1706 2701 1858 2739 divinae
1883 2700 2068 2737 fruitionis
2088 2699 2324 2748 repromittit,
2346 2707 2382 2736 et
2402 2712 2498 2737 sem-

1407 2748 1409 2798 i
1435 2757 1623 2807 piternam
1640 2755 1814 2803 requiem
1834 2754 2048 2791 animarum
2065 2753 2095 2790 ²⁸.
2126 2754 2185 2790 An
2205 2764 2305 2795 QUAM
2325 2764 2395 2790 uos
2414 2765 2498 2790 PER-

1408 2805 1409 2843 ἶ
1436 2822 1556 2849 DUCAT
1584 2821 1659 2846 IPSE
1688 2821 1749 2851 Qm
1778 2819 1958 2854 PROMISlT,
1989 2809 2090 2844 Iesus
2111 2807 2304 2853 Cnmsrus,
2326 2807 2498 2844 Donmus

1437 2876 1591 2910 NOSTER,
1621 2875 1682 2905 Qm
1711 2874 1777 2899 EST
1805 2873 1918 2899 SUPER
1946 2872 2060 2897 OMNIA
2088 2861 2191 2897 Deus
2218 2871 2438 2897 BENEDmTus
2462 2872 2496 2896 1N

307 2923 383 2960 Dei
403 2938 437 2960 ».
466 2923 612 2971 Aspicit
639 2923 739 2960 enim
767 2928 870 2959 retro
898 2923 965 2971 qui
990 2922 1209 2959 dilationem
1238 2919 1411 2970 quaerit?
1437 2929 1610 2955 sAEcuLA.
1640 2918 1762 2953 AMEN.

359 3038 386 3071 ζ)
405 3039 536 3064 haerenti.
549 3052 568 3057 -
585 3038 695 3063 habenti
711 3037 962 3071 DCEFfflKLpAD.

360 3075 389 3108 η)
408 3075 453 3101 sit.
466 3088 486 3094 -
503 3075 559 3100 sint
577 3072 626 3103 sC.
644 3082 698 3100 om.
717 3074 805 3099 ceteri.

362 3109 387 3143 0)
407 3114 495 3144 egent.
507 3124 527 3129 -
545 3113 606 3144 eget
624 3110 694 3135 PCa.

363 3146 383 3179 ι)
403 3149 552 3179 utcumque.
571 3160 591 3165 -
615 3149 758 3178 utrumque
792 3145 1018 3178 BDEFleACK.
1050 3144 1175 3176 utrinque
1211 3143 1287 3173 sAK,
1312 3145 1385 3167 uter-

309 3188 360 3214 que
377 3182 419 3207 ed.
437 3189 465 3207 a.

1408 3034 1410 3062 l
1489 3034 1514 3066 κ)
1534 3036 1574 3058 est
1593 3031 1788 3057 irrationabilis
1793 3038 1802 3059 ,·
1820 3033 1854 3055 et.
1867 3044 1885 3049 -
1902 3037 1958 3054 esse
1976 3028 2169 3053 irrationabilis
2187 3035 2224 3052 ex
2242 3028 2270 3053 P.

1488 3068 1517 3101 λ)
1538 3067 1715 3093 intenderam.
1727 3081 1746 3087 —
1765 3066 1928 3091 intenderem
1943 3065 1980 3089 Pa
1993 3069 2019 3089 et
2037 3064 2154 3094 codices;
2175 3071 2222 3096 pro
2229 3063 2338 3097 faciem,
2345 3064 2441 3096 facere
2454 3063 2497 3092 HI,

1410 3126 1411 3130 ,
1429 3105 1506 3138 facie
1524 3104 1602 3129 ceteri
1621 3108 1646 3128 et
1664 3110 1696 3132 a;
1715 3110 1762 3135 pro
1776 3102 1880 3134 plenas,
1896 3101 1950 3133 piis
1969 3101 1997 3125 P.

995 3258 1330 3291 Commentaria
1353 3255 1603 3288 cardinalis
1626 3253 1825 3286 Caietam

314 3349 362 3411 lx«
386 3337 519 3369 articulo
544 3338 670 3368 decimo
694 3338 825 3369 ultimae
848 3336 1053 3379 quaestionis,
1070 3336 1196 3366 adverte
1215 3334 1381 3375 diligenter

313 3471 405 3502 malis
430 3478 486 3507 est,
511 3478 541 3501 et
564 3470 603 3500 de
627 3470 807 3510 ingressuro
826 3471 907 3502 bene
930 3469 1084 3511 disposito
1108 3467 1324 3508 intelligenda:
1350 3473 1381 3497 et

1406 3334 1408 3357 l
1435 3333 1541 3363 minus
1569 3332 1656 3362 Deus
1680 3329 1803 3361 deficiet
1828 3329 1860 3359 in
1885 3328 2080 3363 necessariis;
2110 3334 2140 3358 et
2163 3327 2262 3358 multo
2286 3328 2391 3358 minus
2420 3327 2497 3358 obli-

343 3382 433 3424 quod
456 3382 600 3412 doctrina
618 3382 767 3413 Auctoris
784 3383 953 3413 excludens
970 3380 1102 3411 consilia
1117 3380 1197 3410 circa
1221 3378 1378 3409 sufficien-
1407 3408 1408 3417 ¹

311 3427 388 3458 tiam
412 3426 530 3457 virium
554 3435 620 3456 non
643 3426 831 3458 habentium
850 3426 985 3467 speciale
1008 3424 1289 3465 impedimentum,
1316 3422 1379 3453 for·
1407 3430 1409 3445 1

1435 3378 1513 3408 visci
1529 3381 1637 3416 potest
1660 3384 1770 3405 eorum
1795 3374 1849 3414 qui
1872 3374 1994 3403 iactant
2015 3373 2190 3412 cogitatum
2209 3381 2302 3402 suum
2326 3372 2358 3401 in
2382 3381 2453 3402 eum
2469 3371 2495 3402 *.

2510 1158 2519 1167 ·
2534 1157 2589 1178 Luc.
2609 1162 2658 1184 cap.
2673 1162 2722 1183 xiv,

2510 1189 2567 1205 vers.
2583 1189 2615 1212 33.

2515 1478 2523 1487 ·
2538 1477 2594 1505 Cap.
2609 1483 2641 1499 xi.

2522 2335 2531 2345 ⁸
2546 2334 2645 2356 Interlin.
2661 2334 2716 2355 ibid.

2524 2437 2533 2446 ⁸
2546 2436 2624 2458 Matth.
2640 2441 2689 2463 cap.
2702 2442 2734 2461 xi,

2523 2469 2580 2484 vers.
2594 2469 2630 2490 30.

2569 2489 2624 2516 Cap.
2649 2494 2733 2515 xxxin,

2522 2517 2551 2537 al.
2571 2522 2629 2542 xxx,
2648 2515 2670 2536 in
2689 2519 2734 2536 vet.

2523 2549 2601 2564 xxxix.

2523 2762 2662 2784 ’Matth.loc.
2683 2768 2732 2783 τοι.

2522 2789 2570 2815 cit.,
2581 2795 2639 2810 vers.
2652 2794 2663 2809 2
2682 2805 2685 2809 ,
2697 2794 2733 2815 29.

2523 3374 2532 3385 ⁸
2538 3373 2609 3394 Isaiae
2615 3378 2663 3419 cap.
2671 3378 2732 3397 χιιι,

2523 3406 2581 3421 vers.
2592 3405 2623 3426 15;
2657 3405 2674 3419 s.
2685 3404 2732 3424 ιιν,

1491 3421 1552 3451 Sed
1575 3420 1621 3450 illi
1644 3419 1699 3460 qui
1723 3417 1908 3448 huiusmodi
1932 3416 2035 3447 debita
2059 3415 2265 3456 dispositione
2289 3422 2403 3452 carent,
2420 3415 2496 3456 quid
2521 3433 2578 3448 vers.
2594 3431 2627 3453 ²3·

1407 3456 1409 3506 ζ
1435 3462 1567 3495 facient?
1590 3466 1641 3494 An
1666 3463 1799 3493 debeant
1822 3462 1862 3492 ad
1886 3460 2016 3492 consilia
2039 3458 2216 3491 recurrere?

314 3526 380 3546 non
403 3515 502 3546 aliter.
526 3515 617 3545 Bona
633 3520 742 3545 autem
764 3514 932 3554 dispositio
955 3513 1157 3555 ingredientis
1181 3519 1228 3543 est
1246 3512 1319 3542 ista:
1345 3517 1382 3541 ut
1407 3512 1409 3550 l

1495 3509 1698 3549 RespondeO.
1716 3509 1782 3537 Aut
1804 3506 1884 3536 hanc
1909 3504 2150 3545 dispositionem
2171 3501 2346 3544 acquirant,
2365 3503 2495 3538 orand0‚

73 3574 241 3597 ·Aristot.1te
256 3574 288 3595 Α-
314 3570 447 3591 ornnem
474 3569 567 3590 suam
590 3557 742 3589 fiduciam
771 3558 948 3589 sustinendi
974 3559 1008 3589 in
1035 3558 1188 3598 religione
1220 3562 1320 3596 ponat
1347 3555 1380 3585 in
1407 3563 1409 3598 ¹1
1436 3552 1644 3594 eleemosynis
1667 3551 1820 3587 vacando,
1845 3549 2041 3590 purificando
2072 3548 2305 3584 conscientiam,
2329 3547 2494 3596 lectionem

315 3606 396 3636 Deo.
419 3605 460 3635 Et
476 3603 605 3634 merito:
626 3602 702 3644 quia
717 3602 743 3633 si
759 3607 879 3633 natura
896 3612 960 3633 non
974 3603 1082 3644 deficit
1096 3604 1128 3633 in
1146 3601 1379 3636 necessariis*;
1407 3599 1409 3603 ⁴
1435 3598 1612 3638 Scripturae
1636 3603 1692 3627 aut
1714 3594 1980 3636 praedicationem
2010 3593 2249 3634 frequentando.
2273 3595 2339 3623 Aut
2361 3601 2425 3621 non
2448 3600 2495 3620 ln—

73 3602 149 3625 m'ma.
169 3601 229 3623 libro
247 3601 287 3627 nl,

74 3634 227 3678 gp†li.¹’legt.
239 3628 287 3676 {ivi

315 3657 345 3680 et
368 3656 469 3680 mater
483 3655 598 3689 potens
621 3654 652 3678 et
666 3646 766 3678 sciens
790 3657 856 3677 non

459 3710 570 3734 Suana
583 3708 686 3733 Timor.
704 3707 736 3732 D.
756 3707 872 3732 Taouan
891 3706 925 3731 T.
943 3707 997 3731 Vll.

876 3646 962 3678 deest
981 3646 1156 3678 necessitati
1179 3645 1251 3676 filii:
1276 3644 1380 3675 multo
1407 3661 1410 3675 l
1435 3642 1616 3683 grediantur
1631 3640 1826 3681 religionem,
1841 3645 1951 3679 utpote
1967 3637 2155 3678 indispositi,
2176 3637 2234 3667 nisi
2249 3646 2322 3667 cum
2338 3645 2392 3675 spe
2408 3633 2494 3675 quod

2322 3703 2355 3727 70
