2768 4198
321 311 396 347 360
978 305 1246 352 QUAESTIO
1278 305 1453 350 CLXIX,
1482 305 1781 342 ARTICULUS
1813 306 1844 342 ll

373 389 407 418 In
424 395 548 419 tantum
565 394 671 418 autem
687 387 845 428 quaelibet
868 386 981 415 harum
1005 393 1172 414 causarum
1196 390 1383 422 apparatum
1409 382 1411 414 l
1437 382 1575 419 tiferum,
1601 390 1632 414 et
1654 383 1814 424 aliquibus
1838 383 1919 414 forte
1941 394 1998 415 nec
2018 384 2150 415 veniale.
2174 385 2221 414 De
2246 384 2293 415 his
2317 384 2402 415 enim
2425 396 2508 426 quae

316 433 501 463 exteriorem
521 432 676 467 honestat,
699 438 732 461 ut
752 440 808 460 nec
825 429 944 459 veniale
965 436 1129 468 peccatum
1147 427 1186 457 sit
1206 426 1383 462 mulierem,
1438 437 1502 456 non
1527 434 1602 458 sunt
1625 428 1803 458 secundum
1827 438 1859 458 se
1883 439 1988 468 prava,
2014 439 2079 458 non
2104 428 2194 459 facile
2218 428 2345 459 ferenda
2369 437 2415 460 est
2438 440 2508 460 sen-

316 483 460 507 ornatam
484 476 660 507 secundum
684 475 858 505 decentiam
882 472 931 502 sui
950 478 1059 507 status,
1075 471 1212 511 amplius
1228 471 1332 501 ornari
1350 477 1384 500 ut
1408 466 1410 517 1
1437 470 1535 501 tentia
1558 471 1667 502 illiciti.
1702 472 1800 509 Quod
1825 472 1910 503 enim
1942 473 1997 503 uni
2021 473 2145 503 videtur
2175 480 2267 513 turpe
2291 480 2346 504 aut
2369 474 2508 515 impudi—

316 521 448 561 pulchra
471 521 510 551 sit
531 520 599 550 viro
624 530 693 549 suo.
719 520 763 550 Ita
788 518 885 558 quod,
903 516 983 546 sicut
999 522 1129 546 ornatus
1146 515 1277 545 honoris
1300 514 1383 547 licite
1408 524 1410 552 ι’
1437 525 1530 551 cum,
1556 515 1643 546 alteri
1674 523 1730 546 aut
1758 516 1831 547 alibi
1860 527 1925 547 non
1949 517 2074 548 videtur
2101 524 2192 557 turpe
2217 524 2272 548 aut
2294 517 2508 558 impudicum.

316 566 449 605 apponit
468 575 563 604 supra
578 571 698 594 vestem
714 561 914 596 necessitatis,
931 560 973 590 ita
990 566 1119 590 ornatus
1140 559 1383 599 pulchritudinis
1408 556 1410 574 ¹
1494 559 1545 590 IV.
1571 560 1622 590 Ad
1643 560 1818 591 secundum
1842 561 1974 592 dubium
1990 561 2017 597 *,
2042 562 2081 592 de
2105 571 2232 592 excessu
2257 562 2508 600 consuetudinis,

315 610 399 640 licite
427 608 578 649 apponit,
604 607 733 648 quando
758 615 840 645 opus
864 612 924 640 est,
949 614 1043 644 supra
1068 611 1216 634 ornatum
1241 603 1382 634 honoris.
1408 603 1410 652 Ἐ
1437 603 1551 634 dicitur
1581 604 1671 644 quod
1694 606 1895 636 consuetudo
1925 613 1972 636 est
2002 606 2130 646 duplex.
2163 607 2331 644 Quaedam
2355 607 2508 638 inducens

317 654 358 684 Et
379 660 544 694 propterea
568 652 600 681 in
625 650 830 690 responsione
854 649 893 678 ad
914 655 1065 689 quartum
1089 648 1121 678 in
1146 649 1246 679 littera
1270 648 1384 678 dicitur
1408 675 1410 690 :
1437 648 1580 678 debiturn
1603 648 1721 688 legale:
1753 656 1788 679 ut
1811 656 1885 680 sunt
1907 649 1979 680 illae
2009 660 2104 691 super
2126 661 2262 691 quarum
2288 652 2510 682 observatione

316 699 404 738 quod
429 697 584 731 mulieres,
610 695 690 725 ultra
714 693 889 724 decentiam
912 692 961 723 sui
977 699 1087 729 status,
1106 697 1245 732 possunt
1260 691 1384 733 aliquid
1408 698 1410 718 !
1436 691 1517 723 fiunt
1541 692 1720 723 exactiones
1746 693 1794 723 vel
1818 693 2018 733 punitiones;
2048 702 2084 725 ut
2107 695 2132 725 si
2157 702 2348 726 consuetum
2373 703 2419 727 est
2443 696 2508 727 dari

315 741 533 782 superaddere
556 745 591 770 ut
608 740 762 779 placeant
787 738 865 768 viris
887 738 966 768 suis.
1408 761 1410 774 ,
1437 737 1590 776 episcopo
1620 737 1816 767 consecranti
1844 738 2009 768 ecclesiam
2032 739 2082 770 vel
2105 740 2264 779 puellam,
2289 740 2338 770 vel
2373 740 2509 781 praetori

1437 781 1601 821 accipienti
1626 780 1787 818 officium,
1812 789 1934 812 certum
1961 782 2050 823 quid.
2081 783 2170 814 Talis
2199 783 2284 814 enim
2309 786 2509 816 consuetudo

1436 825 1531 856 habet
1546 825 1612 855 vim
1629 826 1717 865 legis.
1742 826 1782 856 Et
1805 833 1973 866 propterea
1989 827 2158 867 exiguntur
2181 835 2217 859 ut
2240 829 2381 869 legaliter
2405 830 2511 860 debita

2538 570 2546 580 ⁸
2560 568 2631 593 Num.
2647 575 2663 590 ι.

371 785 529 817 Convenit
552 793 625 823 ergo
650 782 786 812 maxime
811 782 996 812 mulieribus
1020 788 1150 811 ornatus
1175 780 1384 821 pulchritudi-
1408 778 1410 819 i]

77 834 287 862 -Aristot.1³hysic.
317 830 373 866 nis,
390 837 425 860 ut
444 834 599 863 amentur,
616 834 674 858 etc.
700 827 740 857 Et
763 826 919 867 quoniam
942 835 999 857 ars
1015 827 1163 856 imitatur
1178 831 1331 856 naturam
1347 825 1382 861 *;

76 860 175 914 gabin,
196 866 287 909 ἓῗρῗῖξῖ
315 881 345 904 et
375 873 488 903 mulier
518 872 649 912 pulchra
677 878 788 911 suapte
819 877 931 901 natura
959 877 1005 901 est
1034 870 1238 910 provocativa
1267 870 1307 900 ad
1334 869 1383 899 sui
1409 895 1411 909 ι
1436 879 1518 911 quae
1543 880 1580 900 ex
1595 870 1782 900 huiusmodi
1798 870 2030 902 consuetudine
2047 871 2210 904 debentur.
2234 890 2255 896 —
2279 873 2350 904 Alia
2366 881 2414 905 est
2433 884 2510 905 con-

75 914 127 935 lect.
143 919 173 935 ιν.

75 1541 84 1550 ·
97 1541 168 1562 Num.
185 1547 200 1562 1.

74 2346 83 2355 ·
91 2344 126 2366 De
136 2343 236 2371 Benefic.
244 2343 285 2365 lib.

74 2371 124 2398 vn,
140 2376 190 2398 cap.
200 2376 231 2392 rx.

77 2650 152 2672 ‘Acta
167 2649 209 2671 sub
221 2655 286 2671 nom.

75 2676 169 2699 loanni·
184 2676 263 2698 Marci.

79 2962 88 2971 ⁸
104 2961 160 2983 Gen.
187 2967 237 2988 cap.
253 2967 289 2987 ιιι,

77 2994 136 3009 vers.
152 2993 173 3015 7.

315 916 618 958 concupiscentiam:
643 916 716 946 hinc
739 914 774 946 fit
797 922 833 945 ut
856 922 987 946 ornatus
1011 914 1173 945 muliebris
1205 914 1383 945 secundum
1408 939 1410 944 .

314 973 346 992 se
369 962 408 992 sit
432 960 655 1002 provocativus
679 961 718 990 ad
735 959 1026 1000 concupiscentiam
1046 970 1100 990 seu
1121 958 1298 995 lasciviam;
1323 968 1382 999 pro

313 1014 433 1047 quanto
465 1005 583 1036 scilicet
611 1004 684 1035 facit
707 1005 746 1035 ad
770 1004 911 1034 mulieris
935 1003 1205 1045 pulchritudinem
1229 1013 1381 1044 apparen-

313 1058 388 1081 tem.
420 1051 540 1081 Verum
571 1049 646 1090 quia
675 1056 785 1080 natura
809 1057 937 1089 superat
960 1055 1075 1085 artem,
1101 1056 1132 1079 et
1155 1048 1258 1078 multo
1284 1047 1383 1088 magis
1408 1068 1409 1074 η

313 1095 453 1125 mulieris
478 1094 683 1134 pulchritudo
699 1093 849 1124 naturalis
873 1103 968 1134 quam
988 1092 1156 1124 artificialis
1179 1093 1384 1132 provocativa

313 1146 359 1170 est
378 1140 416 1169 ad
434 1138 724 1179 concupiscentiam
741 1137 899 1174 mulieris;
923 1137 1006 1173 ideo,
1024 1138 1106 1168 sicut
1121 1137 1322 1178 inculpabilis
1338 1143 1385 1168 est

313 1183 419 1214 omnis
449 1183 599 1214 naturalis
623 1182 829 1223 pulchritudo
853 1182 1013 1218 mulieris,
1038 1182 1080 1213 ita
1110 1182 1312 1223 inculpabilis
1336 1192 1383 1212 se·
1408 1176 1410 1203 ῗ

313 1228 456 1259 cundum
488 1238 520 1258 se
550 1235 596 1258 est
627 1227 732 1257 omnis
764 1227 970 1267 pulchritudo
1001 1226 1186 1262 artificialis;
1222 1226 1264 1257 ita
1294 1227 1383 1267 quod

313 1273 416 1303 neutri
441 1272 618 1302 secundum
634 1282 667 1302 se
690 1271 917 1311 imputandum
934 1279 980 1302 est
1000 1272 1039 1301 ad
1056 1272 1183 1311 culpam
1200 1271 1289 1312 quod
1309 1281 1385 1311 pro-

312 1362 413 1393 littera
437 1368 610 1402 utrumque
631 1360 820 1401 explicatur:
846 1368 877 1391 et
900 1361 989 1401 quod
1013 1367 1142 1391 ornatus
1159 1360 1321 1390 muliebris
1338 1367 1384 1390 est

264 1438 266 1440 ,
313 1406 538 1446 provocativus
561 1405 704 1435 virorum
728 1405 767 1435 ad
790 1405 969 1441 lasciviam;
995 1412 1026 1436 et
1041 1405 1130 1445 quod
1146 1415 1213 1435 esse
1230 1414 1384 1444 provoca·
1408 1405 1410 1431 ἕ

313 1451 414 1481 tivum
439 1460 504 1480 non
523 1450 700 1490 imputatur
719 1450 844 1480 ornatui
861 1450 901 1480 ad
918 1450 1056 1490 culpam,
1075 1449 1134 1479 nisi
1152 1460 1188 1479 ex
1203 1449 1264 1480 alia
1280 1449 1383 1489 culpa,
1408 1467 1410 1476 ‹

314 1502 391 1535 puta
415 1505 452 1525 ex
474 1494 650 1525 intentione
675 1494 881 1534 provocandi.

370 1539 421 1569 111.
446 1539 496 1569 Ad
514 1539 659 1579 primum
679 1538 775 1578 igitur
798 1539 933 1569 dubium
949 1538 967 1557 *
991 1538 1105 1568 dicitur
1121 1538 1209 1578 quod
1227 1548 1293 1568 esse
1310 1547 1383 1578 pro·
1409 1550 1410 1557 ¹

313 1583 495 1614 vocativum
520 1583 558 1613 ad
575 1583 866 1622 concupiscentiam
886 1582 1081 1623 quandoque
1097 1589 1144 1613 est
1159 1593 1278 1613 nomen
1298 1582 1383 1613 vitii:
1409 1613 1411 1628 s

313 1629 508 1669 quandoque
532 1634 578 1658 est
606 1637 724 1658 nomen
749 1627 941 1658 conditionis
966 1627 1125 1657 naturalis.
1157 1627 1273 1657 Mulier
1295 1637 1385 1657 nam-

313 1717 378 1748 sui:
411 1723 441 1747 et
464 1716 627 1756 impudica
657 1723 703 1747 est
725 1716 838 1747 vitiose
862 1716 1066 1756 provocativa
1094 1716 1133 1745 ad
1157 1716 1383 1755 concupiscen-

313 1762 400 1792 tiam.
425 1762 465 1791 Et
488 1761 563 1801 quia
581 1768 711 1791 ornatus
728 1761 890 1791 muliebris
914 1760 1090 1790 secundum
1108 1770 1140 1790 se
1157 1770 1223 1790 non
1240 1767 1286 1790 est
1310 1770 1383 1800 pro·
1410 1751 1411 1785 ἶ

312 1806 477 1836 vocativus
500 1805 539 1835 ad
563 1804 723 1834 lasciviam
741 1805 799 1835 nisi
826 1804 907 1835 sicut
926 1804 1141 1844 pulchritudo,
1158 1804 1231 1834 ideo
1248 1815 1313 1834 non
1339 1811 1386 1835 est
1410 1803 1411 1808 ¹

311 1851 344 1880 in
373 1849 476 1890 specie
499 1849 565 1880 vitii
597 1849 791 1888 provocativi
821 1849 861 1879 ad
892 1848 1183 1887 concupiscentiam
1206 1849 1384 1879 secundum

312 1905 354 1930 se,
372 1894 454 1924 sicut
469 1904 526 1924 nec
545 1893 748 1933 pulchritudo
765 1892 933 1923 naturalis:
952 1892 1006 1923 sed
1022 1902 1058 1923 ex
1075 1893 1250 1923 intentione
1269 1893 1384 1924 utentis

312 1946 425 1969 ornatu
457 1948 511 1968 seu
543 1937 779 1977 pulchritudine
803 1937 842 1967 ad
867 1937 1119 1978 provocandum.
1151 1937 1193 1968 Et
1215 1945 1383 1978 propterea

312 1983 418 2013 nullus
443 1989 573 2012 ornatus
591 1982 752 2012 muliebris
777 1992 814 2012 ex
829 1982 886 2012 hac
904 1981 1035 2016 ratione.
1060 1981 1135 2022 quia
1160 1982 1383 2022 provocativus

311 2034 358 2058 est
380 2027 420 2058 ad
443 2026 613 2062 lasciviam,
638 2034 684 2057 est
708 2026 884 2056 secundum
909 2036 941 2056 se
965 2032 1131 2066 peccatum
1156 2027 1301 2058 mortale.

367 2072 417 2102 Ad
433 2071 646 2101 obiectionem
663 2078 771 2101 autem
787 2071 826 2101 de
840 2077 954 2101 ornatu
971 2070 1245 2102 manifestantium
1260 2078 1381 2112 pectus,
1409 2078 1411 2101 ε

312 2116 426 2146 dicitur
450 2115 626 2156 dupliciter.
652 2115 770 2152 Primo,
796 2115 886 2156 quod
910 2115 996 2145 aliud
1022 2122 1068 2146 est
1090 2115 1180 2156 loqui
1205 2116 1243 2146 de
1267 2124 1382 2148 ornatu

312 2159 475 2191 muliebri:
500 2159 587 2190 aliud
611 2167 657 2191 est
680 2159 770 2201 loqui
794 2160 832 2190 de
857 2159 999 2191 nuditate
1024 2159 1180 2191 muliebri.
1209 2161 1259 2191 Ad
1283 2171 1383 2201 quam

312 2212 432 2245 spectat
461 2211 637 2234 monstrare
667 2214 734 2234 non
758 2204 865 2235 solum
889 2211 994 2235 totum
1018 2211 1147 2244 pectus,
1171 2205 1225 2235 sed
1250 2205 1381 2246 reliqua.

312 2249 446 2280 Nuditas
477 2249 636 2289 siquidem
664 2248 734 2289 ipsa
765 2249 991 2289 pudendorum
1022 2249 1200 2279 secundum
1224 2259 1256 2279 se
1282 2250 1384 2291 turpis

313 2300 369 2330 est,
393 2300 424 2324 et
447 2293 627 2333 corruptiva
651 2293 844 2334 pudicorum
869 2293 1061 2323 animorum.
1089 2293 1130 2324 Et
1154 2293 1179 2323 si
1202 2303 1315 2324 verum
1339 2301 1385 2325 est

313 2338 403 2379 quod
427 2337 465 2367 de
482 2337 638 2367 Romanis
661 2337 766 2368 scribit
782 2337 900 2368 Seneca
918 2337 945 2374 *,
971 2337 1103 2368 scilicet:
1129 2338 1303 2369 Matronae
1321 2339 1385 2370 Ro-

314 2391 431 2412 manae
455 2381 501 2412 nil
523 2382 575 2412 sui
591 2382 670 2422 plus
693 2381 852 2412 adulteris
875 2382 906 2412 in
924 2382 1068 2412 cubiculo
1092 2382 1264 2412 ostendunt
1286 2393 1382 2424 quam

306 2426 397 2468 foris
420 2430 618 2463 monstrent;
641 2425 710 2456 talis
735 2425 870 2462 habitus,
896 2425 938 2456 ita
962 2425 1080 2456 scilicet
1103 2426 1226 2456 subtilis
1243 2436 1298 2457 seu
1321 2427 1384 2457 dia-

315 2471 440 2511 phanus
471 2476 506 2500 ut
535 2470 648 2500 mulier
676 2477 743 2500 tota
772 2469 1023 2510 conspiceretur,
1053 2470 1187 2502 mortale
1218 2478 1384 2511 peccatum

315 2515 486 2545 induceret.
510 2514 602 2544 Esset
629 2514 714 2544 enim
742 2514 785 2544 ibi
808 2513 921 2544 vitiosa
951 2515 1136 2555 provocatio
1161 2515 1200 2544 ad
1224 2515 1385 2547 lasciviam

316 2569 352 2590 ex
375 2559 443 2599 ipsa
467 2558 571 2598 specie
594 2558 736 2595 actionis,
761 2569 824 2599 qua
848 2558 963 2589 mulier
987 2559 1071 2590 culta
1093 2569 1127 2590 se
1150 2559 1241 2600 quasi
1266 2561 1385 2592 nudam

315 2603 428 2644 ingerit
452 2603 678 2633 communibus
702 2603 814 2634 oculis.
848 2603 940 2634 Unde
964 2603 1003 2634 de
1027 2604 1120 2634 beato
1145 2603 1287 2635 Barnaba
1310 2605 1385 2646 legi-

316 2655 366 2679 tur
382 2648 399 2666 *
421 2647 510 2688 quod
534 2647 693 2678 maledixit
717 2648 810 2678 nudis
830 2647 903 2678 viris
927 2658 962 2678 ac
987 2648 1183 2679 mulieribus.

371 2691 518 2722 Secundo
536 2691 659 2728 dicitur,
680 2692 755 2732 quia
779 2699 889 2732 pectus
906 2703 923 2722 a
939 2692 1126 2723 mulieribus
1150 2693 1272 2723 decoris
1288 2694 1386 2734 gratia

316 2737 440 2767 nudum
464 2736 579 2766 alicubi
604 2736 753 2772 defertur,
779 2747 814 2767 ac
839 2746 894 2777 per
917 2737 979 2768 hoc
1003 2737 1043 2767 ad
1059 2743 1209 2768 ornatum
1227 2738 1387 2769 reducitur

316 2780 570 2822 pulchritudinis,
595 2781 684 2822 quod
708 2781 803 2812 etiam
827 2787 958 2812 ornatus
982 2782 1078 2812 talem
1099 2782 1218 2812 habens
1234 2782 1388 2813 conditio-

316 2870 493 2900 secundum
518 2879 550 2900 se
574 2870 726 2901 mortalis.
759 2870 799 2901 Et
827 2870 906 2901 ratio
935 2870 1121 2902 diversitatis
1145 2878 1208 2908 est,
1233 2871 1307 2912 quia
1332 2882 1386 2912 pe-

316 2923 384 2945 ctus
409 2924 472 2944 non
498 2921 544 2944 est
568 2913 648 2944 inter
672 2915 821 2955 pudenda
845 2912 945 2957 (unde
961 2915 1055 2954 primi
1073 2923 1217 2955 parentes
1241 2916 1388 2956 genitalia
1413 2918 1414 2921 ’

316 2966 441 2990 tantum
466 2958 668 2998 cooperuisse
693 2958 842 2989 dicuntur
856 2957 905 3001 *):
930 2969 966 2990 ac
981 2969 1037 3000 per
1056 2960 1127 2996 hoc,
1149 2970 1214 2990 non
1239 2961 1333 2991 nabet
1352 2971 1388 2992 ex
1414 2960 1415 2964 ’

315 3003 384 3043 ipsa
407 3003 456 3034 sui
481 3002 584 3043 specie
609 3013 783 3043 provocare
812 3003 851 3033 ad
875 3003 1052 3041 lasciviam,
1078 3005 1132 3034 sed
1161 3005 1387 3036 tantummodo

317 3054 352 3078 ut
375 3047 497 3078 confert
520 3047 560 3077 ad
583 3047 738 3078 maiorem
762 3047 1051 3088 pulchritudinem:
1083 3055 1114 3079 et
1143 3048 1216 3079 ideo
1245 3049 1388 3080 eiusdem
1414 3070 1415 3075 ,

316 3091 445 3122 rationis
469 3098 515 3122 est
539 3101 614 3122 cum
637 3092 883 3132 pulchritudine,
908 3093 1015 3133 quoad
1039 3103 1106 3124 esse
1130 3094 1387 3133 provocativum.

318 3137 357 3167 Et
379 3136 452 3167 licet
474 3136 575 3176 turpis
599 3135 741 3167 videatur
764 3136 951 3167 huiusmodi
976 3138 1175 3168 consuetudo
1199 3137 1341 3175 insuetis,
1362 3139 1387 3169 si

317 3188 422 3210 tamen
439 3180 676 3211 consideremus
692 3181 780 3222 quod
798 3182 996 3212 consuetudo
1012 3188 1122 3218 tactus,
1137 3182 1192 3223 qui
1209 3183 1282 3223 plus
1299 3190 1388 3224 urget
1414 3199 1415 3205 1

317 3235 415 3265 quam
433 3225 530 3261 visus,
555 3235 621 3255 non
636 3225 833 3266 vituperatur
849 3225 902 3256 ubi
920 3233 1071 3257 consueta
1089 3233 1163 3257 sunt
1182 3227 1291 3258 oscula
1308 3228 1388 3258 inter
1413 3246 1414 3249 =

318 3269 465 3299 mulieres
488 3276 519 3300 et
535 3269 629 3305 viros,
647 3279 713 3300 non
730 3270 854 3300 videtur
870 3269 1085 3310 vituperabilis
1101 3272 1301 3302 consuetudo
1318 3282 1387 3303 mu-

318 3312 431 3342 lierum
463 3321 572 3353 pectus
596 3315 721 3344 nudum
745 3314 965 3345 deferentium.
1000 3315 1094 3346 Forte
1119 3315 1205 3346 enim
1228 3316 1280 3347 vix
1303 3316 1347 3347 sic
1370 3327 1388 3347 a

319 3356 392 3386 viris
414 3364 568 3393 amantur,
589 3365 619 3388 et
635 3368 690 3388 eos
707 3358 866 3389 divertunt
881 3369 897 3389 a
915 3359 1088 3390 maioribus
1105 3360 1300 3392 criminibus.
1325 3361 1387 3392 Ubi
1413 3364 1414 3371 ¹

319 3407 425 3430 tamen
450 3403 648 3432 consuetudo
674 3413 739 3433 non
764 3410 820 3441 est,
846 3403 1055 3434 inhibendum
1080 3411 1171 3441 esset,
1197 3412 1227 3436 et
1250 3405 1312 3436 cito
1338 3415 1388 3436 ex-

320 3444 463 3484 tirpanda
487 3455 525 3475 ne
550 3454 716 3478 cresceret:
742 3447 897 3488 quoniam
914 3448 1056 3479 conditio
1073 3448 1131 3479 ista
1150 3459 1231 3490 quae
1251 3456 1297 3480 est
1321 3459 1388 3480 esse

320 3491 560 3528 provocativum
584 3491 622 3520 ad
647 3491 816 3528 lasciviam,
842 3492 1013 3532 regulanda
1037 3493 1081 3523 sic
1101 3500 1146 3524 est
1170 3503 1209 3524 ne
1226 3493 1323 3524 animi
1339 3493 1387 3524 iu-

320 3542 439 3563 venum
463 3533 660 3565 mollescant.

377 3576 424 3607 De
446 3577 587 3607 virorum
612 3585 718 3608 autem
742 3578 850 3610 habitu
874 3590 940 3620 quo
964 3580 1070 3621 caligis
1090 3587 1224 3612 utuntur
1247 3581 1290 3612 sic
1309 3579 1388 3622 figu-

321 3620 394 3651 ratis
418 3627 454 3651 ut
476 3621 618 3651 virilibus
642 3623 791 3652 membris
814 3625 1057 3654 accommodam
1082 3635 1194 3655 eorum
1218 3625 1308 3666 quasi
1325 3625 1389 3656 for-

322 3675 409 3695 mam
425 3675 498 3706 prae
515 3675 546 3696 se
562 3665 671 3702 ferant,
689 3667 887 3697 consuetudo
904 3667 971 3707 ipsa
987 3675 1118 3699 testatur
1137 3679 1201 3699 non
1219 3679 1286 3699 esse
1303 3679 1389 3699 mor-

1437 915 1575 945 suetudo
1605 915 1759 945 inducens
1792 915 1936 945 debitum
1967 915 2087 946 morale
2110 923 2252 948 tantum:
2287 925 2323 949 ut
2345 918 2370 949 si
2395 919 2510 950 alicubi

1437 966 1629 989 consuetum
1653 959 1692 990 sit
1716 960 1805 1000 quod
1829 959 2065 990 transeuntibus
2089 961 2242 991 extraneis
2258 961 2397 993 dominis
2422 970 2511 994 eatur

1437 1003 1575 1040 obviam,
1601 1010 1655 1034 aut
1678 1004 1768 1045 quod
1791 1011 1973 1044 assurgatur
1996 1013 2104 1035 coram
2128 1005 2321 1043 senioribus,
2346 1014 2377 1037 et
2400 1007 2510 1038 huius-

1437 1048 1535 1078 modi.
1565 1047 1646 1079 Sunt
1669 1048 1755 1079 enim
1778 1048 1856 1079 haec
1881 1048 1985 1079 debita
2010 1049 2160 1085 moralia,
2186 1059 2251 1080 non
2275 1050 2403 1091 legalia:
2428 1062 2510 1093 quo·

1437 1092 1523 1123 niam
1547 1093 1587 1123 ad
1611 1093 1688 1124 haec
1712 1103 1776 1123 non
1794 1099 1954 1133 coguntur
1977 1093 2126 1124 homines
2148 1094 2228 1134 lege,
2253 1095 2308 1125 sed
2333 1096 2431 1127 moris
2454 1097 2512 1127 ho—

1438 1144 1570 1168 nestate.
2041 1138 2045 1142 ⁴

1492 1181 1524 1212 Si
1547 1181 1644 1222 igitur
1659 1191 1804 1212 excessus
1820 1188 1951 1212 ornatus
1968 1182 2067 1213 violet
2083 1183 2349 1214 consuetudinem
2364 1184 2511 1224 legalem,

1437 1226 1566 1266 perinde
1590 1233 1738 1266 peccatur
1761 1236 1797 1256 ac
1821 1225 1846 1256 si
1869 1226 1973 1266 legem
1995 1226 2156 1258 violasset.
2181 1227 2221 1257 Et
2244 1234 2320 1258 tunc
2343 1236 2512 1269 peccatum

1436 1270 1645 1301 iudicandum
1669 1278 1750 1301 esset
1771 1270 1858 1302 iuxta
1882 1270 2069 1311 qualitatem
2093 1271 2180 1312 legis,
2206 1279 2283 1312 puta
2307 1272 2332 1302 si
2351 1280 2433 1304 esset
2455 1283 2512 1314 per

313 1317 456 1348 vocativa
476 1324 523 1347 est
546 1317 585 1346 ad
610 1315 901 1356 concupiscentiam
921 1316 1072 1346 mulieris.
1096 1316 1136 1346 Et
1159 1323 1326 1356 propterea
1351 1316 1383 1345 in
1408 1349 1410 1356 Ι

1437 1315 1573 1346 modum
1598 1315 1750 1355 simplicis
1773 1315 1891 1351 statuti,
1911 1322 1967 1346 aut
1983 1325 2058 1346 cum
2075 1325 2179 1356 poena
2198 1317 2355 1356 apposita,
2372 1318 2428 1348 sed
2444 1327 2511 1349 non

1436 1360 1539 1400 gravi:
1571 1360 1727 1400 quoniam
1751 1370 1817 1390 non
1841 1366 1923 1391 esset
1946 1359 2090 1390 mortalis
2114 1361 2318 1401 transgressio
2343 1361 2411 1392 sine
2435 1372 2512 1394 con-

1436 1411 1572 1445 temptu.
1607 1405 1639 1435 Si
1663 1413 1770 1436 autem
1795 1413 1876 1436 esset
1899 1405 2128 1445 praeceptoria,
2152 1412 2208 1436 aut
2231 1415 2307 1436 cum
2331 1416 2436 1447 poena
2459 1417 2512 1439 ex-

1437 1449 1752 1485 communicationis,
1777 1457 1832 1480 aut
1855 1449 1941 1489 gravi
1965 1449 2056 1480 valde
2079 1459 2185 1490 poena
2209 1450 2384 1490 explicante
2407 1451 2511 1482 inten-

1436 1494 1559 1524 tionem
1580 1493 1658 1533 legis
1675 1504 1741 1524 esse
1758 1494 1798 1524 ad
1822 1493 2092 1534 praecipiendum,
2111 1494 2316 1535 transgressio
2333 1497 2512 1527 secundum

1437 1548 1470 1568 se
1494 1546 1575 1569 esset
1599 1538 1750 1574 mortalis,
1775 1538 1898 1569 ratione
1921 1538 2090 1578 praecepti.

1493 1583 1526 1613 Si
1549 1593 1624 1613 vero
1649 1583 1816 1613 excedatur
1838 1583 1871 1613 in
1896 1589 2032 1621 ornatu,
2057 1593 2123 1613 non
2154 1583 2204 1614 lex
2227 1593 2285 1614 nec
2309 1585 2511 1616 consuetudo

1409 1649 1411 1673 :
1436 1627 1560 1667 legalis,
1584 1628 1639 1658 sed
1663 1626 1793 1657 moralis
1816 1634 1959 1663 tantum,
1984 1627 2106 1658 veniale
2129 1635 2296 1667 peccatum
2320 1635 2368 1660 est
2390 1638 2428 1660 ex
2450 1639 2512 1661 suo

313 1683 375 1714 que
400 1672 531 1712 pulchra
555 1679 601 1702 est
621 1672 803 1703 naturaliter
818 1671 1021 1713 provocativa
1038 1671 1077 1701 ad
1093 1671 1384 1712 concupiscentiam
1410 1695 1411 1700 ,

1437 1680 1570 1712 genere:
1596 1671 1672 1712 quia
1696 1671 1881 1702 huiusmodi
1906 1671 2005 1702 moris
2028 1671 2160 1702 violatio
2185 1672 2264 1703 nihil
2278 1673 2420 1705 continet
2436 1683 2512 1706 con-

1436 1723 1483 1746 tra
1507 1716 1671 1752 iustitiam,
1696 1726 1731 1746 ac
1755 1726 1812 1756 per
1833 1716 1904 1752 hoc,
1929 1726 1995 1746 non
2010 1723 2057 1747 est
2080 1723 2190 1747 contra
2215 1717 2350 1757 proximi
2368 1717 2511 1749 dilectio-

1438 1771 1523 1791 nem.
1558 1761 1598 1791 Et
1621 1761 1777 1801 quoniam
1801 1761 2049 1791 consuetudines
2077 1760 2158 1791 circa
2181 1768 2283 1792 vestes
2307 1769 2338 1792 et
2361 1769 2512 1794 ornatum

1437 1806 1504 1845 lege
1536 1805 1722 1845 municipali
1752 1815 1819 1835 non
1849 1804 2010 1841 firmatae,
2036 1805 2156 1846 ubique
2184 1813 2339 1836 terrarum
2365 1806 2514 1838 videntur

1438 1849 1585 1885 morales,
1607 1859 1673 1879 non
1689 1849 1815 1889 legales,
1833 1857 1868 1880 ut
1884 1856 2015 1880 testatur
2031 1849 2182 1880 continua
2198 1849 2335 1882 mutatio
2352 1851 2510 1892 impunis:

1438 1894 1510 1924 ideo
1535 1903 1680 1924 excessus
1704 1893 1942 1934 consuetudinis
1970 1893 2002 1923 in
2027 1901 2142 1924 ornatu
2174 1904 2241 1925 non
2264 1902 2311 1925 est
2334 1896 2511 1927 secundum

1438 1949 1470 1969 se
1495 1937 1630 1969 mortale
1654 1944 1831 1977 peccatum.

1493 1983 1543 2014 Ad
1568 1982 1782 2013 obiectionem
1807 1989 1914 2013 autem
1937 1982 1970 2012 in
1988 1982 2188 2023 oppositum,
2213 1983 2302 2023 quod
2326 1983 2514 2016 huiusmodi

1436 2037 1591 2063 excessus,
1617 2037 1692 2057 cum
1716 2025 1856 2057 novitate
1881 2027 2080 2066 praesertim,
2104 2033 2151 2058 est
2174 2033 2284 2058 contra
2308 2026 2514 2065 dilectionem

1437 2071 1573 2113 proximi
1606 2071 1683 2112 quia
1710 2078 1870 2111 coguntur
1893 2071 1944 2102 alii
1975 2072 2123 2112 exemplo
2147 2071 2187 2102 ad
2211 2071 2399 2103 huiusmodi
2422 2082 2513 2105 sum·

1437 2125 1524 2158 ptus:
1543 2116 1753 2156 respondetur
1768 2116 1868 2157 quod,
1882 2126 1956 2146 cum
1973 2116 2107 2157 quilibet
2122 2126 2259 2158 sequens
2272 2117 2396 2148 malum
2409 2127 2513 2149 exem-

1436 2161 1529 2202 plum
1553 2160 1701 2192 novitatis
1726 2170 1781 2191 seu
1798 2170 1953 2197 excessus,
1969 2161 2147 2192 voluntarie
2163 2160 2277 2192 inferat
2292 2160 2351 2192 sibi
2366 2161 2428 2202 ipsi
2450 2162 2514 2194 hoc

1438 2206 1594 2236 damnum
1623 2205 1699 2235 novi
1728 2212 1892 2246 sumptus;
1927 2211 1958 2236 et
1986 2205 2048 2236 hoc
2081 2205 2120 2237 sit
2152 2211 2275 2246 praeter
2299 2205 2514 2238 intentionem

1437 2250 1532 2291 primi
1549 2249 1691 2281 ornantis
1708 2260 1740 2280 se
1757 2259 1843 2280 novo
1860 2259 1999 2286 excessu,
2017 2257 2053 2281 ut
2068 2250 2126 2287 sic;
2151 2250 2240 2281 nulla
2254 2249 2409 2282 iniustitia
2424 2261 2514 2283 com·

1438 2295 1574 2326 mittitur
1606 2301 1716 2325 contra
1744 2293 1947 2334 proximum,
1973 2294 2081 2326 nullus
2104 2301 2194 2326 actus
2218 2301 2328 2326 contra
2351 2295 2514 2328 caritatem

1437 2338 1574 2379 proximi
1598 2337 1642 2374 fit,
1666 2348 1720 2378 per
1736 2348 1769 2368 se
1785 2338 1961 2379 loquendo.
1987 2338 2130 2370 Graviter
2146 2346 2254 2370 tamen
2270 2346 2403 2380 peccant
2418 2339 2515 2382 primi

1437 2390 1560 2414 utentes
1578 2381 1771 2413 novitatibus
1796 2382 2036 2414 occasionaliter
2056 2383 2219 2414 damnosis
2237 2384 2397 2424 proximo,
2422 2395 2514 2426 prae-

1438 2427 1572 2458 ferentes
1604 2437 1680 2457 suae
1711 2426 1858 2458 vanitatis
1890 2426 2038 2458 affectum
2070 2427 2292 2468 proximorum
2325 2428 2515 2461 necessitati.

1438 2472 1524 2510 Quia
1552 2479 1659 2502 tamen
1689 2481 1836 2502 excusare
1860 2481 1892 2502 se
1916 2478 2062 2511 possunt,
2088 2472 2238 2504 dicendo:
2263 2472 2338 2503 Non
2370 2474 2516 2505 imitetur·

1440 2526 1498 2547 nos
1520 2517 1575 2557 qui
1591 2526 1653 2546 non
1669 2521 1785 2556 potest,
1811 2517 1866 2557 qui
1882 2525 1945 2547 non
1963 2517 2050 2547 vult:
2065 2516 2176 2558 faciat
2191 2512 2412 2558 unusquisque
2427 2524 2514 2549 sum—

1433 2567 1512 2602 ptus
1536 2562 1628 2591 iuxta
1652 2570 1730 2591 suas
1743 2560 1947 2601 facultates,
1973 2566 2004 2592 et
2028 2571 2091 2592 non
2117 2562 2160 2592 sit
2181 2561 2323 2599 stultus;
2353 2561 2427 2593 ideo
2455 2572 2514 2594 nec

1439 2613 1549 2637 contra
1572 2605 1743 2641 caritatem,
1769 2615 1827 2636 nec
1851 2612 1960 2636 contra
1984 2605 2137 2636 iustitiam
2157 2612 2247 2636 actus
2262 2605 2321 2636 iste
2337 2613 2384 2637 est
2392 2614 2400 2644 ς
2423 2606 2515 2638 valde

1438 2658 1545 2682 tamen
1562 2649 1825 2690 reprehensibilis,
1850 2657 1980 2690 propter
1994 2650 2111 2681 multas
2128 2650 2345 2681 deformitates
2361 2657 2392 2682 et
2404 2660 2515 2691 graves

1439 2705 1518 2736 quas
1543 2694 1646 2730 habet,
1672 2694 1750 2724 dum
1775 2702 1805 2725 et
1827 2695 2027 2725 consuetudo
2043 2694 2190 2732 violatur,
2216 2702 2247 2726 et
2262 2694 2389 2726 occasio
2405 2695 2516 2727 damni

1440 2740 1541 2775 datur,
1567 2746 1597 2770 et
1619 2739 1721 2769 inanis
1745 2738 1844 2778 gloria
1868 2749 1903 2770 ac
1927 2738 2059 2770 stultitia
2082 2749 2150 2770 non
2165 2739 2233 2770 sine
2249 2739 2399 2770 scandalo
2423 2749 2514 2772 com-

1441 2783 1587 2815 mittitur.

316 2835 400 2862 nem,
425 2825 543 2855 scilicet
567 2825 676 2856 nudati
700 2825 838 2866 pectoris
862 2825 949 2857 iuxta
973 2826 1091 2866 patriae
1107 2836 1241 2863 morem,
1259 2837 1324 2857 non
1342 2835 1388 2858 est

1496 2829 1543 2859 De
1568 2827 1746 2858 mutatione
1770 2834 1878 2858 autem
1901 2827 2029 2858 habitus
2052 2827 2150 2858 virilis
2168 2828 2218 2859 vel
2238 2827 2378 2865 feminei,
2403 2838 2440 2859 ex
2461 2828 2515 2860 lit-

1440 2880 1505 2904 tera
1520 2873 1537 2892 *
1561 2872 1635 2903 satis
1660 2872 1793 2903 habetur
1816 2873 1855 2904 ab
1874 2872 2122 2912 intelligentibus
2145 2873 2245 2914 quod,
2261 2873 2340 2903 dum
2355 2872 2388 2903 in
2404 2872 2515 2904 multis

1441 2917 1565 2948 casibus
1593 2923 1640 2947 est
1667 2916 1768 2953 licita,
1793 2917 1818 2947 si
1849 2927 1886 2948 ex
1908 2917 2034 2948 levitate
2057 2916 2127 2954 fiat,
2153 2927 2219 2948 non
2248 2916 2368 2948 excedit
2396 2916 2515 2948 limites

1440 2961 1629 2992 venialium:
1655 2961 1680 2991 si
1705 2961 1791 2991 enim
1814 2961 1993 2992 secundum
2012 2971 2045 2991 se
2068 2967 2150 2992 esset
2172 2961 2316 2996 mortale,
2332 2960 2423 2992 nullo
2439 2971 2514 2993 casu

1440 3006 1563 3037 licitum
1588 3013 1679 3036 esset.
1709 3006 1776 3036 Nec
1799 3007 1904 3037 obstat
1934 3005 2059 3036 divinae
2081 3005 2159 3046 legis
2182 3004 2357 3046 prohibitio
2372 3005 2405 3035 *ε
2437 3005 2514 3048 quia
2542 3012 2554 3024 ·

1441 3051 1586 3082 iudiciale
1610 3050 1659 3081 vel
1683 3050 1912 3081 caeremoniale
1936 3056 2142 3091 praeceptum
2166 3057 2226 3086 est,
2251 3056 2282 3080 et
2305 3049 2436 3081 evanuit
2458 3060 2516 3091 per

1414 3090 1415 3129 J
1442 3095 1561 3127 Christi
1585 3094 1729 3135 gratiam.

1496 3140 1535 3170 V.
1560 3140 1611 3170 Ad
1627 3140 1757 3170 tertium
1772 3138 1903 3170 dubium
1918 3138 1935 3158 *
1957 3138 2071 3170 dicitur
2093 3137 2183 3179 quod
2199 3143 2282 3168 certa
2298 3137 2420 3169 ratione
2436 3147 2513 3170 con-

1441 3191 1501 3215 stat
1534 3183 1728 3214 fucatorium
1756 3190 1906 3214 ornatum
1935 3192 1973 3213 ex
2002 3182 2074 3213 solo
2101 3181 2228 3213 mortali
2253 3189 2440 3224 contemptu
2464 3182 2515 3215 vel

1441 3227 1503 3259 fine
1527 3227 1732 3269 superaddito
1754 3226 1822 3258 fieri
1846 3226 1980 3258 mortale
2003 3233 2180 3267 peccatum,
2198 3233 2233 3257 ut
2256 3226 2288 3257 in
2311 3226 2413 3258 littera
2437 3226 2514 3258 dici-

1441 3279 1502 3304 tur.
1534 3273 1591 3303 Est
1620 3279 1728 3304 autern
1754 3271 1834 3303 ratio
1859 3281 1924 3301 non
1948 3270 2041 3302 tacita
2068 3270 2101 3301 in
2123 3271 2245 3302 littera:
2277 3270 2413 3308 scilicet,
2438 3271 2514 3313 quia

1431 3317 1565 3358 fucatio
1587 3317 1708 3357 species
1731 3320 1779 3347 est
1790 3315 1948 3357 fictionis.
1978 3314 2115 3346 Constat
2138 3325 2278 3357 namque
2302 3315 2391 3357 quod
2414 3314 2514 3353 fictio,

1441 3362 1501 3392 nisi
1533 3362 1572 3392 sit
1602 3360 1795 3403 perniciosa,
1827 3369 1894 3390 non
1924 3365 1971 3389 est
2001 3366 2167 3399 peccatum
2192 3360 2345 3391 mortale:
2370 3359 2452 3391 sicut
2474 3360 2514 3392 de

1442 3404 1608 3436 mendacio
1633 3404 1767 3436 dicimus
1791 3403 1880 3444 quod
1903 3403 2011 3433 solum
2031 3404 2247 3444 perniciosum
2271 3411 2317 3435 est
2340 3404 2474 3435 mortale
2485 3404 2513 3436 ¹⁸¹.

1442 3449 1615 3481 Mulierum
1642 3455 1750 3479 autem
1773 3447 1892 3478 fucatio
1922 3446 2063 3478 officiosa
2093 3455 2153 3485 est,
2179 3449 2219 3479 ad
2242 3448 2513 3490 pulchritudinem

1441 3493 1589 3529 serviens,
1614 3502 1680 3523 non
1704 3491 1881 3532 perniciosa
1905 3493 2083 3523 secundum
2107 3501 2158 3524 se:
2183 3493 2264 3524 sicut
2287 3502 2345 3524 nec
2364 3502 2514 3533 suprema

1442 3537 1646 3577 pulchritudo
1672 3536 1831 3567 naturalis.
1865 3535 2004 3573 Quando
2029 3537 2114 3568 enim
2138 3547 2223 3568 unus
2247 3536 2376 3568 effectus
2407 3543 2515 3578 potest

1442 3581 1481 3612 ab
1504 3587 1569 3612 arte
1592 3587 1622 3611 et
1646 3586 1757 3611 natura
1779 3579 1856 3616 fieri,
1882 3581 2023 3612 eiusdem
2049 3581 2178 3612 rationis
2198 3588 2245 3612 est
2267 3582 2327 3612 sia
2344 3587 2466 3618 natura,
2483 3587 2515 3612 et

1441 3623 1467 3655 si
1490 3625 1529 3655 ab
1553 3631 1618 3655 arte
1642 3623 1710 3655 fiat:
1737 3631 1772 3655 ut
1795 3631 1881 3665 patet
1904 3625 1943 3656 de
1967 3625 2108 3657 sanitate.
2133 3625 2174 3657 Et
2199 3632 2376 3667 propterea,
2397 3625 2422 3656 si
2439 3625 2511 3665 pul-

1442 3668 1589 3699 chritudo
1613 3668 1762 3699 naturalis
1786 3679 1851 3699 non
1876 3676 1923 3700 est
1946 3670 2124 3701 secundum
2143 3680 2176 3701 se
2200 3669 2386 3710 perniciosa,
2404 3678 2513 3700 conse-

2542 2878 2715 2908 ’ne-p.ad3.

2541 3148 2552 3159 ·
2564 3145 2638 3169 Num.
2652 3151 2669 3168 ι.

2565 3404 2754 3436 σίμωμα·
