<?xml version="1.0" encoding="UTF-8"?>
<!DOCTYPE html PUBLIC "-//W3C//DTD XHTML 1.0 Transitional//EN"
    "http://www.w3.org/TR/xhtml1/DTD/xhtml1-transitional.dtd">
<html xmlns="http://www.w3.org/1999/xhtml" xml:lang="en" lang="en">
 <head>
  <title>
</title>
<meta http-equiv="Content-Type" content="text/html;charset=utf-8" />
  <meta name='ocr-system' content='tesseract 3.04.00' />
  <meta name='ocr-capabilities' content='ocr_page ocr_carea ocr_par ocr_line ocrx_word'/>
</head>
<body>
  <div class='ocr_page' id='page_1' title='image "./operaomniaiussui10thom/operaomniaiussui10thom_0200.png"; bbox 0 0 2768 4198; ppageno 0'>
   <div class='ocr_carea' id='block_1_1' title="bbox 47 839 258 894">
    <p class='ocr_par' dir='ltr' id='par_1_1' title="bbox 47 839 258 894">
     <span class='ocr_line' id='line_1_1' title="bbox 49 839 258 866; baseline -0.005 -5"><span class='ocrx_word' id='word_1_1' title='bbox 49 842 57 851; x_wconf 76' lang='lat'>⁸</span> <span class='ocrx_word' id='word_1_2' title='bbox 70 840 108 861; x_wconf 76' lang='lat' dir='ltr'>Aa</span> <span class='ocrx_word' id='word_1_3' title='bbox 126 839 189 861; x_wconf 87' lang='lat' dir='ltr'>Rom.</span> <span class='ocrx_word' id='word_1_4' title='bbox 209 845 258 866; x_wconf 84' lang='lat' dir='ltr'>cap.</span> 
     </span>
     <span class='ocr_line' id='line_1_2' title="bbox 47 872 204 894; baseline -0.013 -6"><span class='ocrx_word' id='word_1_5' title='bbox 47 873 93 893; x_wconf 76' lang='lat' dir='ltr'>xiv,</span> <span class='ocrx_word' id='word_1_6' title='bbox 110 872 166 887; x_wconf 84' lang='lat' dir='ltr'>vers.</span> <span class='ocrx_word' id='word_1_7' title='bbox 184 872 204 894; x_wconf 81' lang='lat'>3.</span> 
     </span>
    </p>
   </div>
   <div class='ocr_carea' id='block_1_2' title="bbox 48 1636 191 1658">
    <p class='ocr_par' dir='ltr' id='par_1_2' title="bbox 48 1636 191 1658">
     <span class='ocr_line' id='line_1_3' title="bbox 48 1636 191 1658; baseline -0.014 0"><span class='ocrx_word' id='word_1_8' title='bbox 48 1638 55 1647; x_wconf 78' lang='lat'>⁸</span> <span class='ocrx_word' id='word_1_9' title='bbox 71 1636 191 1658; x_wconf 75' lang='lat' dir='ltr'>Eusebius.</span> 
     </span>
    </p>
   </div>
   <div class='ocr_carea' id='block_1_3' title="bbox 46 2280 183 2302">
    <p class='ocr_par' dir='ltr' id='par_1_3' title="bbox 46 2280 183 2302">
     <span class='ocr_line' id='line_1_4' title="bbox 46 2280 183 2302; baseline 0.007 -1"><span class='ocrx_word' id='word_1_10' title='bbox 46 2282 55 2291; x_wconf 82' lang='grc'><em>·</em></span> <span class='ocrx_word' id='word_1_11' title='bbox 71 2280 137 2302; x_wconf 84' lang='lat' dir='ltr'>Vcrs.</span> <span class='ocrx_word' id='word_1_12' title='bbox 151 2280 183 2302; x_wconf 82' lang='lat'>16.</span> 
     </span>
    </p>
   </div>
   <div class='ocr_carea' id='block_1_4' title="bbox 48 2598 183 2673">
    <p class='ocr_par' dir='ltr' id='par_1_4' title="bbox 48 2598 183 2673">
     <span class='ocr_line' id='line_1_5' title="bbox 48 2598 182 2627; baseline 0.007 -8"><span class='ocrx_word' id='word_1_13' title='bbox 48 2600 56 2609; x_wconf 89' lang='grc'><em>·</em></span> <span class='ocrx_word' id='word_1_14' title='bbox 71 2598 137 2620; x_wconf 72' lang='lat' dir='ltr'>Vera.</span> <span class='ocrx_word' id='word_1_15' title='bbox 155 2605 182 2627; x_wconf 84' lang='lat'>¹5·</span> 
     </span>
     <span class='ocr_line' id='line_1_6' title="bbox 52 2651 183 2673; baseline -0.008 0"><span class='ocrx_word' id='word_1_16' title='bbox 52 2652 60 2661; x_wconf 84' lang='grc'><em>·</em></span> <span class='ocrx_word' id='word_1_17' title='bbox 72 2651 136 2673; x_wconf 79' lang='lat' dir='ltr'>Vers.</span> <span class='ocrx_word' id='word_1_18' title='bbox 153 2651 183 2673; x_wconf 85' lang='lat'>16.</span> 
     </span>
    </p>
   </div>
   <div class='ocr_carea' id='block_1_5' title="bbox 50 3397 176 3424">
    <p class='ocr_par' dir='ltr' id='par_1_5' title="bbox 50 3397 176 3424">
     <span class='ocr_line' id='line_1_7' title="bbox 50 3397 176 3424; baseline -0.008 -5"><span class='ocrx_word' id='word_1_19' title='bbox 50 3398 58 3407; x_wconf 81' lang='lat'>⁸</span> <span class='ocrx_word' id='word_1_20' title='bbox 75 3397 140 3419; x_wconf 75' lang='lat' dir='ltr'>Vers.</span> <span class='ocrx_word' id='word_1_21' title='bbox 156 3404 176 3424; x_wconf 92' lang='lat'>7.</span> 
     </span>
    </p>
   </div>
   <div class='ocr_carea' id='block_1_6' title="bbox 293 265 362 302">
    <p class='ocr_par' dir='ltr' id='par_1_6' title="bbox 293 265 362 302">
     <span class='ocr_line' id='line_1_8' title="bbox 293 265 362 302; baseline 0 -1"><span class='ocrx_word' id='word_1_22' title='bbox 293 265 362 302; x_wconf 89' lang='lat'>158</span> 
     </span>
    </p>
   </div>
   <div class='ocr_carea' id='block_1_7' title="bbox 284 335 1386 1712">
    <p class='ocr_par' dir='ltr' id='par_1_7' title="bbox 284 335 1386 1222">
     <span class='ocr_line' id='line_1_9' title="bbox 287 335 1386 385; baseline -0.008 -10"><span class='ocrx_word' id='word_1_23' title='bbox 287 344 405 385; x_wconf 87' lang='lat' dir='ltr'>cipiens</span> <span class='ocrx_word' id='word_1_24' title='bbox 428 342 555 379; x_wconf 88' lang='lat' dir='ltr'>ieiunia,</span> <span class='ocrx_word' id='word_1_25' title='bbox 581 353 647 374; x_wconf 92' lang='lat' dir='ltr'>non</span> <span class='ocrx_word' id='word_1_26' title='bbox 664 342 799 373; x_wconf 91' lang='lat' dir='ltr'>absolvit</span> <span class='ocrx_word' id='word_1_27' title='bbox 814 341 981 372; x_wconf 82' lang='lat' dir='ltr'>hominem</span> <span class='ocrx_word' id='word_1_28' title='bbox 997 340 1036 369; x_wconf 88' lang='lat' dir='ltr'>ab</span> <span class='ocrx_word' id='word_1_29' title='bbox 1051 338 1101 368; x_wconf 92' lang='lat' dir='ltr'>his</span> <span class='ocrx_word' id='word_1_30' title='bbox 1120 338 1160 367; x_wconf 87' lang='lat' dir='ltr'>ad</span> <span class='ocrx_word' id='word_1_31' title='bbox 1179 347 1262 378; x_wconf 87' lang='lat' dir='ltr'>quae</span> <span class='ocrx_word' id='word_1_32' title='bbox 1281 337 1357 367; x_wconf 85' lang='lat' dir='ltr'>alias</span> <span class='ocrx_word' id='word_1_33' title='bbox 1383 335 1386 375; x_wconf 93' lang='grc' dir='ltr'>Ι</span> 
     </span>
     <span class='ocr_line' id='line_1_10' title="bbox 286 381 1358 427; baseline -0.009 -7"><span class='ocrx_word' id='word_1_34' title='bbox 286 396 420 425; x_wconf 88' lang='lat' dir='ltr'>tenetur,</span> <span class='ocrx_word' id='word_1_35' title='bbox 445 396 490 425; x_wconf 83' lang='lat' dir='ltr'>ut,</span> <span class='ocrx_word' id='word_1_36' title='bbox 510 387 736 427; x_wconf 80' lang='lat' dir='ltr'>praetermissis</span> <span class='ocrx_word' id='word_1_37' title='bbox 752 386 823 421; x_wconf 87' lang='lat' dir='ltr'>illis,</span> <span class='ocrx_word' id='word_1_38' title='bbox 841 385 968 415; x_wconf 90' lang='lat' dir='ltr'>ieiunet.</span> <span class='ocrx_word' id='word_1_39' title='bbox 993 383 1033 413; x_wconf 92' lang='lat' dir='ltr'>Et</span> <span class='ocrx_word' id='word_1_40' title='bbox 1057 388 1187 422; x_wconf 90' lang='lat' dir='ltr'>propter</span> <span class='ocrx_word' id='word_1_41' title='bbox 1210 381 1291 411; x_wconf 89' lang='lat' dir='ltr'>hanc</span> <span class='ocrx_word' id='word_1_42' title='bbox 1310 391 1358 411; x_wconf 88' lang='lat' dir='ltr'>ra-</span> 
     </span>
     <span class='ocr_line' id='line_1_11' title="bbox 286 426 1358 473; baseline -0.008 -9"><span class='ocrx_word' id='word_1_43' title='bbox 286 433 408 464; x_wconf 87' lang='lat' dir='ltr'>tionem</span> <span class='ocrx_word' id='word_1_44' title='bbox 439 441 520 464; x_wconf 85' lang='lat' dir='ltr'>uxor</span> <span class='ocrx_word' id='word_1_45' title='bbox 549 441 631 473; x_wconf 85' lang='lat' dir='ltr'>quae</span> <span class='ocrx_word' id='word_1_46' title='bbox 659 441 695 462; x_wconf 89' lang='lat' dir='ltr'>ex</span> <span class='ocrx_word' id='word_1_47' title='bbox 723 430 842 460; x_wconf 92' lang='lat' dir='ltr'>ieiunio</span> <span class='ocrx_word' id='word_1_48' title='bbox 873 427 1039 458; x_wconf 86' lang='lat' dir='ltr'>macilenta</span> <span class='ocrx_word' id='word_1_49' title='bbox 1072 426 1243 466; x_wconf 92' lang='lat' dir='ltr'>minusque</span> <span class='ocrx_word' id='word_1_50' title='bbox 1271 432 1358 465; x_wconf 86' lang='lat' dir='ltr'>grata</span> 
     </span>
     <span class='ocr_line' id='line_1_12' title="bbox 286 469 1358 517; baseline -0.01 -8"><span class='ocrx_word' id='word_1_51' title='bbox 286 478 343 508; x_wconf 91' lang='lat' dir='ltr'>viri</span> <span class='ocrx_word' id='word_1_52' title='bbox 373 477 421 508; x_wconf 89' lang='lat' dir='ltr'>sui</span> <span class='ocrx_word' id='word_1_53' title='bbox 452 477 553 508; x_wconf 89' lang='lat' dir='ltr'>oculis</span> <span class='ocrx_word' id='word_1_54' title='bbox 576 482 722 517; x_wconf 88' lang='lat' dir='ltr'>apparet,</span> <span class='ocrx_word' id='word_1_55' title='bbox 747 481 778 504; x_wconf 92' lang='lat' dir='ltr'>et</span> <span class='ocrx_word' id='word_1_56' title='bbox 805 473 878 503; x_wconf 90' lang='lat' dir='ltr'>hinc</span> <span class='ocrx_word' id='word_1_57' title='bbox 902 471 1020 511; x_wconf 88' lang='lat' dir='ltr'>despici</span> <span class='ocrx_word' id='word_1_58' title='bbox 1048 477 1103 501; x_wconf 88' lang='lat' dir='ltr'>aut</span> <span class='ocrx_word' id='word_1_59' title='bbox 1127 469 1234 500; x_wconf 90' lang='lat' dir='ltr'>minus</span> <span class='ocrx_word' id='word_1_60' title='bbox 1257 469 1358 499; x_wconf 89' lang='lat' dir='ltr'>amari</span> 
     </span>
     <span class='ocr_line' id='line_1_13' title="bbox 286 513 1359 562; baseline -0.01 -8"><span class='ocrx_word' id='word_1_61' title='bbox 286 532 319 553; x_wconf 91' lang='lat' dir='ltr'>se</span> <span class='ocrx_word' id='word_1_62' title='bbox 343 522 498 562; x_wconf 86' lang='lat' dir='ltr'>conspicit</span> <span class='ocrx_word' id='word_1_63' title='bbox 521 522 559 551; x_wconf 90' lang='lat' dir='ltr'>ab</span> <span class='ocrx_word' id='word_1_64' title='bbox 583 530 632 556; x_wconf 89' lang='lat' dir='ltr'>eo,</span> <span class='ocrx_word' id='word_1_65' title='bbox 657 524 822 549; x_wconf 88' lang='lat' dir='ltr'>excusatur</span> <span class='ocrx_word' id='word_1_66' title='bbox 845 527 863 546; x_wconf 85' lang='lat' dir='ltr'>a</span> <span class='ocrx_word' id='word_1_67' title='bbox 878 515 1015 546; x_wconf 88' lang='lat' dir='ltr'>ieiunio:</span> <span class='ocrx_word' id='word_1_68' title='bbox 1041 514 1198 555; x_wconf 86' lang='lat' dir='ltr'>quoniam</span> <span class='ocrx_word' id='word_1_69' title='bbox 1221 513 1289 553; x_wconf 90' lang='lat' dir='ltr'>ipsa</span> <span class='ocrx_word' id='word_1_70' title='bbox 1313 520 1359 544; x_wconf 89' lang='lat' dir='ltr'>te-</span> 
     </span>
     <span class='ocr_line' id='line_1_14' title="bbox 287 559 1357 602; baseline -0.009 -5"><span class='ocrx_word' id='word_1_71' title='bbox 287 574 378 597; x_wconf 89' lang='lat' dir='ltr'>netur</span> <span class='ocrx_word' id='word_1_72' title='bbox 407 576 439 596; x_wconf 92' lang='lat' dir='ltr'>se</span> <span class='ocrx_word' id='word_1_73' title='bbox 469 573 654 596; x_wconf 86' lang='lat' dir='ltr'>conservare</span> <span class='ocrx_word' id='word_1_74' title='bbox 685 569 807 602; x_wconf 79' lang='lat' dir='ltr'>gratam</span> <span class='ocrx_word' id='word_1_75' title='bbox 830 560 898 590; x_wconf 87' lang='lat' dir='ltr'>viro</span> <span class='ocrx_word' id='word_1_76' title='bbox 926 570 997 590; x_wconf 90' lang='lat' dir='ltr'>suo.</span> <span class='ocrx_word' id='word_1_77' title='bbox 1029 559 1201 589; x_wconf 87' lang='lat' dir='ltr'>Pincernae</span> <span class='ocrx_word' id='word_1_78' title='bbox 1224 567 1357 599; x_wconf 88' lang='lat' dir='ltr'>quoque</span> 
     </span>
     <span class='ocr_line' id='line_1_15' title="bbox 287 603 1356 652; baseline -0.01 -10"><span class='ocrx_word' id='word_1_79' title='bbox 287 610 468 652; x_wconf 88' lang='lat' dir='ltr'>principum</span> <span class='ocrx_word' id='word_1_80' title='bbox 499 609 594 639; x_wconf 88' lang='lat' dir='ltr'>etiam</span> <span class='ocrx_word' id='word_1_81' title='bbox 630 616 723 637; x_wconf 85' lang='lat' dir='ltr'>mane</span> <span class='ocrx_word' id='word_1_82' title='bbox 752 604 993 635; x_wconf 87' lang='lat' dir='ltr'>comedentium</span> <span class='ocrx_word' id='word_1_83' title='bbox 1027 609 1217 633; x_wconf 85' lang='lat' dir='ltr'>excusantur</span> <span class='ocrx_word' id='word_1_84' title='bbox 1247 603 1356 643; x_wconf 90' lang='lat' dir='ltr'>quoad</span> 
     </span>
     <span class='ocr_line' id='line_1_16' title="bbox 286 646 1355 694; baseline -0.009 -8"><span class='ocrx_word' id='word_1_85' title='bbox 286 655 358 686; x_wconf 90' lang='lat' dir='ltr'>illos</span> <span class='ocrx_word' id='word_1_86' title='bbox 378 661 466 685; x_wconf 87' lang='lat' dir='ltr'>actus</span> <span class='ocrx_word' id='word_1_87' title='bbox 489 653 604 694; x_wconf 89' lang='lat' dir='ltr'>quibus</span> <span class='ocrx_word' id='word_1_88' title='bbox 629 655 836 691; x_wconf 89' lang='lat' dir='ltr'>praesumunt</span> <span class='ocrx_word' id='word_1_89' title='bbox 856 648 963 689; x_wconf 87' lang='lat' dir='ltr'>aliqua</span> <span class='ocrx_word' id='word_1_90' title='bbox 987 658 1045 688; x_wconf 91' lang='lat' dir='ltr'>pro</span> <span class='ocrx_word' id='word_1_91' title='bbox 1062 647 1228 678; x_wconf 84' lang='lat' dir='ltr'>securitate</span> <span class='ocrx_word' id='word_1_92' title='bbox 1252 646 1355 677; x_wconf 91' lang='lat' dir='ltr'>domi-</span> 
     </span>
     <span class='ocr_line' id='line_1_17' title="bbox 287 691 1357 735; baseline -0.008 -5"><span class='ocrx_word' id='word_1_93' title='bbox 287 708 403 730; x_wconf 89' lang='lat' dir='ltr'>norum</span> <span class='ocrx_word' id='word_1_94' title='bbox 434 704 585 728; x_wconf 89' lang='lat' dir='ltr'>suorum:</span> <span class='ocrx_word' id='word_1_95' title='bbox 617 694 772 735; x_wconf 86' lang='lat' dir='ltr'>quoniam</span> <span class='ocrx_word' id='word_1_96' title='bbox 802 693 842 723; x_wconf 92' lang='lat' dir='ltr'>ad</span> <span class='ocrx_word' id='word_1_97' title='bbox 860 692 931 723; x_wconf 58' lang='lat' dir='ltr'>»hoc</span> <span class='ocrx_word' id='word_1_98' title='bbox 958 692 1033 722; x_wconf 86' lang='lat' dir='ltr'>alias</span> <span class='ocrx_word' id='word_1_99' title='bbox 1061 692 1259 722; x_wconf 86' lang='lat' dir='ltr'>tenebantur.</span> <span class='ocrx_word' id='word_1_100' title='bbox 1290 691 1357 721; x_wconf 88' lang='lat' dir='ltr'>Nec</span> 
     </span>
     <span class='ocr_line' id='line_1_18' title="bbox 287 735 1355 784; baseline -0.008 -10"><span class='ocrx_word' id='word_1_101' title='bbox 287 749 406 784; x_wconf 88' lang='lat' dir='ltr'>spectat</span> <span class='ocrx_word' id='word_1_102' title='bbox 429 742 467 771; x_wconf 83' lang='lat' dir='ltr'>ad</span> <span class='ocrx_word' id='word_1_103' title='bbox 492 750 546 771; x_wconf 91' lang='lat' dir='ltr'>eos</span> <span class='ocrx_word' id='word_1_104' title='bbox 570 739 708 769; x_wconf 88' lang='lat' dir='ltr'>iudicare</span> <span class='ocrx_word' id='word_1_105' title='bbox 733 748 772 767; x_wconf 89' lang='lat' dir='ltr'>an</span> <span class='ocrx_word' id='word_1_106' title='bbox 796 737 920 767; x_wconf 91' lang='lat' dir='ltr'>domini</span> <span class='ocrx_word' id='word_1_107' title='bbox 945 736 993 767; x_wconf 92' lang='lat' dir='ltr'>sui</span> <span class='ocrx_word' id='word_1_108' title='bbox 1025 742 1214 767; x_wconf 88' lang='lat' dir='ltr'>excusentur</span> <span class='ocrx_word' id='word_1_109' title='bbox 1237 745 1254 765; x_wconf 91' lang='lat' dir='ltr'>a</span> <span class='ocrx_word' id='word_1_110' title='bbox 1277 735 1355 766; x_wconf 90' lang='lat' dir='ltr'>ieiu-</span> 
     </span>
     <span class='ocr_line' id='line_1_19' title="bbox 286 780 1358 822; baseline -0.007 -5"><span class='ocrx_word' id='word_1_111' title='bbox 286 787 358 817; x_wconf 87' lang='lat' dir='ltr'>nio:</span> <span class='ocrx_word' id='word_1_112' title='bbox 392 786 463 821; x_wconf 91' lang='lat' dir='ltr'>sed,</span> <span class='ocrx_word' id='word_1_113' title='bbox 487 785 574 814; x_wconf 88' lang='lat' dir='ltr'>iuxta</span> <span class='ocrx_word' id='word_1_114' title='bbox 602 781 751 822; x_wconf 86' lang='lat' dir='ltr'>Apostoli</span> <span class='ocrx_word' id='word_1_115' title='bbox 780 781 986 818; x_wconf 85' lang='lat' dir='ltr'>sententiam,</span> <span class='ocrx_word' id='word_1_116' title='bbox 1010 782 1066 821; x_wconf 84' lang='lat' dir='ltr'>qui</span> <span class='ocrx_word' id='word_1_117' title='bbox 1094 790 1157 811; x_wconf 89' lang='lat' dir='ltr'>non</span> <span class='ocrx_word' id='word_1_118' title='bbox 1182 780 1358 811; x_wconf 87' lang='lat' dir='ltr'>manducat</span> 
     </span>
     <span class='ocr_line' id='line_1_20' title="bbox 286 824 1356 866; baseline -0.007 -5"><span class='ocrx_word' id='word_1_119' title='bbox 286 830 530 861; x_wconf 86' lang='lat' dir='ltr'>manducantem</span> <span class='ocrx_word' id='word_1_120' title='bbox 547 837 609 858; x_wconf 89' lang='lat' dir='ltr'>non</span> <span class='ocrx_word' id='word_1_121' title='bbox 626 827 744 858; x_wconf 87' lang='lat' dir='ltr'>iudicet</span> <span class='ocrx_word' id='word_1_122' title='bbox 758 826 784 862; x_wconf 89' lang='lat'>*,</span> <span class='ocrx_word' id='word_1_123' title='bbox 809 826 864 856; x_wconf 90' lang='lat' dir='ltr'>sed</span> <span class='ocrx_word' id='word_1_124' title='bbox 888 832 1071 866; x_wconf 88' lang='lat' dir='ltr'>praesumat</span> <span class='ocrx_word' id='word_1_125' title='bbox 1089 825 1198 865; x_wconf 91' lang='lat' dir='ltr'>ipsum</span> <span class='ocrx_word' id='word_1_126' title='bbox 1220 824 1283 854; x_wconf 81' lang='lat' dir='ltr'>vel·</span> <span class='ocrx_word' id='word_1_127' title='bbox 1294 824 1356 855; x_wconf 89' lang='lat' dir='ltr'>dis-</span> 
     </span>
     <span class='ocr_line' id='line_1_21' title="bbox 286 868 1358 915; baseline -0.006 -10"><span class='ocrx_word' id='word_1_128' title='bbox 286 880 454 915; x_wconf 88' lang='lat' dir='ltr'>pensatum</span> <span class='ocrx_word' id='word_1_129' title='bbox 478 883 495 903; x_wconf 88' lang='lat' dir='ltr'>a</span> <span class='ocrx_word' id='word_1_130' title='bbox 518 873 614 912; x_wconf 85' lang='lat' dir='ltr'>Papa,</span> <span class='ocrx_word' id='word_1_131' title='bbox 638 871 688 901; x_wconf 90' lang='lat' dir='ltr'>vel</span> <span class='ocrx_word' id='word_1_132' title='bbox 711 881 730 901; x_wconf 88' lang='lat' dir='ltr'>a</span> <span class='ocrx_word' id='word_1_133' title='bbox 754 870 938 901; x_wconf 88' lang='lat' dir='ltr'>conditione</span> <span class='ocrx_word' id='word_1_134' title='bbox 959 869 1066 911; x_wconf 88' lang='lat' dir='ltr'>aliqua</span> <span class='ocrx_word' id='word_1_135' title='bbox 1082 869 1207 900; x_wconf 90' lang='lat' dir='ltr'>occulta</span> <span class='ocrx_word' id='word_1_136' title='bbox 1223 868 1292 900; x_wconf 89' lang='lat' dir='ltr'>sibi.</span> <span class='ocrx_word' id='word_1_137' title='bbox 1318 869 1358 900; x_wconf 89' lang='lat' dir='ltr'>Et</span> 
     </span>
     <span class='ocr_line' id='line_1_22' title="bbox 286 913 1358 954; baseline -0.005 -6"><span class='ocrx_word' id='word_1_138' title='bbox 286 929 322 949; x_wconf 88' lang='lat' dir='ltr'>ex</span> <span class='ocrx_word' id='word_1_139' title='bbox 346 918 456 948; x_wconf 88' lang='lat' dir='ltr'>eadem</span> <span class='ocrx_word' id='word_1_140' title='bbox 479 916 583 947; x_wconf 83' lang='lat' dir='ltr'>radice</span> <span class='ocrx_word' id='word_1_141' title='bbox 608 922 797 946; x_wconf 83' lang='lat' dir='ltr'>excusantur</span> <span class='ocrx_word' id='word_1_142' title='bbox 820 914 916 945; x_wconf 90' lang='lat' dir='ltr'>etiam</span> <span class='ocrx_word' id='word_1_143' title='bbox 939 914 981 950; x_wconf 90' lang='lat' dir='ltr'>si,</span> <span class='ocrx_word' id='word_1_144' title='bbox 1007 923 1066 954; x_wconf 90' lang='lat' dir='ltr'>pro</span> <span class='ocrx_word' id='word_1_145' title='bbox 1098 913 1286 944; x_wconf 88' lang='lat' dir='ltr'>huiusmodi</span> <span class='ocrx_word' id='word_1_146' title='bbox 1309 923 1358 944; x_wconf 91' lang='lat' dir='ltr'>se-</span> 
     </span>
     <span class='ocr_line' id='line_1_23' title="bbox 286 958 1358 999; baseline -0.005 -6"><span class='ocrx_word' id='word_1_147' title='bbox 286 962 414 994; x_wconf 89' lang='lat' dir='ltr'>curitate</span> <span class='ocrx_word' id='word_1_148' title='bbox 434 961 643 991; x_wconf 91' lang='lat' dir='ltr'>dominorum</span> <span class='ocrx_word' id='word_1_149' title='bbox 657 959 860 990; x_wconf 88' lang='lat' dir='ltr'>infirmorum</span> <span class='ocrx_word' id='word_1_150' title='bbox 878 966 932 990; x_wconf 90' lang='lat' dir='ltr'>aut</span> <span class='ocrx_word' id='word_1_151' title='bbox 948 959 1214 999; x_wconf 80' lang='lat' dir='ltr'>dispensatorum,</span> <span class='ocrx_word' id='word_1_152' title='bbox 1230 958 1358 988; x_wconf 90' lang='lat' dir='ltr'>creden-</span> 
     </span>
     <span class='ocr_line' id='line_1_24' title="bbox 286 1002 1358 1045; baseline -0.005 -8"><span class='ocrx_word' id='word_1_153' title='bbox 286 1007 361 1038; x_wconf 87' lang='lat' dir='ltr'>tiam</span> <span class='ocrx_word' id='word_1_154' title='bbox 386 1005 523 1037; x_wconf 89' lang='lat' dir='ltr'>facerent</span> <span class='ocrx_word' id='word_1_155' title='bbox 545 1004 579 1036; x_wconf 90' lang='lat' dir='ltr'>in</span> <span class='ocrx_word' id='word_1_156' title='bbox 603 1004 680 1036; x_wconf 84' lang='lat' dir='ltr'>cibis</span> <span class='ocrx_word' id='word_1_157' title='bbox 703 1003 888 1045; x_wconf 82' lang='lat' dir='ltr'>prohibitis,</span> <span class='ocrx_word' id='word_1_158' title='bbox 912 1003 1030 1034; x_wconf 87' lang='lat' dir='ltr'>scilicet</span> <span class='ocrx_word' id='word_1_159' title='bbox 1053 1002 1121 1033; x_wconf 90' lang='lat' dir='ltr'>ovis</span> <span class='ocrx_word' id='word_1_160' title='bbox 1146 1009 1176 1033; x_wconf 87' lang='lat' dir='ltr'>et</span> <span class='ocrx_word' id='word_1_161' title='bbox 1200 1002 1358 1033; x_wconf 88' lang='lat' dir='ltr'>carnibus.</span> 
     </span>
     <span class='ocr_line' id='line_1_25' title="bbox 285 1047 1358 1090; baseline -0.004 -9"><span class='ocrx_word' id='word_1_162' title='bbox 285 1052 359 1082; x_wconf 87' lang='lat' dir='ltr'>Non</span> <span class='ocrx_word' id='word_1_163' title='bbox 376 1050 585 1081; x_wconf 87' lang='lat' dir='ltr'>absolvuntur</span> <span class='ocrx_word' id='word_1_164' title='bbox 600 1056 707 1080; x_wconf 87' lang='lat' dir='ltr'>tamen</span> <span class='ocrx_word' id='word_1_165' title='bbox 726 1049 777 1080; x_wconf 89' lang='lat' dir='ltr'>isti</span> <span class='ocrx_word' id='word_1_166' title='bbox 797 1055 964 1090; x_wconf 87' lang='lat' dir='ltr'>propterea</span> <span class='ocrx_word' id='word_1_167' title='bbox 979 1058 996 1078; x_wconf 89' lang='lat' dir='ltr'>a</span> <span class='ocrx_word' id='word_1_168' title='bbox 1012 1047 1122 1078; x_wconf 90' lang='lat' dir='ltr'>ieiunii</span> <span class='ocrx_word' id='word_1_169' title='bbox 1138 1047 1281 1078; x_wconf 86' lang='lat' dir='ltr'>vinculo:</span> <span class='ocrx_word' id='word_1_170' title='bbox 1303 1047 1358 1078; x_wconf 90' lang='lat' dir='ltr'>sed</span> 
     </span>
     <span class='ocr_line' id='line_1_26' title="bbox 284 1091 1358 1135; baseline -0.004 -9"><span class='ocrx_word' id='word_1_171' title='bbox 284 1096 353 1126; x_wconf 90' lang='lat' dir='ltr'>illas</span> <span class='ocrx_word' id='word_1_172' title='bbox 378 1094 578 1135; x_wconf 86' lang='lat' dir='ltr'>sumptiones</span> <span class='ocrx_word' id='word_1_173' title='bbox 602 1100 788 1134; x_wconf 90' lang='lat' dir='ltr'>computare</span> <span class='ocrx_word' id='word_1_174' title='bbox 813 1093 928 1123; x_wconf 90' lang='lat' dir='ltr'>debent</span> <span class='ocrx_word' id='word_1_175' title='bbox 952 1102 987 1123; x_wconf 90' lang='lat' dir='ltr'>ac</span> <span class='ocrx_word' id='word_1_176' title='bbox 1011 1092 1037 1122; x_wconf 91' lang='lat' dir='ltr'>si</span> <span class='ocrx_word' id='word_1_177' title='bbox 1061 1101 1127 1122; x_wconf 90' lang='lat' dir='ltr'>non</span> <span class='ocrx_word' id='word_1_178' title='bbox 1151 1091 1295 1128; x_wconf 87' lang='lat' dir='ltr'>fuissent,</span> <span class='ocrx_word' id='word_1_179' title='bbox 1321 1101 1358 1122; x_wconf 92' lang='lat' dir='ltr'>ex</span> 
     </span>
     <span class='ocr_line' id='line_1_27' title="bbox 285 1136 1359 1180; baseline -0.004 -10"><span class='ocrx_word' id='word_1_180' title='bbox 285 1140 347 1170; x_wconf 90' lang='lat' dir='ltr'>alio</span> <span class='ocrx_word' id='word_1_181' title='bbox 371 1139 483 1180; x_wconf 84' lang='lat' dir='ltr'>capite,</span> <span class='ocrx_word' id='word_1_182' title='bbox 507 1139 584 1180; x_wconf 90' lang='lat' dir='ltr'>quia</span> <span class='ocrx_word' id='word_1_183' title='bbox 607 1138 724 1170; x_wconf 89' lang='lat' dir='ltr'>scilicet</span> <span class='ocrx_word' id='word_1_184' title='bbox 747 1148 814 1168; x_wconf 90' lang='lat' dir='ltr'>non</span> <span class='ocrx_word' id='word_1_185' title='bbox 837 1136 919 1168; x_wconf 81' lang='lat' dir='ltr'>fiunt</span> <span class='ocrx_word' id='word_1_186' title='bbox 942 1136 1156 1167; x_wconf 90' lang='lat' dir='ltr'>manducandi</span> <span class='ocrx_word' id='word_1_187' title='bbox 1179 1136 1287 1176; x_wconf 87' lang='lat' dir='ltr'>gratia,</span> <span class='ocrx_word' id='word_1_188' title='bbox 1303 1137 1359 1167; x_wconf 90' lang='lat' dir='ltr'>sed</span> 
     </span>
     <span class='ocr_line' id='line_1_28' title="bbox 286 1182 895 1222; baseline -0.005 -7"><span class='ocrx_word' id='word_1_189' title='bbox 286 1194 322 1215; x_wconf 83' lang='lat' dir='ltr'>ex</span> <span class='ocrx_word' id='word_1_190' title='bbox 347 1183 530 1215; x_wconf 88' lang='lat' dir='ltr'>necessitate</span> <span class='ocrx_word' id='word_1_191' title='bbox 554 1182 670 1214; x_wconf 89' lang='lat' dir='ltr'>servitii</span> <span class='ocrx_word' id='word_1_192' title='bbox 695 1182 895 1222; x_wconf 89' lang='lat' dir='ltr'>contingunt.</span> 
     </span>
    </p>

    <p class='ocr_par' dir='ltr' id='par_1_8' title="bbox 285 1224 1360 1712">
     <span class='ocr_line' id='line_1_29' title="bbox 341 1224 1359 1267; baseline -0.005 -8"><span class='ocrx_word' id='word_1_193' title='bbox 341 1229 444 1259; x_wconf 85' lang='lat' dir='ltr'>Pietas</span> <span class='ocrx_word' id='word_1_194' title='bbox 476 1228 590 1258; x_wconf 87' lang='lat' dir='ltr'>deinde</span> <span class='ocrx_word' id='word_1_195' title='bbox 620 1233 747 1258; x_wconf 86' lang='lat' dir='ltr'>excusat</span> <span class='ocrx_word' id='word_1_196' title='bbox 777 1226 904 1267; x_wconf 90' lang='lat' dir='ltr'>quoties</span> <span class='ocrx_word' id='word_1_197' title='bbox 935 1225 1093 1256; x_wconf 89' lang='lat' dir='ltr'>ieiunium</span> <span class='ocrx_word' id='word_1_198' title='bbox 1121 1225 1250 1255; x_wconf 89' lang='lat' dir='ltr'>maioris</span> <span class='ocrx_word' id='word_1_199' title='bbox 1281 1224 1359 1255; x_wconf 89' lang='lat' dir='ltr'>boni</span> 
     </span>
     <span class='ocr_line' id='line_1_30' title="bbox 285 1269 1356 1313; baseline -0.005 -9"><span class='ocrx_word' id='word_1_200' title='bbox 285 1273 445 1304; x_wconf 88' lang='lat' dir='ltr'>invenitur</span> <span class='ocrx_word' id='word_1_201' title='bbox 467 1272 709 1313; x_wconf 90' lang='lat' dir='ltr'>impeditivum:</span> <span class='ocrx_word' id='word_1_202' title='bbox 735 1278 771 1302; x_wconf 92' lang='lat' dir='ltr'>ut</span> <span class='ocrx_word' id='word_1_203' title='bbox 794 1271 891 1301; x_wconf 86' lang='lat' dir='ltr'>habes</span> <span class='ocrx_word' id='word_1_204' title='bbox 912 1270 946 1300; x_wconf 91' lang='lat' dir='ltr'>in</span> <span class='ocrx_word' id='word_1_205' title='bbox 966 1280 1033 1311; x_wconf 90' lang='lat' dir='ltr'>cap.</span> <span class='ocrx_word' id='word_1_206' title='bbox 1051 1270 1125 1300; x_wconf 90' lang='lat' dir='ltr'>Non</span> <span class='ocrx_word' id='word_1_207' title='bbox 1143 1269 1356 1307; x_wconf 85' lang='lat' dir='ltr'>mediocriter,</span> 
     </span>
     <span class='ocr_line' id='line_1_31' title="bbox 286 1314 1358 1356; baseline -0.005 -7"><span class='ocrx_word' id='word_1_208' title='bbox 286 1318 325 1349; x_wconf 86' lang='lat' dir='ltr'>de</span> <span class='ocrx_word' id='word_1_209' title='bbox 343 1317 507 1354; x_wconf 89' lang='lat' dir='ltr'>Consecr.,</span> <span class='ocrx_word' id='word_1_210' title='bbox 521 1317 591 1348; x_wconf 93' lang='lat' dir='ltr'>dist.</span> <span class='ocrx_word' id='word_1_211' title='bbox 605 1317 643 1347; x_wconf 95' lang='lat' dir='ltr'>V.</span> <span class='ocrx_word' id='word_1_212' title='bbox 669 1317 710 1347; x_wconf 92' lang='lat' dir='ltr'>Et</span> <span class='ocrx_word' id='word_1_213' title='bbox 725 1315 805 1346; x_wconf 90' lang='lat' dir='ltr'>ratio</span> <span class='ocrx_word' id='word_1_214' title='bbox 823 1322 870 1346; x_wconf 89' lang='lat' dir='ltr'>est</span> <span class='ocrx_word' id='word_1_215' title='bbox 883 1314 959 1356; x_wconf 90' lang='lat' dir='ltr'>quia</span> <span class='ocrx_word' id='word_1_216' title='bbox 978 1314 1135 1345; x_wconf 90' lang='lat' dir='ltr'>ieiunium</span> <span class='ocrx_word' id='word_1_217' title='bbox 1152 1321 1358 1355; x_wconf 89' lang='lat' dir='ltr'>praeceptum</span> 
     </span>
     <span class='ocr_line' id='line_1_32' title="bbox 287 1358 1360 1401; baseline -0.004 -8"><span class='ocrx_word' id='word_1_218' title='bbox 287 1369 333 1393; x_wconf 89' lang='lat' dir='ltr'>est</span> <span class='ocrx_word' id='word_1_219' title='bbox 357 1369 392 1393; x_wconf 88' lang='lat' dir='ltr'>ut</span> <span class='ocrx_word' id='word_1_220' title='bbox 414 1362 558 1392; x_wconf 90' lang='lat' dir='ltr'>medium</span> <span class='ocrx_word' id='word_1_221' title='bbox 582 1361 805 1401; x_wconf 89' lang='lat' dir='ltr'>promotivum</span> <span class='ocrx_word' id='word_1_222' title='bbox 828 1361 868 1390; x_wconf 89' lang='lat' dir='ltr'>ad</span> <span class='ocrx_word' id='word_1_223' title='bbox 887 1359 1049 1400; x_wconf 83' lang='lat' dir='ltr'>spirituale</span> <span class='ocrx_word' id='word_1_224' title='bbox 1065 1360 1200 1390; x_wconf 90' lang='lat' dir='ltr'>bonum.</span> <span class='ocrx_word' id='word_1_225' title='bbox 1225 1358 1360 1390; x_wconf 83' lang='lat' dir='ltr'>Constat</span> 
     </span>
     <span class='ocr_line' id='line_1_33' title="bbox 286 1403 1358 1448; baseline -0.005 -10"><span class='ocrx_word' id='word_1_226' title='bbox 286 1414 394 1438; x_wconf 89' lang='lat' dir='ltr'>autem</span> <span class='ocrx_word' id='word_1_227' title='bbox 417 1407 507 1448; x_wconf 92' lang='lat' dir='ltr'>quod</span> <span class='ocrx_word' id='word_1_228' title='bbox 530 1406 556 1436; x_wconf 89' lang='lat' dir='ltr'>si</span> <span class='ocrx_word' id='word_1_229' title='bbox 579 1406 799 1436; x_wconf 84' lang='lat' dir='ltr'>observaretur</span> <span class='ocrx_word' id='word_1_230' title='bbox 822 1404 953 1446; x_wconf 88' lang='lat' dir='ltr'>quando</span> <span class='ocrx_word' id='word_1_231' title='bbox 979 1410 1026 1435; x_wconf 90' lang='lat' dir='ltr'>est</span> <span class='ocrx_word' id='word_1_232' title='bbox 1049 1403 1274 1444; x_wconf 89' lang='lat' dir='ltr'>impeditivum</span> <span class='ocrx_word' id='word_1_233' title='bbox 1291 1413 1358 1434; x_wconf 85' lang='lat' dir='ltr'>ma-</span> 
     </span>
     <span class='ocr_line' id='line_1_34' title="bbox 285 1448 1359 1489; baseline -0.004 -7"><span class='ocrx_word' id='word_1_234' title='bbox 285 1451 362 1482; x_wconf 91' lang='lat' dir='ltr'>ioris</span> <span class='ocrx_word' id='word_1_235' title='bbox 386 1450 479 1487; x_wconf 91' lang='lat' dir='ltr'>boni,</span> <span class='ocrx_word' id='word_1_236' title='bbox 505 1457 581 1481; x_wconf 91' lang='lat' dir='ltr'>tunc</span> <span class='ocrx_word' id='word_1_237' title='bbox 611 1456 720 1481; x_wconf 89' lang='lat' dir='ltr'>contra</span> <span class='ocrx_word' id='word_1_238' title='bbox 750 1449 961 1480; x_wconf 89' lang='lat' dir='ltr'>intentionem</span> <span class='ocrx_word' id='word_1_239' title='bbox 991 1448 1069 1489; x_wconf 82' lang='lat' dir='ltr'>legis</span> <span class='ocrx_word' id='word_1_240' title='bbox 1093 1454 1253 1489; x_wconf 85' lang='lat' dir='ltr'>ageretur,</span> <span class='ocrx_word' id='word_1_241' title='bbox 1277 1457 1359 1489; x_wconf 87' lang='lat' dir='ltr'>quae</span> 
     </span>
     <span class='ocr_line' id='line_1_35' title="bbox 285 1492 1359 1535; baseline -0.004 -9"><span class='ocrx_word' id='word_1_242' title='bbox 285 1495 443 1526; x_wconf 89' lang='lat' dir='ltr'>ieiunium</span> <span class='ocrx_word' id='word_1_243' title='bbox 474 1502 510 1526; x_wconf 92' lang='lat' dir='ltr'>ut</span> <span class='ocrx_word' id='word_1_244' title='bbox 537 1494 776 1535; x_wconf 64' lang='lat' dir='ltr'>promodvum,</span> <span class='ocrx_word' id='word_1_245' title='bbox 809 1500 839 1525; x_wconf 93' lang='lat' dir='ltr'>et</span> <span class='ocrx_word' id='word_1_246' title='bbox 869 1503 935 1524; x_wconf 89' lang='lat' dir='ltr'>non</span> <span class='ocrx_word' id='word_1_247' title='bbox 964 1500 1001 1524; x_wconf 92' lang='lat' dir='ltr'>ut</span> <span class='ocrx_word' id='word_1_248' title='bbox 1027 1492 1252 1533; x_wconf 90' lang='lat' dir='ltr'>impeditivum</span> <span class='ocrx_word' id='word_1_249' title='bbox 1282 1492 1359 1523; x_wconf 90' lang='lat' dir='ltr'>boni</span> 
     </span>
     <span class='ocr_line' id='line_1_36' title="bbox 286 1537 1359 1581; baseline -0.004 -10"><span class='ocrx_word' id='word_1_250' title='bbox 286 1540 460 1581; x_wconf 89' lang='lat' dir='ltr'>praecepit:</span> <span class='ocrx_word' id='word_1_251' title='bbox 485 1539 655 1570; x_wconf 89' lang='lat' dir='ltr'>intentioni</span> <span class='ocrx_word' id='word_1_252' title='bbox 677 1538 836 1580; x_wconf 89' lang='lat' dir='ltr'>siquidem</span> <span class='ocrx_word' id='word_1_253' title='bbox 859 1537 1071 1579; x_wconf 91' lang='lat' dir='ltr'>promovendi</span> <span class='ocrx_word' id='word_1_254' title='bbox 1095 1538 1135 1568; x_wconf 87' lang='lat' dir='ltr'>ad</span> <span class='ocrx_word' id='word_1_255' title='bbox 1159 1538 1284 1568; x_wconf 87' lang='lat' dir='ltr'>bonum</span> <span class='ocrx_word' id='word_1_256' title='bbox 1303 1537 1359 1567; x_wconf 93' lang='lat' dir='ltr'>ob-</span> 
     </span>
     <span class='ocr_line' id='line_1_37' title="bbox 287 1582 1358 1625; baseline -0.003 -10"><span class='ocrx_word' id='word_1_257' title='bbox 287 1592 347 1615; x_wconf 89' lang='lat' dir='ltr'>stat</span> <span class='ocrx_word' id='word_1_258' title='bbox 363 1584 517 1625; x_wconf 88' lang='lat' dir='ltr'>impedire</span> <span class='ocrx_word' id='word_1_259' title='bbox 533 1583 636 1614; x_wconf 89' lang='lat' dir='ltr'>maius</span> <span class='ocrx_word' id='word_1_260' title='bbox 651 1584 785 1614; x_wconf 89' lang='lat' dir='ltr'>bonum.</span> <span class='ocrx_word' id='word_1_261' title='bbox 809 1583 876 1613; x_wconf 91' lang='lat' dir='ltr'>Nec</span> <span class='ocrx_word' id='word_1_262' title='bbox 893 1583 997 1613; x_wconf 80' lang='lat' dir='ltr'>obstat</span> <span class='ocrx_word' id='word_1_263' title='bbox 1019 1582 1109 1623; x_wconf 88' lang='lat' dir='ltr'>quod</span> <span class='ocrx_word' id='word_1_264' title='bbox 1133 1582 1172 1613; x_wconf 84' lang='lat' dir='ltr'>de</span> <span class='ocrx_word' id='word_1_265' title='bbox 1193 1582 1358 1619; x_wconf 72' lang='lat' dir='ltr'>Consecr„</span> 
     </span>
     <span class='ocr_line' id='line_1_38' title="bbox 287 1626 1359 1669; baseline -0.004 -9"><span class='ocrx_word' id='word_1_266' title='bbox 287 1629 358 1660; x_wconf 88' lang='lat' dir='ltr'>dist.</span> <span class='ocrx_word' id='word_1_267' title='bbox 375 1629 413 1665; x_wconf 83' lang='lat' dir='ltr'>V,</span> <span class='ocrx_word' id='word_1_268' title='bbox 430 1639 498 1669; x_wconf 88' lang='lat' dir='ltr'>cap.</span> <span class='ocrx_word' id='word_1_269' title='bbox 514 1628 654 1666; x_wconf 87' lang='lat' dir='ltr'>Ieiunia,</span> <span class='ocrx_word' id='word_1_270' title='bbox 671 1627 817 1658; x_wconf 88' lang='lat' dir='ltr'>Gelasius</span> <span class='ocrx_word' id='word_1_271' title='bbox 828 1627 846 1647; x_wconf 86' lang='grc'>*</span> <span class='ocrx_word' id='word_1_272' title='bbox 859 1627 945 1668; x_wconf 88' lang='lat' dir='ltr'>Papa</span> <span class='ocrx_word' id='word_1_273' title='bbox 960 1626 1049 1657; x_wconf 87' lang='lat' dir='ltr'>dicit:</span> <span class='ocrx_word' id='word_1_274' title='bbox 1075 1626 1202 1657; x_wconf 82' lang='lat' dir='ltr'>Ieiunia</span> <span class='ocrx_word' id='word_1_275' title='bbox 1221 1627 1291 1657; x_wconf 86' lang='lat' dir='ltr'>sine</span> <span class='ocrx_word' id='word_1_276' title='bbox 1306 1635 1359 1656; x_wconf 87' lang='lat' dir='ltr'>ra-</span> 
     </span>
     <span class='ocr_line' id='line_1_39' title="bbox 287 1670 1358 1712; baseline -0.004 -8"><span class='ocrx_word' id='word_1_277' title='bbox 287 1674 432 1704; x_wconf 85' lang='lat' dir='ltr'>tionabili</span> <span class='ocrx_word' id='word_1_278' title='bbox 455 1674 642 1704; x_wconf 84' lang='lat' dir='ltr'>necessitate</span> <span class='ocrx_word' id='word_1_279' title='bbox 666 1682 729 1703; x_wconf 91' lang='lat' dir='ltr'>non</span> <span class='ocrx_word' id='word_1_280' title='bbox 746 1672 895 1703; x_wconf 81' lang='lat' dir='ltr'>solvant:</span> <span class='ocrx_word' id='word_1_281' title='bbox 917 1670 1075 1712; x_wconf 88' lang='lat' dir='ltr'>quoniam</span> <span class='ocrx_word' id='word_1_282' title='bbox 1090 1677 1174 1702; x_wconf 86' lang='lat' dir='ltr'>extra</span> <span class='ocrx_word' id='word_1_283' title='bbox 1191 1670 1358 1701; x_wconf 88' lang='lat' dir='ltr'>rationabi-</span> 
     </span>
    </p>
   </div>
   <div class='ocr_carea' id='block_1_8' title="bbox 1384 1002 1388 1702">
    <p class='ocr_par' dir='ltr' id='par_1_9' title="bbox 1384 1002 1388 1702">
     <span class='ocr_line' id='line_1_40' title="bbox 1384 1002 1388 1702; baseline 0 0"><span class='ocrx_word' id='word_1_284' title='bbox 1384 1002 1388 1702; x_wconf 95' lang='lat' dir='ltr'> </span> 
     </span>
    </p>
   </div>
   <div class='ocr_carea' id='block_1_9' title="bbox 934 257 1836 307">
    <p class='ocr_par' dir='ltr' id='par_1_10' title="bbox 934 257 1836 307">
     <span class='ocr_line' id='line_1_41' title="bbox 934 257 1836 307; baseline -0.004 -9"><span class='ocrx_word' id='word_1_285' title='bbox 934 259 1202 307; x_wconf 89' lang='lat' dir='ltr'>QUAESTIO</span> <span class='ocrx_word' id='word_1_286' title='bbox 1233 257 1426 306; x_wconf 87' lang='lat' dir='ltr'>CXLVII,</span> <span class='ocrx_word' id='word_1_287' title='bbox 1456 258 1755 295; x_wconf 89' lang='lat' dir='ltr'>ARTICULUS</span> <span class='ocrx_word' id='word_1_288' title='bbox 1786 258 1836 294; x_wconf 96' lang='lat' dir='ltr'>lV</span> 
     </span>
    </p>
   </div>
   <div class='ocr_carea' id='block_1_10' title="bbox 1410 334 2492 1711">
    <p class='ocr_par' dir='ltr' id='par_1_11' title="bbox 1410 334 2490 1310">
     <span class='ocr_line' id='line_1_42' title="bbox 1410 334 2485 378; baseline -0.004 -10"><span class='ocrx_word' id='word_1_289' title='bbox 1410 337 1474 368; x_wconf 88' lang='lat' dir='ltr'>lem</span> <span class='ocrx_word' id='word_1_290' title='bbox 1499 337 1717 368; x_wconf 88' lang='lat' dir='ltr'>necessitatem</span> <span class='ocrx_word' id='word_1_291' title='bbox 1736 347 1803 368; x_wconf 89' lang='lat' dir='ltr'>non</span> <span class='ocrx_word' id='word_1_292' title='bbox 1819 344 1866 368; x_wconf 88' lang='lat' dir='ltr'>est</span> <span class='ocrx_word' id='word_1_293' title='bbox 1889 336 1998 377; x_wconf 90' lang='lat' dir='ltr'>pietas,</span> <span class='ocrx_word' id='word_1_294' title='bbox 2023 336 2180 378; x_wconf 90' lang='lat' dir='ltr'>quoniam</span> <span class='ocrx_word' id='word_1_295' title='bbox 2203 336 2295 366; x_wconf 88' lang='lat' dir='ltr'>valde</span> <span class='ocrx_word' id='word_1_296' title='bbox 2311 334 2485 365; x_wconf 85' lang='lat' dir='ltr'>necessaria</span> 
     </span>
     <span class='ocr_line' id='line_1_43' title="bbox 1411 379 2486 422; baseline -0.003 -10"><span class='ocrx_word' id='word_1_297' title='bbox 1411 388 1468 418; x_wconf 88' lang='lat' dir='ltr'>est,</span> <span class='ocrx_word' id='word_1_298' title='bbox 1492 388 1523 412; x_wconf 88' lang='lat' dir='ltr'>et</span> <span class='ocrx_word' id='word_1_299' title='bbox 1546 382 1647 422; x_wconf 82' lang='lat' dir='ltr'>magis</span> <span class='ocrx_word' id='word_1_300' title='bbox 1663 391 1762 422; x_wconf 88' lang='lat' dir='ltr'>quam</span> <span class='ocrx_word' id='word_1_301' title='bbox 1778 381 1952 422; x_wconf 87' lang='lat' dir='ltr'>corporalis</span> <span class='ocrx_word' id='word_1_302' title='bbox 1970 381 2080 412; x_wconf 90' lang='lat' dir='ltr'>ieiunii</span> <span class='ocrx_word' id='word_1_303' title='bbox 2096 380 2286 416; x_wconf 88' lang='lat' dir='ltr'>exercitatio,</span> <span class='ocrx_word' id='word_1_304' title='bbox 2303 379 2389 410; x_wconf 89' lang='lat' dir='ltr'>iuxta</span> <span class='ocrx_word' id='word_1_305' title='bbox 2404 379 2486 409; x_wconf 87' lang='lat' dir='ltr'>illud</span> 
     </span>
     <span class='ocr_line' id='line_1_44' title="bbox 1411 422 2486 466; baseline -0.001 -11"><span class='ocrx_word' id='word_1_306' title='bbox 1411 426 1560 465; x_wconf 86' lang='lat' dir='ltr'>Apostoli</span> <span class='ocrx_word' id='word_1_307' title='bbox 1570 426 1596 462; x_wconf 87' lang='lat'>*,</span> <span class='ocrx_word' id='word_1_308' title='bbox 1614 426 1743 457; x_wconf 85' lang='lat' dir='ltr'>Exerce</span> <span class='ocrx_word' id='word_1_309' title='bbox 1757 427 1892 466; x_wconf 82' lang='lat' dir='ltr'>teipsum</span> <span class='ocrx_word' id='word_1_310' title='bbox 1908 425 1952 457; x_wconf 84' lang='lat' dir='ltr'>ad</span> <span class='ocrx_word' id='word_1_311' title='bbox 1963 427 2128 466; x_wconf 84' lang='lat' dir='ltr'>pietatem,</span> <span class='ocrx_word' id='word_1_312' title='bbox 2146 432 2204 457; x_wconf 89' lang='lat' dir='ltr'>etc.</span> <span class='ocrx_word' id='word_1_313' title='bbox 2215 443 2236 448; x_wconf 98' lang='lat'><em>-</em></span> <span class='ocrx_word' id='word_1_314' title='bbox 2253 425 2294 455; x_wconf 91' lang='lat' dir='ltr'>Et</span> <span class='ocrx_word' id='word_1_315' title='bbox 2312 424 2387 455; x_wconf 90' lang='lat' dir='ltr'>hinc</span> <span class='ocrx_word' id='word_1_316' title='bbox 2402 422 2438 454; x_wconf 85' lang='lat' dir='ltr'>fit</span> <span class='ocrx_word' id='word_1_317' title='bbox 2451 430 2486 454; x_wconf 90' lang='lat' dir='ltr'>ut</span> 
     </span>
     <span class='ocr_line' id='line_1_45' title="bbox 1411 467 2486 512; baseline -0.002 -12"><span class='ocrx_word' id='word_1_318' title='bbox 1411 477 1600 500; x_wconf 87' lang='lat' dir='ltr'>excusentur</span> <span class='ocrx_word' id='word_1_319' title='bbox 1624 480 1641 499; x_wconf 91' lang='lat' dir='ltr'>a</span> <span class='ocrx_word' id='word_1_320' title='bbox 1656 469 1778 501; x_wconf 92' lang='lat' dir='ltr'>ieiunio</span> <span class='ocrx_word' id='word_1_321' title='bbox 1799 470 1856 512; x_wconf 90' lang='lat' dir='ltr'>qui</span> <span class='ocrx_word' id='word_1_322' title='bbox 1879 480 1916 501; x_wconf 87' lang='lat' dir='ltr'>ex</span> <span class='ocrx_word' id='word_1_323' title='bbox 1932 470 2048 511; x_wconf 90' lang='lat' dir='ltr'>pietate</span> <span class='ocrx_word' id='word_1_324' title='bbox 2072 476 2187 510; x_wconf 91' lang='lat' dir='ltr'>sponte</span> <span class='ocrx_word' id='word_1_325' title='bbox 2200 476 2315 500; x_wconf 88' lang='lat' dir='ltr'>vacant</span> <span class='ocrx_word' id='word_1_326' title='bbox 2334 467 2486 509; x_wconf 89' lang='lat' dir='ltr'>operibus</span> 
     </span>
     <span class='ocr_line' id='line_1_46' title="bbox 1412 512 2486 555; baseline -0.001 -12"><span class='ocrx_word' id='word_1_327' title='bbox 1412 513 1655 550; x_wconf 84' lang='lat' dir='ltr'>misericordiae,</span> <span class='ocrx_word' id='word_1_328' title='bbox 1679 520 1746 544; x_wconf 89' lang='lat' dir='ltr'>tam</span> <span class='ocrx_word' id='word_1_329' title='bbox 1762 514 1935 555; x_wconf 84' lang='lat' dir='ltr'>corporalis</span> <span class='ocrx_word' id='word_1_330' title='bbox 1958 524 2058 555; x_wconf 86' lang='lat' dir='ltr'>quam</span> <span class='ocrx_word' id='word_1_331' title='bbox 2074 513 2254 554; x_wconf 86' lang='lat' dir='ltr'>spiritualis,</span> <span class='ocrx_word' id='word_1_332' title='bbox 2279 513 2305 544; x_wconf 93' lang='lat' dir='ltr'>si</span> <span class='ocrx_word' id='word_1_333' title='bbox 2329 512 2486 543; x_wconf 90' lang='lat' dir='ltr'>ieiunium</span> 
     </span>
     <span class='ocr_line' id='line_1_47' title="bbox 1412 558 2487 599; baseline -0.001 -11"><span class='ocrx_word' id='word_1_334' title='bbox 1412 567 1468 588; x_wconf 89' lang='lat' dir='ltr'>eos</span> <span class='ocrx_word' id='word_1_335' title='bbox 1491 558 1530 588; x_wconf 88' lang='lat' dir='ltr'>ab</span> <span class='ocrx_word' id='word_1_336' title='bbox 1554 558 1742 588; x_wconf 88' lang='lat' dir='ltr'>huiusmodi</span> <span class='ocrx_word' id='word_1_337' title='bbox 1765 559 1916 599; x_wconf 86' lang='lat' dir='ltr'>operibus</span> <span class='ocrx_word' id='word_1_338' title='bbox 1943 558 2121 599; x_wconf 90' lang='lat' dir='ltr'>impediret.</span> <span class='ocrx_word' id='word_1_339' title='bbox 2153 558 2219 596; x_wconf 89' lang='lat' dir='ltr'>Qui</span> <span class='ocrx_word' id='word_1_340' title='bbox 2242 565 2351 589; x_wconf 88' lang='lat' dir='ltr'>autern</span> <span class='ocrx_word' id='word_1_341' title='bbox 2373 563 2487 588; x_wconf 86' lang='lat' dir='ltr'>vacant</span> 
     </span>
     <span class='ocr_line' id='line_1_48' title="bbox 1412 602 2486 643; baseline -0.001 -11"><span class='ocrx_word' id='word_1_342' title='bbox 1412 602 1478 633; x_wconf 88' lang='lat' dir='ltr'>istis</span> <span class='ocrx_word' id='word_1_343' title='bbox 1501 609 1634 642; x_wconf 90' lang='lat' dir='ltr'>propter</span> <span class='ocrx_word' id='word_1_344' title='bbox 1655 602 1792 639; x_wconf 88' lang='lat' dir='ltr'>lucrum,</span> <span class='ocrx_word' id='word_1_345' title='bbox 1817 609 1853 633; x_wconf 90' lang='lat' dir='ltr'>ut</span> <span class='ocrx_word' id='word_1_346' title='bbox 1875 603 2071 639; x_wconf 86' lang='lat' dir='ltr'>mercenarii,</span> <span class='ocrx_word' id='word_1_347' title='bbox 2096 613 2134 633; x_wconf 90' lang='lat' dir='ltr'>ex</span> <span class='ocrx_word' id='word_1_348' title='bbox 2156 603 2219 634; x_wconf 92' lang='lat' dir='ltr'>hoc</span> <span class='ocrx_word' id='word_1_349' title='bbox 2234 602 2336 643; x_wconf 89' lang='lat' dir='ltr'>capite</span> <span class='ocrx_word' id='word_1_350' title='bbox 2353 612 2419 632; x_wconf 89' lang='lat' dir='ltr'>non</span> <span class='ocrx_word' id='word_1_351' title='bbox 2436 611 2486 632; x_wconf 89' lang='lat' dir='ltr'>ex-</span> 
     </span>
     <span class='ocr_line' id='line_1_49' title="bbox 1412 645 2487 688; baseline 0 -12"><span class='ocrx_word' id='word_1_352' title='bbox 1412 653 1563 677; x_wconf 89' lang='lat' dir='ltr'>cusantur</span> <span class='ocrx_word' id='word_1_353' title='bbox 1587 646 1656 688; x_wconf 82' lang='lat' dir='ltr'>(sed</span> <span class='ocrx_word' id='word_1_354' title='bbox 1680 645 1762 677; x_wconf 88' lang='lat' dir='ltr'>forte</span> <span class='ocrx_word' id='word_1_355' title='bbox 1785 656 1822 677; x_wconf 86' lang='lat' dir='ltr'>ex</span> <span class='ocrx_word' id='word_1_356' title='bbox 1845 646 1908 678; x_wconf 84' lang='lat' dir='ltr'>alio</span> <span class='ocrx_word' id='word_1_357' title='bbox 1940 646 2041 687; x_wconf 87' lang='lat' dir='ltr'>capite</span> <span class='ocrx_word' id='word_1_358' title='bbox 2072 647 2218 688; x_wconf 88' lang='lat' dir='ltr'>superius</span> <span class='ocrx_word' id='word_1_359' title='bbox 2242 647 2345 684; x_wconf 84' lang='lat' dir='ltr'>dicto,</span> <span class='ocrx_word' id='word_1_360' title='bbox 2369 646 2487 677; x_wconf 89' lang='lat' dir='ltr'>scilicet</span> 
     </span>
     <span class='ocr_line' id='line_1_50' title="bbox 1412 687 2486 732; baseline -0.001 -11"><span class='ocrx_word' id='word_1_361' title='bbox 1412 700 1448 721; x_wconf 90' lang='lat' dir='ltr'>ex</span> <span class='ocrx_word' id='word_1_362' title='bbox 1473 687 1689 732; x_wconf 87' lang='lat' dir='ltr'>necessitate):</span> <span class='ocrx_word' id='word_1_363' title='bbox 1714 690 1790 731; x_wconf 92' lang='lat' dir='ltr'>quia</span> <span class='ocrx_word' id='word_1_364' title='bbox 1813 690 1864 721; x_wconf 86' lang='lat' dir='ltr'>isti</span> <span class='ocrx_word' id='word_1_365' title='bbox 1887 700 1959 721; x_wconf 88' lang='lat' dir='ltr'>non</span> <span class='ocrx_word' id='word_1_366' title='bbox 1977 691 2113 732; x_wconf 86' lang='lat' dir='ltr'>pietatis,</span> <span class='ocrx_word' id='word_1_367' title='bbox 2137 692 2193 722; x_wconf 90' lang='lat' dir='ltr'>sed</span> <span class='ocrx_word' id='word_1_368' title='bbox 2217 691 2369 722; x_wconf 88' lang='lat' dir='ltr'>mercedis</span> <span class='ocrx_word' id='word_1_369' title='bbox 2388 690 2486 731; x_wconf 87' lang='lat' dir='ltr'>gratia</span> 
     </span>
     <span class='ocr_line' id='line_1_51' title="bbox 1412 734 2486 776; baseline 0 -11"><span class='ocrx_word' id='word_1_370' title='bbox 1412 742 1596 776; x_wconf 85' lang='lat' dir='ltr'>operantur.</span> <span class='ocrx_word' id='word_1_371' title='bbox 1620 734 1662 765; x_wconf 90' lang='lat' dir='ltr'>Et</span> <span class='ocrx_word' id='word_1_372' title='bbox 1685 740 1816 775; x_wconf 90' lang='lat' dir='ltr'>propter</span> <span class='ocrx_word' id='word_1_373' title='bbox 1833 734 1907 771; x_wconf 89' lang='lat' dir='ltr'>hoc,</span> <span class='ocrx_word' id='word_1_374' title='bbox 1931 734 1977 765; x_wconf 88' lang='lat' dir='ltr'>illi</span> <span class='ocrx_word' id='word_1_375' title='bbox 2001 735 2057 776; x_wconf 89' lang='lat' dir='ltr'>qui</span> <span class='ocrx_word' id='word_1_376' title='bbox 2080 735 2262 776; x_wconf 85' lang='lat' dir='ltr'>praedicant</span> <span class='ocrx_word' id='word_1_377' title='bbox 2284 742 2340 767; x_wconf 91' lang='lat' dir='ltr'>aut</span> <span class='ocrx_word' id='word_1_378' title='bbox 2364 734 2486 766; x_wconf 86' lang='lat' dir='ltr'>confes-</span> 
     </span>
     <span class='ocr_line' id='line_1_52' title="bbox 1412 778 2485 820; baseline -0.001 -10"><span class='ocrx_word' id='word_1_379' title='bbox 1412 779 1518 810; x_wconf 90' lang='lat' dir='ltr'>siones</span> <span class='ocrx_word' id='word_1_380' title='bbox 1549 778 1684 810; x_wconf 92' lang='lat' dir='ltr'>audiunt</span> <span class='ocrx_word' id='word_1_381' title='bbox 1708 788 1765 809; x_wconf 86' lang='lat' dir='ltr'>sua</span> <span class='ocrx_word' id='word_1_382' title='bbox 1788 785 1904 819; x_wconf 86' lang='lat' dir='ltr'>sponte</span> <span class='ocrx_word' id='word_1_383' title='bbox 1933 785 1969 810; x_wconf 91' lang='lat' dir='ltr'>ut</span> <span class='ocrx_word' id='word_1_384' title='bbox 1990 779 2153 810; x_wconf 87' lang='lat' dir='ltr'>lucrentur</span> <span class='ocrx_word' id='word_1_385' title='bbox 2176 780 2345 820; x_wconf 85' lang='lat' dir='ltr'>pecunias,</span> <span class='ocrx_word' id='word_1_386' title='bbox 2370 780 2396 810; x_wconf 90' lang='lat' dir='ltr'>si</span> <span class='ocrx_word' id='word_1_387' title='bbox 2420 789 2485 810; x_wconf 91' lang='lat' dir='ltr'>non</span> 
     </span>
     <span class='ocr_line' id='line_1_53' title="bbox 1411 823 2486 865; baseline -0.001 -10"><span class='ocrx_word' id='word_1_388' title='bbox 1411 830 1548 865; x_wconf 87' lang='lat' dir='ltr'>possunt</span> <span class='ocrx_word' id='word_1_389' title='bbox 1571 823 1668 854; x_wconf 90' lang='lat' dir='ltr'>simul</span> <span class='ocrx_word' id='word_1_390' title='bbox 1691 823 1848 859; x_wconf 86' lang='lat' dir='ltr'>ieiunare,</span> <span class='ocrx_word' id='word_1_391' title='bbox 1872 832 1940 854; x_wconf 89' lang='lat' dir='ltr'>non</span> <span class='ocrx_word' id='word_1_392' title='bbox 1963 830 2153 854; x_wconf 84' lang='lat' dir='ltr'>excusantur</span> <span class='ocrx_word' id='word_1_393' title='bbox 2175 831 2342 865; x_wconf 89' lang='lat' dir='ltr'>propterea</span> <span class='ocrx_word' id='word_1_394' title='bbox 2367 834 2385 854; x_wconf 91' lang='lat' dir='ltr'>a</span> <span class='ocrx_word' id='word_1_395' title='bbox 2407 824 2486 854; x_wconf 90' lang='lat' dir='ltr'>ieiu-</span> 
     </span>
     <span class='ocr_line' id='line_1_54' title="bbox 1412 866 2489 909; baseline 0 -10"><span class='ocrx_word' id='word_1_396' title='bbox 1412 868 1476 899; x_wconf 92' lang='lat' dir='ltr'>nio.</span> <span class='ocrx_word' id='word_1_397' title='bbox 1493 886 1515 892; x_wconf 97' lang='lat'><em>-</em></span> <span class='ocrx_word' id='word_1_398' title='bbox 1539 868 1580 899; x_wconf 94' lang='lat' dir='ltr'>Et</span> <span class='ocrx_word' id='word_1_399' title='bbox 1603 867 1680 909; x_wconf 83' lang='lat' dir='ltr'>quia</span> <span class='ocrx_word' id='word_1_400' title='bbox 1702 866 1860 899; x_wconf 88' lang='lat' dir='ltr'>ieiunium</span> <span class='ocrx_word' id='word_1_401' title='bbox 1882 867 2037 908; x_wconf 85' lang='lat' dir='ltr'>impedire</span> <span class='ocrx_word' id='word_1_402' title='bbox 2060 867 2164 898; x_wconf 88' lang='lat' dir='ltr'>maius</span> <span class='ocrx_word' id='word_1_403' title='bbox 2186 869 2311 900; x_wconf 89' lang='lat' dir='ltr'>bonum</span> <span class='ocrx_word' id='word_1_404' title='bbox 2333 868 2489 909; x_wconf 85' lang='lat' dir='ltr'>contingit</span> 
     </span>
     <span class='ocr_line' id='line_1_55' title="bbox 1412 912 2487 953; baseline 0.001 -10"><span class='ocrx_word' id='word_1_405' title='bbox 1412 923 1479 944; x_wconf 89' lang='lat' dir='ltr'>non</span> <span class='ocrx_word' id='word_1_406' title='bbox 1503 913 1611 943; x_wconf 90' lang='lat' dir='ltr'>solum</span> <span class='ocrx_word' id='word_1_407' title='bbox 1635 912 1727 953; x_wconf 86' lang='lat' dir='ltr'>quasi</span> <span class='ocrx_word' id='word_1_408' title='bbox 1750 921 1806 953; x_wconf 91' lang='lat' dir='ltr'>per</span> <span class='ocrx_word' id='word_1_409' title='bbox 1829 921 1873 948; x_wconf 90' lang='lat' dir='ltr'>se,</span> <span class='ocrx_word' id='word_1_410' title='bbox 1898 912 1961 942; x_wconf 90' lang='lat' dir='ltr'>hoc</span> <span class='ocrx_word' id='word_1_411' title='bbox 1984 918 2031 942; x_wconf 88' lang='lat' dir='ltr'>est</span> <span class='ocrx_word' id='word_1_412' title='bbox 2053 921 2092 942; x_wconf 83' lang='lat' dir='ltr'>ex</span> <span class='ocrx_word' id='word_1_413' title='bbox 2114 918 2202 952; x_wconf 89' lang='lat' dir='ltr'>parte</span> <span class='ocrx_word' id='word_1_414' title='bbox 2221 912 2408 950; x_wconf 82' lang='lat' dir='ltr'>ieiunantis,</span> <span class='ocrx_word' id='word_1_415' title='bbox 2432 913 2487 943; x_wconf 86' lang='lat' dir='ltr'>sed</span> 
     </span>
     <span class='ocr_line' id='line_1_56' title="bbox 1412 955 2488 998; baseline -0.001 -10"><span class='ocrx_word' id='word_1_416' title='bbox 1412 968 1468 998; x_wconf 90' lang='lat' dir='ltr'>per</span> <span class='ocrx_word' id='word_1_417' title='bbox 1491 957 1646 994; x_wconf 89' lang='lat' dir='ltr'>accidens,</span> <span class='ocrx_word' id='word_1_418' title='bbox 1671 956 1734 987; x_wconf 90' lang='lat' dir='ltr'>hoc</span> <span class='ocrx_word' id='word_1_419' title='bbox 1749 963 1797 988; x_wconf 88' lang='lat' dir='ltr'>est</span> <span class='ocrx_word' id='word_1_420' title='bbox 1812 966 1850 987; x_wconf 87' lang='lat' dir='ltr'>ex</span> <span class='ocrx_word' id='word_1_421' title='bbox 1866 962 1954 997; x_wconf 85' lang='lat' dir='ltr'>parte</span> <span class='ocrx_word' id='word_1_422' title='bbox 1969 955 2109 992; x_wconf 82' lang='lat' dir='ltr'>alterius,</span> <span class='ocrx_word' id='word_1_423' title='bbox 2129 956 2180 987; x_wconf 80' lang='lat' dir='ltr'>cui</span> <span class='ocrx_word' id='word_1_424' title='bbox 2204 966 2341 997; x_wconf 85' lang='lat' dir='ltr'>persona</span> <span class='ocrx_word' id='word_1_425' title='bbox 2363 964 2488 989; x_wconf 88' lang='lat' dir='ltr'>tenetur</span> 
     </span>
     <span class='ocr_line' id='line_1_57' title="bbox 1413 1000 2487 1042; baseline -0.001 -9"><span class='ocrx_word' id='word_1_426' title='bbox 1413 1002 1595 1038; x_wconf 90' lang='lat' dir='ltr'>convivere;</span> <span class='ocrx_word' id='word_1_427' title='bbox 1625 1001 1709 1038; x_wconf 90' lang='lat' dir='ltr'>ideo,</span> <span class='ocrx_word' id='word_1_428' title='bbox 1727 1001 1752 1032; x_wconf 91' lang='lat' dir='ltr'>si</span> <span class='ocrx_word' id='word_1_429' title='bbox 1773 1007 1904 1042; x_wconf 85' lang='lat' dir='ltr'>propter</span> <span class='ocrx_word' id='word_1_430' title='bbox 1926 1000 2166 1041; x_wconf 84' lang='lat' dir='ltr'>improbitatem</span> <span class='ocrx_word' id='word_1_431' title='bbox 2188 1000 2247 1031; x_wconf 88' lang='lat' dir='ltr'>viri</span> <span class='ocrx_word' id='word_1_432' title='bbox 2269 1011 2350 1032; x_wconf 82' lang='lat' dir='ltr'>uxor</span> <span class='ocrx_word' id='word_1_433' title='bbox 2373 1008 2487 1042; x_wconf 88' lang='lat' dir='ltr'>potens</span> 
     </span>
     <span class='ocr_line' id='line_1_58' title="bbox 1411 1045 2488 1087; baseline -0.001 -10"><span class='ocrx_word' id='word_1_434' title='bbox 1411 1047 1552 1078; x_wconf 91' lang='lat' dir='ltr'>ieiunare</span> <span class='ocrx_word' id='word_1_435' title='bbox 1569 1045 1774 1086; x_wconf 85' lang='lat' dir='ltr'>compellitur</span> <span class='ocrx_word' id='word_1_436' title='bbox 1788 1046 1829 1076; x_wconf 89' lang='lat' dir='ltr'>ad</span> <span class='ocrx_word' id='word_1_437' title='bbox 1845 1055 1911 1076; x_wconf 88' lang='lat' dir='ltr'>non</span> <span class='ocrx_word' id='word_1_438' title='bbox 1927 1045 2148 1081; x_wconf 82' lang='lat' dir='ltr'>ieiunandum,</span> <span class='ocrx_word' id='word_1_439' title='bbox 2172 1051 2279 1085; x_wconf 84' lang='lat' dir='ltr'>potest</span> <span class='ocrx_word' id='word_1_440' title='bbox 2301 1055 2339 1077; x_wconf 87' lang='lat' dir='ltr'>ex</span> <span class='ocrx_word' id='word_1_441' title='bbox 2360 1046 2488 1087; x_wconf 84' lang='lat' dir='ltr'>dispen-</span> 
     </span>
     <span class='ocr_line' id='line_1_59' title="bbox 1413 1089 2487 1131; baseline -0.002 -9"><span class='ocrx_word' id='word_1_442' title='bbox 1413 1091 1535 1123; x_wconf 86' lang='lat' dir='ltr'>satione</span> <span class='ocrx_word' id='word_1_443' title='bbox 1558 1090 1716 1121; x_wconf 90' lang='lat' dir='ltr'>ieiunium</span> <span class='ocrx_word' id='word_1_444' title='bbox 1739 1090 1878 1121; x_wconf 87' lang='lat' dir='ltr'>solvere:</span> <span class='ocrx_word' id='word_1_445' title='bbox 1902 1090 2060 1131; x_wconf 88' lang='lat' dir='ltr'>quoniam</span> <span class='ocrx_word' id='word_1_446' title='bbox 2082 1099 2174 1120; x_wconf 81' lang='lat' dir='ltr'>casus</span> <span class='ocrx_word' id='word_1_447' title='bbox 2197 1095 2245 1121; x_wconf 77' lang='lat' dir='ltr'>est</span> <span class='ocrx_word' id='word_1_448' title='bbox 2267 1089 2338 1121; x_wconf 80' lang='lat' dir='ltr'>talis</span> <span class='ocrx_word' id='word_1_449' title='bbox 2361 1090 2395 1121; x_wconf 85' lang='lat' dir='ltr'>in</span> <span class='ocrx_word' id='word_1_450' title='bbox 2409 1100 2487 1131; x_wconf 87' lang='lat' dir='ltr'>quo,</span> 
     </span>
     <span class='ocr_line' id='line_1_60' title="bbox 1413 1134 2489 1175; baseline -0.001 -9"><span class='ocrx_word' id='word_1_451' title='bbox 1413 1136 1439 1166; x_wconf 88' lang='lat' dir='ltr'>si</span> <span class='ocrx_word' id='word_1_452' title='bbox 1461 1135 1623 1175; x_wconf 88' lang='lat' dir='ltr'>legislator</span> <span class='ocrx_word' id='word_1_453' title='bbox 1645 1135 1777 1172; x_wconf 81' lang='lat' dir='ltr'>adesset,</span> <span class='ocrx_word' id='word_1_454' title='bbox 1801 1134 1910 1166; x_wconf 89' lang='lat' dir='ltr'>mallet</span> <span class='ocrx_word' id='word_1_455' title='bbox 1932 1144 2045 1175; x_wconf 81' lang='lat' dir='ltr'>pacem</span> <span class='ocrx_word' id='word_1_456' title='bbox 2069 1134 2187 1165; x_wconf 88' lang='lat' dir='ltr'>domus</span> <span class='ocrx_word' id='word_1_457' title='bbox 2210 1143 2309 1175; x_wconf 86' lang='lat' dir='ltr'>quam</span> <span class='ocrx_word' id='word_1_458' title='bbox 2331 1134 2489 1165; x_wconf 88' lang='lat' dir='ltr'>ieiunium</span> 
     </span>
     <span class='ocr_line' id='line_1_61' title="bbox 1413 1179 2490 1220; baseline -0.002 -9"><span class='ocrx_word' id='word_1_459' title='bbox 1413 1180 1535 1216; x_wconf 84' lang='lat' dir='ltr'>uxoris;</span> <span class='ocrx_word' id='word_1_460' title='bbox 1553 1179 1817 1220; x_wconf 87' lang='lat' dir='ltr'>compatiendum</span> <span class='ocrx_word' id='word_1_461' title='bbox 1831 1179 1952 1220; x_wconf 91' lang='lat' dir='ltr'>quippe</span> <span class='ocrx_word' id='word_1_462' title='bbox 1969 1185 2016 1210; x_wconf 90' lang='lat' dir='ltr'>est</span> <span class='ocrx_word' id='word_1_463' title='bbox 2031 1179 2130 1210; x_wconf 85' lang='lat' dir='ltr'>sexui.</span> <span class='ocrx_word' id='word_1_464' title='bbox 2154 1179 2291 1210; x_wconf 87' lang='lat' dir='ltr'>Deberet</span> <span class='ocrx_word' id='word_1_465' title='bbox 2309 1185 2416 1210; x_wconf 86' lang='lat' dir='ltr'>tamen</span> <span class='ocrx_word' id='word_1_466' title='bbox 2433 1188 2490 1220; x_wconf 88' lang='lat' dir='ltr'>per</span> 
     </span>
     <span class='ocr_line' id='line_1_62' title="bbox 1412 1223 2489 1266; baseline -0.001 -11"><span class='ocrx_word' id='word_1_467' title='bbox 1412 1225 1474 1256; x_wconf 90' lang='lat' dir='ltr'>alia</span> <span class='ocrx_word' id='word_1_468' title='bbox 1497 1224 1550 1266; x_wconf 88' lang='lat' dir='ltr'>pia</span> <span class='ocrx_word' id='word_1_469' title='bbox 1573 1234 1671 1265; x_wconf 88' lang='lat' dir='ltr'>opera</span> <span class='ocrx_word' id='word_1_470' title='bbox 1693 1234 1774 1255; x_wconf 90' lang='lat' dir='ltr'>uxor</span> <span class='ocrx_word' id='word_1_471' title='bbox 1797 1223 1955 1255; x_wconf 89' lang='lat' dir='ltr'>ieiunium</span> <span class='ocrx_word' id='word_1_472' title='bbox 1979 1233 2076 1254; x_wconf 88' lang='lat' dir='ltr'>suum</span> <span class='ocrx_word' id='word_1_473' title='bbox 2100 1223 2269 1254; x_wconf 81' lang='lat' dir='ltr'>redimere:</span> <span class='ocrx_word' id='word_1_474' title='bbox 2295 1230 2326 1255; x_wconf 90' lang='lat' dir='ltr'>et</span> <span class='ocrx_word' id='word_1_475' title='bbox 2349 1223 2411 1254; x_wconf 91' lang='lat' dir='ltr'>hoc</span> <span class='ocrx_word' id='word_1_476' title='bbox 2434 1232 2489 1254; x_wconf 84' lang='lat' dir='ltr'>au-</span> 
     </span>
     <span class='ocr_line' id='line_1_63' title="bbox 1414 1268 1735 1310; baseline -0.006 -9"><span class='ocrx_word' id='word_1_477' title='bbox 1414 1269 1558 1301; x_wconf 84' lang='lat' dir='ltr'>ctoritate</span> <span class='ocrx_word' id='word_1_478' title='bbox 1582 1268 1735 1310; x_wconf 85' lang='lat' dir='ltr'>episcopi.</span> 
     </span>
    </p>

    <p class='ocr_par' dir='ltr' id='par_1_12' title="bbox 1414 1312 2490 1488">
     <span class='ocr_line' id='line_1_64' title="bbox 1470 1312 2489 1354; baseline -0.001 -10"><span class='ocrx_word' id='word_1_479' title='bbox 1470 1314 1506 1344; x_wconf 92' lang='lat' dir='ltr'>ln</span> <span class='ocrx_word' id='word_1_480' title='bbox 1530 1320 1667 1354; x_wconf 87' lang='lat' dir='ltr'>utroque</span> <span class='ocrx_word' id='word_1_481' title='bbox 1691 1319 1810 1349; x_wconf 86' lang='lat' dir='ltr'>autem,</span> <span class='ocrx_word' id='word_1_482' title='bbox 1835 1312 1954 1344; x_wconf 89' lang='lat' dir='ltr'>scilicet</span> <span class='ocrx_word' id='word_1_483' title='bbox 1975 1312 2169 1344; x_wconf 86' lang='lat' dir='ltr'>necessitatis</span> <span class='ocrx_word' id='word_1_484' title='bbox 2187 1312 2239 1343; x_wconf 82' lang='lat' dir='ltr'>vel</span> <span class='ocrx_word' id='word_1_485' title='bbox 2261 1312 2387 1353; x_wconf 87' lang='lat' dir='ltr'>pietatis</span> <span class='ocrx_word' id='word_1_486' title='bbox 2404 1321 2489 1348; x_wconf 79' lang='lat' dir='ltr'>casu,</span> 
     </span>
     <span class='ocr_line' id='line_1_65' title="bbox 1414 1354 2489 1399; baseline -0.002 -9"><span class='ocrx_word' id='word_1_487' title='bbox 1414 1358 1493 1390; x_wconf 88' lang='lat' dir='ltr'>scito</span> <span class='ocrx_word' id='word_1_488' title='bbox 1517 1358 1608 1399; x_wconf 90' lang='lat' dir='ltr'>quod</span> <span class='ocrx_word' id='word_1_489' title='bbox 1630 1357 1790 1399; x_wconf 90' lang='lat' dir='ltr'>quidquid</span> <span class='ocrx_word' id='word_1_490' title='bbox 1813 1364 1976 1389; x_wconf 86' lang='lat' dir='ltr'>excusaret</span> <span class='ocrx_word' id='word_1_491' title='bbox 1998 1367 2016 1388; x_wconf 93' lang='lat' dir='ltr'>a</span> <span class='ocrx_word' id='word_1_492' title='bbox 2040 1357 2186 1389; x_wconf 80' lang='lat' dir='ltr'>custodia</span> <span class='ocrx_word' id='word_1_493' title='bbox 2209 1357 2272 1388; x_wconf 88' lang='lat' dir='ltr'>diei</span> <span class='ocrx_word' id='word_1_494' title='bbox 2295 1356 2366 1388; x_wconf 83' lang='lat' dir='ltr'>festi</span> <span class='ocrx_word' id='word_1_495' title='bbox 2380 1354 2411 1394; x_wconf 73' lang='lat'>¹¹,</span> <span class='ocrx_word' id='word_1_496' title='bbox 2435 1366 2489 1388; x_wconf 85' lang='lat' dir='ltr'>ex-</span> 
     </span>
     <span class='ocr_line' id='line_1_66' title="bbox 1414 1401 2490 1443; baseline -0.002 -9"><span class='ocrx_word' id='word_1_497' title='bbox 1414 1410 1502 1434; x_wconf 88' lang='lat' dir='ltr'>cusat</span> <span class='ocrx_word' id='word_1_498' title='bbox 1525 1413 1543 1433; x_wconf 88' lang='lat' dir='ltr'>a</span> <span class='ocrx_word' id='word_1_499' title='bbox 1566 1402 1698 1440; x_wconf 83' lang='lat' dir='ltr'>ieiunio,</span> <span class='ocrx_word' id='word_1_500' title='bbox 1711 1402 1748 1433; x_wconf 51' lang='lat' dir='ltr'>‘si</span> <span class='ocrx_word' id='word_1_501' title='bbox 1773 1408 1820 1433; x_wconf 92' lang='lat' dir='ltr'>est</span> <span class='ocrx_word' id='word_1_502' title='bbox 1842 1402 1888 1432; x_wconf 91' lang='lat' dir='ltr'>illi</span> <span class='ocrx_word' id='word_1_503' title='bbox 1910 1401 2188 1442; x_wconf 88' lang='lat' dir='ltr'>incompossibile:</span> <span class='ocrx_word' id='word_1_504' title='bbox 2220 1401 2378 1443; x_wconf 86' lang='lat' dir='ltr'>quoniam</span> <span class='ocrx_word' id='word_1_505' title='bbox 2401 1410 2490 1442; x_wconf 85' lang='lat' dir='ltr'>prae-</span> 
     </span>
     <span class='ocr_line' id='line_1_67' title="bbox 1415 1446 2220 1488; baseline -0.002 -9"><span class='ocrx_word' id='word_1_506' title='bbox 1415 1455 1545 1488; x_wconf 91' lang='lat' dir='ltr'>ceptum</span> <span class='ocrx_word' id='word_1_507' title='bbox 1567 1446 1677 1478; x_wconf 87' lang='lat' dir='ltr'>ieiunii</span> <span class='ocrx_word' id='word_1_508' title='bbox 1701 1446 1808 1477; x_wconf 86' lang='lat' dir='ltr'>minus</span> <span class='ocrx_word' id='word_1_509' title='bbox 1833 1453 1879 1478; x_wconf 90' lang='lat' dir='ltr'>est</span> <span class='ocrx_word' id='word_1_510' title='bbox 1903 1454 1934 1478; x_wconf 89' lang='lat' dir='ltr'>et</span> <span class='ocrx_word' id='word_1_511' title='bbox 1956 1446 2064 1477; x_wconf 87' lang='lat' dir='ltr'>minus</span> <span class='ocrx_word' id='word_1_512' title='bbox 2087 1452 2220 1478; x_wconf 89' lang='lat' dir='ltr'>arctum.</span> 
     </span>
    </p>

    <p class='ocr_par' dir='ltr' id='par_1_13' title="bbox 1414 1489 2492 1711">
     <span class='ocr_line' id='line_1_68' title="bbox 1473 1489 2492 1532; baseline 0 -10"><span class='ocrx_word' id='word_1_513' title='bbox 1473 1492 1508 1522; x_wconf 90' lang='lat' dir='ltr'>ln</span> <span class='ocrx_word' id='word_1_514' title='bbox 1538 1491 1690 1522; x_wconf 89' lang='lat' dir='ltr'>omnibus</span> <span class='ocrx_word' id='word_1_515' title='bbox 1719 1497 1828 1522; x_wconf 86' lang='lat' dir='ltr'>autern</span> <span class='ocrx_word' id='word_1_516' title='bbox 1861 1491 1985 1522; x_wconf 89' lang='lat' dir='ltr'>casibus</span> <span class='ocrx_word' id='word_1_517' title='bbox 2014 1491 2047 1522; x_wconf 92' lang='lat' dir='ltr'>in</span> <span class='ocrx_word' id='word_1_518' title='bbox 2077 1490 2194 1532; x_wconf 88' lang='lat' dir='ltr'>quibus</span> <span class='ocrx_word' id='word_1_519' title='bbox 2225 1489 2421 1522; x_wconf 85' lang='lat' dir='ltr'>rationabilis</span> <span class='ocrx_word' id='word_1_520' title='bbox 2445 1496 2492 1522; x_wconf 82' lang='lat' dir='ltr'>est</span> 
     </span>
     <span class='ocr_line' id='line_1_69' title="bbox 1414 1534 2491 1576; baseline -0.002 -9"><span class='ocrx_word' id='word_1_521' title='bbox 1414 1546 1508 1567; x_wconf 87' lang='lat' dir='ltr'>causa</span> <span class='ocrx_word' id='word_1_522' title='bbox 1531 1535 1675 1567; x_wconf 90' lang='lat' dir='ltr'>solvendi</span> <span class='ocrx_word' id='word_1_523' title='bbox 1698 1535 1866 1572; x_wconf 91' lang='lat' dir='ltr'>ieiunium,</span> <span class='ocrx_word' id='word_1_524' title='bbox 1891 1536 1917 1566; x_wconf 92' lang='lat' dir='ltr'>si</span> <span class='ocrx_word' id='word_1_525' title='bbox 1941 1535 2062 1576; x_wconf 84' lang='lat' dir='ltr'>aliquid</span> <span class='ocrx_word' id='word_1_526' title='bbox 2077 1534 2293 1576; x_wconf 83' lang='lat' dir='ltr'>ambiguitatis</span> <span class='ocrx_word' id='word_1_527' title='bbox 2315 1534 2422 1574; x_wconf 87' lang='lat' dir='ltr'>habet,</span> <span class='ocrx_word' id='word_1_528' title='bbox 2438 1544 2491 1566; x_wconf 84' lang='lat' dir='ltr'>su-</span> 
     </span>
     <span class='ocr_line' id='line_1_70' title="bbox 1414 1577 2491 1622; baseline -0.002 -10"><span class='ocrx_word' id='word_1_529' title='bbox 1414 1580 1547 1622; x_wconf 88' lang='lat' dir='ltr'>perioris</span> <span class='ocrx_word' id='word_1_530' title='bbox 1570 1580 1750 1617; x_wconf 84' lang='lat' dir='ltr'>arbitrium,</span> <span class='ocrx_word' id='word_1_531' title='bbox 1774 1590 1870 1611; x_wconf 88' lang='lat' dir='ltr'>causa</span> <span class='ocrx_word' id='word_1_532' title='bbox 1893 1580 2036 1620; x_wconf 84' lang='lat' dir='ltr'>cognita,</span> <span class='ocrx_word' id='word_1_533' title='bbox 2061 1580 2111 1611; x_wconf 90' lang='lat' dir='ltr'>vel</span> <span class='ocrx_word' id='word_1_534' title='bbox 2135 1577 2348 1611; x_wconf 86' lang='lat' dir='ltr'>commutatio</span> <span class='ocrx_word' id='word_1_535' title='bbox 2371 1579 2491 1610; x_wconf 78' lang='lat' dir='ltr'>licitam</span> 
     </span>
     <span class='ocr_line' id='line_1_71' title="bbox 1414 1623 2491 1666; baseline 0 -10"><span class='ocrx_word' id='word_1_536' title='bbox 1414 1632 1482 1657; x_wconf 89' lang='lat' dir='ltr'>tute</span> <span class='ocrx_word' id='word_1_537' title='bbox 1499 1625 1601 1656; x_wconf 90' lang='lat' dir='ltr'>reddit</span> <span class='ocrx_word' id='word_1_538' title='bbox 1616 1625 1812 1656; x_wconf 87' lang='lat' dir='ltr'>solutionem</span> <span class='ocrx_word' id='word_1_539' title='bbox 1828 1624 1952 1655; x_wconf 85' lang='lat' dir='ltr'>ieiunii:</span> <span class='ocrx_word' id='word_1_540' title='bbox 1973 1625 2130 1666; x_wconf 88' lang='lat' dir='ltr'>quoniam</span> <span class='ocrx_word' id='word_1_541' title='bbox 2146 1624 2319 1666; x_wconf 88' lang='lat' dir='ltr'>superioris</span> <span class='ocrx_word' id='word_1_542' title='bbox 2335 1623 2491 1656; x_wconf 86' lang='lat' dir='ltr'>iudicium</span> 
     </span>
     <span class='ocr_line' id='line_1_72' title="bbox 1415 1669 2002 1711; baseline -0.003 -10"><span class='ocrx_word' id='word_1_543' title='bbox 1415 1670 1544 1711; x_wconf 84' lang='lat' dir='ltr'>supplet</span> <span class='ocrx_word' id='word_1_544' title='bbox 1563 1670 1723 1701; x_wconf 88' lang='lat' dir='ltr'>defectum</span> <span class='ocrx_word' id='word_1_545' title='bbox 1747 1669 1780 1700; x_wconf 90' lang='lat' dir='ltr'>in</span> <span class='ocrx_word' id='word_1_546' title='bbox 1804 1669 2002 1700; x_wconf 89' lang='lat' dir='ltr'>huiusmodi.</span> 
     </span>
    </p>
   </div>
   <div class='ocr_carea' id='block_1_11' title="bbox 808 1804 1972 1930">
    <p class='ocr_par' dir='ltr' id='par_1_14' title="bbox 808 1804 1972 1930">
     <span class='ocr_line' id='line_1_73' title="bbox 1074 1804 1709 1857; baseline 0 -11"><span class='ocrx_word' id='word_1_547' title='bbox 1074 1805 1394 1847; x_wconf 87' lang='lat' dir='ltr'>ARTICULUS</span> <span class='ocrx_word' id='word_1_548' title='bbox 1431 1804 1709 1857; x_wconf 89' lang='lat' dir='ltr'><strong>QUARTUS</strong></span> 
     </span>
     <span class='ocr_line' id='line_1_74' title="bbox 808 1897 1972 1930; baseline -0.001 -1"><span class='ocrx_word' id='word_1_549' title='bbox 808 1898 965 1930; x_wconf 88' lang='lat' dir='ltr'>UTRUM</span> <span class='ocrx_word' id='word_1_550' title='bbox 990 1897 1138 1930; x_wconf 82' lang='lat' dir='ltr'>OMNES</span> <span class='ocrx_word' id='word_1_551' title='bbox 1162 1898 1221 1929; x_wconf 82' lang='lat' dir='ltr'>AD</span> <span class='ocrx_word' id='word_1_552' title='bbox 1246 1898 1411 1930; x_wconf 73' lang='lat' dir='ltr'>IEIUNIA</span> <span class='ocrx_word' id='word_1_553' title='bbox 1434 1897 1675 1929; x_wconf 70' lang='lat' dir='ltr'>ECCLEsmE</span> <span class='ocrx_word' id='word_1_554' title='bbox 1699 1897 1972 1928; x_wconf 75' lang='lat' dir='ltr'>TENEANTUR</span> 
     </span>
    </p>
   </div>
   <div class='ocr_carea' id='block_1_12' title="bbox 1132 1977 1645 2010">
    <p class='ocr_par' dir='ltr' id='par_1_15' title="bbox 1132 1977 1645 2010">
     <span class='ocr_line' id='line_1_75' title="bbox 1132 1977 1645 2010; baseline 0 -8"><span class='ocrx_word' id='word_1_555' title='bbox 1132 1977 1165 2002; x_wconf 90' lang='lat' dir='ltr'>lv</span> <span class='ocrx_word' id='word_1_556' title='bbox 1186 1977 1269 2006; x_wconf 71' lang='lat' dir='ltr'>Sent„</span> <span class='ocrx_word' id='word_1_557' title='bbox 1290 1978 1350 2002; x_wconf 82' lang='lat' dir='ltr'>dist.</span> <span class='ocrx_word' id='word_1_558' title='bbox 1370 1985 1409 2008; x_wconf 61' lang='grc' dir='ltr'>κν,</span> <span class='ocrx_word' id='word_1_559' title='bbox 1430 1985 1475 2010; x_wconf 87' lang='lat' dir='ltr'>qu.</span> <span class='ocrx_word' id='word_1_560' title='bbox 1494 1985 1532 2008; x_wconf 89' lang='lat'>111,</span> <span class='ocrx_word' id='word_1_561' title='bbox 1552 1982 1598 2002; x_wconf 82' lang='lat' dir='ltr'>art.</span> <span class='ocrx_word' id='word_1_562' title='bbox 1621 1984 1645 2002; x_wconf 85' lang='lat'>2.</span> 
     </span>
    </p>
   </div>
   <div class='ocr_carea' id='block_1_13' title="bbox 286 2056 1388 3337">
    <p class='ocr_par' dir='ltr' id='par_1_16' title="bbox 406 2056 1388 2108">
     <span class='ocr_line' id='line_1_76' title="bbox 406 2056 1388 2108; baseline -0.003 -11"><span class='ocrx_word' id='word_1_563' title='bbox 406 2093 433 2106; x_wconf 44' lang='lat' dir='ltr'><em>s</em></span> <span class='ocrx_word' id='word_1_564' title='bbox 470 2086 473 2091; x_wconf 64' lang='lat'>.</span> <span class='ocrx_word' id='word_1_565' title='bbox 498 2073 521 2097; x_wconf 92' lang='lat' dir='ltr'>D</span> <span class='ocrx_word' id='word_1_566' title='bbox 542 2071 718 2102; x_wconf 61' lang='lat' dir='ltr'>Quantum</span> <span class='ocrx_word' id='word_1_567' title='bbox 739 2070 793 2096; x_wconf 77' lang='lat' dir='ltr'>sm</span> <span class='ocrx_word' id='word_1_568' title='bbox 813 2069 1056 2096; x_wconf 59' lang='lat' dir='ltr'>artocem-rua.</span> <span class='ocrx_word' id='word_1_569' title='bbox 1073 2057 1234 2096; x_wconf 89' lang='lat' dir='ltr'>Videtur</span> <span class='ocrx_word' id='word_1_570' title='bbox 1253 2058 1359 2107; x_wconf 91' lang='lat' dir='ltr'>quod</span> <span class='ocrx_word' id='word_1_571' title='bbox 1385 2056 1388 2108; x_wconf 85' lang='grc' dir='ltr'>Ι</span> 
     </span>
    </p>

    <p class='ocr_par' dir='ltr' id='par_1_17' title="bbox 287 2111 1388 2471">
     <span class='ocr_line' id='line_1_77' title="bbox 501 2111 1388 2163; baseline -0.002 -13.152"><span class='ocrx_word' id='word_1_572' title='bbox 501 2124 638 2150; x_wconf 89' lang='lat' dir='ltr'>omnes</span> <span class='ocrx_word' id='word_1_573' title='bbox 667 2113 715 2150; x_wconf 89' lang='lat' dir='ltr'>ad</span> <span class='ocrx_word' id='word_1_574' title='bbox 743 2112 881 2150; x_wconf 89' lang='lat' dir='ltr'>ieiunia</span> <span class='ocrx_word' id='word_1_575' title='bbox 917 2111 1112 2149; x_wconf 88' lang='lat' dir='ltr'>Ecclesiae</span> <span class='ocrx_word' id='word_1_576' title='bbox 1145 2119 1357 2149; x_wconf 89' lang='lat' dir='ltr'>teneantur.</span> <span class='ocrx_word' id='word_1_577' title='bbox 1386 2116 1388 2163; x_wconf 71' lang='grc' dir='ltr'><strong>ξ</strong></span> 
     </span>
     <span class='ocr_line' id='line_1_78' title="bbox 440 2165 1388 2216; baseline -0.002 -12"><span class='ocrx_word' id='word_1_578' title='bbox 440 2172 464 2212; x_wconf 66' lang='lat'>‘‚</span> <span class='ocrx_word' id='word_1_579' title='bbox 483 2166 712 2215; x_wconf 89' lang='lat' dir='ltr'>Praecepta</span> <span class='ocrx_word' id='word_1_580' title='bbox 759 2165 862 2203; x_wconf 91' lang='lat' dir='ltr'>enim</span> <span class='ocrx_word' id='word_1_581' title='bbox 909 2165 1104 2202; x_wconf 88' lang='lat' dir='ltr'>Ecclesiae</span> <span class='ocrx_word' id='word_1_582' title='bbox 1135 2170 1152 2186; x_wconf 57' lang='grc' dir='ltr'>α</span> <span class='ocrx_word' id='word_1_583' title='bbox 1192 2165 1388 2216; x_wconf 61' lang='lat' dir='ltr'>obligant{</span> 
     </span>
     <span class='ocr_line' id='line_1_79' title="bbox 364 2213 1388 2268; baseline -0.001 -11"><span class='ocrx_word' id='word_1_584' title='bbox 364 2213 597 2257; x_wconf 41' lang='lat' dir='ltr'>&#39;1‘23&#39;Nssieut</span> <span class='ocrx_word' id='word_1_585' title='bbox 638 2219 710 2257; x_wconf 90' lang='lat' dir='ltr'>Dei</span> <span class='ocrx_word' id='word_1_586' title='bbox 747 2226 972 2268; x_wconf 87' lang='lat' dir='ltr'>praecepta:</span> <span class='ocrx_word' id='word_1_587' title='bbox 1011 2218 1224 2256; x_wconf 90' lang='lat' dir='ltr'>secundum</span> <span class='ocrx_word' id='word_1_588' title='bbox 1267 2218 1359 2256; x_wconf 93' lang='lat' dir='ltr'>illud</span> <span class='ocrx_word' id='word_1_589' title='bbox 1387 2239 1388 2266; x_wconf 35' lang='lat' dir='ltr'>i</span> 
     </span>
     <span class='ocr_line' id='line_1_80' title="bbox 436 2270 1388 2322; baseline -0.002 -12"><span class='ocrx_word' id='word_1_590' title='bbox 436 2285 460 2310; x_wconf 85' lang='lat' dir='ltr'>x</span> <span class='ocrx_word' id='word_1_591' title='bbox 473 2272 512 2310; x_wconf 72' lang='grc' dir='ltr'>*τ</span> <span class='ocrx_word' id='word_1_592' title='bbox 546 2273 621 2316; x_wconf 85' lang='lat' dir='ltr'>Qui</span> <span class='ocrx_word' id='word_1_593' title='bbox 638 2284 705 2310; x_wconf 83' lang='lat' dir='ltr'>vos</span> <span class='ocrx_word' id='word_1_594' title='bbox 723 2273 839 2318; x_wconf 86' lang='lat' dir='ltr'>audit,</span> <span class='ocrx_word' id='word_1_595' title='bbox 860 2284 921 2309; x_wconf 91' lang='lat' dir='ltr'>me</span> <span class='ocrx_word' id='word_1_596' title='bbox 939 2272 1056 2309; x_wconf 83' lang='lat' dir='ltr'>audit.</span> <span class='ocrx_word' id='word_1_597' title='bbox 1087 2272 1164 2310; x_wconf 91' lang='lat' dir='ltr'>Sed</span> <span class='ocrx_word' id='word_1_598' title='bbox 1183 2271 1232 2309; x_wconf 89' lang='lat' dir='ltr'>ad</span> <span class='ocrx_word' id='word_1_599' title='bbox 1251 2284 1359 2322; x_wconf 91' lang='lat' dir='ltr'>prae·</span> <span class='ocrx_word' id='word_1_600' title='bbox 1386 2270 1388 2290; x_wconf 35' lang='grc' dir='ltr'><strong>ἵ</strong></span> 
     </span>
     <span class='ocr_line' id='line_1_81' title="bbox 288 2325 1388 2377; baseline -0.003 -12"><span class='ocrx_word' id='word_1_601' title='bbox 288 2335 397 2377; x_wconf 90' lang='lat' dir='ltr'>cepta</span> <span class='ocrx_word' id='word_1_602' title='bbox 425 2326 499 2363; x_wconf 90' lang='lat' dir='ltr'>Dei</span> <span class='ocrx_word' id='word_1_603' title='bbox 527 2325 717 2364; x_wconf 87' lang='lat' dir='ltr'>servanda</span> <span class='ocrx_word' id='word_1_604' title='bbox 746 2338 883 2363; x_wconf 91' lang='lat' dir='ltr'>omnes</span> <span class='ocrx_word' id='word_1_605' title='bbox 913 2333 1102 2362; x_wconf 90' lang='lat' dir='ltr'>tenentur.</span> <span class='ocrx_word' id='word_1_606' title='bbox 1132 2326 1236 2373; x_wconf 88' lang='lat' dir='ltr'>Ergo</span> <span class='ocrx_word' id='word_1_607' title='bbox 1256 2325 1359 2363; x_wconf 89' lang='lat' dir='ltr'>simi·</span> <span class='ocrx_word' id='word_1_608' title='bbox 1387 2330 1388 2342; x_wconf 68' lang='lat'>¹</span> 
     </span>
     <span class='ocr_line' id='line_1_82' title="bbox 287 2378 1359 2429; baseline -0.003 -11"><span class='ocrx_word' id='word_1_609' title='bbox 287 2381 369 2418; x_wconf 90' lang='lat' dir='ltr'>liter</span> <span class='ocrx_word' id='word_1_610' title='bbox 401 2392 539 2417; x_wconf 89' lang='lat' dir='ltr'>omnes</span> <span class='ocrx_word' id='word_1_611' title='bbox 572 2387 750 2417; x_wconf 90' lang='lat' dir='ltr'>tenentur</span> <span class='ocrx_word' id='word_1_612' title='bbox 778 2379 828 2416; x_wconf 92' lang='lat' dir='ltr'>ad</span> <span class='ocrx_word' id='word_1_613' title='bbox 857 2379 1048 2416; x_wconf 86' lang='lat' dir='ltr'>servanda</span> <span class='ocrx_word' id='word_1_614' title='bbox 1083 2378 1224 2416; x_wconf 88' lang='lat' dir='ltr'>ieiunia</span> <span class='ocrx_word' id='word_1_615' title='bbox 1259 2390 1359 2429; x_wconf 91' lang='lat' dir='ltr'>quae</span> 
     </span>
     <span class='ocr_line' id='line_1_83' title="bbox 288 2430 861 2471; baseline -0.003 0"><span class='ocrx_word' id='word_1_616' title='bbox 288 2442 375 2471; x_wconf 91' lang='lat' dir='ltr'>sunt</span> <span class='ocrx_word' id='word_1_617' title='bbox 403 2434 452 2471; x_wconf 92' lang='lat' dir='ltr'>ab</span> <span class='ocrx_word' id='word_1_618' title='bbox 481 2430 654 2470; x_wconf 86' lang='lat' dir='ltr'>Ecclesia</span> <span class='ocrx_word' id='word_1_619' title='bbox 682 2432 861 2470; x_wconf 90' lang='lat' dir='ltr'>instituta.</span> 
     </span>
    </p>

    <p class='ocr_par' dir='ltr' id='par_1_18' title="bbox 286 2485 1360 2791">
     <span class='ocr_line' id='line_1_84' title="bbox 344 2485 1359 2535; baseline -0.002 -11"><span class='ocrx_word' id='word_1_620' title='bbox 344 2499 379 2524; x_wconf 92' lang='lat'>2.</span> <span class='ocrx_word' id='word_1_621' title='bbox 400 2487 635 2534; x_wconf 73' lang='lat' dir='ltr'>PRAETEREA,</span> <span class='ocrx_word' id='word_1_622' title='bbox 657 2486 825 2524; x_wconf 86' lang='lat' dir='ltr'>maxime</span> <span class='ocrx_word' id='word_1_623' title='bbox 853 2485 1034 2523; x_wconf 86' lang='lat' dir='ltr'>videntur</span> <span class='ocrx_word' id='word_1_624' title='bbox 1058 2485 1231 2523; x_wconf 85' lang='lat' dir='ltr'>excusari</span> <span class='ocrx_word' id='word_1_625' title='bbox 1251 2485 1359 2535; x_wconf 90' lang='lat' dir='ltr'>pueri</span> 
     </span>
     <span class='ocr_line' id='line_1_85' title="bbox 287 2538 1360 2590; baseline -0.003 -12"><span class='ocrx_word' id='word_1_626' title='bbox 287 2553 310 2578; x_wconf 87' lang='lat' dir='ltr'>a</span> <span class='ocrx_word' id='word_1_627' title='bbox 338 2540 490 2587; x_wconf 88' lang='lat' dir='ltr'>ieiunio,</span> <span class='ocrx_word' id='word_1_628' title='bbox 520 2547 678 2590; x_wconf 92' lang='lat' dir='ltr'>propter</span> <span class='ocrx_word' id='word_1_629' title='bbox 706 2547 882 2578; x_wconf 89' lang='lat' dir='ltr'>aetatem.</span> <span class='ocrx_word' id='word_1_630' title='bbox 914 2539 990 2577; x_wconf 92' lang='lat' dir='ltr'>Sed</span> <span class='ocrx_word' id='word_1_631' title='bbox 1019 2538 1128 2588; x_wconf 92' lang='lat' dir='ltr'>pueri</span> <span class='ocrx_word' id='word_1_632' title='bbox 1149 2550 1228 2576; x_wconf 92' lang='lat' dir='ltr'>non</span> <span class='ocrx_word' id='word_1_633' title='bbox 1249 2550 1360 2576; x_wconf 86' lang='lat' dir='ltr'>excu-</span> 
     </span>
     <span class='ocr_line' id='line_1_86' title="bbox 287 2592 1359 2640; baseline -0.001 -10"><span class='ocrx_word' id='word_1_634' title='bbox 287 2602 434 2631; x_wconf 86' lang='lat' dir='ltr'>santur:</span> <span class='ocrx_word' id='word_1_635' title='bbox 471 2593 607 2630; x_wconf 91' lang='lat' dir='ltr'>dicitur</span> <span class='ocrx_word' id='word_1_636' title='bbox 640 2593 742 2630; x_wconf 90' lang='lat' dir='ltr'>enim</span> <span class='ocrx_word' id='word_1_637' title='bbox 777 2594 856 2630; x_wconf 90' lang='lat' dir='ltr'>Ioel</span> <span class='ocrx_word' id='word_1_638' title='bbox 885 2604 908 2630; x_wconf 88' lang='lat'>11</span> <span class='ocrx_word' id='word_1_639' title='bbox 927 2592 965 2629; x_wconf 72' lang='grc' dir='ltr'>*ε</span> <span class='ocrx_word' id='word_1_640' title='bbox 999 2593 1238 2640; x_wconf 84' lang='lat' dir='ltr'>Sanctificate</span> <span class='ocrx_word' id='word_1_641' title='bbox 1269 2593 1359 2630; x_wconf 87' lang='lat' dir='ltr'>ieiu-</span> 
     </span>
     <span class='ocr_line' id='line_1_87' title="bbox 287 2646 1358 2696; baseline -0.001 -12"><span class='ocrx_word' id='word_1_642' title='bbox 287 2647 408 2692; x_wconf 87' lang='lat' dir='ltr'>nium,</span> <span class='ocrx_word' id='word_1_643' title='bbox 438 2654 474 2683; x_wconf 91' lang='lat' dir='ltr'>et</span> <span class='ocrx_word' id='word_1_644' title='bbox 492 2646 662 2696; x_wconf 80' lang='lat' dir='ltr'>postea*</span> <span class='ocrx_word' id='word_1_645' title='bbox 681 2646 871 2696; x_wconf 90' lang='lat' dir='ltr'>sequitur:</span> <span class='ocrx_word' id='word_1_646' title='bbox 905 2646 1151 2696; x_wconf 83' lang='lat' dir='ltr'>Congregate</span> <span class='ocrx_word' id='word_1_647' title='bbox 1171 2646 1358 2694; x_wconf 80' lang='lat' dir='ltr'>parvulos</span> 
     </span>
     <span class='ocr_line' id='line_1_88' title="bbox 286 2699 1358 2750; baseline -0.001 -13"><span class='ocrx_word' id='word_1_648' title='bbox 286 2706 322 2737; x_wconf 87' lang='lat' dir='ltr'>et</span> <span class='ocrx_word' id='word_1_649' title='bbox 347 2705 522 2750; x_wconf 80' lang='lat' dir='ltr'>sugentes</span> <span class='ocrx_word' id='word_1_650' title='bbox 551 2701 680 2738; x_wconf 86' lang='lat' dir='ltr'>ubera.</span> <span class='ocrx_word' id='word_1_651' title='bbox 711 2700 814 2748; x_wconf 89' lang='lat' dir='ltr'>Ergo</span> <span class='ocrx_word' id='word_1_652' title='bbox 844 2699 967 2737; x_wconf 91' lang='lat' dir='ltr'>multo</span> <span class='ocrx_word' id='word_1_653' title='bbox 996 2699 1116 2748; x_wconf 88' lang='lat' dir='ltr'>magis</span> <span class='ocrx_word' id='word_1_654' title='bbox 1141 2711 1278 2736; x_wconf 91' lang='lat' dir='ltr'>omnes</span> <span class='ocrx_word' id='word_1_655' title='bbox 1298 2699 1358 2736; x_wconf 89' lang='lat' dir='ltr'>alii</span> 
     </span>
     <span class='ocr_line' id='line_1_89' title="bbox 286 2753 720 2791; baseline -0.002 0"><span class='ocrx_word' id='word_1_656' title='bbox 286 2755 335 2791; x_wconf 89' lang='lat' dir='ltr'>ad</span> <span class='ocrx_word' id='word_1_657' title='bbox 365 2753 505 2790; x_wconf 86' lang='lat' dir='ltr'>ieiunia</span> <span class='ocrx_word' id='word_1_658' title='bbox 532 2761 720 2791; x_wconf 89' lang='lat' dir='ltr'>tenentur.</span> 
     </span>
    </p>

    <p class='ocr_par' dir='ltr' id='par_1_19' title="bbox 286 2805 1358 3283">
     <span class='ocr_line' id='line_1_90' title="bbox 344 2805 1358 2856; baseline -0.002 -12"><span class='ocrx_word' id='word_1_659' title='bbox 344 2808 377 2844; x_wconf 90' lang='lat'>3.</span> <span class='ocrx_word' id='word_1_660' title='bbox 417 2807 660 2855; x_wconf 76' lang='lat' dir='ltr'>PRAETEREA,</span> <span class='ocrx_word' id='word_1_661' title='bbox 705 2805 911 2856; x_wconf 88' lang='lat' dir='ltr'>spiritualia</span> <span class='ocrx_word' id='word_1_662' title='bbox 953 2813 1041 2843; x_wconf 90' lang='lat' dir='ltr'>sunt</span> <span class='ocrx_word' id='word_1_663' title='bbox 1082 2805 1358 2855; x_wconf 87' lang='lat' dir='ltr'>temporalibus</span> 
     </span>
     <span class='ocr_line' id='line_1_91' title="bbox 286 2858 1358 2910; baseline -0.001 -13"><span class='ocrx_word' id='word_1_664' title='bbox 286 2860 552 2910; x_wconf 87' lang='lat' dir='ltr'>praeferenda,</span> <span class='ocrx_word' id='word_1_665' title='bbox 583 2867 619 2897; x_wconf 88' lang='lat' dir='ltr'>et</span> <span class='ocrx_word' id='word_1_666' title='bbox 647 2859 862 2897; x_wconf 89' lang='lat' dir='ltr'>necessaria</span> <span class='ocrx_word' id='word_1_667' title='bbox 897 2871 976 2896; x_wconf 91' lang='lat' dir='ltr'>non</span> <span class='ocrx_word' id='word_1_668' title='bbox 1009 2858 1244 2896; x_wconf 86' lang='lat' dir='ltr'>necessariis.</span> <span class='ocrx_word' id='word_1_669' title='bbox 1281 2859 1358 2896; x_wconf 92' lang='lat' dir='ltr'>Sed</span> 
     </span>
     <span class='ocr_line' id='line_1_92' title="bbox 287 2912 1356 2962; baseline 0 -12"><span class='ocrx_word' id='word_1_670' title='bbox 287 2925 406 2962; x_wconf 87' lang='lat' dir='ltr'>opera</span> <span class='ocrx_word' id='word_1_671' title='bbox 421 2913 633 2962; x_wconf 89' lang='lat' dir='ltr'>corporalia</span> <span class='ocrx_word' id='word_1_672' title='bbox 653 2913 875 2951; x_wconf 90' lang='lat' dir='ltr'>ordinantur</span> <span class='ocrx_word' id='word_1_673' title='bbox 891 2912 941 2950; x_wconf 91' lang='lat' dir='ltr'>ad</span> <span class='ocrx_word' id='word_1_674' title='bbox 960 2913 1108 2950; x_wconf 91' lang='lat' dir='ltr'>lucrum</span> <span class='ocrx_word' id='word_1_675' title='bbox 1129 2913 1356 2962; x_wconf 89' lang='lat' dir='ltr'>temporale:</span> 
     </span>
     <span class='ocr_line' id='line_1_93' title="bbox 287 2965 1357 3015; baseline 0 -12"><span class='ocrx_word' id='word_1_676' title='bbox 287 2966 539 3015; x_wconf 85' lang='lat' dir='ltr'>peregrinatio</span> <span class='ocrx_word' id='word_1_677' title='bbox 570 2966 696 3014; x_wconf 85' lang='lat' dir='ltr'>etiam,</span> <span class='ocrx_word' id='word_1_678' title='bbox 735 2966 803 3004; x_wconf 92' lang='lat' dir='ltr'>etsi</span> <span class='ocrx_word' id='word_1_679' title='bbox 836 2966 885 3003; x_wconf 89' lang='lat' dir='ltr'>ad</span> <span class='ocrx_word' id='word_1_680' title='bbox 914 2965 1121 3015; x_wconf 87' lang='lat' dir='ltr'>spiritualia</span> <span class='ocrx_word' id='word_1_681' title='bbox 1150 2966 1357 3013; x_wconf 82' lang='lat' dir='ltr'>ordinetur,</span> 
     </span>
     <span class='ocr_line' id='line_1_94' title="bbox 287 3018 1358 3068; baseline 0 -12"><span class='ocrx_word' id='word_1_682' title='bbox 287 3032 366 3057; x_wconf 92' lang='lat' dir='ltr'>non</span> <span class='ocrx_word' id='word_1_683' title='bbox 401 3026 458 3056; x_wconf 89' lang='lat' dir='ltr'>est</span> <span class='ocrx_word' id='word_1_684' title='bbox 492 3019 736 3057; x_wconf 88' lang='lat' dir='ltr'>necessitatis.</span> <span class='ocrx_word' id='word_1_685' title='bbox 773 3018 874 3056; x_wconf 92' lang='lat' dir='ltr'>Cum</span> <span class='ocrx_word' id='word_1_686' title='bbox 911 3031 1001 3068; x_wconf 85' lang='lat' dir='ltr'>ergo</span> <span class='ocrx_word' id='word_1_687' title='bbox 1038 3019 1222 3056; x_wconf 90' lang='lat' dir='ltr'>ieiunium</span> <span class='ocrx_word' id='word_1_688' title='bbox 1258 3019 1358 3057; x_wconf 93' lang='lat' dir='ltr'>ordi-</span> 
     </span>
     <span class='ocr_line' id='line_1_95' title="bbox 288 3072 1356 3122; baseline -0.001 -12"><span class='ocrx_word' id='word_1_689' title='bbox 288 3080 399 3110; x_wconf 89' lang='lat' dir='ltr'>netur</span> <span class='ocrx_word' id='word_1_690' title='bbox 430 3073 480 3110; x_wconf 76' lang='lat' dir='ltr'>ad</span> <span class='ocrx_word' id='word_1_691' title='bbox 513 3073 745 3122; x_wconf 87' lang='lat' dir='ltr'>spiritualem</span> <span class='ocrx_word' id='word_1_692' title='bbox 779 3072 994 3120; x_wconf 89' lang='lat' dir='ltr'>utilitatem,</span> <span class='ocrx_word' id='word_1_693' title='bbox 1025 3080 1060 3109; x_wconf 93' lang='lat' dir='ltr'>et</span> <span class='ocrx_word' id='word_1_694' title='bbox 1094 3072 1356 3110; x_wconf 89' lang='lat' dir='ltr'>necessitatem</span> 
     </span>
     <span class='ocr_line' id='line_1_96' title="bbox 288 3125 1357 3174; baseline 0 -11"><span class='ocrx_word' id='word_1_695' title='bbox 288 3126 427 3163; x_wconf 88' lang='lat' dir='ltr'>habeat</span> <span class='ocrx_word' id='word_1_696' title='bbox 459 3138 505 3163; x_wconf 88' lang='lat' dir='ltr'>ex</span> <span class='ocrx_word' id='word_1_697' title='bbox 539 3133 676 3171; x_wconf 82' lang='lat' dir='ltr'>statuto</span> <span class='ocrx_word' id='word_1_698' title='bbox 711 3125 926 3172; x_wconf 89' lang='lat' dir='ltr'>Ecclesiae,</span> <span class='ocrx_word' id='word_1_699' title='bbox 954 3125 1107 3163; x_wconf 89' lang='lat' dir='ltr'>videtur</span> <span class='ocrx_word' id='word_1_700' title='bbox 1139 3126 1246 3174; x_wconf 90' lang='lat' dir='ltr'>quod</span> <span class='ocrx_word' id='word_1_701' title='bbox 1279 3138 1357 3164; x_wconf 91' lang='lat' dir='ltr'>non</span> 
     </span>
     <span class='ocr_line' id='line_1_97' title="bbox 289 3178 1358 3229; baseline 0 -13"><span class='ocrx_word' id='word_1_702' title='bbox 289 3179 360 3216; x_wconf 90' lang='lat' dir='ltr'>sint</span> <span class='ocrx_word' id='word_1_703' title='bbox 379 3179 518 3217; x_wconf 91' lang='lat' dir='ltr'>ieiunia</span> <span class='ocrx_word' id='word_1_704' title='bbox 538 3179 732 3217; x_wconf 89' lang='lat' dir='ltr'>Ecclesiae</span> <span class='ocrx_word' id='word_1_705' title='bbox 761 3178 1099 3229; x_wconf 87' lang='lat' dir='ltr'>praetermittenda</span> <span class='ocrx_word' id='word_1_706' title='bbox 1117 3186 1274 3228; x_wconf 91' lang='lat' dir='ltr'>propter</span> <span class='ocrx_word' id='word_1_707' title='bbox 1293 3192 1358 3229; x_wconf 89' lang='lat' dir='ltr'>pe—</span> 
     </span>
     <span class='ocr_line' id='line_1_98' title="bbox 290 3232 1072 3283; baseline 0 -14"><span class='ocrx_word' id='word_1_708' title='bbox 290 3232 580 3280; x_wconf 87' lang='lat' dir='ltr'>regrinationem</span> <span class='ocrx_word' id='word_1_709' title='bbox 609 3234 671 3271; x_wconf 86' lang='lat' dir='ltr'>vel</span> <span class='ocrx_word' id='word_1_710' title='bbox 701 3232 914 3283; x_wconf 87' lang='lat' dir='ltr'>corporalia</span> <span class='ocrx_word' id='word_1_711' title='bbox 944 3244 1072 3282; x_wconf 88' lang='lat' dir='ltr'>opera.</span> 
     </span>
    </p>

    <p class='ocr_par' dir='ltr' id='par_1_20' title="bbox 342 3285 1357 3337">
     <span class='ocr_line' id='line_1_99' title="bbox 342 3285 1357 3337; baseline 0.001 -15"><span class='ocrx_word' id='word_1_712' title='bbox 342 3298 378 3332; x_wconf 91' lang='lat'>4.</span> <span class='ocrx_word' id='word_1_713' title='bbox 410 3286 644 3337; x_wconf 60' lang='lat' dir='ltr'>Pmmnm,</span> <span class='ocrx_word' id='word_1_714' title='bbox 667 3286 788 3335; x_wconf 86' lang='lat' dir='ltr'>magis</span> <span class='ocrx_word' id='word_1_715' title='bbox 817 3293 873 3324; x_wconf 90' lang='lat' dir='ltr'>est</span> <span class='ocrx_word' id='word_1_716' title='bbox 901 3285 1044 3334; x_wconf 88' lang='lat' dir='ltr'>aliquid</span> <span class='ocrx_word' id='word_1_717' title='bbox 1073 3286 1292 3323; x_wconf 88' lang='lat' dir='ltr'>faciendum</span> <span class='ocrx_word' id='word_1_718' title='bbox 1312 3297 1357 3323; x_wconf 86' lang='lat' dir='ltr'>ex</span> 
     </span>
    </p>
   </div>
   <div class='ocr_carea' id='block_1_14' title="bbox 297 2073 486 2262">
    <p class='ocr_par' dir='ltr' id='par_1_21' title="bbox 297 2073 486 2262">
     <span class='ocr_line' id='line_1_100' title="bbox 297 2073 486 2262; baseline 0 0"><span class='ocrx_word' id='word_1_719' title='bbox 297 2073 486 2262; x_wconf 95' lang='lat' dir='ltr'>  </span> 
     </span>
    </p>
   </div>
   <div class='ocr_carea' id='block_1_15' title="bbox 1383 2596 1392 3403">
    <p class='ocr_par' dir='ltr' id='par_1_22' title="bbox 1383 2596 1392 3403">
     <span class='ocr_line' id='line_1_101' title="bbox 1383 2596 1392 3403; baseline 0 0"><span class='ocrx_word' id='word_1_720' title='bbox 1383 2596 1392 3403; x_wconf 95' lang='lat' dir='ltr'> </span> 
     </span>
    </p>
   </div>
   <div class='ocr_carea' id='block_1_16' title="bbox 290 3338 1358 3495">
    <p class='ocr_par' dir='ltr' id='par_1_23' title="bbox 290 3338 1358 3495">
     <span class='ocr_line' id='line_1_102' title="bbox 290 3338 1358 3388; baseline 0.003 -15"><span class='ocrx_word' id='word_1_721' title='bbox 290 3338 442 3386; x_wconf 86' lang='lat' dir='ltr'>propria</span> <span class='ocrx_word' id='word_1_722' title='bbox 471 3340 666 3382; x_wconf 85' lang='lat' dir='ltr'>voluntate</span> <span class='ocrx_word' id='word_1_723' title='bbox 695 3352 814 3388; x_wconf 85' lang='lat' dir='ltr'>quam</span> <span class='ocrx_word' id='word_1_724' title='bbox 845 3351 889 3376; x_wconf 88' lang='lat' dir='ltr'>ex</span> <span class='ocrx_word' id='word_1_725' title='bbox 916 3338 1138 3376; x_wconf 89' lang='lat' dir='ltr'>necessitate</span> <span class='ocrx_word' id='word_1_726' title='bbox 1149 3352 1164 3387; x_wconf 73' lang='lat'>:¹</span> <span class='ocrx_word' id='word_1_727' title='bbox 1187 3347 1229 3376; x_wconf 93' lang='lat' dir='ltr'>ut</span> <span class='ocrx_word' id='word_1_728' title='bbox 1255 3347 1358 3388; x_wconf 91' lang='lat' dir='ltr'>patet</span> 
     </span>
     <span class='ocr_line' id='line_1_103' title="bbox 291 3392 1357 3442; baseline 0.004 -16"><span class='ocrx_word' id='word_1_729' title='bbox 291 3402 359 3439; x_wconf 91' lang='lat' dir='ltr'>per</span> <span class='ocrx_word' id='word_1_730' title='bbox 391 3393 639 3440; x_wconf 88' lang='lat' dir='ltr'>Apostolum,</span> <span class='ocrx_word' id='word_1_731' title='bbox 670 3393 701 3429; x_wconf 90' lang='lat'>11</span> <span class='ocrx_word' id='word_1_732' title='bbox 732 3394 783 3430; x_wconf 85' lang='lat' dir='ltr'>ad</span> <span class='ocrx_word' id='word_1_733' title='bbox 814 3393 902 3430; x_wconf 86' lang='lat' dir='ltr'>Cor.</span> <span class='ocrx_word' id='word_1_734' title='bbox 932 3404 967 3430; x_wconf 89' lang='lat' dir='ltr'>1x</span> <span class='ocrx_word' id='word_1_735' title='bbox 995 3392 1027 3430; x_wconf 78' lang='lat'>²⁸⁸.</span> <span class='ocrx_word' id='word_1_736' title='bbox 1058 3393 1135 3430; x_wconf 88' lang='lat' dir='ltr'>Sed</span> <span class='ocrx_word' id='word_1_737' title='bbox 1168 3404 1357 3442; x_wconf 88' lang='lat' dir='ltr'>pauperes</span> 
     </span>
     <span class='ocr_line' id='line_1_104' title="bbox 291 3443 1357 3495; baseline 0.003 -15"><span class='ocrx_word' id='word_1_738' title='bbox 291 3443 412 3480; x_wconf 88' lang='lat' dir='ltr'>solent</span> <span class='ocrx_word' id='word_1_739' title='bbox 442 3456 486 3481; x_wconf 88' lang='lat' dir='ltr'>ex</span> <span class='ocrx_word' id='word_1_740' title='bbox 516 3445 737 3482; x_wconf 86' lang='lat' dir='ltr'>necessitate</span> <span class='ocrx_word' id='word_1_741' title='bbox 767 3446 949 3493; x_wconf 90' lang='lat' dir='ltr'>ieiunare,</span> <span class='ocrx_word' id='word_1_742' title='bbox 978 3453 1135 3495; x_wconf 86' lang='lat' dir='ltr'>propter</span> <span class='ocrx_word' id='word_1_743' title='bbox 1167 3446 1357 3483; x_wconf 88' lang='lat' dir='ltr'>defectum</span> 
     </span>
    </p>
   </div>
   <div class='ocr_carea' id='block_1_17' title="bbox 345 3556 1361 3625">
    <p class='ocr_par' dir='ltr' id='par_1_24' title="bbox 345 3556 1361 3625">
     <span class='ocr_line' id='line_1_105' title="bbox 345 3556 889 3589; baseline 0.004 -8"><span class='ocrx_word' id='word_1_744' title='bbox 345 3558 372 3589; x_wconf 78' lang='grc' dir='ltr'>α)</span> <span class='ocrx_word' id='word_1_745' title='bbox 395 3556 536 3582; x_wconf 82' lang='lat' dir='ltr'>Ecclesiae.</span> <span class='ocrx_word' id='word_1_746' title='bbox 548 3569 566 3576; x_wconf 88' lang='lat'><em>-</em></span> <span class='ocrx_word' id='word_1_747' title='bbox 583 3557 761 3583; x_wconf 72' lang='lat' dir='ltr'>echesiastt‘ca</span> <span class='ocrx_word' id='word_1_748' title='bbox 781 3558 889 3584; x_wconf 84' lang='lat' dir='ltr'>BGlKa.</span> 
     </span>
     <span class='ocr_line' id='line_1_106' title="bbox 346 3591 1361 3625; baseline 0.001 -8"><span class='ocrx_word' id='word_1_749' title='bbox 346 3591 370 3625; x_wconf 80' lang='grc' dir='ltr'>β)</span> <span class='ocrx_word' id='word_1_750' title='bbox 390 3592 600 3618; x_wconf 82' lang='lat' dir='ltr'>communiter.-</span> <span class='ocrx_word' id='word_1_751' title='bbox 613 3592 690 3617; x_wconf 75' lang='lat' dir='ltr'>habet</span> <span class='ocrx_word' id='word_1_752' title='bbox 703 3594 879 3619; x_wconf 83' lang='lat' dir='ltr'>communiter</span> <span class='ocrx_word' id='word_1_753' title='bbox 894 3594 972 3624; x_wconf 65' lang='lat' dir='ltr'>Dm,</span> <span class='ocrx_word' id='word_1_754' title='bbox 982 3594 1159 3620; x_wconf 79' lang='lat' dir='ltr'>communiter</span> <span class='ocrx_word' id='word_1_755' title='bbox 1167 3594 1280 3619; x_wconf 77' lang='lat' dir='ltr'>habetur</span> <span class='ocrx_word' id='word_1_756' title='bbox 1290 3593 1361 3619; x_wconf 75' lang='lat' dir='ltr'>poa.</span> 
     </span>
    </p>
   </div>
   <div class='ocr_carea' id='block_1_18' title="bbox 1412 2056 2493 3388">
    <p class='ocr_par' dir='ltr' id='par_1_25' title="bbox 1414 2056 2493 2160">
     <span class='ocr_line' id='line_1_107' title="bbox 1415 2056 2493 2107; baseline 0.001 -12"><span class='ocrx_word' id='word_1_757' title='bbox 1415 2057 1699 2095; x_wconf 85' lang='lat' dir='ltr'>alimentorum.</span> <span class='ocrx_word' id='word_1_758' title='bbox 1731 2057 1834 2106; x_wconf 89' lang='lat' dir='ltr'>Ergo</span> <span class='ocrx_word' id='word_1_759' title='bbox 1865 2057 1988 2094; x_wconf 88' lang='lat' dir='ltr'>multo</span> <span class='ocrx_word' id='word_1_760' title='bbox 2018 2057 2140 2106; x_wconf 88' lang='lat' dir='ltr'>magis</span> <span class='ocrx_word' id='word_1_761' title='bbox 2169 2056 2312 2095; x_wconf 91' lang='lat' dir='ltr'>debent</span> <span class='ocrx_word' id='word_1_762' title='bbox 2340 2069 2386 2095; x_wconf 83' lang='lat' dir='ltr'>ex</span> <span class='ocrx_word' id='word_1_763' title='bbox 2404 2069 2493 2107; x_wconf 86' lang='lat' dir='ltr'>pro-</span> 
     </span>
     <span class='ocr_line' id='line_1_108' title="bbox 1414 2109 1935 2160; baseline 0 -12"><span class='ocrx_word' id='word_1_764' title='bbox 1414 2110 1499 2160; x_wconf 91' lang='lat' dir='ltr'>pria</span> <span class='ocrx_word' id='word_1_765' title='bbox 1526 2112 1724 2148; x_wconf 89' lang='lat' dir='ltr'>voluntate</span> <span class='ocrx_word' id='word_1_766' title='bbox 1753 2109 1935 2148; x_wconf 88' lang='lat' dir='ltr'>ieiunare.</span> 
     </span>
    </p>

    <p class='ocr_par' dir='ltr' id='par_1_26' title="bbox 1414 2163 2493 2683">
     <span class='ocr_line' id='line_1_109' title="bbox 1471 2163 2493 2214; baseline 0 -12"><span class='ocrx_word' id='word_1_767' title='bbox 1471 2166 1546 2202; x_wconf 81' lang='lat' dir='ltr'>SED</span> <span class='ocrx_word' id='word_1_768' title='bbox 1566 2175 1714 2202; x_wconf 77' lang='lat' dir='ltr'>CONTRA</span> <span class='ocrx_word' id='word_1_769' title='bbox 1727 2163 1759 2212; x_wconf 62' lang='lat'>¹⁸,</span> <span class='ocrx_word' id='word_1_770' title='bbox 1775 2164 1927 2202; x_wconf 89' lang='lat' dir='ltr'>videtur</span> <span class='ocrx_word' id='word_1_771' title='bbox 1952 2163 2059 2214; x_wconf 91' lang='lat' dir='ltr'>quod</span> <span class='ocrx_word' id='word_1_772' title='bbox 2079 2164 2205 2202; x_wconf 91' lang='lat' dir='ltr'>nullus</span> <span class='ocrx_word' id='word_1_773' title='bbox 2223 2163 2343 2202; x_wconf 91' lang='lat' dir='ltr'>iustus</span> <span class='ocrx_word' id='word_1_774' title='bbox 2362 2171 2493 2202; x_wconf 87' lang='lat' dir='ltr'>tenea—</span> 
     </span>
     <span class='ocr_line' id='line_1_110' title="bbox 1415 2217 2492 2267; baseline 0.001 -12"><span class='ocrx_word' id='word_1_775' title='bbox 1415 2225 1475 2255; x_wconf 93' lang='lat' dir='ltr'>tur</span> <span class='ocrx_word' id='word_1_776' title='bbox 1494 2217 1674 2255; x_wconf 86' lang='lat' dir='ltr'>ieiunare.</span> <span class='ocrx_word' id='word_1_777' title='bbox 1705 2218 1916 2267; x_wconf 88' lang='lat' dir='ltr'>Praecepta</span> <span class='ocrx_word' id='word_1_778' title='bbox 1942 2217 2045 2255; x_wconf 91' lang='lat' dir='ltr'>enim</span> <span class='ocrx_word' id='word_1_779' title='bbox 2066 2217 2262 2256; x_wconf 86' lang='lat' dir='ltr'>Ecclesiae</span> <span class='ocrx_word' id='word_1_780' title='bbox 2290 2229 2371 2255; x_wconf 90' lang='lat' dir='ltr'>non</span> <span class='ocrx_word' id='word_1_781' title='bbox 2395 2217 2492 2256; x_wconf 88' lang='lat' dir='ltr'>obli-</span> 
     </span>
     <span class='ocr_line' id='line_1_111' title="bbox 1415 2270 2491 2320; baseline 0.001 -12"><span class='ocrx_word' id='word_1_782' title='bbox 1415 2278 1505 2319; x_wconf 88' lang='lat' dir='ltr'>gant</span> <span class='ocrx_word' id='word_1_783' title='bbox 1520 2278 1652 2308; x_wconf 89' lang='lat' dir='ltr'>contra</span> <span class='ocrx_word' id='word_1_784' title='bbox 1672 2270 1887 2309; x_wconf 89' lang='lat' dir='ltr'>doctrinam</span> <span class='ocrx_word' id='word_1_785' title='bbox 1903 2270 2054 2308; x_wconf 90' lang='lat' dir='ltr'>Christi.</span> <span class='ocrx_word' id='word_1_786' title='bbox 2077 2271 2156 2309; x_wconf 91' lang='lat' dir='ltr'>Sed</span> <span class='ocrx_word' id='word_1_787' title='bbox 2175 2270 2369 2309; x_wconf 92' lang='lat' dir='ltr'>Dominus</span> <span class='ocrx_word' id='word_1_788' title='bbox 2389 2270 2491 2320; x_wconf 86' lang='lat' dir='ltr'>dixit,</span> 
     </span>
     <span class='ocr_line' id='line_1_112' title="bbox 1417 2324 2493 2374; baseline 0.001 -13"><span class='ocrx_word' id='word_1_789' title='bbox 1417 2325 1545 2362; x_wconf 89' lang='lat' dir='ltr'>Lucae</span> <span class='ocrx_word' id='word_1_790' title='bbox 1564 2336 1588 2361; x_wconf 94' lang='lat' dir='ltr'><strong>v</strong></span> <span class='ocrx_word' id='word_1_791' title='bbox 1606 2324 1637 2372; x_wconf 68' lang='lat'>²¹²,</span> <span class='ocrx_word' id='word_1_792' title='bbox 1659 2324 1766 2373; x_wconf 92' lang='lat' dir='ltr'>quod</span> <span class='ocrx_word' id='word_1_793' title='bbox 1794 2337 1869 2362; x_wconf 88' lang='lat' dir='ltr'>non</span> <span class='ocrx_word' id='word_1_794' title='bbox 1883 2330 2045 2373; x_wconf 80' lang='lat' dir='ltr'>possunt</span> <span class='ocrx_word' id='word_1_795' title='bbox 2057 2325 2139 2373; x_wconf 87' lang='lat' dir='ltr'>filii</span> <span class='ocrx_word' id='word_1_796' title='bbox 2160 2325 2299 2374; x_wconf 81' lang='lat' dir='ltr'>Sponsi</span> <span class='ocrx_word' id='word_1_797' title='bbox 2320 2325 2493 2363; x_wconf 86' lang='lat' dir='ltr'>ieiunare</span> 
     </span>
     <span class='ocr_line' id='line_1_113' title="bbox 1415 2378 2491 2427; baseline 0.001 -12"><span class='ocrx_word' id='word_1_798' title='bbox 1415 2378 1584 2426; x_wconf 85' lang='lat' dir='ltr'>quandiu</span> <span class='ocrx_word' id='word_1_799' title='bbox 1612 2389 1699 2415; x_wconf 88' lang='lat' dir='ltr'>cum</span> <span class='ocrx_word' id='word_1_800' title='bbox 1728 2378 1816 2427; x_wconf 83' lang='lat' dir='ltr'>ipsis</span> <span class='ocrx_word' id='word_1_801' title='bbox 1844 2383 1898 2415; x_wconf 87' lang='lat' dir='ltr'>est</span> <span class='ocrx_word' id='word_1_802' title='bbox 1924 2378 2102 2426; x_wconf 79' lang='lat' dir='ltr'>Sponsus,</span> <span class='ocrx_word' id='word_1_803' title='bbox 2137 2378 2207 2415; x_wconf 92' lang='lat' dir='ltr'>Est</span> <span class='ocrx_word' id='word_1_804' title='bbox 2239 2385 2370 2416; x_wconf 89' lang='lat' dir='ltr'>autem</span> <span class='ocrx_word' id='word_1_805' title='bbox 2400 2381 2491 2416; x_wconf 84' lang='lat' dir='ltr'>eum</span> 
     </span>
     <span class='ocr_line' id='line_1_114' title="bbox 1416 2430 2490 2480; baseline 0.001 -12"><span class='ocrx_word' id='word_1_806' title='bbox 1416 2431 1597 2469; x_wconf 90' lang='lat' dir='ltr'>omnibus</span> <span class='ocrx_word' id='word_1_807' title='bbox 1626 2431 1742 2479; x_wconf 88' lang='lat' dir='ltr'>iustis,</span> <span class='ocrx_word' id='word_1_808' title='bbox 1764 2431 2006 2480; x_wconf 86' lang='lat' dir='ltr'>spiritualiter</span> <span class='ocrx_word' id='word_1_809' title='bbox 2026 2443 2093 2468; x_wconf 91' lang='lat' dir='ltr'>eos</span> <span class='ocrx_word' id='word_1_810' title='bbox 2121 2430 2358 2469; x_wconf 88' lang='lat' dir='ltr'>inhabitans:</span> <span class='ocrx_word' id='word_1_811' title='bbox 2387 2431 2490 2470; x_wconf 92' lang='lat' dir='ltr'>unde</span> 
     </span>
     <span class='ocr_line' id='line_1_115' title="bbox 1416 2483 2490 2535; baseline 0 -13"><span class='ocrx_word' id='word_1_812' title='bbox 1416 2485 1608 2522; x_wconf 90' lang='lat' dir='ltr'>Dominus</span> <span class='ocrx_word' id='word_1_813' title='bbox 1634 2485 1734 2532; x_wconf 88' lang='lat' dir='ltr'>dicit,</span> <span class='ocrx_word' id='word_1_814' title='bbox 1756 2485 1891 2522; x_wconf 84' lang='lat' dir='ltr'>Matth.</span> <span class='ocrx_word' id='word_1_815' title='bbox 1918 2485 1982 2522; x_wconf 90' lang='lat' dir='ltr'>ult.</span> <span class='ocrx_word' id='word_1_816' title='bbox 2003 2483 2041 2522; x_wconf 72' lang='grc' dir='ltr'>*τ</span> <span class='ocrx_word' id='word_1_817' title='bbox 2061 2485 2173 2531; x_wconf 90' lang='lat' dir='ltr'>Ecce,</span> <span class='ocrx_word' id='word_1_818' title='bbox 2194 2496 2267 2535; x_wconf 84' lang='lat' dir='ltr'>ego</span> <span class='ocrx_word' id='word_1_819' title='bbox 2295 2484 2490 2523; x_wconf 82' lang='lat' dir='ltr'>vobiscum</span> 
     </span>
     <span class='ocr_line' id='line_1_116' title="bbox 1414 2537 2490 2587; baseline 0 -12"><span class='ocrx_word' id='word_1_820' title='bbox 1414 2550 1499 2576; x_wconf 90' lang='lat' dir='ltr'>sum</span> <span class='ocrx_word' id='word_1_821' title='bbox 1529 2550 1645 2587; x_wconf 86' lang='lat' dir='ltr'>usque</span> <span class='ocrx_word' id='word_1_822' title='bbox 1663 2538 1716 2576; x_wconf 85' lang='lat' dir='ltr'>ad</span> <span class='ocrx_word' id='word_1_823' title='bbox 1735 2538 2099 2576; x_wconf 86' lang='lat' dir='ltr'>consummationem</span> <span class='ocrx_word' id='word_1_824' title='bbox 2126 2537 2279 2576; x_wconf 81' lang='lat' dir='ltr'>saeculi.</span> <span class='ocrx_word' id='word_1_825' title='bbox 2310 2539 2413 2587; x_wconf 88' lang='lat' dir='ltr'>Ergo</span> <span class='ocrx_word' id='word_1_826' title='bbox 2434 2538 2490 2576; x_wconf 92' lang='lat' dir='ltr'>iu-</span> 
     </span>
     <span class='ocr_line' id='line_1_117' title="bbox 1416 2591 2491 2640; baseline 0.001 -11"><span class='ocrx_word' id='word_1_827' title='bbox 1416 2591 1461 2629; x_wconf 88' lang='lat' dir='ltr'>sti</span> <span class='ocrx_word' id='word_1_828' title='bbox 1490 2603 1536 2629; x_wconf 80' lang='lat' dir='ltr'>ex</span> <span class='ocrx_word' id='word_1_829' title='bbox 1563 2599 1703 2629; x_wconf 86' lang='lat' dir='ltr'>statuto</span> <span class='ocrx_word' id='word_1_830' title='bbox 1733 2591 1929 2629; x_wconf 88' lang='lat' dir='ltr'>Ecclesiae</span> <span class='ocrx_word' id='word_1_831' title='bbox 1962 2603 2042 2629; x_wconf 90' lang='lat' dir='ltr'>non</span> <span class='ocrx_word' id='word_1_832' title='bbox 2076 2591 2292 2640; x_wconf 85' lang='lat' dir='ltr'>obligantur</span> <span class='ocrx_word' id='word_1_833' title='bbox 2320 2591 2370 2629; x_wconf 90' lang='lat' dir='ltr'>ad</span> <span class='ocrx_word' id='word_1_834' title='bbox 2398 2591 2491 2630; x_wconf 87' lang='lat' dir='ltr'>ieiu-</span> 
     </span>
     <span class='ocr_line' id='line_1_118' title="bbox 1416 2645 1601 2683; baseline -0.005 0"><span class='ocrx_word' id='word_1_835' title='bbox 1416 2645 1601 2683; x_wconf 90' lang='lat' dir='ltr'>nandum.</span> 
     </span>
    </p>

    <p class='ocr_par' dir='ltr' id='par_1_27' title="bbox 1412 2697 2490 3388">
     <span class='ocr_line' id='line_1_119' title="bbox 1470 2697 2489 2748; baseline -0.001 -12"><span class='ocrx_word' id='word_1_836' title='bbox 1470 2700 1698 2736; x_wconf 68' lang='lat' dir='ltr'>REspounso</span> <span class='ocrx_word' id='word_1_837' title='bbox 1718 2709 1904 2736; x_wconf 78' lang='lat' dir='ltr'>DICENDUM</span> <span class='ocrx_word' id='word_1_838' title='bbox 1925 2697 2043 2748; x_wconf 92' lang='lat' dir='ltr'>quod,</span> <span class='ocrx_word' id='word_1_839' title='bbox 2063 2697 2160 2735; x_wconf 86' lang='lat' dir='ltr'>sicut</span> <span class='ocrx_word' id='word_1_840' title='bbox 2178 2697 2325 2748; x_wconf 82' lang='lat' dir='ltr'>supra*</span> <span class='ocrx_word' id='word_1_841' title='bbox 2345 2697 2489 2736; x_wconf 88' lang='lat' dir='ltr'>dictum</span> 
     </span>
     <span class='ocr_line' id='line_1_120' title="bbox 1415 2751 2489 2801; baseline 0.001 -12"><span class='ocrx_word' id='word_1_842' title='bbox 1415 2760 1492 2800; x_wconf 90' lang='lat' dir='ltr'>est,</span> <span class='ocrx_word' id='word_1_843' title='bbox 1528 2759 1666 2790; x_wconf 86' lang='lat' dir='ltr'>statuta</span> <span class='ocrx_word' id='word_1_844' title='bbox 1704 2751 1928 2789; x_wconf 88' lang='lat' dir='ltr'>communia</span> <span class='ocrx_word' id='word_1_845' title='bbox 1964 2759 2238 2801; x_wconf 85' lang='lat' dir='ltr'>proponuntur</span> <span class='ocrx_word' id='word_1_846' title='bbox 2273 2751 2489 2790; x_wconf 87' lang='lat' dir='ltr'>secundum</span> 
     </span>
     <span class='ocr_line' id='line_1_121' title="bbox 1415 2804 2490 2854; baseline -0.001 -11"><span class='ocrx_word' id='word_1_847' title='bbox 1415 2805 1522 2854; x_wconf 93' lang='lat' dir='ltr'>quod</span> <span class='ocrx_word' id='word_1_848' title='bbox 1555 2805 1787 2843; x_wconf 87' lang='lat' dir='ltr'>multitudini</span> <span class='ocrx_word' id='word_1_849' title='bbox 1819 2804 2067 2843; x_wconf 88' lang='lat' dir='ltr'>conveniunt.</span> <span class='ocrx_word' id='word_1_850' title='bbox 2106 2805 2155 2842; x_wconf 92' lang='lat' dir='ltr'>Et</span> <span class='ocrx_word' id='word_1_851' title='bbox 2183 2804 2270 2843; x_wconf 91' lang='lat' dir='ltr'>ideo</span> <span class='ocrx_word' id='word_1_852' title='bbox 2299 2804 2490 2854; x_wconf 88' lang='lat' dir='ltr'>legislator</span> 
     </span>
     <span class='ocr_line' id='line_1_122' title="bbox 1414 2855 2490 2908; baseline 0 -12"><span class='ocrx_word' id='word_1_853' title='bbox 1414 2859 1454 2896; x_wconf 92' lang='lat' dir='ltr'>in</span> <span class='ocrx_word' id='word_1_854' title='bbox 1482 2859 1536 2896; x_wconf 92' lang='lat' dir='ltr'>eis</span> <span class='ocrx_word' id='word_1_855' title='bbox 1565 2858 1772 2897; x_wconf 87' lang='lat' dir='ltr'>statuendis</span> <span class='ocrx_word' id='word_1_856' title='bbox 1807 2858 1966 2896; x_wconf 89' lang='lat' dir='ltr'>attendit</span> <span class='ocrx_word' id='word_1_857' title='bbox 1993 2857 2031 2896; x_wconf 92' lang='lat' dir='ltr'>id</span> <span class='ocrx_word' id='word_1_858' title='bbox 2060 2858 2168 2908; x_wconf 91' lang='lat' dir='ltr'>quod</span> <span class='ocrx_word' id='word_1_859' title='bbox 2196 2858 2456 2896; x_wconf 86' lang='lat' dir='ltr'>communiter</span> <span class='ocrx_word' id='word_1_860' title='bbox 2473 2855 2490 2888; x_wconf 68' lang='grc' dir='ltr'><strong>β</strong></span> 
     </span>
     <span class='ocr_line' id='line_1_123' title="bbox 1415 2910 2489 2962; baseline -0.002 -12"><span class='ocrx_word' id='word_1_861' title='bbox 1415 2919 1451 2950; x_wconf 91' lang='lat' dir='ltr'>et</span> <span class='ocrx_word' id='word_1_862' title='bbox 1478 2912 1516 2950; x_wconf 91' lang='lat' dir='ltr'>in</span> <span class='ocrx_word' id='word_1_863' title='bbox 1543 2913 1717 2962; x_wconf 89' lang='lat' dir='ltr'>pluribus</span> <span class='ocrx_word' id='word_1_864' title='bbox 1745 2911 1893 2950; x_wconf 90' lang='lat' dir='ltr'>accidit.</span> <span class='ocrx_word' id='word_1_865' title='bbox 1925 2911 1965 2949; x_wconf 93' lang='lat' dir='ltr'>Si</span> <span class='ocrx_word' id='word_1_866' title='bbox 1985 2911 2078 2961; x_wconf 90' lang='lat' dir='ltr'>quid</span> <span class='ocrx_word' id='word_1_867' title='bbox 2107 2919 2237 2950; x_wconf 86' lang='lat' dir='ltr'>autem</span> <span class='ocrx_word' id='word_1_868' title='bbox 2266 2923 2313 2948; x_wconf 87' lang='lat' dir='ltr'>ex</span> <span class='ocrx_word' id='word_1_869' title='bbox 2334 2910 2489 2961; x_wconf 86' lang='lat' dir='ltr'>speciali</span> 
     </span>
     <span class='ocr_line' id='line_1_124' title="bbox 1415 2964 2487 3016; baseline -0.002 -13"><span class='ocrx_word' id='word_1_870' title='bbox 1415 2977 1531 3003; x_wconf 87' lang='lat' dir='ltr'>causa</span> <span class='ocrx_word' id='word_1_871' title='bbox 1567 2966 1607 3003; x_wconf 89' lang='lat' dir='ltr'>in</span> <span class='ocrx_word' id='word_1_872' title='bbox 1643 2966 1771 3016; x_wconf 91' lang='lat' dir='ltr'>aliquo</span> <span class='ocrx_word' id='word_1_873' title='bbox 1813 2965 2030 3004; x_wconf 79' lang='lat' dir='ltr'>inveniatur</span> <span class='ocrx_word' id='word_1_874' title='bbox 2070 2965 2178 3015; x_wconf 89' lang='lat' dir='ltr'>quod</span> <span class='ocrx_word' id='word_1_875' title='bbox 2220 2964 2487 3003; x_wconf 85' lang='lat' dir='ltr'>observantiae</span> 
     </span>
     <span class='ocr_line' id='line_1_125' title="bbox 1414 3017 2488 3069; baseline -0.002 -13"><span class='ocrx_word' id='word_1_876' title='bbox 1414 3019 1540 3056; x_wconf 88' lang='lat' dir='ltr'>statuti</span> <span class='ocrx_word' id='word_1_877' title='bbox 1569 3026 1766 3069; x_wconf 89' lang='lat' dir='ltr'>repugnet,</span> <span class='ocrx_word' id='word_1_878' title='bbox 1787 3030 1866 3056; x_wconf 91' lang='lat' dir='ltr'>non</span> <span class='ocrx_word' id='word_1_879' title='bbox 1895 3018 2055 3056; x_wconf 87' lang='lat' dir='ltr'>intendit</span> <span class='ocrx_word' id='word_1_880' title='bbox 2082 3018 2198 3056; x_wconf 90' lang='lat' dir='ltr'>talem</span> <span class='ocrx_word' id='word_1_881' title='bbox 2226 3017 2418 3066; x_wconf 86' lang='lat' dir='ltr'>legislator</span> <span class='ocrx_word' id='word_1_882' title='bbox 2439 3017 2488 3055; x_wconf 88' lang='lat' dir='ltr'>ad</span> 
     </span>
     <span class='ocr_line' id='line_1_126' title="bbox 1413 3071 2489 3121; baseline -0.002 -11"><span class='ocrx_word' id='word_1_883' title='bbox 1413 3072 1539 3110; x_wconf 89' lang='lat' dir='ltr'>statuti</span> <span class='ocrx_word' id='word_1_884' title='bbox 1569 3071 1855 3110; x_wconf 85' lang='lat' dir='ltr'>observantiam</span> <span class='ocrx_word' id='word_1_885' title='bbox 1876 3071 2056 3120; x_wconf 82' lang='lat' dir='ltr'>obligare.</span> <span class='ocrx_word' id='word_1_886' title='bbox 2088 3072 2131 3109; x_wconf 93' lang='lat' dir='ltr'>In</span> <span class='ocrx_word' id='word_1_887' title='bbox 2150 3083 2229 3121; x_wconf 90' lang='lat' dir='ltr'>quo</span> <span class='ocrx_word' id='word_1_888' title='bbox 2249 3078 2379 3108; x_wconf 90' lang='lat' dir='ltr'>tamen</span> <span class='ocrx_word' id='word_1_889' title='bbox 2394 3075 2410 3099; x_wconf 76' lang='grc' dir='ltr'><strong>Υ</strong></span> <span class='ocrx_word' id='word_1_890' title='bbox 2433 3079 2489 3109; x_wconf 89' lang='lat' dir='ltr'>est</span> 
     </span>
     <span class='ocr_line' id='line_1_127' title="bbox 1414 3124 2486 3173; baseline -0.002 -10"><span class='ocrx_word' id='word_1_891' title='bbox 1414 3125 1602 3164; x_wconf 90' lang='lat' dir='ltr'>distinctio</span> <span class='ocrx_word' id='word_1_892' title='bbox 1635 3125 1864 3164; x_wconf 89' lang='lat' dir='ltr'>adhibenda.</span> <span class='ocrx_word' id='word_1_893' title='bbox 1900 3126 2004 3163; x_wconf 86' lang='lat' dir='ltr'>Nam</span> <span class='ocrx_word' id='word_1_894' title='bbox 2033 3124 2064 3162; x_wconf 89' lang='lat' dir='ltr'>si</span> <span class='ocrx_word' id='word_1_895' title='bbox 2093 3136 2208 3162; x_wconf 86' lang='lat' dir='ltr'>causa</span> <span class='ocrx_word' id='word_1_896' title='bbox 2240 3124 2286 3162; x_wconf 92' lang='lat' dir='ltr'>sit</span> <span class='ocrx_word' id='word_1_897' title='bbox 2315 3124 2486 3173; x_wconf 87' lang='lat' dir='ltr'>evidens,</span> 
     </span>
     <span class='ocr_line' id='line_1_128' title="bbox 1412 3177 2489 3229; baseline 0 -13"><span class='ocrx_word' id='word_1_898' title='bbox 1412 3192 1482 3229; x_wconf 89' lang='lat' dir='ltr'>per</span> <span class='ocrx_word' id='word_1_899' title='bbox 1510 3179 1681 3228; x_wconf 87' lang='lat' dir='ltr'>seipsum</span> <span class='ocrx_word' id='word_1_900' title='bbox 1709 3179 1807 3216; x_wconf 89' lang='lat' dir='ltr'>licite</span> <span class='ocrx_word' id='word_1_901' title='bbox 1827 3185 1953 3228; x_wconf 90' lang='lat' dir='ltr'>potest</span> <span class='ocrx_word' id='word_1_902' title='bbox 1971 3178 2093 3215; x_wconf 88' lang='lat' dir='ltr'>homo</span> <span class='ocrx_word' id='word_1_903' title='bbox 2122 3177 2249 3215; x_wconf 89' lang='lat' dir='ltr'>statuti</span> <span class='ocrx_word' id='word_1_904' title='bbox 2277 3177 2489 3216; x_wconf 85' lang='lat' dir='ltr'>observan-</span> 
     </span>
     <span class='ocr_line' id='line_1_129' title="bbox 1413 3230 2487 3282; baseline -0.002 -12"><span class='ocrx_word' id='word_1_905' title='bbox 1413 3232 1505 3270; x_wconf 87' lang='lat' dir='ltr'>tiam</span> <span class='ocrx_word' id='word_1_906' title='bbox 1525 3232 1748 3282; x_wconf 89' lang='lat' dir='ltr'>praeterire:</span> <span class='ocrx_word' id='word_1_907' title='bbox 1769 3231 1992 3281; x_wconf 87' lang='lat' dir='ltr'>praesertim</span> <span class='ocrx_word' id='word_1_908' title='bbox 2021 3230 2300 3268; x_wconf 90' lang='lat' dir='ltr'>consuetudine</span> <span class='ocrx_word' id='word_1_909' title='bbox 2322 3231 2487 3269; x_wconf 89' lang='lat' dir='ltr'>interve-</span> 
     </span>
     <span class='ocr_line' id='line_1_130' title="bbox 1413 3283 2487 3334; baseline -0.001 -11"><span class='ocrx_word' id='word_1_910' title='bbox 1413 3285 1561 3332; x_wconf 89' lang='lat' dir='ltr'>niente;</span> <span class='ocrx_word' id='word_1_911' title='bbox 1591 3286 1653 3323; x_wconf 87' lang='lat' dir='ltr'>vel</span> <span class='ocrx_word' id='word_1_912' title='bbox 1682 3285 1713 3323; x_wconf 91' lang='lat' dir='ltr'>si</span> <span class='ocrx_word' id='word_1_913' title='bbox 1742 3296 1821 3322; x_wconf 92' lang='lat' dir='ltr'>non</span> <span class='ocrx_word' id='word_1_914' title='bbox 1854 3291 1986 3334; x_wconf 89' lang='lat' dir='ltr'>posset</span> <span class='ocrx_word' id='word_1_915' title='bbox 2018 3283 2067 3321; x_wconf 89' lang='lat' dir='ltr'>de</span> <span class='ocrx_word' id='word_1_916' title='bbox 2100 3283 2198 3322; x_wconf 90' lang='lat' dir='ltr'>facili</span> <span class='ocrx_word' id='word_1_917' title='bbox 2234 3296 2409 3322; x_wconf 88' lang='lat' dir='ltr'>recursus</span> <span class='ocrx_word' id='word_1_918' title='bbox 2437 3284 2487 3322; x_wconf 88' lang='lat' dir='ltr'>ad</span> 
     </span>
     <span class='ocr_line' id='line_1_131' title="bbox 1413 3337 2488 3388; baseline -0.001 -12"><span class='ocrx_word' id='word_1_919' title='bbox 1413 3339 1653 3388; x_wconf 91' lang='lat' dir='ltr'>superiorem</span> <span class='ocrx_word' id='word_1_920' title='bbox 1671 3337 1814 3376; x_wconf 87' lang='lat' dir='ltr'>haberi.</span> <span class='ocrx_word' id='word_1_921' title='bbox 1845 3337 1886 3375; x_wconf 93' lang='lat' dir='ltr'>Si</span> <span class='ocrx_word' id='word_1_922' title='bbox 1906 3348 2000 3375; x_wconf 88' lang='lat' dir='ltr'>vero</span> <span class='ocrx_word' id='word_1_923' title='bbox 2021 3349 2136 3375; x_wconf 89' lang='lat' dir='ltr'>causa</span> <span class='ocrx_word' id='word_1_924' title='bbox 2156 3337 2202 3375; x_wconf 94' lang='lat' dir='ltr'>sit</span> <span class='ocrx_word' id='word_1_925' title='bbox 2222 3337 2351 3386; x_wconf 87' lang='lat' dir='ltr'>dubia,</span> <span class='ocrx_word' id='word_1_926' title='bbox 2373 3337 2488 3375; x_wconf 88' lang='lat' dir='ltr'>debet</span> 
     </span>
    </p>
   </div>
   <div class='ocr_carea' id='block_1_19' title="bbox 1412 3390 2496 3441">
    <p class='ocr_par' dir='ltr' id='par_1_28' title="bbox 1412 3390 2496 3441">
     <span class='ocr_line' id='line_1_132' title="bbox 1412 3390 2496 3441; baseline -0.002 -11"><span class='ocrx_word' id='word_1_927' title='bbox 1412 3392 1547 3441; x_wconf 91' lang='lat' dir='ltr'>aliquis</span> <span class='ocrx_word' id='word_1_928' title='bbox 1575 3391 1624 3429; x_wconf 90' lang='lat' dir='ltr'>ad</span> <span class='ocrx_word' id='word_1_929' title='bbox 1653 3390 1891 3440; x_wconf 85' lang='lat' dir='ltr'>superiorem</span> <span class='ocrx_word' id='word_1_930' title='bbox 1920 3402 2114 3428; x_wconf 87' lang='lat' dir='ltr'>recurrere</span> <span class='ocrx_word' id='word_1_931' title='bbox 2143 3390 2209 3439; x_wconf 89' lang='lat' dir='ltr'>qui</span> <span class='ocrx_word' id='word_1_932' title='bbox 2238 3391 2354 3429; x_wconf 90' lang='lat' dir='ltr'>habet</span> <span class='ocrx_word' id='word_1_933' title='bbox 2378 3400 2496 3441; x_wconf 88' lang='lat' dir='ltr'>pote--</span> 
     </span>
    </p>
   </div>
   <div class='ocr_carea' id='block_1_20' title="bbox 1413 3443 2488 3492">
    <p class='ocr_par' dir='ltr' id='par_1_29' title="bbox 1413 3443 2488 3492">
     <span class='ocr_line' id='line_1_133' title="bbox 1413 3443 2488 3492; baseline -0.002 -10"><span class='ocrx_word' id='word_1_934' title='bbox 1413 3452 1549 3482; x_wconf 91' lang='lat' dir='ltr'>statem</span> <span class='ocrx_word' id='word_1_935' title='bbox 1578 3444 1616 3481; x_wconf 91' lang='lat' dir='ltr'>in</span> <span class='ocrx_word' id='word_1_936' title='bbox 1644 3444 1781 3481; x_wconf 87' lang='lat' dir='ltr'>talibus</span> <span class='ocrx_word' id='word_1_937' title='bbox 1810 3443 2069 3492; x_wconf 88' lang='lat' dir='ltr'>dispensandi.</span> <span class='ocrx_word' id='word_1_938' title='bbox 2101 3444 2150 3481; x_wconf 89' lang='lat' dir='ltr'>Et</span> <span class='ocrx_word' id='word_1_939' title='bbox 2168 3445 2243 3482; x_wconf 89' lang='lat' dir='ltr'>hoc</span> <span class='ocrx_word' id='word_1_940' title='bbox 2272 3451 2329 3482; x_wconf 83' lang='lat' dir='ltr'>est</span> <span class='ocrx_word' id='word_1_941' title='bbox 2357 3444 2488 3482; x_wconf 88' lang='lat' dir='ltr'>obser-</span> 
     </span>
    </p>
   </div>
   <div class='ocr_carea' id='block_1_21' title="bbox 1418 3558 2487 3623">
    <p class='ocr_par' dir='ltr' id='par_1_30' title="bbox 1418 3558 2487 3623">
     <span class='ocr_line' id='line_1_134' title="bbox 1470 3558 2487 3592; baseline 0 -9"><span class='ocrx_word' id='word_1_942' title='bbox 1470 3559 1497 3592; x_wconf 85' lang='grc' dir='ltr'>γ)</span> <span class='ocrx_word' id='word_1_943' title='bbox 1518 3558 1548 3583; x_wconf 83' lang='lat' dir='ltr'>In</span> <span class='ocrx_word' id='word_1_944' title='bbox 1567 3565 1619 3591; x_wconf 83' lang='lat' dir='ltr'>quo</span> <span class='ocrx_word' id='word_1_945' title='bbox 1639 3561 1738 3584; x_wconf 84' lang='lat' dir='ltr'>tamen.</span> <span class='ocrx_word' id='word_1_946' title='bbox 1751 3571 1771 3578; x_wconf 95' lang='lat'><em>-</em></span> <span class='ocrx_word' id='word_1_947' title='bbox 1790 3558 1819 3583; x_wconf 87' lang='lat' dir='ltr'>In</span> <span class='ocrx_word' id='word_1_948' title='bbox 1841 3561 1969 3590; x_wconf 81' lang='lat' dir='ltr'>quantum</span> <span class='ocrx_word' id='word_1_949' title='bbox 1984 3558 2168 3592; x_wconf 80' lang='lat' dir='ltr'>ABEFLpCK.</span> <span class='ocrx_word' id='word_1_950' title='bbox 2184 3558 2215 3584; x_wconf 83' lang='lat' dir='ltr'>In</span> <span class='ocrx_word' id='word_1_951' title='bbox 2229 3566 2282 3592; x_wconf 83' lang='lat' dir='ltr'>qua</span> <span class='ocrx_word' id='word_1_952' title='bbox 2295 3559 2313 3590; x_wconf 83' lang='lat'>1.</span> <span class='ocrx_word' id='word_1_953' title='bbox 2331 3558 2428 3584; x_wconf 78' lang='lat' dir='ltr'>Tamen</span> <span class='ocrx_word' id='word_1_954' title='bbox 2443 3558 2487 3589; x_wconf 78' lang='lat' dir='ltr'>aC,</span> 
     </span>
     <span class='ocr_line' id='line_1_135' title="bbox 1418 3593 2192 3623; baseline 0.003 -5"><span class='ocrx_word' id='word_1_955' title='bbox 1418 3593 1448 3618; x_wconf 87' lang='lat' dir='ltr'>In</span> <span class='ocrx_word' id='word_1_956' title='bbox 1467 3600 1530 3619; x_wconf 76' lang='lat' dir='ltr'>casu</span> <span class='ocrx_word' id='word_1_957' title='bbox 1551 3596 1638 3619; x_wconf 84' lang='lat' dir='ltr'>tamen</span> <span class='ocrx_word' id='word_1_958' title='bbox 1659 3594 1690 3619; x_wconf 86' lang='lat' dir='ltr'>D.</span> <span class='ocrx_word' id='word_1_959' title='bbox 1705 3608 1722 3613; x_wconf 95' lang='lat'><em>-</em></span> <span class='ocrx_word' id='word_1_960' title='bbox 1738 3594 1788 3619; x_wconf 85' lang='lat' dir='ltr'>Pro</span> <span class='ocrx_word' id='word_1_961' title='bbox 1808 3593 1952 3623; x_wconf 67' lang='lat' dir='ltr'>distinctio,</span> <span class='ocrx_word' id='word_1_962' title='bbox 1974 3593 2100 3620; x_wconf 75' lang='lat' dir='ltr'>discretio</span> <span class='ocrx_word' id='word_1_963' title='bbox 2121 3594 2192 3620; x_wconf 74' lang='lat' dir='ltr'>PGa.</span> 
     </span>
    </p>
   </div>
   <div class='ocr_carea' id='block_1_22' title="bbox 2514 424 2724 453">
    <p class='ocr_par' dir='ltr' id='par_1_31' title="bbox 2514 424 2724 453">
     <span class='ocr_line' id='line_1_136' title="bbox 2514 424 2724 453; baseline -0.005 -6"><span class='ocrx_word' id='word_1_964' title='bbox 2514 426 2523 436; x_wconf 77' lang='lat'>⁸</span> <span class='ocrx_word' id='word_1_965' title='bbox 2536 424 2591 447; x_wconf 79' lang='lat' dir='ltr'>lad</span> <span class='ocrx_word' id='word_1_966' title='bbox 2605 425 2662 446; x_wconf 81' lang='lat' dir='ltr'>Tim.</span> <span class='ocrx_word' id='word_1_967' title='bbox 2674 431 2724 453; x_wconf 78' lang='lat' dir='ltr'>cap.</span> 
     </span>
    </p>
   </div>
   <div class='ocr_carea' id='block_1_23' title="bbox 2513 451 2690 479">
    <p class='ocr_par' dir='ltr' id='par_1_32' title="bbox 2513 451 2690 479">
     <span class='ocr_line' id='line_1_137' title="bbox 2513 451 2690 479; baseline -0.011 -5"><span class='ocrx_word' id='word_1_968' title='bbox 2513 458 2544 479; x_wconf 76' lang='grc' dir='ltr'>ιν,</span> <span class='ocrx_word' id='word_1_969' title='bbox 2558 457 2618 474; x_wconf 83' lang='lat' dir='ltr'>vers.</span> <span class='ocrx_word' id='word_1_970' title='bbox 2633 458 2654 479; x_wconf 90' lang='lat'>7,</span> <span class='ocrx_word' id='word_1_971' title='bbox 2670 451 2690 473; x_wconf 90' lang='lat'>8.</span> 
     </span>
    </p>
   </div>
   <div class='ocr_carea' id='block_1_24' title="bbox 2520 1358 2638 1381">
    <p class='ocr_par' dir='ltr' id='par_1_33' title="bbox 2520 1358 2638 1381">
     <span class='ocr_line' id='line_1_138' title="bbox 2520 1358 2638 1381; baseline 0 0"><span class='ocrx_word' id='word_1_972' title='bbox 2520 1358 2579 1381; x_wconf 70' lang='lat'>⁴05.</span> <span class='ocrx_word' id='word_1_973' title='bbox 2614 1364 2638 1381; x_wconf 85' lang='grc' dir='ltr'>ιι.</span> 
     </span>
    </p>
   </div>
   <div class='ocr_carea' id='block_1_25' title="bbox 2518 1417 2686 1440">
    <p class='ocr_par' dir='ltr' id='par_1_34' title="bbox 2518 1417 2686 1440">
     <span class='ocr_line' id='line_1_139' title="bbox 2518 1417 2686 1440; baseline -0.012 -5"><span class='ocrx_word' id='word_1_974' title='bbox 2518 1417 2582 1435; x_wconf 74' lang='lat' dir='ltr'>num.</span> <span class='ocrx_word' id='word_1_975' title='bbox 2597 1417 2622 1434; x_wconf 77' lang='lat' dir='ltr'>tv</span> <span class='ocrx_word' id='word_1_976' title='bbox 2634 1417 2686 1440; x_wconf 70' lang='lat' dir='ltr'>sqq.</span> 
     </span>
    </p>
   </div>
   <div class='ocr_carea' id='block_1_26' title="bbox 2521 2177 2732 2208">
    <p class='ocr_par' dir='ltr' id='par_1_35' title="bbox 2521 2177 2732 2208">
     <span class='ocr_line' id='line_1_140' title="bbox 2521 2177 2732 2208; baseline -0.005 -6"><span class='ocrx_word' id='word_1_977' title='bbox 2521 2177 2596 2202; x_wconf 68' lang='lat' dir='ltr'>‘vide</span> <span class='ocrx_word' id='word_1_978' title='bbox 2606 2178 2732 2208; x_wconf 59' lang='lat' dir='ltr'>mpsds.</span> 
     </span>
    </p>
   </div>
   <div class='ocr_carea' id='block_1_27' title="bbox 2520 2329 2733 2412">
    <p class='ocr_par' dir='ltr' id='par_1_36' title="bbox 2520 2329 2733 2412">
     <span class='ocr_line' id='line_1_141' title="bbox 2545 2329 2733 2359; baseline 0 -8"><span class='ocrx_word' id='word_1_979' title='bbox 2545 2329 2611 2352; x_wconf 74' lang='lat' dir='ltr'>Vm.</span> <span class='ocrx_word' id='word_1_980' title='bbox 2625 2335 2662 2359; x_wconf 80' lang='lat'>3⁴-</span> <span class='ocrx_word' id='word_1_981' title='bbox 2675 2341 2686 2346; x_wconf 99' lang='lat'>-</span> <span class='ocrx_word' id='word_1_982' title='bbox 2696 2329 2733 2352; x_wconf 83' lang='lat' dir='ltr'>Ct&#39;.</span> 
     </span>
     <span class='ocr_line' id='line_1_142' title="bbox 2520 2370 2732 2412; baseline -0.009 -6"><span class='ocrx_word' id='word_1_983' title='bbox 2520 2389 2578 2406; x_wconf 76' lang='lat' dir='ltr'>veru.</span> <span class='ocrx_word' id='word_1_984' title='bbox 2594 2373 2634 2412; x_wconf 69' lang='grc' dir='ltr'>ἰςς</span> <span class='ocrx_word' id='word_1_985' title='bbox 2661 2370 2732 2406; x_wconf 55' lang='lat' dir='ltr'>&#39;larci</span> 
     </span>
    </p>
   </div>
   <div class='ocr_carea' id='block_1_28' title="bbox 2517 1362 2730 1412">
    <p class='ocr_par' dir='ltr' id='par_1_37' title="bbox 2517 1362 2730 1412">
     <span class='ocr_line' id='line_1_143' title="bbox 2657 1362 2730 1385; baseline 0 -5"><span class='ocrx_word' id='word_1_986' title='bbox 2657 1362 2730 1385; x_wconf 77' lang='lat' dir='ltr'>mu,</span> 
     </span>
     <span class='ocr_line' id='line_1_144' title="bbox 2517 1387 2730 1412; baseline -0.005 -4"><span class='ocrx_word' id='word_1_987' title='bbox 2517 1388 2560 1408; x_wconf 74' lang='lat' dir='ltr'>nrt.</span> <span class='ocrx_word' id='word_1_988' title='bbox 2565 1391 2589 1412; x_wconf 86' lang='grc'>4,</span> <span class='ocrx_word' id='word_1_989' title='bbox 2634 1387 2730 1408; x_wconf 65' lang='lat' dir='ltr'>mm.</span> 
     </span>
    </p>
   </div>
   <div class='ocr_carea' id='block_1_29' title="bbox 2519 2415 2719 2439">
    <p class='ocr_par' dir='ltr' id='par_1_38' title="bbox 2519 2415 2719 2439">
     <span class='ocr_line' id='line_1_145' title="bbox 2519 2415 2719 2439; baseline -0.005 -7"><span class='ocrx_word' id='word_1_990' title='bbox 2519 2416 2570 2439; x_wconf 77' lang='lat' dir='ltr'>cap.</span> <span class='ocrx_word' id='word_1_991' title='bbox 2581 2415 2607 2436; x_wconf 83' lang='lat' dir='ltr'>n.</span> <span class='ocrx_word' id='word_1_992' title='bbox 2615 2415 2676 2432; x_wconf 72' lang='lat' dir='ltr'>ven.</span> <span class='ocrx_word' id='word_1_993' title='bbox 2686 2415 2719 2439; x_wconf 76' lang='lat'>¹9.</span> 
     </span>
    </p>
   </div>
   <div class='ocr_carea' id='block_1_30' title="bbox 2520 2493 2663 2517">
    <p class='ocr_par' dir='ltr' id='par_1_39' title="bbox 2520 2493 2663 2517">
     <span class='ocr_line' id='line_1_146' title="bbox 2520 2493 2663 2517; baseline 0 -1"><span class='ocrx_word' id='word_1_994' title='bbox 2520 2495 2530 2506; x_wconf 75' lang='lat'><strong>·</strong></span> <span class='ocrx_word' id='word_1_995' title='bbox 2544 2493 2610 2517; x_wconf 73' lang='lat' dir='ltr'>Vm.</span> <span class='ocrx_word' id='word_1_996' title='bbox 2626 2500 2663 2516; x_wconf 72' lang='lat' dir='ltr'>ao.</span> 
     </span>
    </p>
   </div>
   <div class='ocr_carea' id='block_1_31' title="bbox 2517 2704 2678 2759">
    <p class='ocr_par' dir='ltr' id='par_1_40' title="bbox 2517 2704 2678 2759">
     <span class='ocr_line' id='line_1_147' title="bbox 2519 2704 2650 2727; baseline 0.015 -11"><span class='ocrx_word' id='word_1_997' title='bbox 2519 2704 2650 2727; x_wconf 56' lang='lat' dir='ltr'>nnn..</span> 
     </span>
     <span class='ocr_line' id='line_1_148' title="bbox 2517 2721 2678 2759; baseline -0.019 -3"><span class='ocrx_word' id='word_1_998' title='bbox 2517 2721 2678 2759; x_wconf 60' lang='lat' dir='ltr'>acm-mk.</span> 
     </span>
    </p>
   </div>
   <div class='ocr_carea' id='block_1_32' title="bbox 2691 2710 2733 2734">
    <p class='ocr_par' dir='ltr' id='par_1_41' title="bbox 2691 2710 2733 2734">
     <span class='ocr_line' id='line_1_149' title="bbox 2691 2710 2733 2734; baseline -0.024 -7"><span class='ocrx_word' id='word_1_999' title='bbox 2691 2710 2733 2734; x_wconf 81' lang='lat' dir='ltr'>qn.</span> 
     </span>
    </p>
   </div>
  </div>
 </body>
</html>
