2768 4198
48 1034 59 1045 ⁶
73 1031 139 1054 Vere.
150 1037 166 1058 ι,
175 1037 198 1053 2.

49 1137 140 1160 ’Vera
156 1136 188 1159 16.

64 1168 105 1184 :t
108 1166 134 1185 A

53 1464 131 1489 ll'tl
166 1471 227 1486 1³2⁷«

51 1512 62 1524 ⁸
73 1492 151 1534 Vnt-V
156 1492 194 1539 ι’ςῖ,Δ
204 1487 215 1511 '1

52 1934 134 1956 ⁴Lib.
157 1933 179 1956 n

51 1966 150 2016 {vau-5.
170 1987 211 2010 ΙΙΙ).

53 2020 91 2043 qu.
106 2020 172 2037 xvm.

59 2471 70 2481 ⁸
79 2471 130 2492 Art.
143 2475 159 2497 1,
172 2475 194 2499 3.

59 3110 69 3120 ⁸
83 3109 149 3132 Vers.
164 3117 187 3137 4.

938 265 1208 312 QUAESTIO
1239 263 1430 311 CXLVII,
1460 263 1760 301 ARTlCULUS
1789 263 1823 300 V

287 354 386 387 paratl
410 346 473 377 Sint
495 345 535 376 ad
558 354 625 376 non
647 345 871 376 ieiunandum.
905 351 935 375 et
958 351 1034 375 tunc
1058 354 1124 375 non
1149 350 1356 379 excusantur,

2416 262 2481 297 161

1384 344 1386 380 ἐ
1413 345 1453 375 ad
1475 345 1586 375 locum
1611 351 1641 374 et
1664 343 1849 375 societatem
1873 352 1978 378 cenae,
2004 349 2034 372 et
2057 341 2203 372 ministro
2227 341 2289 371 illis
2315 340 2411 371 cibos.
2441 341 2488 370 Ex

287 390 441 443 quoniam
469 399 534 421 non
564 389 638 421 licet
666 388 762 419 etiam
785 395 912 428 paratos
935 388 975 418 ad
999 388 1121 418 malurn
1145 388 1294 418 inducere
1317 366 1358 417 ad
1384 382 1386 414 l
1414 390 1504 421 nullo
1521 395 1628 420 autem
1642 388 1759 419 horum
1776 394 1907 429 apparet
1922 394 2089 428 peccatum
2106 386 2249 427 aliquod.
2264 385 2305 416 Et
2322 392 2488 425 propterea

286 427 370 467 illius
394 430 624 464 executionem.
648 451 668 455 -
691 432 724 463 Si
748 439 856 463 autem
880 432 1014 462 omnino
1046 431 1185 462 cenaturi
1210 437 1302 467 sunt,
1327 437 1358 461 et

1384 441 1386 452 ¹
1414 440 1616 464 excusantur:
1648 433 1729 463 sicut
1757 432 1853 463 etiam
1882 431 2024 482 hospites
2048 437 2216 461 cenaturos
2240 429 2372 460 invitant
2397 436 2432 460 ut
2455 429 2487 459 in

288 486 347 519 ego
370 477 471 509 invito
495 487 550 508 eos
574 476 614 507 ad
637 486 766 507 mecum
790 476 979 511 cenandum,
1004 485 1070 505 non
1094 475 1194 506 invito
1219 485 1274 505 eos
1298 474 1358 504 nisi
1384 496 1387 500 Δ

1414 489 1473 510 suo
1498 478 1648 518 hospiti0‚
1674 477 1774 517 magis
1798 487 1897 518 quam
1917 476 1950 506 in
1976 476 2049 512 alio,
2075 482 2197 506 cenent.

1082 616 1403 658 ARTICULUS
1433 614 1692 667 QUINTUS

551 710 706 742 UTRUM
731 709 1074 742 CONVENIENTER
1098 706 1476 740 DETERMINENTUR
1499 706 1710 736 TEMPORA
1736 706 1881 736 IEIUNH
1907 703 2229 736 ECCLESIASTICI

1128 788 1162 813 IV
1181 787 1265 816 sent„
1286 787 1346 812 dist.
1365 794 1405 815 κν,
1426 793 1471 818 qu.
1491 793 1529 815 ιιι.
1549 790 1596 810 art.
1619 785 1642 811 3.

505 881 528 907 ι)
548 880 711 912 Qum-rum
733 879 788 905 sm
811 878 1053 904 PRocEnrrua.
1078 865 1238 904 Videtur
1256 865 1390 915 quod:

313 1010 332 1023 ,ι
464 987 602 1025 pora
621 974 748 1013 ieiunii
769 973 1052 1012 ecclesiastici.
1023 978 1040 994 ‘²
1069 972 1242 1010 Christus
1258 972 1361 1009 enim

351 1048 359 1055 =
462 1023 650 1088 &legitun
680 1029 815 1066 Matth.
837 1040 872 1065 ιν
889 1027 922 1075 *,
951 1026 1077 1065 statim
1107 1034 1194 1076 post
1222 1025 1362 1085 baptis-

289 1095 399 1121 mum
425 1081 608 1120 ieiunium
628 1082 841 1119 inchoasse.
873 1080 950 1118 Sed
970 1093 1042 1118 nos
1062 1079 1284 1117 Christum
1276 1079 1360 1116 imi·

289 1136 359 1175 tari
392 1135 597 1174 debemus:
634 1135 849 1173 secundum
885 1133 976 1170 illud
1012 1134 1025 1170 I
1055 1133 1107 1170 ad
1145 1133 1232 1169 Cor.
1260 1145 1295 1169 1v
1321 1132 1359 1169 *2

288 1189 503 1228 Imitatores
522 1189 598 1227 mei
614 1194 727 1226 estote
745 1185 772 1235 β,
792 1188 887 1224 sicut
904 1192 940 1224 et
966 1198 1038 1236 ego
1072 1186 1220 1223 Christi.
1257 1186 1360 1234 Ergo

290 1251 327 1281 et
353 1255 425 1280 nos
454 1242 641 1280 debemus
677 1240 860 1278 ieiunium
893 1251 1078 1288 peragere
1114 1239 1241 1276 statim
1275 1246 1362 1288 post
1387 1237 1389 1252 ³

290 1295 588 1347 Epiphaniam,'
579 1307 618 1332 in
646 1306 722 1343 qua
741 1293 952 1343 baptismus
974 1291 1112 1329 Christi
1137 1292 1360 1329 celebratur.

343 1360 379 1386 2.
410 1349 654 1394 plumatum,
685 1345 976 1384 caeremonialia
994 1345 1134 1382 veteris
1163 1345 1254 1394 legis
1282 1357 1362 1381 non

288 1401 375 1446 licet
403 1400 442 1439 in
469 1413 574 1439 nova
593 1402 675 1450 lege
705 1401 923 1438 observare.
955 1398 1033 1436 Sed
1062 1397 1203 1435 ieiunia
1222 1397 1261 1436 in
1281 1398 1361 1448 qui-

289 1454 455 1495 busdam
485 1452 745 1493 determinatis
774 1452 972 1491 mensibus
1000 1451 1190 1502 pertinent
1219 1451 1269 1489 ad
1301 1464 1362 1489 so-

289 1507 502 1546 lemnitates
521 1507 661 1545 veteris
681 1506 790 1555 legis:
822 1506 958 1544 dicitur
976 1505 1078 1543 enim
1103 1505 1220 1542 Zach.
1240 1517 1301 1541 vm
1321 1504 1361 1541 *ε

289 1561 479 1599 Ieiunium
507 1562 650 1610 quarti,
680 1566 715 1597 et
741 1560 921 1597 ieiunium
950 1560 1090 1608 quinti,
1119 1564 1156 1595 et
1181 1558 1362 1595 ieiunium

289 1614 454 1664 septimi,
484 1621 521 1652 et
546 1615 726 1652 ieiunium
754 1613 892 1651 decimi
922 1614 992 1650 erit
1018 1613 1151 1650 domui
1176 1612 1297 1649 Iudae
1324 1612 1361 1648 in
1390 1635 1391 1640 =

289 1668 475 1728 gaudium
495 1674 532 1705 et
547 1668 739 1714 laetitiam,
756 1673 793 1704 et
809 1668 846 1704 in
861 1666 1112 1704 solemnitates
1125 1666 1361 1715 praeclaras.

290 1722 394 1770 Ergo
423 1721 562 1759 ieiunia
581 1720 803 1781 specialium
833 1720 1039 1767 mensium,
1059 1732 1159 1780 quae
1187 1718 1364 1756 dicuntur

295 1775 468 1822 Quatuor
499 1775 746 1824 Temporum,
776 1773 1092 1811 inconvenienter
1120 1773 1158 1810 in
1191 1772 1364 1810 Ecclesia

291 1828 556 1866 observantur.

348 1881 382 1920 3.
416 1881 653 1929 PRAETEREA,
675 1881 888 1918 secundum
918 1879 1187 1929 Augustinum,
1209 1879 1246 1916 in
1267 1879 1364 1917 libro

254 1935 338 1973 ·de
369 1934 561 1973 Consensu
588 1935 741 1985 Evang.
762 1934 801 1982 *,
832 1934 926 1972 sicut
961 1942 1017 1971 est
1044 1933 1229 1971 ieiunium
1265 1934 1365 1983 affli-

256 1977 436 2035 '’ctionis,
456 1988 506 2026 ita
525 1995 581 2026 est
601 1987 784 2025 ieiunium
808 1987 1058 2025 exultationis.
1090 1987 1169 2025 Sed
1197 1986 1364 2024 maxime

293 2041 472 2079 exultatio
501 2041 702 2091 spiritualis
730 2041 908 2079 fidelibus
946 2041 1120 2079 imminet
1149 2052 1193 2078 ex
1228 2040 1366 2077 Christi

294 2095 581 2133 resurrectione.
601 2095 705 2144 Ergo
726 2094 764 2132 in
779 2102 953 2144 tempore
970 2093 1322 2143 Quinquagesimae
1337 2098 1364 2141 Υ,

295 2148 334 2186 in
369 2160 446 2198 quo
475 2148 648 2187 Ecclesia
679 2148 903 2186 solemnizat
935 2155 1094 2199 propter
1130 2147 1365 2186 dominicam

294 2202 623 2250 resurrectionem,
650 2201 689 2240 in
717 2202 853 2240 diebus
872 2201 1186 2248 dominicalibus,
1216 2200 1255 2238 in
1284 2201 1367 2249 qui-

294 2255 367 2293 bus
394 2255 585 2294 memoria
612 2255 898 2293 resurrectionis
926 2255 1058 2305 agitur,
1080 2255 1222 2293 debent
1240 2255 1367 2303 aliqua

294 2308 432 2346 ieiunia
459 2308 586 2346 indici.

294 2415 399 2453 tudo.

349 2469 577 2506 Rnsponono
597 2480 784 2506 mensuum
804 2468 921 2518 quod,
939 2468 1035 2506 sieut
1053 2480 1168 2518 supra
1182 2468 1203 2490 ¹⁸⁸
1222 2468 1367 2507 dictum

297 2530 373 2569 est,
402 2522 586 2559 ieiunium
617 2521 676 2559 ad.
696 2522 773 2559 duo
803 2522 1019 2559 ordinatur:
1054 2522 1195 2559 scilicet
1223 2522 1272 2559 ad
1303 2522 1367 2559 de-

295 2575 476 2612 letionem
514 2575 666 2623 culpae,
702 2583 739 2612 et
775 2575 823 2613 ad
860 2575 1115 2612 elevationem
1153 2575 1291 2612 mentis
1329 2576 1368 2612 in

296 2640 473 2677 superna.
504 2629 552 2665 Et
580 2628 668 2665 ideo
689 2628 758 2665 illis
778 2628 1018 2678 temporibus
1047 2628 1261 2678 specialiter
1288 2629 1367 2666 fue-

296 2688 384 2719 runt
411 2681 550 2718 ieiunia
579 2681 781 2719 indicenda
800 2681 839 2718 in
867 2681 1005 2731 quibus
1025 2682 1227 2730 oportebat
1244 2682 1368 2719 homi-

296 2747 365 2773 nes
392 2747 415 2772 a
443 2741 601 2784 peccato
630 2735 795 2784 purgari,
826 2742 862 2772 et
888 2742 1058 2772 mentem
1092 2734 1265 2772 fidelium
1295 2736 1369 2773 ele-

296 2787 379 2826 vari
415 2787 454 2825 in
486 2789 616 2826 Deum
653 2800 723 2837 per
750 2788 1012 2825 devotionem.
1051 2788 1170 2835 Quod
1209 2788 1367 2837 quidem

295 2841 501 2891 praecipue
535 2840 711 2878 imminet
728 2839 742 2863 δ
771 2850 856 2878 ante
885 2842 1110 2879 Paschalem
1148 2842 1367 2879 solemnita-

296 2902 388 2932 tem.
426 2895 470 2932 In
502 2907 579 2943 qua
599 2902 636 2931 et
668 2895 802 2944 culpae
831 2907 900 2943 per
933 2895 1166 2944 baptismum
1201 2896 1369 2933 relaxan-

296 2956 368 2995 tur,
398 2947 463 2997 qui
492 2947 713 2985 solemniter
731 2948 769 2985 in
788 2948 916 2996 vigilia
945 2949 1117 2986 Paschae
1143 2949 1367 2997 celebratur,

296 3001 453 3051 quando
491 3000 669 3038 recolitur
703 3001 896 3039 dominica
929 3003 1142 3051 sepultura:
1181 3002 1270 3052 quia
1299 3015 1370 3051 per

297 3055 522 3104 baptismum
558 3054 832 3104 consepelimur
863 3056 1010 3092 Christo
1048 3056 1085 3092 in
1114 3061 1293 3102 mortem,
1327 3064 1370 3093 ut

298 3107 432 3146 dicitur
450 3109 564 3146 Rom.
584 3119 620 3145 vl
634 3107 665 3145 ³¹⁸.
695 3109 739 3145 In
757 3109 853 3146 festo
876 3109 988 3146 etiam
1010 3110 1180 3146 Paschae
1200 3109 1367 3146 maxime

298 3164 450 3210 opor-liet
466 3169 637 3199 mentem
665 3161 833 3199 hominis
860 3175 930 3211 per
958 3163 1206 3200 devotionem
1227 3163 1367 3200 elevari

299 3214 348 3251 ad
363 3214 589 3252 aeternitatis
607 3215 781 3264 gloriam,
802 3228 919 3264 quam
942 3216 1113 3252 Christus
1133 3217 1366 3264 resurgendo

298 3266 503 3304 inchoavit.
532 3268 582 3305 Et
599 3268 687 3305 ideo
714 3269 937 3306 immediate
966 3276 1053 3305 ante
1083 3269 1365 3306 solemnitatem
1392 3297 1395 3307 .

351 3381 379 3413 α)
399 3381 579 3407 ecclesianam·-
588 3394 608 3403 ο·
626 3383 761 3410 Eccleslae
778 3383 885 3410 PGLsE
905 3389 930 3409 et
948 3391 973 3413 a,
993 3391 1047 3409 om.
1067 3385 1102 3408 H.

353 3416 379 3449 gi)
399 3419 523 3442 estote·
540 3417 609 3444 sieut
619 3418 676 3451 filii
693 3420 827 3446 carissimi
846 3419 916 3445 addit
934 3420 964 3444 B.

299 3452 383 3513 ⁸⁶.th
402 3451 683 3513 ἓέίηᾳιιαςωίηαεμ-
702 3454 932 3488 Quadragesimae
950 3456 999 3487 pA,
1019 3454 1232 3480 Resurrectionis
1251 3455 1296 3485 sA,
1317 3454 1368 3478 Pa-

352 3522 377 3554 8)
397 3523 495 3555 quod...
515 3522 674 3548 imminet.-
691 3531 787 3556 quae...
805 3526 944 3551 imminent
963 3526 992 3551 P.

353 3559 373 3591 ε)
393 3558 563 3591 significatur
581 3565 677 3584 annus.
691 3572 710 3578 -
727 3560 917 3592 significantur
935 3561 1002 3586 anni
1021 3561 1078 3592 PD;
1102 3561 1128 3586 in
1147 3561 1250 3586 cuius...
1269 3561 1366 3585 ibidem

300 3602 352 3619 om.
373 3594 475 3627 aliquae
495 3593 630 3618 editiones.

443 3648 553 3672 Summas:
572 3647 674 3672 Timor..
693 3648 724 3672 D.
739 3648 854 3672 Tamus
874 3648 906 3673 T.
921 3649 973 3673 VII.

1416 864 1643 901 Paschalem
1673 864 1844 900 Ecclesia
1873 863 2000 901 statuit
2030 876 2111 900 esse
2145 862 2415 900 ieiunandum:
2452 869 2489 898 et

355 907 474 983 ’ῗῆ
505 935 584 960 non
623 920 924 959 determinentur
958 919 1233 958 convenienter
1265 926 1362 955 tem·
1388 917 1390 962 ἱ
1418 917 1554 955 eadem
1585 917 1749 964 ratione,
1780 917 1817 953 in
1845 916 1982 964 vigiliis
2021 917 2315 976 praecipuarum
2350 915 2488 953 festivi-

1416 979 1550 1018 tatum,
1579 970 1617 1006 in
1647 969 1786 1018 quibus
1814 970 2033 1018 praeparari
2058 982 2128 1006 nos
2157 977 2307 1019 oportet
2326 970 2374 1007 ad
2395 970 2489 1006 festa

1416 1025 1541 1062 futura
1569 1023 1710 1061 devote
1741 1023 1981 1060 celebranda.

1471 1077 1647 1115 Similiter
1675 1077 1789 1114 etiam
1819 1076 2057 1113 consuetudo
2088 1076 2337 1113 ecclesiastica
2375 1077 2489 1113 habet

1387 1140 1458 1182 ,ut
1485 1132 1523 1168 in
1551 1131 1706 1179 singulis
1741 1129 1884 1179 quartis
1923 1129 2013 1166 anni
2048 1128 2143 1166 sacri
2177 1129 2328 1166 ordines
2363 1130 2488 1166 confe-

1417 1193 1546 1222 rantur
1575 1184 1627 1231 (in
1657 1183 1765 1221 cuius
1794 1183 1957 1232 signum,
1979 1182 2170 1220 Dominus
2186 1190 2349 1231 quatuor
2373 1183 2488 1220 millia

1417 1238 1619 1275 hominum
1642 1238 1690 1275 de
1710 1245 1857 1287 septem
1886 1237 2050 1285 panibus
2078 1235 2226 1272 satiavit
2239 1234 2270 1282 ²⁸,
2301 1248 2368 1284 per
2393 1249 2488 1285 quos

1417 1291 1648 1340 significatur
1683 1303 1807 1328 annus
1835 1295 1847 1311 ⁸
1881 1291 1971 1328 novi
2001 1289 2251 1333 Testamenti,
2281 1297 2321 1325 ut
2355 1290 2488 1326 Hiero-

1416 1357 1556 1393 nymus
1587 1344 1675 1381 dicit
1701 1343 1843 1382 ibidem
1865 1343 1911 1390 ²¹⁸),
1942 1342 1990 1380 ad
2015 1354 2181 1392 quorum
2210 1342 2489 1390 susceptionem
2518 1354 2527 1362 ·

1418 1404 1567 1446 oportet
1594 1409 1663 1446 per
1691 1396 1873 1433 ieiunium
1904 1395 2122 1445 praeparari
2143 1403 2179 1432 et
2203 1407 2269 1432 eos
2298 1395 2362 1443 qui
2391 1396 2489 1434 ordi-

1418 1459 1520 1497 nant,
1547 1458 1582 1487 et
1610 1449 1694 1487 illos
1723 1450 1786 1498 qui
1816 1449 2019 1487 ordinandi
2047 1457 2146 1495 sunt,
2169 1456 2204 1485 et
2225 1448 2337 1485 etiam
2367 1456 2489 1486 totum

1417 1503 1617 1553 populum,
1647 1515 1718 1551 pro
1748 1503 1854 1539 cuius
1882 1503 2040 1540 utilitate
2059 1501 2292 1539 ordinantur.
2324 1502 2433 1539 Unde
2455 1510 2490 1539 et

1418 1557 1562 1605 legitur,
1591 1557 1720 1593 Lucae
1740 1556 1820 1602 V1*,
1843 1557 1948 1604 quod
1978 1556 2184 1601 Dominus,
2215 1562 2300 1592 ante
2331 1556 2528 1604 discipu-v·

1418 1612 1544 1648 lorum
1575 1609 1814 1654 electionem,
1836 1610 1954 1646 exivit
1972 1610 2008 1646 in
2033 1614 2198 1646 montem
2224 1620 2358 1645 orare:
2388 1610 2491 1658 quod

1419 1676 1618 1714 exponens
1660 1662 1906 1709 Ambrosius,
1951 1662 2039 1700 dicit
2068 1662 2110 1699 *z
2155 1662 2254 1704 Quid
2293 1668 2327 1698 te
2355 1663 2493 1710 facere

1418 1717 1594 1755 convenit
1619 1729 1705 1754 cum
1725 1716 1781 1753 vis
1806 1716 1961 1765 aliquod
1979 1716 2147 1764 officium
2162 1716 2312 1764 pietatis
2337 1716 2491 1762 adoriri,

1419 1772 1570 1822 quando
1588 1770 1768 1815 Christus,
1785 1770 1969 1807 missurus
1983 1770 2194 1818 ApostolOS,
2209 1769 2319 1817 prius
2343 1770 2494 1806 oravit?

1473 1824 1586 1862 Ratio
1623 1831 1751 1862 autem
1782 1823 1953 1870 numeri,
1984 1830 2170 1873 quantum
2200 1822 2249 1860 ad
2283 1823 2490 1871 quadrage-

1420 1879 1553 1916 simale
1591 1876 1796 1924 ieiunium,
1828 1885 1883 1914 est
1918 1877 2070 1926 triplex,
2100 1876 2313 1913 secundum
2349 1876 2492 1924 Grego-

1421 1933 1518 1970 rium
1537 1931 1568 1968 *.
1600 1930 1730 1968 Prima
1749 1930 1760 1954 ἶ
1790 1930 1959 1980 quidem,
1980 1931 2069 1979 quia
2097 1931 2216 1967 virtus
2235 1930 2410 1979 decalogi
2420 1942 2493 1978 per

1420 1986 1535 2023 libros
1554 1990 1719 2034 quatuor
1736 1985 1858 2021 sancti
1874 1984 2080 2034 Evangelii
2097 1984 2293 2032 impletur:
2317 1984 2494 2021 denarius

1420 2045 1546 2077 autem
1575 2044 1710 2088 quater
1737 2039 1868 2075 ductus
1888 2039 1924 2075 in
1946 2038 2299 2088 quadragenarium
2318 2038 2450 2087 surgit.
2467 2058 2491 2065 -

1419 2093 1491 2131 Vel
1520 2093 1609 2142 quia
1639 2092 1675 2128 in
1705 2092 1776 2128 hoc
1804 2092 1959 2129 mortali
1985 2104 2146 2141 corpore
2165 2103 2215 2128 ex
2233 2096 2396 2140 quatuor
2423 2091 2493 2127 ele-

1421 2147 1555 2184 mentis
1582 2145 1826 2192 subsistimus,
1852 2158 1924 2195 per
1952 2146 2058 2183 cuius
2086 2145 2315 2182 voluntatem
2338 2156 2493 2193 praece-

1415 2201 1492 2250 ptis
1510 2199 1721 2248 Dominicis
1749 2200 1982 2238 contraimus
2001 2205 2032 2247 η,
2062 2211 2160 2248 quae
2178 2211 2251 2247 per
2269 2198 2493 2247 decalogum

1420 2259 1508 2291 sunt
1533 2258 1699 2302 accepta.
1739 2253 1848 2290 Unde
1875 2253 2035 2303 dignum
2073 2259 2128 2290 est
2155 2258 2194 2289 ut
2225 2253 2382 2289 eandem
2412 2264 2493 2288 car-

1393 2353 1395 2359 ,
1422 2320 1508 2345 nem
1537 2306 1792 2356 quaterdecies
1819 2307 2054 2357 affligamus.
2083 2327 2109 2335 -
2137 2307 2207 2343 Vel
2239 2306 2328 2354 quia
2356 2306 2406 2342 ita
2440 2306 2495 2353 of-

349 2363 424 2399 SED
453 2373 599 2399 CONTRA
628 2374 695 2399 EST
723 2362 940 2400 communis
973 2362 1168 2399 Ecclesiae
1207 2374 1367 2399 consue·
1393 2366 1395 2380 ²

1417 2363 1525 2409 ferre
1561 2360 1820 2397 contendimus
1856 2362 1939 2397 Deo
1982 2360 2147 2397 decimas
2189 2359 2346 2396 dierum.
2389 2360 2493 2395 Dum

1422 2415 1520 2451 enim
1541 2412 1554 2435 θ
1576 2426 1651 2462 per
1678 2419 1860 2450 trecentos
1887 2420 1924 2450 et
1948 2414 2150 2464 sexaginta
2178 2413 2255 2449 dies
2279 2424 2402 2449 annus
2429 2412 2495 2448 du-

1422 2469 1531 2514 citur,
1551 2479 1620 2505 nos
1647 2473 1773 2504 autem
1798 2479 1871 2516 per
1898 2468 2053 2517 triginta
2081 2479 2150 2503 sex
2168 2467 2245 2503 dies
2268 2466 2492 2515 affligimur,

1423 2522 1489 2570 qui
1521 2529 1609 2558 sunt
1645 2521 1867 2558 ieiunabiles
1901 2521 1939 2557 in
1975 2533 2039 2557 sex
2074 2520 2294 2569 septimanis
2333 2518 2492 2567 quadra-

1422 2574 1603 2623 gesimae,
1633 2575 1743 2623 quasi
1759 2575 1853 2611 anni
1870 2575 1988 2611 nostri
2013 2574 2176 2610 decimas
2195 2574 2278 2609 Deo
2302 2573 2447 2608 damus.
2469 2593 2492 2599 -

1424 2629 1648 2666 Secundum
1687 2636 1816 2665 autem
1849 2627 2105 2676 Augustinum
2124 2626 2155 2672 ²³⁶,
2186 2625 2336 2662 additur
2359 2633 2492 2673 quarta
2522 2634 2530 2643 ·

1424 2682 1530 2719 ratio.
1562 2682 1665 2719 Nam
1682 2682 1841 2718 Creator
1862 2689 1917 2717 est
1936 2680 2112 2726 Trinitas,
2134 2680 2246 2715 Pater
2266 2686 2302 2715 et
2322 2677 2436 2714 Filius
2457 2686 2493 2715 et

1424 2735 1586 2785 Spiritus
1615 2736 1788 2772 Sanctus.
1820 2735 2026 2771 Creaturae
2053 2745 2148 2770 vero
2178 2731 2353 2769 invisibili
2378 2732 2491 2768 debe-

1423 2797 1484 2826 tur
1519 2788 1704 2826 ternarius
1738 2799 1943 2825 numerus:
1983 2786 2136 2833 diligere
2175 2785 2276 2822 enim
2314 2785 2492 2821 iubemur

1423 2843 1551 2879 Deum
1567 2854 1618 2879 ex
1631 2847 1706 2879 toto
1721 2841 1845 2886 corde,
1861 2852 1912 2876 ex
1925 2845 2000 2876 tota
2015 2840 2157 2884 anima,
2174 2851 2224 2875 ex
2238 2844 2313 2875 tota
2329 2844 2450 2875 mente
2459 2837 2489 2875 ²¹².

1423 2896 1631 2933 Creaturae
1651 2907 1745 2932 vero
1765 2893 1902 2930 visibili
1923 2893 2084 2930 debetur
2103 2891 2384 2940 quaternarius:
2403 2904 2490 2940 pro-

1394 2973 1396 2993 2
1422 2957 1508 2998 pter
1543 2949 1709 2986 calidum
1743 2954 1780 2983 et
1812 2946 2009 2994 frigidum,
2038 2945 2242 2982 humidum
2271 2953 2306 2981 et
2334 2946 2489 2981 siccum.

1424 3003 1487 3040 Sic
1517 3014 1606 3050 ergo
1635 3013 1703 3050 per
1731 3000 1929 3037 denarium
1959 2999 2219 3047 significantur
2247 3011 2382 3035 omnes
2411 3010 2489 3035 res:

1423 3056 1488 3104 qui
1517 3055 1548 3092 si
1576 3055 1736 3092 ducatur
1762 3065 1832 3101 per
1859 3052 2162 3101 quaternarium,
2189 3052 2254 3100 qui
2273 3057 2281 3073 ²
2310 3051 2492 3100 competit

1424 3108 1587 3168 corpori,
1617 3120 1685 3156 per
1713 3106 1819 3155 quod
1847 3106 2122 3143 administratio
2151 3106 2301 3153 geritur,
2332 3105 2492 3153 quadra-

1423 3163 1609 3211 gesimum
1640 3172 1845 3197 numerum
1876 3159 2039 3196 conficit.

1478 3214 1634 3261 Singula
1662 3225 1756 3250 vero
1786 3212 1926 3249 ieiunia
1945 3220 2109 3261 quatuor
2128 3219 2348 3260 temporum
2372 3210 2491 3248 tribus

1424 3268 1558 3305 diebus
1588 3266 1844 3312 continentur,
1874 3273 2031 3314 propter
2060 3277 2263 3302 numerum
2300 3264 2490 3301 mensium

1476 3381 1502 3414 ζ)
1521 3381 1624 3406 Prima.
1642 3395 1660 3400 -
1678 3381 1771 3406 stimo
1790 3381 1908 3405 PDGLa.

1475 3418 1503 3449 η)
1522 3417 1697 3442 contraimus.
1708 3430 1727 3435 -
1745 3416 1928 3442 contrahimus
1947 3416 2175 3441 PABCFHKLsE.

1476 3451 1500 3485 Θ)
1522 3453 1593 3477 Dum
1613 3453 1691 3477 enim.
1705 3467 1725 3471 —
1747 3452 1822 3477 Unde
1841 3452 1911 3476 enim
1930 3451 2135 3484 AEFGHLpCK
2155 3456 2180 3476 et
2198 3458 2223 3481 a,
2247 3450 2322 3475 Unde
2340 3458 2398 3475 cum
2414 3450 2490 3479 BIsK,

1394 3494 1396 3533 fl
1425 3489 1491 3514 Cum
1510 3489 1580 3513 enim
1600 3488 1642 3513 sC.

1477 3525 1495 3557 ι)
1514 3525 1568 3557 qui.
1581 3537 1601 3543 ·-
1618 3524 1690 3556 quod
1709 3524 1810 3549 codices
1830 3528 1855 3547 et
1873 3530 1898 3548 a.

2316 3654 2342 3670 21

2518 1249 2527 1256 ⁴
2537 1246 2606 1268 Marc.
2618 1252 2668 1274 cap.
2679 1252 2729 1273 vm,

2517 1279 2575 1295 vers.
2593 1279 2600 1294 ι
2615 1279 2666 1301 sqq.

2616 1310 2627 1326 ε

2551 1352 2676 1374 Commeat.
2705 1352 2729 1374 in

2517 1379 2592 1400 Marc.
2601 1379 2659 1400 iuter
2673 1385 2729 1407 sup-

2534 1412 2560 1427 os
2550 1406 2586 1427 sit
2609 1406 2704 1428 Hieron.

2573 1432 2651 1454 Gloss.
2672 1431 2729 1454 Ord.

2518 1459 2612 1480 Hieron.
2638 1459 2659 1480 in
2685 1459 2728 1480 loc.

2518 1485 2556 1507 cit

2543 1567 2609 1589 Vers.
2626 1574 2653 1589 12.

2521 1674 2529 1684 ⁸
2538 1672 2644 1700 Exposit.
2653 1673 2691 1694 lib.
2702 1672 2729 1694 V.

2522 1936 2530 1942 ⁴
2545 1933 2631 1955 Homil.
2643 1933 2696 1955 XVI
2706 1934 2730 1954 in

2522 1960 2613 1987 Evang.

2617 1988 2631 2017 ζ

2554 2634 2590 2655 De
2616 2634 2730 2655 Doctrina

2521 2659 2608 2681 Christ.
2637 2660 2675 2681 lib.
2702 2660 2730 2686 11,

2520 2692 2568 2714 cap.
2585 2693 2631 2709 xvi.

2521 2843 2529 2852 ⁸
2543 2842 2612 2863 Marc.
2629 2847 2678 2868 cap.
2690 2847 2730 2865 χιι,

2519 2875 2577 2890 vers.
2593 2875 2629 2896 30.
