2768 4198
58 707 67 716 ⁸
81 705 146 727 Vers.
162 711 196 732 24.

56 818 65 827 ⁸
80 816 146 838 Vers.
160 822 187 845 ¹3-

54 1140 66 1151 *
80 1139 144 1161 Vers.
160 1139 190 1161 18.

55 1516 64 1525 ⁸
79 1516 143 1536 Vers.
159 1521 177 1543 5.

54 1781 61 1788 ·
78 1779 144 1800 vers.
161 1779 191 1800 18.

54 2260 62 2268 ⁸
78 2258 134 2285 Cap.
150 2263 221 2279 xxvu.

58 2794 186 2846 831111υὲιά
195 2797 235 2841 ⁸In
245 2799 269 2821 ⁹

60 2884 68 2892 ·
92 2882 127 2904 Cf.
152 2883 195 2904 Ιοε
218 2882 270 2909 cit,

59 2913 98 2930 art.
108 2915 130 2937 9,
138 2899 270 2931 Comment.

60 2942 121 2957 num,
137 2942 167 2957 ιι.

62 3503 113 3524 ’.ΑΙ
124 3503 188 3524 loan
196 3502 274 3524 Mene-

61 3530 96 3552 siu
99 3536 122 3551 m
145 3529 174 3551 de
197 3529 272 3557 Sylva,

62 3556 118 3579 Ord.
134 3556 188 3578 Min.

75 3582 273 3631 ‘’lRevelationes,

98 3609 197 3631 eNoua
210 3608 274 3636 Apo-

62 3616 166 3664 cizltpnis.

297 320 376 355 400

298 390 396 426 facta
425 397 481 426 est
508 389 699 436 Abrahae,
726 387 831 424 cuius
861 394 1034 434 tempore
1065 393 1273 434 coeperunt
1296 386 1365 422 ho-

935 306 1203 354 QUAESTlo
1234 306 1444 354 mxxiv,
1474 283 1774 345 ART1cuLus
1801 307 1853 344 v1

1391 386 1393 393 '
1413 387 1684 435 promissiones
1711 387 1970 436 apertissimae
1989 388 2149 435 fierent,·
2177 387 2228 424 ita
2257 387 2294 424 in
2323 386 2493 424 occiden—

298 443 421 480 mines
450 455 472 479 a
500 442 577 480 fide
605 441 718 479 unius
747 440 819 477 Dei
849 439 1013 485 deviare,
1036 438 1085 475 ad
1114 438 1365 475 idololatriam
1390 441 1392 483 ἶ
1419 440 1502 477 talis
1529 440 1761 488 Babylonis,
1791 440 1888 477 idest
1917 441 2119 477 Romanae
2148 440 2274 486 urbis,
2312 440 2492 491 exordia,

299 496 546 533 declinando:
577 503 662 531 ante
683 501 810 530 autem
840 504 919 529 non
939 499 1018 528 erat
1047 491 1258 528 necessaria
1283 492 1365 529 talis
1390 518 1392 525 ,

297 550 491 596 revelatio,
522 548 699 585 omnibus
727 547 766 582 in
796 546 897 582 cultu
925 545 1035 582 unius
1064 544 1137 581 Dei
1163 545 1365 593 persisten-

296 656 452 693 fundata
485 666 598 702 super
636 651 866 689 revelatione
900 651 998 688 facta
1026 652 1223 687 Abrahae:
1261 652 1365 689 unde

298 709 441 746 dictum
472 717 527 744 est
556 707 600 753 ei,
626 706 717 743 Gen.
738 716 821 741 xxvi
841 704 876 741 *ε
906 706 993 754 Ego
1012 717 1096 741 sum
1123 705 1228 741 Deus
1241 706 1364 753 patris
1390 714 1392 747 ῥ

296 763 351 799 tui
375 762 583 797 Abraham.
615 760 663 795 Et
690 758 858 795 similiter
883 758 931 795 ad
953 758 1066 794 Iacob
1088 758 1244 805 dictum,
1270 759 1363 796 Gen.

294 827 402 851 xxvm
422 814 460 850 *ι
488 814 574 863 Ego
603 824 687 849 sum
715 813 821 848 Deus
848 811 1059 857 Abraham,
1087 811 1208 860 patris
1235 812 1300 858 tui,
1331 818 1367 849 et

295 870 398 905 Deus
416 868 539 904 Isaac.
556 887 579 893 -
597 865 775 903 Similiter
803 864 915 902 etiam
936 864 975 901 in
994 872 1093 901 statu
1117 865 1219 913 legis,
1239 865 1364 914 prima

295 920 473 958 revelatio
493 920 591 956 facta
607 918 734 967 Moysi
754 917 822 955 fuit
837 918 1090 955 excellentior:
1111 930 1226 967 supra
1247 931 1364 967 quam

293 974 470 1012 fundatur
499 972 625 1010 omnis
646 973 716 1009 alia
737 972 1018 1020 Prophetarum
1048 973 1244 1009 revelatio.
1266 994 1290 1000 -
1312 974 1365 1009 Ita

295 1027 409 1064 etiam
438 1027 476 1063 in
496 1034 671 1075 tempore
700 1025 852 1085 gratiae,
875 1038 989 1074 super
1009 1026 1241 1063 revelatione
1268 1027 1365 1063 facta

293 1080 488 1129 Apostolis
523 1080 571 1117 de
608 1079 685 1116 fide
722 1079 874 1116 unitatis
905 1086 940 1115 et
977 1079 1148 1116 trinitatis
1186 1080 1392 1117 fundatur

1419 505 1494 541 qua
1531 493 1740 541 imperante
1764 494 1904 542 fuerat
1939 494 2108 530 Christus
2135 499 2326 540 venturus,
2352 493 2389 530 in
2419 505 2493 542 quo

1390 551 1391 594 j
1419 546 1664 595 implerentur
1698 546 1762 583 illa
1785 547 1988 595 promissa,
2008 547 2166 584 oracula
2193 548 2492 595 Prophetarum,

297 603 410 640 tibus.
433 604 537 639 Isaac
555 613 649 638 vero
670 601 767 636 facta
788 606 843 635 est
862 597 1016 634 inferior
1039 598 1234 646 revelatio,
1255 598 1365 647 quasi
1390 600 1392 612 ²

1420 611 1494 636 non
1522 599 1645 636 solum
1670 599 1900 647 loquentium
1929 612 2062 636 verum
2096 601 2208 637 etiam
2237 600 2492 645 scribentium,

1419 653 1456 689 in
1487 658 1613 689 tantae
1641 652 1698 688 rei
1713 654 1878 701 futurae
1905 654 2178 700 testimonium,
2207 654 2444 691 solverentur
2469 652 2493 701 ζ,

1419 705 1561 742 scilicet
1588 705 1864 754 promissiones
1891 706 2072 743 Abrahae
2101 708 2234 744 factae.
2269 708 2368 744 Cum
2394 707 2494 743 enim

1414 760 1622 808 prophetae
1637 770 1833 807 nunquam
1851 760 1965 808 ”fere
1991 760 2195 808 defuissent
2210 761 2354 810 populo
2374 760 2496 797 Israel

1419 825 1469 849 ex
1487 824 1560 861 quo
1589 812 1643 849 ibi
1660 824 1771 862 reges
1798 824 1878 849 esse
1904 819 2118 861 coeperunt,
2138 814 2177 851 in
2198 826 2308 851 usum
2332 819 2494 851 tantum-

1419 866 1531 902 modo
1560 877 1694 902 eorum
1708 867 1841 914 fuere,
1863 877 1938 902 non
1966 867 2149 915 gentium.
2183 867 2344 909 Quando
2368 873 2494 904 autem

1418 919 1617 968 Scriptura
1636 919 1873 967 manifestius
1886 920 2108 967 prophetica
2127 921 2371 967 condebatur,
2398 932 2496 969 quae

1417 973 1593 1023 gentibus
1628 973 1856 1021 quandoque
1885 972 2100 1021 prodesset,
2136 978 2225 1010 tunc
2265 974 2497 1011 condebatur

1417 1028 1512 1063 haec
1540 1026 1689 1072 civitas,
1705 1025 1863 1066 ,scilicet
1891 1026 2084 1073 Romana,
2105 1037 2203 1075 quae
2226 1028 2399 1077 gentibus
2428 1027 2497 1064 im-

1412 1085 1580 1129 peraret.
1626 1079 1718 1116 Ideo
1756 1086 1887 1124 autem
1921 1079 2089 1116 maxime
2128 1087 2304 1129 tempore
2342 1081 2494 1140 Regum

293 1142 371 1171 tota
398 1133 495 1170 fides
515 1133 728 1170 Ecclesiae:
760 1133 974 1170 secundum
994 1133 1085 1170 illud
1106 1134 1242 1170 Matth.
1262 1133 1363 1171 xvst‘:
1390 1143 1392 1168 ι
1418 1133 1586 1183 oportuit
1604 1133 1814 1182 prophetas
1842 1132 1882 1169 in
1910 1132 1973 1169 illo
2002 1134 2149 1182 populo
2175 1133 2383 1179 abundare,
2406 1133 2495 1182 quia

293 1189 415 1236 Super
441 1188 540 1224 hanc
552 1192 717 1236 petram,
738 1186 878 1223 scilicet
907 1186 1155 1224 confessionis
1183 1194 1283 1235 tuae,
1304 1199 1365 1224 ae-

293 1242 452 1289 dificabo
481 1240 690 1277 Ecclesiam
720 1252 857 1277 meam.

349 1295 547 1341 Quantum
575 1306 669 1330 vero
691 1293 739 1330 ad
768 1294 887 1331 fidem
916 1293 1188 1330 incarnationis
1212 1294 1363 1342 Christi,

295 1347 538 1385 manifestum
561 1354 616 1384 est
634 1347 740 1396 quod
769 1354 912 1396 quanto
933 1347 1086 1384 fuerunt
1106 1347 1256 1384 Christo
1276 1361 1364 1397 pro-

293 1401 526 1451 pinquiores,
549 1401 630 1438 sive
650 1408 738 1437 ante
758 1401 838 1438 sive
862 1408 961 1449 post,
982 1408 1023 1437 ut
1042 1400 1265 1450 plurimum,
1286 1402 1365 1450 ple-

294 1455 378 1492 nius
399 1456 445 1493 de
473 1455 549 1492 hoc
568 1454 739 1492 instructi
759 1455 922 1491 fuerunt.
953 1455 1045 1491 Post
1064 1462 1195 1491 tamen
1214 1455 1364 1504 plenius

295 1520 411 1558 quam
441 1516 544 1545 ante:
574 1516 615 1545 ut
638 1509 846 1556 Apostolus
867 1507 966 1555 dicit,
986 1508 1039 1544 ad
1054 1509 1191 1557 Ephes.
1214 1521 1249 1545 ιιι
1269 1508 1300 1546 *.

349 1562 546 1609 Quantum
584 1573 678 1599 vero
721 1561 770 1598 ad
814 1561 1061 1598 directionem
1103 1558 1392 1599 humanorum*

296 1624 472 1663 actuum,
507 1614 732 1665 prophetica
774 1614 956 1652 revelatio
999 1614 1254 1652 diversificata
1289 1624 1363 1663 est,

295 1682 374 1706 non
402 1669 615 1706 secundum
645 1669 826 1717 temporis
855 1680 1099 1717 processum,
1130 1669 1197 1705 sed
1231 1681 1366 1706 secun-

296 1723 388 1759 dum
419 1721 679 1760 conditionem
713 1721 977 1769 negotiorum:
1013 1721 1121 1769 quia,
1152 1730 1194 1759 ut
1231 1722 1392 1763 dicitur

293 1777 407 1813 Prov.
423 1787 508 1812 xxix
526 1775 557 1822 ²⁸,
587 1787 673 1812 cum
694 1775 872 1822 defecerit
890 1775 1104 1822 prophetia,
1127 1775 1367 1824 dissipabitur
1391 1796 1392 1813 ι

288 1829 462 1878 populus.
493 1829 542 1865 Et
570 1828 656 1866 ideo
687 1828 857 1878 quolibet
884 1835 1060 1876 tempore
1080 1827 1250 1866 instructi
1279 1836 1367 1866 sunt
1391 1826 1392 1864 j

293 1882 471 1919 homines
505 1882 683 1919 divinitus
721 1881 769 1919 de
802 1880 977 1929 agendis,
1007 1882 1223 1919 secundum
1259 1882 1366 1931 quod

295 1943 374 1972 erat
403 1935 608 1985 expediens
637 1935 686 1973 ad
715 1935 877 1972 salutem
907 1935 1129 1972 electorum.

347 1991 405 2026 AD
426 2001 564 2026 patmum
583 2001 683 2026 ERGO
703 2000 890 2026 mcaNDuM
910 1988 1018 2036 quod
1047 1988 1190 2026 dictum
1221 1989 1366 2037 Grego-

294 2042 337 2080 rii
367 2050 421 2080 est
449 2043 734 2091 intelligendum
755 2042 802 2079 de
827 2049 1002 2090 tempore
1032 2050 1118 2079 ante
1145 2042 1283 2079 Christi
1312 2042 1366 2079 in-

295 2096 567 2143 carnationem,
588 2104 775 2145 quantum
796 2095 845 2133 ad
867 2095 1125 2143 cognitionem
1150 2096 1264 2133 huius
1285 2108 1367 2145 my-

295 2149 406 2187 sterii.

347 2205 406 2240 An
435 2215 627 2241 SECUNDUM
656 2214 841 2240 D1CENDUM
870 2202 988 2252 quod,
1009 2202 1105 2239 sicut
1130 2202 1367 2251 Augustinus

296 2257 396 2304 dicit,
425 2257 547 2294 XVIII
578 2257 623 2294 de
656 2257 735 2294 Ciu.
757 2256 832 2293 Dei
847 2255 878 2303 ²⁸,
909 2256 1227 2305 quemadmodum
1257 2257 1370 2306 regni

294 2310 543 2359 Assyriorum
566 2310 696 2358 primo
725 2315 892 2358 tempore
918 2310 1038 2346 extitit
1063 2310 1276 2356 Abraham,
1306 2310 1370 2346 cui
1393 2326 1395 2351 1

348 2422 374 2455 ζ)
393 2423 570 2448 solverentur.
582 2436 602 2442 -
618 2423 757 2448 solventur
776 2423 816 2448 ed.
835 2430 861 2453 a,
874 2423 1047 2448 solvebantur
1066 2423 1169 2456 aliquae
1187 2423 1314 2448 editiones
1320 2432 1327 2454 ;
1347 2424 1371 2449 G

296 2463 325 2483 ut
343 2466 400 2484 nos.

349 2495 376 2527 η)
397 2501 542 2526 nunquam.
555 2507 574 2513 -
592 2494 654 2520 Om.
672 2494 788 2523 ABFLa,
804 2494 912 2526 inquam
932 2492 1008 2523 CEK,
1023 2494 1106 2526 inqua
1125 2495 1142 2524 I,
1162 2494 1249 2526 inquit
1268 2494 1303 2525 D;
1322 2502 1370 2527 pro

1390 1190 1392 1197 ’
1417 1195 1510 1224 tunc
1524 1187 1691 1247 populus
1706 1198 1786 1223 non
1806 1186 2098 1235 opprimebatur
2112 1188 2161 1224 ab
2176 1186 2410 1235 alienigenis,
2427 1187 2496 1224 sed

1417 1241 1619 1290 proprium
1649 1252 1779 1288 regem
1799 1240 1986 1277 habebat:
2017 1247 2055 1277 et
2085 1239 2174 1278 ideo
2201 1240 2406 1289 oportebat
2429 1252 2498 1290 per

1417 1295 1627 1344 prophetas
1666 1306 1756 1330 eum
1784 1293 1915 1330 instrui
1950 1293 1998 1330 de
2036 1294 2213 1342 agendis,
2244 1293 2352 1343 quasi
2386 1293 2497 1331 liber-

1418 1356 1536 1385 tatem
1566 1347 1785 1384 habentem.

1472 1403 1532 1438 An
1568 1412 1728 1438 TER‘riuM
1766 1412 1952 1438 morannum
1991 1400 2099 1448 quod
2135 1400 2349 1450 prophetae
2386 1412 2496 1449 prae-

1419 1454 1635 1492 nuntiantes
1664 1454 1805 1491 Christi
1832 1454 2045 1500 adventum
2082 1466 2162 1491 non
2189 1460 2399 1502 potuerunt
2427 1454 2496 1491 du-

1390 1542 1392 1555 *
1419 1520 1502 1546 rare
1540 1507 1612 1544 nisi
1641 1519 1757 1556 usque
1784 1507 1836 1544 ad
1861 1508 2067 1553 Ioannem,
2098 1507 2165 1556 qui
2197 1506 2497 1556 praesentialiter

1419 1561 1614 1599 Christum
1635 1560 1752 1609 digito
1774 1560 2099 1599 demonstravit.
2067 1560 2088 1582 ³¹²
2120 1562 2170 1598 Et
2184 1568 2328 1610 tamen,
2343 1567 2386 1599 ut
2401 1559 2493 1598 Hie·
2523 1565 2534 1576 ⁴

1419 1627 1606 1663 ronymus
1626 1614 1771 1652 ibidem
1790 1614 1810 1636 *
1839 1614 1948 1662 dicit,
1979 1626 2054 1651 non
2083 1590 2155 1652 hoc
2181 1615 2319 1652 dicitur
2348 1620 2389 1651 ut
2409 1619 2498 1663 post
2523 1619 2533 1630 ·

1417 1670 1604 1706 Ioannem
1640 1668 1819 1705 excludat
1851 1669 2084 1717 prophetas:
2123 1668 2285 1718 legimus
2317 1668 2418 1705 enim
2456 1667 2495 1706 in

1417 1722 1577 1759 Actibus
1601 1721 1870 1782 Apostolorum
1899 1727 1936 1758 et
1960 1722 2142 1771 Agabum
2165 1723 2431 1770 prophetasse,
2460 1727 2500 1759 et

1419 1781 1583 1825 quatuor
1609 1775 1779 1824 virgines
1795 1775 1904 1822 filias
1921 1775 2094 1824 Philippi.
2125 1776 2289 1813 Ioannes
2309 1775 2424 1812 etiam
2453 1774 2496 1813 li-

1418 1829 1531 1866 brum
1562 1827 1833 1877 propheticum
1862 1828 2087 1877 conscripsit
2116 1829 2163 1870 de
2186 1829 2265 1866 fine
2285 1828 2494 1866 Ecclesiae.

1418 1882 1468 1918 Et
1495 1881 1650 1929 singulis
1678 1881 1918 1930 temporibus
1939 1893 2020 1918 non
2040 1881 2244 1920 defuerunt
2262 1881 2379 1931 aliqui
2407 1894 2496 1931 pro-

1418 1934 1571 1984 phetiae
1591 1932 1604 1955 θ
1633 1934 1807 1983 spiritum
1837 1935 2036 1982 habentes,
2066 1947 2146 1972 non
2174 1935 2334 1984 quidem
2359 1935 2409 1972 ad
2429 1947 2499 1972 no-

1417 2000 1510 2025 vam
1532 1987 1750 2025 doctrinam
1778 1988 1871 2025 fidei
1899 1988 2221 2037 depromendam,
2251 1988 2321 2026 sed
2350 1989 2399 2027 ad
2425 1989 2496 2026 hu-

1392 2090 1393 2093 *
1419 2053 1624 2079 manorum
1653 2049 1811 2078 actuum
1841 2041 2113 2079 directionem:
2144 2042 2241 2080 sicut
2259 2041 2498 2091 Augustinus

1420 2095 1545 2143 refert,
1575 2095 1610 2132 V
1628 2095 1675 2132 de
1698 2095 1778 2132 Ciu.
1799 2095 1875 2132 Dei
1891 2094 1923 2142 *,
1953 2095 2061 2144 quod
2089 2096 2339 2134 Theodosius
2365 2098 2498 2144 Augu·
2525 2101 2536 2112 ⁸

1420 2156 1500 2186 stus
1528 2149 1581 2186 ad
1606 2149 1792 2186 Ioannem
1821 2149 1860 2186 in
1887 2149 2060 2199 Aegypti
2085 2161 2214 2187 eremo
2239 2149 2497 2196 constitutum,

1392 2201 1394 2217 ³
1419 2214 1530 2251 quem
1554 2202 1811 2251 prophetandi
1825 2202 1959 2251 spiritu
1974 2203 2192 2252 praeditum
2206 2204 2328 2252 sama
2348 2203 2497 2241 crebre-

1418 2261 1543 2293 scente
1569 2256 1763 2302 didicerat,
1793 2256 1903 2302 misit,
1928 2262 1963 2293 et
1990 2257 2040 2294 ab
2059 2269 2103 2294 eo
2123 2257 2298 2294 nuntium
2316 2256 2499 2295 victoriae

1421 2309 1669 2346 certissimum
1698 2309 1854 2358 accepit.

1416 2424 1489 2457 sere,
1503 2430 1564 2448 uere
1576 2423 1599 2454 1;
1625 2431 1673 2456 pro
1692 2422 1848 2456 deficissent,
1860 2423 1983 2456 fuissent
1995 2423 2028 2452 H.
2043 2423 2202 2456 dejecissent
2215 2423 2247 2455 D,
2263 2423 2385 2456 fuissent
2403 2423 2498 2456 defleo·

1425 2459 1686 2526 reninLjvropneuae.
1699 2507 1718 2513 -
1731 2493 1884 2526 prophetae
1901 2493 2082 2519 Αεῡεπικι.

977 2574 1313 2608 Commentario.
1335 2573 1589 2607 Gardjnalis
1611 2573 1815 2608 Caietam

328 2666 347 2685 n
371 2655 505 2686 articulo
522 2661 612 2686 sexto
625 2654 770 2686 eiusdem
785 2654 992 2696 quaestionis,
1018 2655 1144 2685 adverte
1168 2655 1257 2695 quod
1281 2654 1368 2685 Ado-

301 2668 400 2738 Inai,
424 2707 460 2731 ut
482 2699 516 2730 in
538 2699 641 2731 littera
665 2699 793 2736 dicitur,
819 2699 951 2740 ponitur
973 2699 1014 2730 ad
1038 2699 1258 2730 denotandum
1282 2699 1369 2730 aliud

296 2745 355 2776 Dei
379 2754 499 2776 nomen
522 2743 696 2781 ineffabile,
721 2743 902 2785 significans
932 2743 992 2775 Dei
1023 2744 1192 2775 essentiam
1221 2754 1258 2774 ex
1281 2750 1369 2784 parte

296 2790 395 2830 ipsius
413 2788 575 2825 essentiae,
593 2795 628 2819 ut
647 2788 679 2819 in
697 2788 805 2819 Primo
822 2788 920 2819 Libro
935 2788 952 2807 *
976 2788 1099 2819 dictum
1114 2795 1161 2819 est
1177 2789 1216 2819 de
1236 2787 1369 2819 nomine

297 2835 604 2874 Tetragramrnaton.
630 2833 711 2864 Illud
737 2833 822 2864 enim
845 2833 932 2863 idem
955 2832 1112 2863 ineffabile
1136 2843 1255 2863 nomen
1280 2833 1368 2874 quod

297 2878 512 2919 supponimus
527 2878 555 2916 ¹⁸,
579 2876 772 2918 significatur
795 2877 846 2908 hic
870 2887 926 2918 per
948 2877 1085 2908 Adonai.

354 2923 390 2954 ΙΙ.
416 2923 451 2953 In
479 2923 594 2953 eodem
623 2922 772 2958 articulo,
797 2922 829 2952 in
861 2921 1071 2962 responsione
1099 2922 1139 2952 ad
1170 2922 1368 2958 secundum,

297 2968 422 2998 adverte
438 2969 614 2999 Auctorem
629 2967 758 2997 reddere
774 2966 931 2999 rationem
948 2966 1099 2998 duorum.
1121 2966 1255 3003 Scilicet,
1271 2975 1370 3007 quare

298 3022 402 3043 sermo
426 3011 560 3044 Domini
584 3018 650 3042 erat
673 3018 744 3042 ante
763 3011 947 3042 Samuelem
966 3018 997 3042 et
1015 3021 1104 3052 reges
1122 3021 1222 3042 rarus.
1246 3011 1287 3042 Et
1307 3011 1369 3041 hoc

298 3056 372 3087 dicit
400 3056 433 3086 in
462 3056 546 3087 calce
569 3055 797 3096 responsionis.
822 3073 843 3079 -
867 3056 907 3087 Et
937 3065 1035 3097 quare
1066 3055 1234 3096 prophetia
1263 3054 1370 3096 coepit
1394 3070 1395 3078 ι

297 3100 388 3131 scribi
412 3108 557 3143 ternpore
581 3099 692 3130 Isaiae:
718 3099 793 3142 quia
810 3099 928 3131 scilicet
946 3107 1022 3131 tunc
1038 3106 1105 3131 erat
1120 3099 1287 3131 exordium
1304 3099 1368 3131 Ro·
1393 3105 1395 3126 ὲ

297 3155 410 3175 manae
433 3144 529 3181 urbis,
554 3154 618 3186 qua
642 3144 817 3185 imperante
841 3151 906 3175 erat
921 3143 1067 3175 Christus
1082 3150 1245 3180 venturus,
1263 3151 1294 3175 et
1309 3144 1369 3175 im·
1393 3161 1395 3184 t

298 3190 442 3229 pleturus
465 3189 615 3220 omnium
631 3189 863 3229 Prophetarum
882 3189 1021 3225 oracula,
1038 3199 1073 3220 ac
1089 3195 1276 3220 extensurus
1292 3198 1367 3229 pro-

298 3234 428 3265 missam
451 3234 587 3266 salutem
610 3233 759 3265 universo
784 3234 864 3264 orbi.
888 3233 1004 3266 Decuit
1018 3233 1179 3274 siquidem
1201 3233 1299 3265 simul
1322 3233 1368 3264 in-

299 3278 401 3318 cipere
425 3278 630 3320 scripturam,
655 3285 686 3309 et
709 3278 760 3309 cui
784 3278 987 3310 scriberetur:
1011 3278 1155 3319 populus
1183 3278 1277 3309 Israel
1301 3288 1368 3308 non
1393 3306 1395 3312 ,

299 3322 409 3362 egebat
432 3322 603 3363 scriptura,
628 3323 748 3354 habens
776 3332 884 3354 coram
915 3322 1102 3364 prophetas3
1133 3322 1283 3364 gentiles,
1313 3332 1369 3364 per

300 3365 463 3397 Christum
478 3367 638 3398 adunandi
655 3367 714 3398 sub
731 3367 877 3398 Romana
890 3366 1039 3404 Ecclesia,
1054 3367 1188 3408 egebant
1203 3367 1368 3407 scriptura.

300 3410 341 3440 Et
367 3410 440 3440 ideo
471 3411 566 3441 simul
598 3411 751 3452 scriptura
782 3411 967 3452 prophetica
996 3418 1026 3442 et
1054 3411 1159 3442 Roma
1183 3418 1368 3452 coeperunt.

301 3454 392 3484 Hanc
422 3455 576 3485 rationem
606 3465 672 3486 non
696 3465 792 3486 ausus
822 3465 924 3486 essem
955 3455 1076 3491 dicere,
1107 3455 1168 3486 nisi
1198 3455 1368 3487 auctoritas
1394 3463 1395 3477 ³

300 3498 481 3538 Augustini,
494 3498 527 3528 in
542 3499 642 3529 XVIII
660 3501 699 3530 de
718 3500 785 3531 Ciu.
800 3501 872 3538 Dei,
886 3500 978 3531 allata
995 3500 1027 3530 in
1043 3500 1155 3536 littera,
1172 3510 1224 3530 me
1237 3499 1366 3530 foveret.

358 3542 409 3575 III.
435 3542 469 3572 In
493 3543 699 3583 responsione
730 3544 768 3574 ad
798 3544 927 3575 tertium
957 3544 1100 3575 eiusdem
1128 3543 1267 3581 articuli,
1292 3550 1368 3574 nota

300 3587 380 3618 bene
396 3592 507 3618 contra
533 3596 635 3617 novos
651 3588 832 3627 prophetas,
850 3595 880 3618 et
903 3588 1079 3628 specialiter
1093 3587 1256 3629 quendam
1270 3589 1368 3618 Ama-

301 3631 397 3662 deum
413 3629 442 3668 ⁴¹,
462 3630 528 3672 qui,
553 3637 588 3661 ut
611 3630 709 3667 aiunt,
732 3631 849 3661 librum
867 3631 902 3651 *²*
925 3632 1022 3663 edidit
1047 3642 1164 3663 novam
1188 3631 1367 3662 doctrinam

1421 2663 1535 2685 eorum
1551 2663 1634 2695 quae
1650 2654 1689 2685 ad
1705 2653 1778 2685 fidei
1795 2654 1993 2686 Christianae
2015 2655 2165 2696 mysteria
2187 2662 2331 2696 spectant
2352 2655 2498 2687 introdu-

1422 2708 1490 2729 cere
1510 2706 1690 2735 conantem,
1713 2706 1744 2730 et
1766 2709 1843 2730 suos
1866 2709 2018 2741 sequaces
2042 2710 2078 2731 ac
2103 2700 2234 2732 similes.
2259 2700 2384 2732 Omnes
2410 2700 2497 2732 enim

1394 2743 1396 2752 ⁴
1421 2743 1498 2774 tales
1523 2743 1573 2774 hic
1597 2744 1789 2775 damnantur
1812 2744 1851 2775 ab
1870 2746 2022 2781 Auctore,
2043 2754 2119 2776 cum
2138 2744 2267 2776 dicitur:
2290 2745 2366 2776 Non
2385 2744 2499 2786 ἀψα-

1422 2793 1499 2819 runt
1514 2788 1655 2829 singulis
1671 2788 1865 2829 temporibus
1877 2789 2067 2830 prophetiae
2081 2790 2231 2830 spiritum
2247 2789 2412 2827 habentes,
2430 2799 2495 2821 non

1394 2839 1396 2876 g
1421 2832 1547 2873 quidem
1566 2833 1610 2863 ad
1625 2843 1740 2864 novam
1753 2832 1933 2864 doctrinam
1938 2833 2025 2875 fidei
2039 2833 2300 2875 depromendam.
2318 2833 2393 2864 Non
2411 2833 2496 2871 dicit,

1394 2884 1396 2912 ς
1422 2886 1485 2907 ηοη
1510 2877 1636 2918 quidem
1661 2877 1705 2908 ad
1727 2887 1842 2909 novam
1855 2877 1982 2919 fidem:

1394 2936 1395 2950 l
1411 2922 1506 2963 fidei.
1532 2922 1577 2952 Ita
1596 2922 1686 2962 quod
1710 2931 1776 2952 non
1793 2921 1896 2953 solam
1918 2932 2037 2953 novam
2057 2921 2155 2954 fidem
2177 2922 2402 2963 depromentes
2426 2919 2497 2965 (qui

2014 2878 2092 2915 'sed,
2117 2878 2162 2909 ad
2179 2886 2295 2909 novam
2311 2878 2494 2909 doctrinam

1422 2966 1517 2998 etiam
1547 2967 1573 2997 si
1605 2966 1709 3006 angeli
1737 2966 1776 2997 de
1806 2967 1893 2998 eaelo
1922 2974 2042 3003 essent,
2074 2966 2343 2998 excommunicati
2371 2973 2448 2998 sunt
2475 2976 2495 2997 a

1421 3011 1522 3042 Paulo
1547 3011 1707 3051 Apostolo
1722 3009 1766 3054 ⁶),
1791 3011 1846 3042 sed
1870 3021 1986 3042 novam
2010 3011 2193 3043 doctrinam
2206 3011 2294 3052 fidei
2315 3010 2496 3048 afferentes,

1422 3055 1535 3096 procul
1565 3057 1604 3086 ab
1632 3055 1773 3086 Ecclesia
1803 3062 1835 3087 et
1862 3055 2027 3097 prophetis
2055 3062 2144 3087 sunt:
2176 3055 2260 3086 sicut
2289 3055 2315 3086 si
2345 3055 2498 3087 docerent

1421 3100 1522 3131 alium
1553 3107 1701 3141 oportere
1729 3110 1796 3131 esse
1823 3099 1922 3131 ritum
1950 3106 2223 3131 sacramentorum
2250 3099 2290 3130 ab
2313 3099 2370 3130 illo
2398 3109 2498 3142 quem

1422 3144 1637 3176 communiter
1651 3144 1791 3175 Ecclesia
1804 3150 1919 3181 servan
1937 3151 1992 3175 aut
2007 3144 2033 3174 si
2045 3143 2107 3174 alia
2122 3143 2304 3184 Evangeliis
2320 3151 2377 3175 aut
2391 3154 2498 3176 sacrae

1393 3217 1395 3229 ,
1420 3189 1601 3229 Scripturae
1625 3195 1825 3229 apponerent
1847 3195 2001 3230 tanquam
2025 3197 2130 3219 sacrae
2154 3187 2334 3229 Scripturae
2354 3195 2496 3229 parterm

1421 3241 1477 3265 aut
1499 3234 1525 3264 si
1549 3233 1676 3275 aliquos
1699 3239 1787 3265 actus
1810 3233 1989 3264 secundum
2011 3231 2086 3263 fidei
2101 3232 2278 3263 doctrinam
2294 3232 2434 3270 illicitos,
2451 3232 2498 3263 di·

1421 3285 1528 3310 cerent
1542 3277 1665 3314 licitos;
1686 3284 1741 3310 aut
1751 3276 1873 3319 aliquid
1888 3276 2085 3308 huiusmodi.
2103 3277 2195 3314 Quae
2210 3276 2284 3308 fidei
2299 3277 2498 3312 Christianae

1421 3322 1565 3354 doctrina
1587 3322 1713 3359 horret,
1738 3321 1803 3353 sive
1831 3320 1907 3362 quia
1936 3320 2052 3352 directe
2081 3319 2154 3352 fidei
2183 3322 2406 3354 adversantur:
2431 3321 2497 3353 sive

1420 3367 1496 3408 quia
1521 3376 1558 3397 ex
1581 3365 1789 3407 consequenti
1812 3363 1885 3395 fidei
1910 3364 2155 3402 contradantur,
2181 3373 2217 3397 ut
2240 3365 2286 3397 illi
2310 3365 2367 3408 qui
2378 3365 2495 3407 saten-

1422 3416 1478 3442 tur
1499 3420 1535 3442 se
1558 3419 1651 3441 nosse
1672 3410 1798 3447 Deum,
1816 3408 1924 3450 factis
1946 3414 2053 3440 autem
2079 3415 2203 3451 negant
2219 3410 2253 3447 ¹⁶¹,
2278 3410 2348 3441 Deo
2372 3417 2497 3441 contra-

1422 3455 1554 3486 riantur.

1478 3499 1531 3529 IV.
1557 3498 1599 3528 In⁴
1616 3498 1731 3528 eodem
1754 3497 1888 3528 articulo
1913 3505 2011 3534 sexto,
2036 3498 2068 3528 in
2093 3498 2205 3530 eadem
2228 3498 2438 3539 responsione
2455 3498 2495 3529 ad

1422 3542 1569 3578 tertium,
1595 3541 1675 3572 circa
1698 3541 1731 3571 id
1760 3541 1849 3582 quod
1873 3541 1916 3572 ibi
1948 3542 2080 3580 dicitur,
2105 3543 2224 3575 scilicet
2246 3543 2332 3584 quod
2352 3543 2496 3584 singulis

1394 3612 1395 3622 ,
1421 3585 1616 3626 temporibus
1639 3595 1702 3616 non
1717 3585 1895 3627 defuerunt
1910 3587 2062 3619 habentes
2076 3587 2226 3628 spiritum
2244 3587 2437 3628 prophetiae
2451 3587 2495 3618 ad

1394 3650 1395 3661 2
1418 3630 1634 3661 humanorum
1650 3635 1781 3660 actuum
1801 3630 2019 3669 directionem,
2037 3631 2174 3663 dubium
2190 3631 2336 3668 occurrit,
2353 3640 2393 3662 an
2413 3631 2492 3662 tales

2523 3015 2669 3071 :werre
2683 3023 2734 3046 α»

2522 3413 2581 3463 z...
2594 3412 2735 3462 33³2·
2718 3418 2735 3440 ·
