<?xml version="1.0" encoding="UTF-8"?>
<!DOCTYPE html PUBLIC "-//W3C//DTD XHTML 1.0 Transitional//EN"
    "http://www.w3.org/TR/xhtml1/DTD/xhtml1-transitional.dtd">
<html xmlns="http://www.w3.org/1999/xhtml" xml:lang="en" lang="en">
 <head>
  <title>
</title>
<meta http-equiv="Content-Type" content="text/html;charset=utf-8" />
  <meta name='ocr-system' content='tesseract 3.04.00' />
  <meta name='ocr-capabilities' content='ocr_page ocr_carea ocr_par ocr_line ocrx_word'/>
</head>
<body>
  <div class='ocr_page' id='page_1' title='image "./operaomniaiussui10thom/operaomniaiussui10thom_0074.png"; bbox 0 0 2768 4198; ppageno 0'>
   <div class='ocr_carea' id='block_1_1' title="bbox 149 714 283 756">
    <p class='ocr_par' dir='ltr' id='par_1_1' title="bbox 149 714 283 756">
     <span class='ocr_line' id='line_1_1' title="bbox 157 714 282 735; baseline 0.008 -6"><span class='ocrx_word' id='word_1_1' title='bbox 157 714 188 734; x_wconf 80' lang='lat' dir='ltr'>vt,</span> <span class='ocrx_word' id='word_1_2' title='bbox 198 714 221 729; x_wconf 89' lang='lat' dir='ltr'>n.</span> <span class='ocrx_word' id='word_1_3' title='bbox 233 714 260 735; x_wconf 83' lang='lat'>¹5·</span> <span class='ocrx_word' id='word_1_4' title='bbox 272 720 282 724; x_wconf 99' lang='lat'>-</span> 
     </span>
     <span class='ocr_line' id='line_1_2' title="bbox 149 735 283 756; baseline 0.007 -1"><span class='ocrx_word' id='word_1_5' title='bbox 149 750 155 755; x_wconf 85' lang='lat'>.</span> <span class='ocrx_word' id='word_1_6' title='bbox 175 735 226 756; x_wconf 88' lang='lat' dir='ltr'>leet.</span> <span class='ocrx_word' id='word_1_7' title='bbox 242 741 283 756; x_wconf 84' lang='lat' dir='ltr'>vn.</span> 
     </span>
    </p>
   </div>
   <div class='ocr_carea' id='block_1_2' title="bbox 70 708 145 757">
    <p class='ocr_par' dir='ltr' id='par_1_2' title="bbox 70 708 145 757">
     <span class='ocr_line' id='line_1_3' title="bbox 70 708 145 757; baseline -0.013 0"><span class='ocrx_word' id='word_1_8' title='bbox 70 708 145 757; x_wconf 54' lang='lat' dir='ltr'>§.cii</span> 
     </span>
    </p>
   </div>
   <div class='ocr_carea' id='block_1_3' title="bbox 66 1734 282 1789">
    <p class='ocr_par' dir='ltr' id='par_1_3' title="bbox 66 1734 282 1789">
     <span class='ocr_line' id='line_1_4' title="bbox 66 1734 282 1757; baseline -0.009 0"><span class='ocrx_word' id='word_1_9' title='bbox 66 1734 282 1757; x_wconf 79' lang='lat' dir='ltr'>&#39;Cf.Aristot.Rl1et.</span> 
     </span>
     <span class='ocr_line' id='line_1_5' title="bbox 66 1762 278 1789; baseline -0.005 -6"><span class='ocrx_word' id='word_1_10' title='bbox 66 1762 105 1784; x_wconf 86' lang='lat' dir='ltr'>lib.</span> <span class='ocrx_word' id='word_1_11' title='bbox 117 1762 134 1785; x_wconf 79' lang='lat' dir='ltr'>l.</span> <span class='ocrx_word' id='word_1_12' title='bbox 146 1768 196 1789; x_wconf 85' lang='lat' dir='ltr'>cap.</span> <span class='ocrx_word' id='word_1_13' title='bbox 207 1768 247 1787; x_wconf 84' lang='lat' dir='ltr'>vn,</span> <span class='ocrx_word' id='word_1_14' title='bbox 257 1768 278 1782; x_wconf 86' lang='lat' dir='ltr'>n.</span> 
     </span>
    </p>
   </div>
   <div class='ocr_carea' id='block_1_4' title="bbox 66 2270 276 2292">
    <p class='ocr_par' dir='ltr' id='par_1_4' title="bbox 66 2270 276 2292">
     <span class='ocr_line' id='line_1_6' title="bbox 66 2270 276 2292; baseline 0 0"><span class='ocrx_word' id='word_1_15' title='bbox 66 2270 276 2292; x_wconf 77' lang='lat' dir='ltr'>’Comment.num.</span> 
     </span>
    </p>
   </div>
   <div class='ocr_carea' id='block_1_5' title="bbox 67 2400 255 2449">
    <p class='ocr_par' dir='ltr' id='par_1_5' title="bbox 67 2400 255 2449">
     <span class='ocr_line' id='line_1_7' title="bbox 67 2400 255 2428; baseline 0 -6"><span class='ocrx_word' id='word_1_16' title='bbox 67 2402 76 2410; x_wconf 84' lang='lat'>¹¹</span> <span class='ocrx_word' id='word_1_17' title='bbox 83 2401 107 2422; x_wconf 93' lang='lat' dir='ltr'>ln</span> <span class='ocrx_word' id='word_1_18' title='bbox 114 2407 175 2428; x_wconf 86' lang='lat' dir='ltr'>resp.</span> <span class='ocrx_word' id='word_1_19' title='bbox 181 2400 209 2422; x_wconf 80' lang='lat' dir='ltr'>ad</span> <span class='ocrx_word' id='word_1_20' title='bbox 215 2406 255 2428; x_wconf 79' lang='lat' dir='ltr'>arg</span> 
     </span>
     <span class='ocr_line' id='line_1_8' title="bbox 68 2427 245 2449; baseline 0 0"><span class='ocrx_word' id='word_1_21' title='bbox 68 2431 130 2449; x_wconf 90' lang='lat' dir='ltr'>cont.</span> <span class='ocrx_word' id='word_1_22' title='bbox 142 2427 245 2449; x_wconf 85' lang='lat' dir='ltr'>conclus.</span> 
     </span>
    </p>
   </div>
   <div class='ocr_carea' id='block_1_6' title="bbox 70 3203 283 3305">
    <p class='ocr_par' dir='ltr' id='par_1_6' title="bbox 70 3203 283 3305">
     <span class='ocr_line' id='line_1_9' title="bbox 73 3203 283 3230; baseline 0 -6"><span class='ocrx_word' id='word_1_23' title='bbox 73 3203 283 3230; x_wconf 78' lang='lat' dir='ltr'>¹Cf.Aristot.Phy-</span> 
     </span>
     <span class='ocr_line' id='line_1_10' title="bbox 70 3230 256 3254; baseline 0 -3"><span class='ocrx_word' id='word_1_24' title='bbox 70 3230 112 3251; x_wconf 76' lang='lat' dir='ltr'>sic.</span> <span class='ocrx_word' id='word_1_25' title='bbox 129 3230 167 3251; x_wconf 84' lang='lat' dir='ltr'>lib.</span> <span class='ocrx_word' id='word_1_26' title='bbox 185 3230 213 3254; x_wconf 75' lang='lat' dir='ltr'>ll,</span> <span class='ocrx_word' id='word_1_27' title='bbox 231 3235 256 3251; x_wconf 85' lang='lat' dir='ltr'>ca</span> 
     </span>
     <span class='ocr_line' id='line_1_11' title="bbox 71 3255 256 3282; baseline -0.005 -4"><span class='ocrx_word' id='word_1_28' title='bbox 71 3263 106 3280; x_wconf 81' lang='grc' dir='ltr'>ιιι,</span> <span class='ocrx_word' id='word_1_29' title='bbox 116 3263 138 3278; x_wconf 89' lang='lat' dir='ltr'>n.</span> <span class='ocrx_word' id='word_1_30' title='bbox 148 3264 171 3282; x_wconf 73' lang='grc'>4,</span> <span class='ocrx_word' id='word_1_31' title='bbox 184 3268 194 3272; x_wconf 99' lang='grc'>-</span> <span class='ocrx_word' id='word_1_32' title='bbox 203 3255 227 3278; x_wconf 90' lang='lat' dir='ltr'>S.</span> <span class='ocrx_word' id='word_1_33' title='bbox 236 3255 256 3277; x_wconf 94' lang='grc' dir='ltr'>Τ</span> 
     </span>
     <span class='ocr_line' id='line_1_12' title="bbox 71 3284 158 3305; baseline -0.011 -1"><span class='ocrx_word' id='word_1_34' title='bbox 71 3284 121 3305; x_wconf 75' lang='lat' dir='ltr'>lect.</span> <span class='ocrx_word' id='word_1_35' title='bbox 139 3290 158 3304; x_wconf 84' lang='lat' dir='ltr'>v.</span> 
     </span>
    </p>
   </div>
   <div class='ocr_carea' id='block_1_7' title="bbox 71 3472 283 3575">
    <p class='ocr_par' dir='ltr' id='par_1_7' title="bbox 71 3472 283 3575">
     <span class='ocr_line' id='line_1_13' title="bbox 72 3472 283 3495; baseline 0 -1"><span class='ocrx_word' id='word_1_36' title='bbox 72 3475 80 3483; x_wconf 89' lang='grc'><em>“</em></span> <span class='ocrx_word' id='word_1_37' title='bbox 96 3474 131 3495; x_wconf 76' lang='lat' dir='ltr'>ef.</span> <span class='ocrx_word' id='word_1_38' title='bbox 143 3473 241 3495; x_wconf 66' lang='lat' dir='ltr'>Aristot.</span> <span class='ocrx_word' id='word_1_39' title='bbox 252 3472 283 3494; x_wconf 72' lang='lat' dir='ltr'>E·</span> 
     </span>
     <span class='ocr_line' id='line_1_14' title="bbox 71 3499 258 3525; baseline -0.005 -4"><span class='ocrx_word' id='word_1_40' title='bbox 71 3500 123 3521; x_wconf 76' lang='lat' dir='ltr'>thtc.</span> <span class='ocrx_word' id='word_1_41' title='bbox 132 3499 258 3525; x_wconf 82' lang='lat' dir='ltr'>lib.Vll,ca</span> 
     </span>
     <span class='ocr_line' id='line_1_15' title="bbox 73 3526 258 3553; baseline 0 -6"><span class='ocrx_word' id='word_1_42' title='bbox 73 3533 121 3549; x_wconf 84' lang='lat' dir='ltr'>vm.</span> <span class='ocrx_word' id='word_1_43' title='bbox 131 3533 154 3547; x_wconf 90' lang='lat' dir='ltr'>n.</span> <span class='ocrx_word' id='word_1_44' title='bbox 162 3534 184 3553; x_wconf 73' lang='lat'>4.</span> <span class='ocrx_word' id='word_1_45' title='bbox 192 3537 199 3540; x_wconf 98' lang='lat'>-</span> <span class='ocrx_word' id='word_1_46' title='bbox 208 3526 258 3548; x_wconf 63' lang='lat' dir='ltr'>§.T</span> 
     </span>
     <span class='ocr_line' id='line_1_16' title="bbox 72 3554 189 3575; baseline 0 -1"><span class='ocrx_word' id='word_1_47' title='bbox 72 3554 124 3574; x_wconf 80' lang='lat' dir='ltr'>lect.</span> <span class='ocrx_word' id='word_1_48' title='bbox 140 3559 189 3575; x_wconf 80' lang='lat' dir='ltr'>vni.</span> 
     </span>
    </p>
   </div>
   <div class='ocr_carea' id='block_1_8' title="bbox 320 277 367 312">
    <p class='ocr_par' dir='ltr' id='par_1_8' title="bbox 320 277 367 312">
     <span class='ocr_line' id='line_1_17' title="bbox 320 277 367 312; baseline -0.021 0"><span class='ocrx_word' id='word_1_49' title='bbox 320 277 367 312; x_wconf 83' lang='lat'>32</span> 
     </span>
    </p>
   </div>
   <div class='ocr_carea' id='block_1_9' title="bbox 297 349 1410 2575">
    <p class='ocr_par' dir='ltr' id='par_1_9' title="bbox 311 349 1410 528">
     <span class='ocr_line' id='line_1_18' title="bbox 314 349 1410 391; baseline -0.004 -8"><span class='ocrx_word' id='word_1_50' title='bbox 314 354 387 384; x_wconf 94' lang='lat' dir='ltr'>dere</span> <span class='ocrx_word' id='word_1_51' title='bbox 411 353 561 383; x_wconf 87' lang='lat' dir='ltr'>omnibus</span> <span class='ocrx_word' id='word_1_52' title='bbox 585 352 771 382; x_wconf 90' lang='lat' dir='ltr'>huiusmodi</span> <span class='ocrx_word' id='word_1_53' title='bbox 794 350 1030 391; x_wconf 87' lang='lat' dir='ltr'>impedimentis</span> <span class='ocrx_word' id='word_1_54' title='bbox 1053 350 1092 379; x_wconf 89' lang='lat' dir='ltr'>ad</span> <span class='ocrx_word' id='word_1_55' title='bbox 1116 349 1318 389; x_wconf 83' lang='lat' dir='ltr'>prudentiam</span> <span class='ocrx_word' id='word_1_56' title='bbox 1335 357 1384 380; x_wconf 89' lang='lat' dir='ltr'>to·</span> <span class='ocrx_word' id='word_1_57' title='bbox 1407 352 1410 379; x_wconf 91' lang='grc'>1</span> 
     </span>
     <span class='ocr_line' id='line_1_19' title="bbox 314 393 1383 438; baseline -0.003 -10"><span class='ocrx_word' id='word_1_58' title='bbox 314 398 409 428; x_wconf 89' lang='lat' dir='ltr'>talem</span> <span class='ocrx_word' id='word_1_59' title='bbox 433 404 561 438; x_wconf 85' lang='lat' dir='ltr'>spectat,</span> <span class='ocrx_word' id='word_1_60' title='bbox 586 397 648 427; x_wconf 93' lang='lat' dir='ltr'>hoc</span> <span class='ocrx_word' id='word_1_61' title='bbox 672 403 719 426; x_wconf 89' lang='lat' dir='ltr'>est</span> <span class='ocrx_word' id='word_1_62' title='bbox 741 396 781 426; x_wconf 86' lang='lat' dir='ltr'>ad</span> <span class='ocrx_word' id='word_1_63' title='bbox 805 394 1006 435; x_wconf 83' lang='lat' dir='ltr'>prudentiam</span> <span class='ocrx_word' id='word_1_64' title='bbox 1038 393 1237 433; x_wconf 86' lang='lat' dir='ltr'>simpliciter,</span> <span class='ocrx_word' id='word_1_65' title='bbox 1263 400 1293 424; x_wconf 92' lang='lat' dir='ltr'>et</span> <span class='ocrx_word' id='word_1_66' title='bbox 1316 404 1383 425; x_wconf 91' lang='lat' dir='ltr'>non</span> 
     </span>
     <span class='ocr_line' id='line_1_20' title="bbox 312 437 1410 483; baseline -0.003 -11"><span class='ocrx_word' id='word_1_67' title='bbox 312 442 345 472; x_wconf 91' lang='lat' dir='ltr'>in</span> <span class='ocrx_word' id='word_1_68' title='bbox 370 442 428 472; x_wconf 83' lang='lat' dir='ltr'>hac</span> <span class='ocrx_word' id='word_1_69' title='bbox 452 442 518 472; x_wconf 86' lang='lat' dir='ltr'>sola</span> <span class='ocrx_word' id='word_1_70' title='bbox 542 441 688 471; x_wconf 85' lang='lat' dir='ltr'>materia:</span> <span class='ocrx_word' id='word_1_71' title='bbox 716 440 871 480; x_wconf 90' lang='lat' dir='ltr'>quoniam</span> <span class='ocrx_word' id='word_1_72' title='bbox 897 438 1041 469; x_wconf 87' lang='lat' dir='ltr'>universa</span> <span class='ocrx_word' id='word_1_73' title='bbox 1065 437 1195 468; x_wconf 89' lang='lat' dir='ltr'>materia</span> <span class='ocrx_word' id='word_1_74' title='bbox 1218 438 1383 477; x_wconf 87' lang='lat' dir='ltr'>agibilium</span> <span class='ocrx_word' id='word_1_75' title='bbox 1408 441 1410 483; x_wconf 79' lang='grc' dir='ltr'>Ι</span> 
     </span>
     <span class='ocr_line' id='line_1_21' title="bbox 311 481 1410 528; baseline -0.003 -12"><span class='ocrx_word' id='word_1_76' title='bbox 311 486 345 516; x_wconf 93' lang='lat' dir='ltr'>in</span> <span class='ocrx_word' id='word_1_77' title='bbox 369 486 418 516; x_wconf 92' lang='lat' dir='ltr'>his</span> <span class='ocrx_word' id='word_1_78' title='bbox 442 484 722 525; x_wconf 85' lang='lat' dir='ltr'>comprehenditur</span> <span class='ocrx_word' id='word_1_79' title='bbox 745 484 928 523; x_wconf 90' lang='lat' dir='ltr'>potentibus</span> <span class='ocrx_word' id='word_1_80' title='bbox 952 481 1116 522; x_wconf 89' lang='lat' dir='ltr'>impedire,</span> <span class='ocrx_word' id='word_1_81' title='bbox 1142 490 1178 512; x_wconf 89' lang='lat' dir='ltr'>ut</span> <span class='ocrx_word' id='word_1_82' title='bbox 1201 489 1296 522; x_wconf 89' lang='lat' dir='ltr'>patet.</span> <span class='ocrx_word' id='word_1_83' title='bbox 1408 510 1410 528; x_wconf 39' lang='grc'>1</span> 
     </span>
    </p>

    <p class='ocr_par' dir='ltr' id='par_1_10' title="bbox 306 526 1410 1405">
     <span class='ocr_line' id='line_1_22' title="bbox 368 526 1410 573; baseline -0.004 -12"><span class='ocrx_word' id='word_1_84' title='bbox 368 530 409 561; x_wconf 89' lang='lat' dir='ltr'>Et</span> <span class='ocrx_word' id='word_1_85' title='bbox 432 530 509 560; x_wconf 87' lang='lat' dir='ltr'>haec</span> <span class='ocrx_word' id='word_1_86' title='bbox 533 530 595 560; x_wconf 91' lang='lat' dir='ltr'>sint</span> <span class='ocrx_word' id='word_1_87' title='bbox 619 529 699 559; x_wconf 88' lang='lat' dir='ltr'>dicta</span> <span class='ocrx_word' id='word_1_88' title='bbox 723 535 759 558; x_wconf 93' lang='lat' dir='ltr'>ut</span> <span class='ocrx_word' id='word_1_89' title='bbox 782 528 860 558; x_wconf 85' lang='lat' dir='ltr'>scias</span> <span class='ocrx_word' id='word_1_90' title='bbox 884 526 1117 557; x_wconf 85' lang='lat' dir='ltr'>connexionem</span> <span class='ocrx_word' id='word_1_91' title='bbox 1145 526 1300 558; x_wconf 87' lang='lat' dir='ltr'>virtutum</span> <span class='ocrx_word' id='word_1_92' title='bbox 1325 537 1383 558; x_wconf 91' lang='lat' dir='ltr'>un·</span> <span class='ocrx_word' id='word_1_93' title='bbox 1408 530 1410 573; x_wconf 63' lang='grc' dir='ltr'>ἰ</span> 
     </span>
     <span class='ocr_line' id='line_1_23' title="bbox 312 571 1410 617; baseline -0.002 -13"><span class='ocrx_word' id='word_1_94' title='bbox 312 574 407 615; x_wconf 80' lang='lat' dir='ltr'>dique</span> <span class='ocrx_word' id='word_1_95' title='bbox 440 573 647 605; x_wconf 87' lang='lat' dir='ltr'>necessariam</span> <span class='ocrx_word' id='word_1_96' title='bbox 673 571 804 608; x_wconf 86' lang='lat' dir='ltr'>intueri,</span> <span class='ocrx_word' id='word_1_97' title='bbox 830 579 860 602; x_wconf 89' lang='lat' dir='ltr'>et</span> <span class='ocrx_word' id='word_1_98' title='bbox 883 581 947 600; x_wconf 89' lang='lat' dir='ltr'>non</span> <span class='ocrx_word' id='word_1_99' title='bbox 981 577 1129 610; x_wconf 83' lang='lat' dir='ltr'>oportere</span> <span class='ocrx_word' id='word_1_100' title='bbox 1157 581 1315 602; x_wconf 86' lang='lat' dir='ltr'>recurrere</span> <span class='ocrx_word' id='word_1_101' title='bbox 1343 572 1383 602; x_wconf 90' lang='lat' dir='ltr'>ad</span> <span class='ocrx_word' id='word_1_102' title='bbox 1408 578 1410 617; x_wconf 66' lang='grc' dir='ltr'>ς</span> 
     </span>
     <span class='ocr_line' id='line_1_24' title="bbox 311 615 1410 659; baseline 0 -12"><span class='ocrx_word' id='word_1_103' title='bbox 311 619 460 649; x_wconf 90' lang='lat' dir='ltr'>virtutem</span> <span class='ocrx_word' id='word_1_104' title='bbox 477 618 647 658; x_wconf 78' lang='lat' dir='ltr'>perfectam</span> <span class='ocrx_word' id='word_1_105' title='bbox 663 616 863 657; x_wconf 86' lang='lat' dir='ltr'>imperative:</span> <span class='ocrx_word' id='word_1_106' title='bbox 892 624 973 655; x_wconf 85' lang='lat' dir='ltr'>quae</span> <span class='ocrx_word' id='word_1_107' title='bbox 989 615 1063 645; x_wconf 91' lang='lat' dir='ltr'>licet</span> <span class='ocrx_word' id='word_1_108' title='bbox 1079 615 1191 646; x_wconf 84' lang='lat' dir='ltr'>elarius</span> <span class='ocrx_word' id='word_1_109' title='bbox 1213 616 1383 647; x_wconf 78' lang='lat' dir='ltr'>connexio-</span> <span class='ocrx_word' id='word_1_110' title='bbox 1408 620 1410 659; x_wconf 52' lang='grc' dir='ltr'>’ξ</span> 
     </span>
     <span class='ocr_line' id='line_1_25' title="bbox 310 659 1410 707; baseline -0.002 -14"><span class='ocrx_word' id='word_1_111' title='bbox 310 673 384 693; x_wconf 90' lang='lat' dir='ltr'>nem</span> <span class='ocrx_word' id='word_1_112' title='bbox 405 663 580 698; x_wconf 84' lang='lat' dir='ltr'>convincat,</span> <span class='ocrx_word' id='word_1_113' title='bbox 595 668 626 692; x_wconf 89' lang='lat' dir='ltr'>et</span> <span class='ocrx_word' id='word_1_114' title='bbox 648 660 768 690; x_wconf 88' lang='lat' dir='ltr'>veritati</span> <span class='ocrx_word' id='word_1_115' title='bbox 784 659 936 689; x_wconf 83' lang='lat' dir='ltr'>innitatur</span> <span class='ocrx_word' id='word_1_116' title='bbox 959 659 1114 696; x_wconf 88' lang='lat' dir='ltr'>absolute,</span> <span class='ocrx_word' id='word_1_117' title='bbox 1132 670 1199 690; x_wconf 90' lang='lat' dir='ltr'>non</span> <span class='ocrx_word' id='word_1_118' title='bbox 1222 667 1329 691; x_wconf 89' lang='lat' dir='ltr'>tamen</span> <span class='ocrx_word' id='word_1_119' title='bbox 1346 670 1383 691; x_wconf 90' lang='lat' dir='ltr'>ex</span> <span class='ocrx_word' id='word_1_120' title='bbox 1408 663 1410 707; x_wconf 60' lang='lat' dir='ltr'><strong>j</strong></span> 
     </span>
     <span class='ocr_line' id='line_1_26' title="bbox 311 703 1382 744; baseline -0.002 -7"><span class='ocrx_word' id='word_1_121' title='bbox 311 706 493 737; x_wconf 90' lang='lat' dir='ltr'>definitione</span> <span class='ocrx_word' id='word_1_122' title='bbox 509 706 632 736; x_wconf 89' lang='lat' dir='ltr'>virtutis</span> <span class='ocrx_word' id='word_1_123' title='bbox 656 705 727 734; x_wconf 88' lang='lat' dir='ltr'>data</span> <span class='ocrx_word' id='word_1_124' title='bbox 744 704 775 733; x_wconf 93' lang='lat' dir='ltr'>in</span> <span class='ocrx_word' id='word_1_125' title='bbox 793 704 818 733; x_wconf 91' lang='lat'>11</span> <span class='ocrx_word' id='word_1_126' title='bbox 835 704 939 734; x_wconf 71' lang='lat' dir='ltr'>Etkic.</span> <span class='ocrx_word' id='word_1_127' title='bbox 955 703 974 723; x_wconf 84' lang='grc'>*</span> <span class='ocrx_word' id='word_1_128' title='bbox 997 703 1131 734; x_wconf 89' lang='lat' dir='ltr'>habetur</span> <span class='ocrx_word' id='word_1_129' title='bbox 1146 704 1262 744; x_wconf 91' lang='lat' dir='ltr'>primo.</span> <span class='ocrx_word' id='word_1_130' title='bbox 1292 705 1382 742; x_wconf 92' lang='lat' dir='ltr'>Quo-</span> 
     </span>
     <span class='ocr_line' id='line_1_27' title="bbox 310 746 1409 789; baseline -0.002 -8"><span class='ocrx_word' id='word_1_131' title='bbox 310 751 396 781; x_wconf 85' lang='lat' dir='ltr'>niam</span> <span class='ocrx_word' id='word_1_132' title='bbox 426 750 568 781; x_wconf 88' lang='lat' dir='ltr'>definitio</span> <span class='ocrx_word' id='word_1_133' title='bbox 598 748 723 779; x_wconf 89' lang='lat' dir='ltr'>virtutis</span> <span class='ocrx_word' id='word_1_134' title='bbox 756 748 935 778; x_wconf 86' lang='lat' dir='ltr'>secundum</span> <span class='ocrx_word' id='word_1_135' title='bbox 966 748 1157 779; x_wconf 87' lang='lat' dir='ltr'>electionem</span> <span class='ocrx_word' id='word_1_136' title='bbox 1187 749 1219 779; x_wconf 92' lang='lat' dir='ltr'>in</span> <span class='ocrx_word' id='word_1_137' title='bbox 1253 746 1409 789; x_wconf 61' lang='lat' dir='ltr'>propria}</span> 
     </span>
     <span class='ocr_line' id='line_1_28' title="bbox 309 788 1409 838; baseline -0.003 -12"><span class='ocrx_word' id='word_1_138' title='bbox 309 803 433 826; x_wconf 85' lang='lat' dir='ltr'>tantum</span> <span class='ocrx_word' id='word_1_139' title='bbox 464 794 593 825; x_wconf 87' lang='lat' dir='ltr'>materia</span> <span class='ocrx_word' id='word_1_140' title='bbox 624 792 828 831; x_wconf 84' lang='lat' dir='ltr'>intelligenda</span> <span class='ocrx_word' id='word_1_141' title='bbox 858 792 988 833; x_wconf 81' lang='lat' dir='ltr'>proprie</span> <span class='ocrx_word' id='word_1_142' title='bbox 1016 799 1075 823; x_wconf 87' lang='lat' dir='ltr'>est:</span> <span class='ocrx_word' id='word_1_143' title='bbox 1109 793 1257 834; x_wconf 88' lang='lat' dir='ltr'>quamvis</span> <span class='ocrx_word' id='word_1_144' title='bbox 1285 803 1303 823; x_wconf 89' lang='lat' dir='ltr'>a</span> <span class='ocrx_word' id='word_1_145' title='bbox 1331 803 1382 824; x_wconf 90' lang='lat' dir='ltr'>me</span> <span class='ocrx_word' id='word_1_146' title='bbox 1407 788 1409 838; x_wconf 59' lang='grc'>]</span> 
     </span>
     <span class='ocr_line' id='line_1_29' title="bbox 309 837 1409 879; baseline -0.002 -9"><span class='ocrx_word' id='word_1_147' title='bbox 309 840 403 870; x_wconf 83' lang='lat' dir='ltr'>fuerit</span> <span class='ocrx_word' id='word_1_148' title='bbox 427 846 552 869; x_wconf 85' lang='lat' dir='ltr'>extensa</span> <span class='ocrx_word' id='word_1_149' title='bbox 576 837 615 867; x_wconf 91' lang='lat' dir='ltr'>ad</span> <span class='ocrx_word' id='word_1_150' title='bbox 639 837 773 867; x_wconf 87' lang='lat' dir='ltr'>eandem</span> <span class='ocrx_word' id='word_1_151' title='bbox 796 837 977 867; x_wconf 86' lang='lat' dir='ltr'>secundum</span> <span class='ocrx_word' id='word_1_152' title='bbox 1000 837 1172 878; x_wconf 91' lang='lat' dir='ltr'>imperium</span> <span class='ocrx_word' id='word_1_153' title='bbox 1197 838 1237 868; x_wconf 88' lang='lat' dir='ltr'>ad</span> <span class='ocrx_word' id='word_1_154' title='bbox 1260 837 1310 868; x_wconf 89' lang='lat' dir='ltr'>sui</span> <span class='ocrx_word' id='word_1_155' title='bbox 1334 847 1382 868; x_wconf 82' lang='lat' dir='ltr'>sa·</span> <span class='ocrx_word' id='word_1_156' title='bbox 1407 843 1409 879; x_wconf 68' lang='lat' dir='ltr'>j</span> 
     </span>
     <span class='ocr_line' id='line_1_30' title="bbox 309 881 1409 922; baseline -0.002 -8"><span class='ocrx_word' id='word_1_157' title='bbox 309 885 408 914; x_wconf 89' lang='lat' dir='ltr'>lutem</span> <span class='ocrx_word' id='word_1_158' title='bbox 441 882 668 917; x_wconf 88' lang='lat' dir='ltr'>necessarium,</span> <span class='ocrx_word' id='word_1_159' title='bbox 693 881 783 922; x_wconf 91' lang='lat' dir='ltr'>quod</span> <span class='ocrx_word' id='word_1_160' title='bbox 803 891 868 912; x_wconf 93' lang='lat' dir='ltr'>non</span> <span class='ocrx_word' id='word_1_161' title='bbox 893 881 1019 922; x_wconf 85' lang='lat' dir='ltr'>primo,</span> <span class='ocrx_word' id='word_1_162' title='bbox 1044 882 1099 912; x_wconf 88' lang='lat' dir='ltr'>sed</span> <span class='ocrx_word' id='word_1_163' title='bbox 1130 882 1319 912; x_wconf 88' lang='lat' dir='ltr'>secundario</span> <span class='ocrx_word' id='word_1_164' title='bbox 1342 883 1382 912; x_wconf 87' lang='lat' dir='ltr'>ad</span> <span class='ocrx_word' id='word_1_165' title='bbox 1407 898 1409 902; x_wconf 94' lang='lat'>·</span> 
     </span>
     <span class='ocr_line' id='line_1_31' title="bbox 307 925 1383 968; baseline 0.001 -11"><span class='ocrx_word' id='word_1_166' title='bbox 307 928 454 958; x_wconf 90' lang='lat' dir='ltr'>virtutem</span> <span class='ocrx_word' id='word_1_167' title='bbox 484 933 612 968; x_wconf 85' lang='lat' dir='ltr'>spectat.</span> <span class='ocrx_word' id='word_1_168' title='bbox 638 926 678 956; x_wconf 86' lang='lat' dir='ltr'>Et</span> <span class='ocrx_word' id='word_1_169' title='bbox 707 925 780 956; x_wconf 90' lang='lat' dir='ltr'>ideo</span> <span class='ocrx_word' id='word_1_170' title='bbox 815 935 851 956; x_wconf 83' lang='lat' dir='ltr'>ex</span> <span class='ocrx_word' id='word_1_171' title='bbox 886 925 1071 957; x_wconf 89' lang='lat' dir='ltr'>definitione</span> <span class='ocrx_word' id='word_1_172' title='bbox 1095 927 1219 957; x_wconf 87' lang='lat' dir='ltr'>virtutis</span> <span class='ocrx_word' id='word_1_173' title='bbox 1249 927 1383 958; x_wconf 86' lang='lat' dir='ltr'>habetur</span> 
     </span>
     <span class='ocr_line' id='line_1_32' title="bbox 307 970 1408 1012; baseline 0 -10"><span class='ocrx_word' id='word_1_174' title='bbox 307 971 494 1002; x_wconf 84' lang='lat' dir='ltr'>secundario</span> <span class='ocrx_word' id='word_1_175' title='bbox 518 970 669 1012; x_wconf 89' lang='lat' dir='ltr'>perfectio</span> <span class='ocrx_word' id='word_1_176' title='bbox 694 970 880 1010; x_wconf 82' lang='lat' dir='ltr'>imperativa</span> <span class='ocrx_word' id='word_1_177' title='bbox 903 971 1038 1002; x_wconf 86' lang='lat' dir='ltr'>virtutis.</span> <span class='ocrx_word' id='word_1_178' title='bbox 1070 972 1111 1002; x_wconf 87' lang='lat' dir='ltr'>Et</span> <span class='ocrx_word' id='word_1_179' title='bbox 1133 971 1208 1012; x_wconf 82' lang='lat' dir='ltr'>quia</span> <span class='ocrx_word' id='word_1_180' title='bbox 1231 981 1324 1002; x_wconf 89' lang='lat' dir='ltr'>verae</span> <span class='ocrx_word' id='word_1_181' title='bbox 1346 982 1382 1002; x_wconf 90' lang='lat' dir='ltr'>ac</span> <span class='ocrx_word' id='word_1_182' title='bbox 1407 974 1408 1007; x_wconf 57' lang='grc' dir='ltr'>ζ</span> 
     </span>
     <span class='ocr_line' id='line_1_33' title="bbox 308 1015 1409 1056; baseline 0.001 -10"><span class='ocrx_word' id='word_1_183' title='bbox 308 1016 463 1056; x_wconf 83' lang='lat' dir='ltr'>perfectae</span> <span class='ocrx_word' id='word_1_184' title='bbox 486 1015 594 1046; x_wconf 88' lang='lat' dir='ltr'>virtuti</span> <span class='ocrx_word' id='word_1_185' title='bbox 618 1015 781 1051; x_wconf 90' lang='lat' dir='ltr'>convenit,</span> <span class='ocrx_word' id='word_1_186' title='bbox 803 1016 876 1046; x_wconf 88' lang='lat' dir='ltr'>licet</span> <span class='ocrx_word' id='word_1_187' title='bbox 899 1016 1098 1053; x_wconf 83' lang='lat' dir='ltr'>secundario,</span> <span class='ocrx_word' id='word_1_188' title='bbox 1123 1016 1283 1047; x_wconf 87' lang='lat' dir='ltr'>convincit</span> <span class='ocrx_word' id='word_1_189' title='bbox 1306 1026 1382 1047; x_wconf 85' lang='lat' dir='ltr'>con·</span> <span class='ocrx_word' id='word_1_190' title='bbox 1406 1022 1409 1043; x_wconf 63' lang='lat'><em>1</em></span> 
     </span>
     <span class='ocr_line' id='line_1_34' title="bbox 307 1060 1381 1101; baseline 0.001 -10"><span class='ocrx_word' id='word_1_191' title='bbox 307 1061 476 1091; x_wconf 86' lang='lat' dir='ltr'>nexionem</span> <span class='ocrx_word' id='word_1_192' title='bbox 499 1061 672 1096; x_wconf 87' lang='lat' dir='ltr'>virtutum,</span> <span class='ocrx_word' id='word_1_193' title='bbox 697 1067 733 1091; x_wconf 90' lang='lat' dir='ltr'>ut</span> <span class='ocrx_word' id='word_1_194' title='bbox 756 1060 798 1090; x_wconf 91' lang='lat' dir='ltr'>ibi</span> <span class='ocrx_word' id='word_1_195' title='bbox 823 1068 1039 1092; x_wconf 86' lang='lat' dir='ltr'>monstratum</span> <span class='ocrx_word' id='word_1_196' title='bbox 1068 1068 1123 1092; x_wconf 86' lang='lat' dir='ltr'>est.</span> <span class='ocrx_word' id='word_1_197' title='bbox 1156 1062 1197 1092; x_wconf 87' lang='lat' dir='ltr'>Et</span> <span class='ocrx_word' id='word_1_198' title='bbox 1223 1061 1381 1101; x_wconf 84' lang='lat' dir='ltr'>praesenti</span> 
     </span>
     <span class='ocr_line' id='line_1_35' title="bbox 307 1104 1382 1146; baseline 0.001 -11"><span class='ocrx_word' id='word_1_199' title='bbox 307 1105 401 1136; x_wconf 89' lang='lat' dir='ltr'>servit</span> <span class='ocrx_word' id='word_1_200' title='bbox 424 1105 607 1146; x_wconf 85' lang='lat' dir='ltr'>proposito,</span> <span class='ocrx_word' id='word_1_201' title='bbox 636 1104 691 1135; x_wconf 90' lang='lat' dir='ltr'>ubi</span> <span class='ocrx_word' id='word_1_202' title='bbox 715 1104 850 1136; x_wconf 88' lang='lat' dir='ltr'>dicimus</span> <span class='ocrx_word' id='word_1_203' title='bbox 880 1106 969 1146; x_wconf 90' lang='lat' dir='ltr'>quod</span> <span class='ocrx_word' id='word_1_204' title='bbox 993 1105 1127 1142; x_wconf 82' lang='lat' dir='ltr'>iustitia,</span> <span class='ocrx_word' id='word_1_205' title='bbox 1153 1116 1219 1136; x_wconf 90' lang='lat' dir='ltr'>non</span> <span class='ocrx_word' id='word_1_206' title='bbox 1242 1105 1323 1136; x_wconf 87' lang='lat' dir='ltr'>infra</span> <span class='ocrx_word' id='word_1_207' title='bbox 1346 1106 1382 1137; x_wconf 91' lang='lat' dir='ltr'>li-</span> 
     </span>
     <span class='ocr_line' id='line_1_36' title="bbox 306 1148 1381 1191; baseline 0.001 -11"><span class='ocrx_word' id='word_1_208' title='bbox 306 1150 399 1181; x_wconf 88' lang='lat' dir='ltr'>mites</span> <span class='ocrx_word' id='word_1_209' title='bbox 423 1150 534 1186; x_wconf 83' lang='lat' dir='ltr'>sistens</span> <span class='ocrx_word' id='word_1_210' title='bbox 565 1149 729 1191; x_wconf 88' lang='lat' dir='ltr'>proprios,</span> <span class='ocrx_word' id='word_1_211' title='bbox 754 1150 809 1180; x_wconf 91' lang='lat' dir='ltr'>sed</span> <span class='ocrx_word' id='word_1_212' title='bbox 840 1156 875 1180; x_wconf 90' lang='lat' dir='ltr'>ut</span> <span class='ocrx_word' id='word_1_213' title='bbox 897 1150 1033 1191; x_wconf 89' lang='lat' dir='ltr'>imperat</span> <span class='ocrx_word' id='word_1_214' title='bbox 1064 1150 1148 1181; x_wconf 89' lang='lat' dir='ltr'>actui</span> <span class='ocrx_word' id='word_1_215' title='bbox 1176 1148 1381 1187; x_wconf 87' lang='lat' dir='ltr'>fortitudinis,</span> 
     </span>
     <span class='ocr_line' id='line_1_37' title="bbox 306 1195 1383 1235; baseline 0.001 -10"><span class='ocrx_word' id='word_1_216' title='bbox 306 1195 440 1226; x_wconf 88' lang='lat' dir='ltr'>sustinet</span> <span class='ocrx_word' id='word_1_217' title='bbox 464 1201 602 1225; x_wconf 90' lang='lat' dir='ltr'>mortem</span> <span class='ocrx_word' id='word_1_218' title='bbox 626 1201 757 1235; x_wconf 89' lang='lat' dir='ltr'>propter</span> <span class='ocrx_word' id='word_1_219' title='bbox 780 1195 962 1226; x_wconf 76' lang='lat' dir='ltr'>salvandam</span> <span class='ocrx_word' id='word_1_220' title='bbox 987 1195 1159 1232; x_wconf 88' lang='lat' dir='ltr'>iustitiam,</span> <span class='ocrx_word' id='word_1_221' title='bbox 1185 1203 1215 1226; x_wconf 92' lang='lat' dir='ltr'>et</span> <span class='ocrx_word' id='word_1_222' title='bbox 1238 1195 1383 1226; x_wconf 90' lang='lat' dir='ltr'>similiter</span> 
     </span>
     <span class='ocr_line' id='line_1_38' title="bbox 306 1239 1381 1280; baseline 0.001 -10"><span class='ocrx_word' id='word_1_223' title='bbox 306 1239 514 1280; x_wconf 83' lang='lat' dir='ltr'>temperantia</span> <span class='ocrx_word' id='word_1_224' title='bbox 534 1246 564 1270; x_wconf 91' lang='lat' dir='ltr'>et</span> <span class='ocrx_word' id='word_1_225' title='bbox 580 1239 659 1270; x_wconf 86' lang='lat' dir='ltr'>aliae</span> <span class='ocrx_word' id='word_1_226' title='bbox 675 1239 806 1270; x_wconf 89' lang='lat' dir='ltr'>virtutes</span> <span class='ocrx_word' id='word_1_227' title='bbox 824 1239 954 1271; x_wconf 85' lang='lat' dir='ltr'>faciunt.</span> <span class='ocrx_word' id='word_1_228' title='bbox 980 1240 1073 1271; x_wconf 87' lang='lat' dir='ltr'>Unde</span> <span class='ocrx_word' id='word_1_229' title='bbox 1093 1250 1159 1271; x_wconf 90' lang='lat' dir='ltr'>non</span> <span class='ocrx_word' id='word_1_230' title='bbox 1177 1240 1381 1271; x_wconf 90' lang='lat' dir='ltr'>confundun-</span> 
     </span>
     <span class='ocr_line' id='line_1_39' title="bbox 306 1284 1380 1326; baseline 0.001 -11"><span class='ocrx_word' id='word_1_231' title='bbox 306 1292 358 1315; x_wconf 91' lang='lat' dir='ltr'>tur</span> <span class='ocrx_word' id='word_1_232' title='bbox 374 1284 523 1316; x_wconf 88' lang='lat' dir='ltr'>materiae</span> <span class='ocrx_word' id='word_1_233' title='bbox 539 1284 695 1315; x_wconf 79' lang='lat' dir='ltr'>virtutum</span> <span class='ocrx_word' id='word_1_234' title='bbox 708 1292 714 1314; x_wconf 74' lang='grc' dir='ltr'><em>τ</em></span> <span class='ocrx_word' id='word_1_235' title='bbox 735 1285 790 1315; x_wconf 90' lang='lat' dir='ltr'>sed</span> <span class='ocrx_word' id='word_1_236' title='bbox 807 1291 1043 1316; x_wconf 85' lang='lat' dir='ltr'>connectuntur</span> <span class='ocrx_word' id='word_1_237' title='bbox 1054 1292 1120 1316; x_wconf 87' lang='lat' dir='ltr'>tam</span> <span class='ocrx_word' id='word_1_238' title='bbox 1135 1284 1266 1316; x_wconf 86' lang='lat' dir='ltr'>virtutes</span> <span class='ocrx_word' id='word_1_239' title='bbox 1282 1295 1380 1326; x_wconf 88' lang='lat' dir='ltr'>quam</span> 
     </span>
     <span class='ocr_line' id='line_1_40' title="bbox 306 1328 1381 1370; baseline 0.001 -11"><span class='ocrx_word' id='word_1_240' title='bbox 306 1339 417 1359; x_wconf 89' lang='lat' dir='ltr'>earum</span> <span class='ocrx_word' id='word_1_241' title='bbox 449 1329 616 1365; x_wconf 88' lang='lat' dir='ltr'>materiae,</span> <span class='ocrx_word' id='word_1_242' title='bbox 642 1335 674 1359; x_wconf 91' lang='lat' dir='ltr'>et</span> <span class='ocrx_word' id='word_1_243' title='bbox 695 1328 865 1360; x_wconf 87' lang='lat' dir='ltr'>reflectitur</span> <span class='ocrx_word' id='word_1_244' title='bbox 888 1336 977 1360; x_wconf 85' lang='lat' dir='ltr'>actus</span> <span class='ocrx_word' id='word_1_245' title='bbox 1001 1329 1097 1360; x_wconf 90' lang='lat' dir='ltr'>unius</span> <span class='ocrx_word' id='word_1_246' title='bbox 1120 1339 1217 1370; x_wconf 93' lang='lat' dir='ltr'>super</span> <span class='ocrx_word' id='word_1_247' title='bbox 1242 1337 1313 1361; x_wconf 90' lang='lat' dir='ltr'>actu</span> <span class='ocrx_word' id='word_1_248' title='bbox 1338 1330 1381 1360; x_wconf 84' lang='lat' dir='ltr'>al-</span> 
     </span>
     <span class='ocr_line' id='line_1_41' title="bbox 307 1374 414 1405; baseline 0 -1"><span class='ocrx_word' id='word_1_249' title='bbox 307 1374 414 1405; x_wconf 90' lang='lat' dir='ltr'>terius.</span> 
     </span>
    </p>

    <p class='ocr_par' dir='ltr' id='par_1_11' title="bbox 297 1418 1409 1806">
     <span class='ocr_line' id='line_1_42' title="bbox 363 1418 1408 1459; baseline 0.001 -10"><span class='ocrx_word' id='word_1_250' title='bbox 363 1419 415 1450; x_wconf 90' lang='lat' dir='ltr'>IX.</span> <span class='ocrx_word' id='word_1_251' title='bbox 442 1418 476 1448; x_wconf 90' lang='lat' dir='ltr'>In</span> <span class='ocrx_word' id='word_1_252' title='bbox 496 1418 608 1449; x_wconf 90' lang='lat' dir='ltr'>eadem</span> <span class='ocrx_word' id='word_1_253' title='bbox 631 1418 841 1459; x_wconf 84' lang='lat' dir='ltr'>responsione</span> <span class='ocrx_word' id='word_1_254' title='bbox 861 1418 901 1448; x_wconf 89' lang='lat' dir='ltr'>ad</span> <span class='ocrx_word' id='word_1_255' title='bbox 917 1418 1059 1459; x_wconf 88' lang='lat' dir='ltr'>primum</span> <span class='ocrx_word' id='word_1_256' title='bbox 1083 1418 1227 1449; x_wconf 87' lang='lat' dir='ltr'>eiusdem</span> <span class='ocrx_word' id='word_1_257' title='bbox 1251 1420 1381 1450; x_wconf 87' lang='lat' dir='ltr'>secundi</span> <span class='ocrx_word' id='word_1_258' title='bbox 1406 1429 1408 1443; x_wconf 62' lang='grc' dir='ltr'>ν</span> 
     </span>
     <span class='ocr_line' id='line_1_43' title="bbox 307 1462 1382 1506; baseline 0.002 -13"><span class='ocrx_word' id='word_1_259' title='bbox 307 1463 441 1499; x_wconf 83' lang='lat' dir='ltr'>articuli,</span> <span class='ocrx_word' id='word_1_260' title='bbox 466 1463 546 1494; x_wconf 89' lang='lat' dir='ltr'>circa</span> <span class='ocrx_word' id='word_1_261' title='bbox 570 1462 663 1493; x_wconf 89' lang='lat' dir='ltr'>illud:</span> <span class='ocrx_word' id='word_1_262' title='bbox 692 1463 736 1494; x_wconf 84' lang='lat' dir='ltr'>Et</span> <span class='ocrx_word' id='word_1_263' title='bbox 758 1463 829 1500; x_wconf 83' lang='lat' dir='ltr'>hoc,</span> <span class='ocrx_word' id='word_1_264' title='bbox 845 1464 967 1494; x_wconf 85' lang='lat' dir='ltr'>scilicet</span> <span class='ocrx_word' id='word_1_265' title='bbox 988 1464 1104 1494; x_wconf 88' lang='lat' dir='ltr'>bonum</span> <span class='ocrx_word' id='word_1_266' title='bbox 1125 1465 1158 1494; x_wconf 82' lang='lat' dir='ltr'>in</span> <span class='ocrx_word' id='word_1_267' title='bbox 1178 1473 1240 1504; x_wconf 84' lang='lat' dir='ltr'>quo</span> <span class='ocrx_word' id='word_1_268' title='bbox 1263 1465 1382 1506; x_wconf 86' lang='lat' dir='ltr'>aliquis</span> 
     </span>
     <span class='ocr_line' id='line_1_44' title="bbox 297 1507 1382 1550; baseline 0.002 -12"><span class='ocrx_word' id='word_1_269' title='bbox 297 1508 476 1549; x_wconf 79' lang='lat' dir='ltr'>fimatur,</span> <span class='ocrx_word' id='word_1_270' title='bbox 501 1513 548 1539; x_wconf 83' lang='lat' dir='ltr'>est</span> <span class='ocrx_word' id='word_1_271' title='bbox 561 1507 772 1548; x_wconf 82' lang='lat' dir='ltr'>fortitudinis</span> <span class='ocrx_word' id='word_1_272' title='bbox 790 1508 885 1547; x_wconf 82' lang='lat' dir='ltr'>finis,</span> <span class='ocrx_word' id='word_1_273' title='bbox 911 1508 1046 1539; x_wconf 87' lang='lat' dir='ltr'>dubium</span> <span class='ocrx_word' id='word_1_274' title='bbox 1070 1508 1220 1539; x_wconf 87' lang='lat' dir='ltr'>occurrit:</span> <span class='ocrx_word' id='word_1_275' title='bbox 1245 1508 1321 1550; x_wconf 89' lang='lat' dir='ltr'>quia</span> <span class='ocrx_word' id='word_1_276' title='bbox 1344 1519 1382 1540; x_wconf 86' lang='lat' dir='ltr'>ex</span> 
     </span>
     <span class='ocr_line' id='line_1_45' title="bbox 307 1552 1382 1594; baseline 0.001 -11"><span class='ocrx_word' id='word_1_277' title='bbox 307 1553 369 1583; x_wconf 91' lang='lat' dir='ltr'>hoc</span> <span class='ocrx_word' id='word_1_278' title='bbox 392 1560 577 1594; x_wconf 88' lang='lat' dir='ltr'>sequeretur</span> <span class='ocrx_word' id='word_1_279' title='bbox 599 1553 690 1594; x_wconf 90' lang='lat' dir='ltr'>quod</span> <span class='ocrx_word' id='word_1_280' title='bbox 722 1562 796 1583; x_wconf 88' lang='lat' dir='ltr'>cum</span> <span class='ocrx_word' id='word_1_281' title='bbox 828 1552 900 1593; x_wconf 93' lang='lat' dir='ltr'>quis</span> <span class='ocrx_word' id='word_1_282' title='bbox 924 1553 1059 1584; x_wconf 88' lang='lat' dir='ltr'>sustinet</span> <span class='ocrx_word' id='word_1_283' title='bbox 1086 1560 1223 1584; x_wconf 87' lang='lat' dir='ltr'>mortem</span> <span class='ocrx_word' id='word_1_284' title='bbox 1251 1561 1382 1594; x_wconf 90' lang='lat' dir='ltr'>propter</span> 
     </span>
     <span class='ocr_line' id='line_1_46' title="bbox 308 1596 1408 1640; baseline 0.002 -13"><span class='ocrx_word' id='word_1_285' title='bbox 308 1597 496 1634; x_wconf 84' lang='lat' dir='ltr'>castitatem,</span> <span class='ocrx_word' id='word_1_286' title='bbox 522 1607 556 1628; x_wconf 86' lang='lat' dir='ltr'>ac</span> <span class='ocrx_word' id='word_1_287' title='bbox 581 1607 637 1636; x_wconf 92' lang='lat' dir='ltr'>per</span> <span class='ocrx_word' id='word_1_288' title='bbox 666 1597 729 1628; x_wconf 90' lang='lat' dir='ltr'>hoc</span> <span class='ocrx_word' id='word_1_289' title='bbox 759 1596 903 1628; x_wconf 86' lang='lat' dir='ltr'>firmatur</span> <span class='ocrx_word' id='word_1_290' title='bbox 925 1597 957 1628; x_wconf 92' lang='lat' dir='ltr'>in</span> <span class='ocrx_word' id='word_1_291' title='bbox 981 1598 1069 1628; x_wconf 88' lang='lat' dir='ltr'>bono</span> <span class='ocrx_word' id='word_1_292' title='bbox 1100 1597 1266 1635; x_wconf 85' lang='lat' dir='ltr'>castitatis,</span> <span class='ocrx_word' id='word_1_293' title='bbox 1291 1599 1382 1640; x_wconf 91' lang='lat' dir='ltr'>quod</span> <span class='ocrx_word' id='word_1_294' title='bbox 1406 1617 1408 1622; x_wconf 46' lang='grc' dir='ltr'><strong><em>ι</em></strong></span> 
     </span>
     <span class='ocr_line' id='line_1_47' title="bbox 307 1641 1408 1683; baseline 0.002 -12"><span class='ocrx_word' id='word_1_295' title='bbox 307 1641 378 1672; x_wconf 88' lang='lat' dir='ltr'>finis</span> <span class='ocrx_word' id='word_1_296' title='bbox 404 1641 597 1672; x_wconf 86' lang='lat' dir='ltr'>fortitudinis</span> <span class='ocrx_word' id='word_1_297' title='bbox 621 1648 702 1672; x_wconf 88' lang='lat' dir='ltr'>esset</span> <span class='ocrx_word' id='word_1_298' title='bbox 724 1642 849 1672; x_wconf 89' lang='lat' dir='ltr'>bonum</span> <span class='ocrx_word' id='word_1_299' title='bbox 872 1642 1109 1683; x_wconf 88' lang='lat' dir='ltr'>temperantiae.</span> <span class='ocrx_word' id='word_1_300' title='bbox 1144 1643 1242 1680; x_wconf 93' lang='lat' dir='ltr'>Quod</span> <span class='ocrx_word' id='word_1_301' title='bbox 1266 1650 1312 1674; x_wconf 91' lang='lat' dir='ltr'>est</span> <span class='ocrx_word' id='word_1_302' title='bbox 1335 1643 1381 1673; x_wconf 92' lang='lat' dir='ltr'>in-</span> <span class='ocrx_word' id='word_1_303' title='bbox 1407 1667 1408 1682; x_wconf 56' lang='grc'>,</span> 
     </span>
     <span class='ocr_line' id='line_1_48' title="bbox 308 1686 1409 1729; baseline 0.002 -12"><span class='ocrx_word' id='word_1_304' title='bbox 308 1687 518 1717; x_wconf 84' lang='lat' dir='ltr'>conveniens:</span> <span class='ocrx_word' id='word_1_305' title='bbox 543 1686 697 1726; x_wconf 84' lang='lat' dir='ltr'>quoniam</span> <span class='ocrx_word' id='word_1_306' title='bbox 711 1686 797 1727; x_wconf 83' lang='lat' dir='ltr'>finis</span> <span class='ocrx_word' id='word_1_307' title='bbox 820 1692 868 1718; x_wconf 86' lang='lat' dir='ltr'>est</span> <span class='ocrx_word' id='word_1_308' title='bbox 890 1687 1026 1718; x_wconf 82' lang='lat' dir='ltr'>nobilior</span> <span class='ocrx_word' id='word_1_309' title='bbox 1049 1696 1086 1717; x_wconf 89' lang='lat' dir='ltr'>eo</span> <span class='ocrx_word' id='word_1_310' title='bbox 1109 1687 1194 1727; x_wconf 81' lang='lat' dir='ltr'>quod</span> <span class='ocrx_word' id='word_1_311' title='bbox 1217 1692 1264 1718; x_wconf 90' lang='lat' dir='ltr'>est</span> <span class='ocrx_word' id='word_1_312' title='bbox 1286 1688 1330 1719; x_wconf 83' lang='lat' dir='ltr'>ad</span> <span class='ocrx_word' id='word_1_313' title='bbox 1336 1688 1382 1729; x_wconf 83' lang='lat' dir='ltr'>fi·</span> <span class='ocrx_word' id='word_1_314' title='bbox 1406 1688 1409 1724; x_wconf 71' lang='grc' dir='ltr'>ἰ</span> 
     </span>
     <span class='ocr_line' id='line_1_49' title="bbox 307 1730 1381 1772; baseline 0.001 -10"><span class='ocrx_word' id='word_1_315' title='bbox 307 1741 377 1762; x_wconf 91' lang='lat' dir='ltr'>nem</span> <span class='ocrx_word' id='word_1_316' title='bbox 394 1731 426 1767; x_wconf 90' lang='lat'>*;</span> <span class='ocrx_word' id='word_1_317' title='bbox 452 1730 608 1761; x_wconf 86' lang='lat' dir='ltr'>fortitudo</span> <span class='ocrx_word' id='word_1_318' title='bbox 633 1737 741 1761; x_wconf 88' lang='lat' dir='ltr'>autern</span> <span class='ocrx_word' id='word_1_319' title='bbox 764 1738 811 1761; x_wconf 91' lang='lat' dir='ltr'>est</span> <span class='ocrx_word' id='word_1_320' title='bbox 843 1731 1051 1772; x_wconf 82' lang='lat' dir='ltr'>temperantia</span> <span class='ocrx_word' id='word_1_321' title='bbox 1074 1731 1228 1768; x_wconf 87' lang='lat' dir='ltr'>nobilior,</span> <span class='ocrx_word' id='word_1_322' title='bbox 1257 1739 1287 1762; x_wconf 92' lang='lat' dir='ltr'>et</span> <span class='ocrx_word' id='word_1_323' title='bbox 1315 1742 1381 1763; x_wconf 91' lang='lat' dir='ltr'>non</span> 
     </span>
     <span class='ocr_line' id='line_1_50' title="bbox 307 1783 468 1806; baseline -0.006 0"><span class='ocrx_word' id='word_1_324' title='bbox 307 1786 324 1806; x_wconf 92' lang='lat' dir='ltr'>e</span> <span class='ocrx_word' id='word_1_325' title='bbox 349 1783 468 1806; x_wconf 83' lang='lat' dir='ltr'>contra.</span> 
     </span>
    </p>

    <p class='ocr_par' dir='ltr' id='par_1_12' title="bbox 300 1819 1382 2252">
     <span class='ocr_line' id='line_1_51' title="bbox 363 1819 1381 1860; baseline 0.001 -10"><span class='ocrx_word' id='word_1_326' title='bbox 363 1820 403 1850; x_wconf 89' lang='lat' dir='ltr'>Et</span> <span class='ocrx_word' id='word_1_327' title='bbox 426 1826 560 1859; x_wconf 85' lang='lat' dir='ltr'>augetur</span> <span class='ocrx_word' id='word_1_328' title='bbox 583 1819 728 1849; x_wconf 85' lang='lat' dir='ltr'>dubium.</span> <span class='ocrx_word' id='word_1_329' title='bbox 753 1819 838 1856; x_wconf 87' lang='lat' dir='ltr'>Quia</span> <span class='ocrx_word' id='word_1_330' title='bbox 861 1821 1037 1850; x_wconf 88' lang='lat' dir='ltr'>Auctorem</span> <span class='ocrx_word' id='word_1_331' title='bbox 1060 1819 1151 1860; x_wconf 91' lang='lat' dir='ltr'>loqui</span> <span class='ocrx_word' id='word_1_332' title='bbox 1175 1820 1214 1850; x_wconf 91' lang='lat' dir='ltr'>de</span> <span class='ocrx_word' id='word_1_333' title='bbox 1229 1819 1293 1850; x_wconf 87' lang='lat' dir='ltr'>fine</span> <span class='ocrx_word' id='word_1_334' title='bbox 1316 1820 1381 1851; x_wconf 87' lang='lat' dir='ltr'>for-</span> 
     </span>
     <span class='ocr_line' id='line_1_52' title="bbox 306 1862 1380 1904; baseline 0.001 -10"><span class='ocrx_word' id='word_1_335' title='bbox 306 1864 449 1895; x_wconf 89' lang='lat' dir='ltr'>titudinis</span> <span class='ocrx_word' id='word_1_336' title='bbox 467 1873 503 1894; x_wconf 86' lang='lat' dir='ltr'>ex</span> <span class='ocrx_word' id='word_1_337' title='bbox 519 1870 607 1903; x_wconf 85' lang='lat' dir='ltr'>parte</span> <span class='ocrx_word' id='word_1_338' title='bbox 623 1870 711 1894; x_wconf 87' lang='lat' dir='ltr'>actus</span> <span class='ocrx_word' id='word_1_339' title='bbox 731 1862 936 1899; x_wconf 84' lang='lat' dir='ltr'>fortitudinis,</span> <span class='ocrx_word' id='word_1_340' title='bbox 957 1864 1112 1904; x_wconf 91' lang='lat' dir='ltr'>probatur</span> <span class='ocrx_word' id='word_1_341' title='bbox 1127 1873 1164 1894; x_wconf 87' lang='lat' dir='ltr'>ex</span> <span class='ocrx_word' id='word_1_342' title='bbox 1179 1864 1282 1894; x_wconf 89' lang='lat' dir='ltr'>verbis</span> <span class='ocrx_word' id='word_1_343' title='bbox 1298 1864 1380 1895; x_wconf 87' lang='lat' dir='ltr'>eius-</span> 
     </span>
     <span class='ocr_line' id='line_1_53' title="bbox 306 1907 1380 1948; baseline 0 -9"><span class='ocrx_word' id='word_1_344' title='bbox 306 1909 379 1939; x_wconf 89' lang='lat' dir='ltr'>dem</span> <span class='ocrx_word' id='word_1_345' title='bbox 403 1909 434 1939; x_wconf 91' lang='lat' dir='ltr'>in</span> <span class='ocrx_word' id='word_1_346' title='bbox 460 1908 604 1948; x_wconf 88' lang='lat' dir='ltr'>sequenti</span> <span class='ocrx_word' id='word_1_347' title='bbox 628 1907 772 1943; x_wconf 86' lang='lat' dir='ltr'>articulo,</span> <span class='ocrx_word' id='word_1_348' title='bbox 794 1907 847 1938; x_wconf 89' lang='lat' dir='ltr'>ubi</span> <span class='ocrx_word' id='word_1_349' title='bbox 865 1907 956 1938; x_wconf 81' lang='lat' dir='ltr'>dicit:</span> <span class='ocrx_word' id='word_1_350' title='bbox 987 1908 1143 1939; x_wconf 83' lang='lat' dir='ltr'>Tolerare</span> <span class='ocrx_word' id='word_1_351' title='bbox 1156 1913 1292 1939; x_wconf 86' lang='lat' dir='ltr'>mortem</span> <span class='ocrx_word' id='word_1_352' title='bbox 1317 1918 1380 1939; x_wconf 91' lang='lat' dir='ltr'>non</span> 
     </span>
     <span class='ocr_line' id='line_1_54' title="bbox 305 1952 1381 1993; baseline 0 -9"><span class='ocrx_word' id='word_1_353' title='bbox 305 1959 353 1984; x_wconf 89' lang='lat' dir='ltr'>est</span> <span class='ocrx_word' id='word_1_354' title='bbox 376 1953 540 1984; x_wconf 83' lang='lat' dir='ltr'>laudabile</span> <span class='ocrx_word' id='word_1_355' title='bbox 562 1952 738 1983; x_wconf 85' lang='lat' dir='ltr'>secundum</span> <span class='ocrx_word' id='word_1_356' title='bbox 761 1961 807 1989; x_wconf 82' lang='lat' dir='ltr'>se,</span> <span class='ocrx_word' id='word_1_357' title='bbox 824 1952 881 1983; x_wconf 85' lang='lat' dir='ltr'>sed</span> <span class='ocrx_word' id='word_1_358' title='bbox 903 1952 1007 1983; x_wconf 85' lang='lat' dir='ltr'>solum</span> <span class='ocrx_word' id='word_1_359' title='bbox 1024 1953 1200 1984; x_wconf 82' lang='lat' dir='ltr'>secundum</span> <span class='ocrx_word' id='word_1_360' title='bbox 1220 1953 1307 1993; x_wconf 81' lang='lat' dir='ltr'>quod</span> <span class='ocrx_word' id='word_1_361' title='bbox 1329 1963 1381 1984; x_wconf 88' lang='lat' dir='ltr'>or-</span> 
     </span>
     <span class='ocr_line' id='line_1_55' title="bbox 304 1997 1380 2038; baseline 0.002 -10"><span class='ocrx_word' id='word_1_362' title='bbox 304 1998 440 2029; x_wconf 83' lang='lat' dir='ltr'>dinatur</span> <span class='ocrx_word' id='word_1_363' title='bbox 462 1998 506 2028; x_wconf 87' lang='lat' dir='ltr'>ad</span> <span class='ocrx_word' id='word_1_364' title='bbox 529 1997 661 2038; x_wconf 81' lang='lat' dir='ltr'>aliquod</span> <span class='ocrx_word' id='word_1_365' title='bbox 683 1997 801 2027; x_wconf 83' lang='lat' dir='ltr'>bonum</span> <span class='ocrx_word' id='word_1_366' title='bbox 821 1997 906 2037; x_wconf 83' lang='lat' dir='ltr'>quod</span> <span class='ocrx_word' id='word_1_367' title='bbox 920 1998 1065 2028; x_wconf 80' lang='lat' dir='ltr'>consistit</span> <span class='ocrx_word' id='word_1_368' title='bbox 1087 1998 1120 2028; x_wconf 86' lang='lat' dir='ltr'>in</span> <span class='ocrx_word' id='word_1_369' title='bbox 1144 2002 1220 2028; x_wconf 87' lang='lat' dir='ltr'>actu</span> <span class='ocrx_word' id='word_1_370' title='bbox 1241 1998 1380 2036; x_wconf 75' lang='lat' dir='ltr'>virtutis,</span> 
     </span>
     <span class='ocr_line' id='line_1_56' title="bbox 300 2042 1380 2083; baseline 0.001 -10"><span class='ocrx_word' id='word_1_371' title='bbox 300 2047 383 2083; x_wconf 80' lang='lat' dir='ltr'>puta</span> <span class='ocrx_word' id='word_1_372' title='bbox 407 2042 450 2073; x_wconf 83' lang='lat' dir='ltr'>ad</span> <span class='ocrx_word' id='word_1_373' title='bbox 461 2042 567 2083; x_wconf 84' lang='lat' dir='ltr'>fidem</span> <span class='ocrx_word' id='word_1_374' title='bbox 585 2047 616 2073; x_wconf 88' lang='lat' dir='ltr'>et</span> <span class='ocrx_word' id='word_1_375' title='bbox 631 2042 675 2072; x_wconf 84' lang='lat' dir='ltr'>ad</span> <span class='ocrx_word' id='word_1_376' title='bbox 690 2042 891 2073; x_wconf 83' lang='lat' dir='ltr'>dilectionem</span> <span class='ocrx_word' id='word_1_377' title='bbox 911 2042 984 2072; x_wconf 87' lang='lat' dir='ltr'>Dei.</span> <span class='ocrx_word' id='word_1_378' title='bbox 1013 2042 1105 2073; x_wconf 86' lang='lat' dir='ltr'>Unde</span> <span class='ocrx_word' id='word_1_379' title='bbox 1124 2042 1179 2072; x_wconf 81' lang='lat' dir='ltr'>ille</span> <span class='ocrx_word' id='word_1_380' title='bbox 1199 2047 1293 2073; x_wconf 84' lang='lat' dir='ltr'>actus</span> <span class='ocrx_word' id='word_1_381' title='bbox 1317 2044 1380 2074; x_wconf 81' lang='lat' dir='ltr'>vir-</span> 
     </span>
     <span class='ocr_line' id='line_1_57' title="bbox 305 2086 1381 2128; baseline 0 -10"><span class='ocrx_word' id='word_1_382' title='bbox 305 2088 394 2126; x_wconf 87' lang='lat' dir='ltr'>tutis,</span> <span class='ocrx_word' id='word_1_383' title='bbox 419 2097 491 2118; x_wconf 88' lang='lat' dir='ltr'>cum</span> <span class='ocrx_word' id='word_1_384' title='bbox 515 2088 557 2118; x_wconf 81' lang='lat' dir='ltr'>sit</span> <span class='ocrx_word' id='word_1_385' title='bbox 568 2087 663 2128; x_wconf 83' lang='lat' dir='ltr'>finis,</span> <span class='ocrx_word' id='word_1_386' title='bbox 689 2087 804 2117; x_wconf 84' lang='lat' dir='ltr'>melior</span> <span class='ocrx_word' id='word_1_387' title='bbox 827 2092 882 2118; x_wconf 87' lang='lat' dir='ltr'>est.</span> <span class='ocrx_word' id='word_1_388' title='bbox 915 2086 1003 2117; x_wconf 83' lang='lat' dir='ltr'>Haec</span> <span class='ocrx_word' id='word_1_389' title='bbox 1030 2086 1093 2118; x_wconf 89' lang='lat' dir='ltr'>ille.</span> <span class='ocrx_word' id='word_1_390' title='bbox 1126 2087 1173 2117; x_wconf 87' lang='lat' dir='ltr'>Ex</span> <span class='ocrx_word' id='word_1_391' title='bbox 1197 2086 1318 2118; x_wconf 84' lang='lat' dir='ltr'>ultimis</span> <span class='ocrx_word' id='word_1_392' title='bbox 1341 2087 1381 2118; x_wconf 87' lang='lat' dir='ltr'>si-</span> 
     </span>
     <span class='ocr_line' id='line_1_58' title="bbox 304 2131 1382 2173; baseline 0 -10"><span class='ocrx_word' id='word_1_393' title='bbox 304 2132 436 2173; x_wconf 90' lang='lat' dir='ltr'>quidem</span> <span class='ocrx_word' id='word_1_394' title='bbox 452 2131 555 2163; x_wconf 88' lang='lat' dir='ltr'>verbis</span> <span class='ocrx_word' id='word_1_395' title='bbox 571 2131 706 2162; x_wconf 86' lang='lat' dir='ltr'>habetur</span> <span class='ocrx_word' id='word_1_396' title='bbox 721 2131 810 2172; x_wconf 89' lang='lat' dir='ltr'>quod</span> <span class='ocrx_word' id='word_1_397' title='bbox 826 2131 880 2162; x_wconf 89' lang='lat' dir='ltr'>ille</span> <span class='ocrx_word' id='word_1_398' title='bbox 896 2138 984 2162; x_wconf 86' lang='lat' dir='ltr'>actus</span> <span class='ocrx_word' id='word_1_399' title='bbox 997 2131 1121 2162; x_wconf 83' lang='lat' dir='ltr'>virtutis</span> <span class='ocrx_word' id='word_1_400' title='bbox 1138 2138 1270 2172; x_wconf 89' lang='lat' dir='ltr'>propter</span> <span class='ocrx_word' id='word_1_401' title='bbox 1283 2142 1382 2173; x_wconf 89' lang='lat' dir='ltr'>quern</span> 
     </span>
     <span class='ocr_line' id='line_1_59' title="bbox 305 2174 1381 2216; baseline 0.001 -9"><span class='ocrx_word' id='word_1_402' title='bbox 305 2177 395 2208; x_wconf 84' lang='lat' dir='ltr'>fortis</span> <span class='ocrx_word' id='word_1_403' title='bbox 419 2176 553 2208; x_wconf 89' lang='lat' dir='ltr'>sustinet</span> <span class='ocrx_word' id='word_1_404' title='bbox 575 2183 607 2207; x_wconf 92' lang='lat' dir='ltr'>et</span> <span class='ocrx_word' id='word_1_405' title='bbox 629 2176 661 2206; x_wconf 89' lang='lat' dir='ltr'>in</span> <span class='ocrx_word' id='word_1_406' title='bbox 685 2186 752 2216; x_wconf 91' lang='lat' dir='ltr'>quo</span> <span class='ocrx_word' id='word_1_407' title='bbox 775 2174 929 2212; x_wconf 88' lang='lat' dir='ltr'>firmatur,</span> <span class='ocrx_word' id='word_1_408' title='bbox 945 2183 992 2207; x_wconf 91' lang='lat' dir='ltr'>est</span> <span class='ocrx_word' id='word_1_409' title='bbox 1014 2175 1097 2213; x_wconf 87' lang='lat' dir='ltr'>finis,</span> <span class='ocrx_word' id='word_1_410' title='bbox 1117 2183 1148 2207; x_wconf 89' lang='lat' dir='ltr'>et</span> <span class='ocrx_word' id='word_1_411' title='bbox 1172 2176 1287 2207; x_wconf 90' lang='lat' dir='ltr'>melior</span> <span class='ocrx_word' id='word_1_412' title='bbox 1309 2183 1381 2208; x_wconf 89' lang='lat' dir='ltr'>actu</span> 
     </span>
     <span class='ocr_line' id='line_1_60' title="bbox 306 2221 511 2252; baseline 0 0"><span class='ocrx_word' id='word_1_413' title='bbox 306 2221 511 2252; x_wconf 66' lang='lat' dir='ltr'>fortitudinis</span> 
     </span>
    </p>

    <p class='ocr_par' dir='ltr' id='par_1_13' title="bbox 306 2265 1383 2342">
     <span class='ocr_line' id='line_1_61' title="bbox 362 2265 1383 2307; baseline 0 -10"><span class='ocrx_word' id='word_1_414' title='bbox 362 2266 412 2296; x_wconf 76' lang='lat' dir='ltr'>Ad</span> <span class='ocrx_word' id='word_1_415' title='bbox 435 2266 496 2297; x_wconf 93' lang='lat' dir='ltr'>hoc</span> <span class='ocrx_word' id='word_1_416' title='bbox 513 2265 649 2296; x_wconf 90' lang='lat' dir='ltr'>dubium</span> <span class='ocrx_word' id='word_1_417' title='bbox 673 2265 795 2296; x_wconf 89' lang='lat' dir='ltr'>dicetur</span> <span class='ocrx_word' id='word_1_418' title='bbox 811 2265 957 2306; x_wconf 86' lang='lat' dir='ltr'>sequenti</span> <span class='ocrx_word' id='word_1_419' title='bbox 975 2265 1112 2297; x_wconf 87' lang='lat' dir='ltr'>articulo</span> <span class='ocrx_word' id='word_1_420' title='bbox 1127 2265 1155 2301; x_wconf 73' lang='lat'>⁸¹,</span> <span class='ocrx_word' id='word_1_421' title='bbox 1174 2265 1231 2296; x_wconf 85' lang='lat' dir='ltr'>ubi</span> <span class='ocrx_word' id='word_1_422' title='bbox 1249 2265 1383 2307; x_wconf 82' lang='lat' dir='ltr'>allegata</span> 
     </span>
     <span class='ocr_line' id='line_1_62' title="bbox 306 2310 1037 2342; baseline -0.004 -1"><span class='ocrx_word' id='word_1_423' title='bbox 306 2311 401 2342; x_wconf 87' lang='lat' dir='ltr'>verba</span> <span class='ocrx_word' id='word_1_424' title='bbox 425 2310 642 2342; x_wconf 89' lang='lat' dir='ltr'>discutientur.</span> <span class='ocrx_word' id='word_1_425' title='bbox 1017 2312 1037 2322; x_wconf 34' lang='grc' dir='ltr'>χ</span> 
     </span>
    </p>

    <p class='ocr_par' dir='ltr' id='par_1_14' title="bbox 307 2354 1383 2575">
     <span class='ocr_line' id='line_1_63' title="bbox 361 2354 1380 2396; baseline -0.001 -10"><span class='ocrx_word' id='word_1_426' title='bbox 361 2356 401 2386; x_wconf 88' lang='lat' dir='ltr'>X.</span> <span class='ocrx_word' id='word_1_427' title='bbox 425 2355 460 2386; x_wconf 88' lang='lat' dir='ltr'>ln</span> <span class='ocrx_word' id='word_1_428' title='bbox 478 2355 589 2386; x_wconf 85' lang='lat' dir='ltr'>eadem</span> <span class='ocrx_word' id='word_1_429' title='bbox 608 2354 815 2395; x_wconf 81' lang='lat' dir='ltr'>responsione</span> <span class='ocrx_word' id='word_1_430' title='bbox 839 2354 974 2385; x_wconf 88' lang='lat' dir='ltr'>dubium</span> <span class='ocrx_word' id='word_1_431' title='bbox 994 2354 1081 2386; x_wconf 88' lang='lat' dir='ltr'>aliud</span> <span class='ocrx_word' id='word_1_432' title='bbox 1101 2365 1138 2386; x_wconf 88' lang='lat' dir='ltr'>ex</span> <span class='ocrx_word' id='word_1_433' title='bbox 1157 2354 1307 2396; x_wconf 85' lang='lat' dir='ltr'>Martino,</span> <span class='ocrx_word' id='word_1_434' title='bbox 1324 2354 1380 2386; x_wconf 89' lang='lat' dir='ltr'>ibi-</span> 
     </span>
     <span class='ocr_line' id='line_1_64' title="bbox 307 2399 1383 2441; baseline 0 -10"><span class='ocrx_word' id='word_1_435' title='bbox 307 2400 382 2431; x_wconf 89' lang='lat' dir='ltr'>dem</span> <span class='ocrx_word' id='word_1_436' title='bbox 392 2400 420 2436; x_wconf 81' lang='grc'>*,</span> <span class='ocrx_word' id='word_1_437' title='bbox 437 2399 583 2436; x_wconf 86' lang='lat' dir='ltr'>occurrit,</span> <span class='ocrx_word' id='word_1_438' title='bbox 600 2399 715 2430; x_wconf 87' lang='lat' dir='ltr'>directe</span> <span class='ocrx_word' id='word_1_439' title='bbox 731 2406 839 2430; x_wconf 85' lang='lat' dir='ltr'>contra</span> <span class='ocrx_word' id='word_1_440' title='bbox 863 2399 945 2430; x_wconf 88' lang='lat' dir='ltr'>hanc</span> <span class='ocrx_word' id='word_1_441' title='bbox 965 2399 1208 2440; x_wconf 88' lang='lat' dir='ltr'>responsionem</span> <span class='ocrx_word' id='word_1_442' title='bbox 1232 2406 1383 2441; x_wconf 81' lang='lat' dir='ltr'>arguente</span> 
     </span>
     <span class='ocr_line' id='line_1_65' title="bbox 307 2443 1380 2487; baseline 0.001 -12"><span class='ocrx_word' id='word_1_443' title='bbox 307 2454 367 2487; x_wconf 89' lang='lat' dir='ltr'>pro</span> <span class='ocrx_word' id='word_1_444' title='bbox 391 2451 513 2486; x_wconf 86' lang='lat' dir='ltr'>quanto</span> <span class='ocrx_word' id='word_1_445' title='bbox 538 2443 613 2475; x_wconf 89' lang='lat' dir='ltr'>dicit</span> <span class='ocrx_word' id='word_1_446' title='bbox 642 2444 732 2485; x_wconf 91' lang='lat' dir='ltr'>quod</span> <span class='ocrx_word' id='word_1_447' title='bbox 758 2445 956 2485; x_wconf 81' lang='lat' dir='ltr'>martyrium</span> <span class='ocrx_word' id='word_1_448' title='bbox 985 2450 1197 2485; x_wconf 80' lang='lat' dir='ltr'>comparatur</span> <span class='ocrx_word' id='word_1_449' title='bbox 1218 2444 1263 2475; x_wconf 82' lang='lat' dir='ltr'>ad</span> <span class='ocrx_word' id='word_1_450' title='bbox 1274 2444 1380 2486; x_wconf 81' lang='lat' dir='ltr'>fidem</span> 
     </span>
     <span class='ocr_line' id='line_1_66' title="bbox 307 2488 1380 2531; baseline 0 -10"><span class='ocrx_word' id='word_1_451' title='bbox 307 2490 392 2521; x_wconf 87' lang='lat' dir='ltr'>sicut</span> <span class='ocrx_word' id='word_1_452' title='bbox 413 2489 574 2531; x_wconf 83' lang='lat' dir='ltr'>adfinem</span> <span class='ocrx_word' id='word_1_453' title='bbox 599 2490 631 2519; x_wconf 87' lang='lat' dir='ltr'>in</span> <span class='ocrx_word' id='word_1_454' title='bbox 656 2498 719 2530; x_wconf 83' lang='lat' dir='ltr'>quo</span> <span class='ocrx_word' id='word_1_455' title='bbox 741 2489 814 2529; x_wconf 75' lang='lat' dir='ltr'>quis</span> <span class='ocrx_word' id='word_1_456' title='bbox 827 2488 1004 2530; x_wconf 75' lang='lat' dir='ltr'>firmatur,</span> <span class='ocrx_word' id='word_1_457' title='bbox 1030 2494 1061 2520; x_wconf 89' lang='lat' dir='ltr'>et</span> <span class='ocrx_word' id='word_1_458' title='bbox 1089 2489 1134 2520; x_wconf 82' lang='lat' dir='ltr'>ad</span> <span class='ocrx_word' id='word_1_459' title='bbox 1147 2488 1380 2530; x_wconf 71' lang='lat' dir='ltr'>fortitudinem</span> 
     </span>
     <span class='ocr_line' id='line_1_67' title="bbox 308 2533 1383 2575; baseline 0.001 -10"><span class='ocrx_word' id='word_1_460' title='bbox 308 2539 344 2565; x_wconf 89' lang='lat' dir='ltr'>ut</span> <span class='ocrx_word' id='word_1_461' title='bbox 366 2533 410 2565; x_wconf 85' lang='lat' dir='ltr'>ad</span> <span class='ocrx_word' id='word_1_462' title='bbox 432 2534 574 2565; x_wconf 85' lang='lat' dir='ltr'>habitum</span> <span class='ocrx_word' id='word_1_463' title='bbox 599 2533 786 2565; x_wconf 84' lang='lat' dir='ltr'>elicientem.</span> <span class='ocrx_word' id='word_1_464' title='bbox 812 2533 882 2570; x_wconf 85' lang='lat' dir='ltr'>ista,</span> <span class='ocrx_word' id='word_1_465' title='bbox 899 2533 1012 2575; x_wconf 88' lang='lat' dir='ltr'>inquit,</span> <span class='ocrx_word' id='word_1_466' title='bbox 1030 2533 1150 2565; x_wconf 86' lang='lat' dir='ltr'>solutio</span> <span class='ocrx_word' id='word_1_467' title='bbox 1167 2544 1233 2565; x_wconf 92' lang='lat' dir='ltr'>non</span> <span class='ocrx_word' id='word_1_468' title='bbox 1257 2534 1383 2566; x_wconf 90' lang='lat' dir='ltr'>videtur</span> 
     </span>
    </p>
   </div>
   <div class='ocr_carea' id='block_1_10' title="bbox 307 2577 1384 3599">
    <p class='ocr_par' dir='ltr' id='par_1_15' title="bbox 307 2577 1383 2710">
     <span class='ocr_line' id='line_1_68' title="bbox 307 2577 1383 2620; baseline 0 -10"><span class='ocrx_word' id='word_1_469' title='bbox 307 2578 460 2610; x_wconf 85' lang='lat' dir='ltr'>sufficere.</span> <span class='ocrx_word' id='word_1_470' title='bbox 485 2579 573 2609; x_wconf 89' lang='lat' dir='ltr'>Tum</span> <span class='ocrx_word' id='word_1_471' title='bbox 589 2577 664 2619; x_wconf 87' lang='lat' dir='ltr'>quia</span> <span class='ocrx_word' id='word_1_472' title='bbox 680 2578 769 2610; x_wconf 86' lang='lat' dir='ltr'>falsa.</span> <span class='ocrx_word' id='word_1_473' title='bbox 794 2578 958 2615; x_wconf 83' lang='lat' dir='ltr'>Quoniam</span> <span class='ocrx_word' id='word_1_474' title='bbox 974 2589 1039 2609; x_wconf 91' lang='lat' dir='ltr'>non</span> <span class='ocrx_word' id='word_1_475' title='bbox 1060 2578 1134 2610; x_wconf 91' lang='lat' dir='ltr'>ideo</span> <span class='ocrx_word' id='word_1_476' title='bbox 1150 2578 1223 2620; x_wconf 90' lang='lat' dir='ltr'>quis</span> <span class='ocrx_word' id='word_1_477' title='bbox 1238 2577 1383 2611; x_wconf 86' lang='lat' dir='ltr'>firmatur</span> 
     </span>
     <span class='ocr_line' id='line_1_69' title="bbox 307 2621 1382 2665; baseline 0.002 -12"><span class='ocrx_word' id='word_1_478' title='bbox 307 2623 340 2654; x_wconf 92' lang='lat' dir='ltr'>in</span> <span class='ocrx_word' id='word_1_479' title='bbox 359 2622 422 2654; x_wconf 89' lang='lat' dir='ltr'>fide</span> <span class='ocrx_word' id='word_1_480' title='bbox 438 2622 513 2665; x_wconf 88' lang='lat' dir='ltr'>quia</span> <span class='ocrx_word' id='word_1_481' title='bbox 530 2633 589 2663; x_wconf 92' lang='lat' dir='ltr'>pro</span> <span class='ocrx_word' id='word_1_482' title='bbox 606 2621 668 2653; x_wconf 91' lang='lat' dir='ltr'>fide</span> <span class='ocrx_word' id='word_1_483' title='bbox 685 2622 818 2663; x_wconf 83' lang='lat' dir='ltr'>suscipit</span> <span class='ocrx_word' id='word_1_484' title='bbox 832 2623 1037 2664; x_wconf 89' lang='lat' dir='ltr'>martyrium:</span> <span class='ocrx_word' id='word_1_485' title='bbox 1063 2624 1117 2654; x_wconf 87' lang='lat' dir='ltr'>sed</span> <span class='ocrx_word' id='word_1_486' title='bbox 1134 2633 1152 2654; x_wconf 91' lang='lat' dir='ltr'>e</span> <span class='ocrx_word' id='word_1_487' title='bbox 1168 2630 1289 2661; x_wconf 85' lang='lat' dir='ltr'>contra,</span> <span class='ocrx_word' id='word_1_488' title='bbox 1306 2625 1382 2665; x_wconf 90' lang='lat' dir='ltr'>quia</span> 
     </span>
     <span class='ocr_line' id='line_1_70' title="bbox 307 2666 1382 2710; baseline 0.002 -12"><span class='ocrx_word' id='word_1_489' title='bbox 307 2667 451 2699; x_wconf 88' lang='lat' dir='ltr'>firmatus</span> <span class='ocrx_word' id='word_1_490' title='bbox 467 2675 514 2699; x_wconf 85' lang='lat' dir='ltr'>est</span> <span class='ocrx_word' id='word_1_491' title='bbox 533 2667 598 2698; x_wconf 89' lang='lat' dir='ltr'>iam</span> <span class='ocrx_word' id='word_1_492' title='bbox 617 2667 649 2698; x_wconf 88' lang='lat' dir='ltr'>in</span> <span class='ocrx_word' id='word_1_493' title='bbox 668 2666 742 2704; x_wconf 89' lang='lat' dir='ltr'>fide,</span> <span class='ocrx_word' id='word_1_494' title='bbox 762 2667 835 2698; x_wconf 92' lang='lat' dir='ltr'>ideo</span> <span class='ocrx_word' id='word_1_495' title='bbox 859 2677 918 2708; x_wconf 90' lang='lat' dir='ltr'>pro</span> <span class='ocrx_word' id='word_1_496' title='bbox 943 2667 1004 2699; x_wconf 91' lang='lat' dir='ltr'>fide</span> <span class='ocrx_word' id='word_1_497' title='bbox 1028 2668 1160 2709; x_wconf 80' lang='lat' dir='ltr'>suscipit</span> <span class='ocrx_word' id='word_1_498' title='bbox 1183 2669 1382 2710; x_wconf 87' lang='lat' dir='ltr'>martyrium.</span> 
     </span>
    </p>

    <p class='ocr_par' dir='ltr' id='par_1_16' title="bbox 307 2711 1383 2886">
     <span class='ocr_line' id='line_1_71' title="bbox 362 2711 1383 2755; baseline 0.003 -13"><span class='ocrx_word' id='word_1_499' title='bbox 362 2713 451 2743; x_wconf 85' lang='lat' dir='ltr'>Turn</span> <span class='ocrx_word' id='word_1_500' title='bbox 474 2712 550 2754; x_wconf 89' lang='lat' dir='ltr'>quia</span> <span class='ocrx_word' id='word_1_501' title='bbox 566 2722 632 2742; x_wconf 93' lang='lat' dir='ltr'>non</span> <span class='ocrx_word' id='word_1_502' title='bbox 652 2711 802 2743; x_wconf 74' lang='lat' dir='ltr'>satisfacit</span> <span class='ocrx_word' id='word_1_503' title='bbox 825 2719 1023 2752; x_wconf 83' lang='lat' dir='ltr'>argumento.</span> <span class='ocrx_word' id='word_1_504' title='bbox 1049 2713 1134 2751; x_wconf 87' lang='lat' dir='ltr'>Quia</span> <span class='ocrx_word' id='word_1_505' title='bbox 1149 2713 1224 2744; x_wconf 89' lang='lat' dir='ltr'>dato</span> <span class='ocrx_word' id='word_1_506' title='bbox 1241 2714 1330 2755; x_wconf 86' lang='lat' dir='ltr'>quod</span> <span class='ocrx_word' id='word_1_507' title='bbox 1346 2714 1383 2745; x_wconf 90' lang='lat' dir='ltr'>fi-</span> 
     </span>
     <span class='ocr_line' id='line_1_72' title="bbox 307 2756 1383 2800; baseline 0.003 -13"><span class='ocrx_word' id='word_1_508' title='bbox 307 2757 362 2787; x_wconf 89' lang='lat' dir='ltr'>des</span> <span class='ocrx_word' id='word_1_509' title='bbox 378 2757 417 2787; x_wconf 88' lang='lat' dir='ltr'>sit</span> <span class='ocrx_word' id='word_1_510' title='bbox 440 2756 512 2788; x_wconf 89' lang='lat' dir='ltr'>finis</span> <span class='ocrx_word' id='word_1_511' title='bbox 526 2756 679 2798; x_wconf 85' lang='lat' dir='ltr'>martyrii,</span> <span class='ocrx_word' id='word_1_512' title='bbox 697 2766 762 2787; x_wconf 89' lang='lat' dir='ltr'>non</span> <span class='ocrx_word' id='word_1_513' title='bbox 788 2764 918 2798; x_wconf 87' lang='lat' dir='ltr'>propter</span> <span class='ocrx_word' id='word_1_514' title='bbox 937 2757 999 2788; x_wconf 90' lang='lat' dir='ltr'>hoc</span> <span class='ocrx_word' id='word_1_515' title='bbox 1018 2765 1124 2789; x_wconf 89' lang='lat' dir='ltr'>tamen</span> <span class='ocrx_word' id='word_1_516' title='bbox 1143 2758 1278 2790; x_wconf 86' lang='lat' dir='ltr'>habetur</span> <span class='ocrx_word' id='word_1_517' title='bbox 1293 2760 1383 2800; x_wconf 90' lang='lat' dir='ltr'>quod</span> 
     </span>
     <span class='ocr_line' id='line_1_73' title="bbox 307 2801 1382 2844; baseline 0.003 -12"><span class='ocrx_word' id='word_1_518' title='bbox 307 2801 346 2832; x_wconf 91' lang='lat' dir='ltr'>sit</span> <span class='ocrx_word' id='word_1_519' title='bbox 370 2809 487 2832; x_wconf 89' lang='lat' dir='ltr'>mater:</span> <span class='ocrx_word' id='word_1_520' title='bbox 513 2801 589 2843; x_wconf 88' lang='lat' dir='ltr'>quia</span> <span class='ocrx_word' id='word_1_521' title='bbox 611 2807 712 2832; x_wconf 83' lang='lat' dir='ltr'>mater</span> <span class='ocrx_word' id='word_1_522' title='bbox 739 2811 805 2832; x_wconf 91' lang='lat' dir='ltr'>non</span> <span class='ocrx_word' id='word_1_523' title='bbox 830 2809 876 2832; x_wconf 89' lang='lat' dir='ltr'>est</span> <span class='ocrx_word' id='word_1_524' title='bbox 899 2809 1029 2842; x_wconf 82' lang='lat' dir='ltr'>propter</span> <span class='ocrx_word' id='word_1_525' title='bbox 1051 2813 1150 2844; x_wconf 87' lang='lat' dir='ltr'>quam</span> <span class='ocrx_word' id='word_1_526' title='bbox 1174 2812 1222 2834; x_wconf 87' lang='lat' dir='ltr'>res</span> <span class='ocrx_word' id='word_1_527' title='bbox 1246 2810 1302 2840; x_wconf 92' lang='lat' dir='ltr'>est,</span> <span class='ocrx_word' id='word_1_528' title='bbox 1327 2805 1382 2836; x_wconf 90' lang='lat' dir='ltr'>sed</span> 
     </span>
     <span class='ocr_line' id='line_1_74' title="bbox 308 2846 982 2886; baseline 0.001 -10"><span class='ocrx_word' id='word_1_529' title='bbox 308 2856 364 2886; x_wconf 91' lang='lat' dir='ltr'>per</span> <span class='ocrx_word' id='word_1_530' title='bbox 385 2855 483 2886; x_wconf 85' lang='lat' dir='ltr'>quam</span> <span class='ocrx_word' id='word_1_531' title='bbox 507 2856 556 2877; x_wconf 89' lang='lat' dir='ltr'>res</span> <span class='ocrx_word' id='word_1_532' title='bbox 580 2852 636 2876; x_wconf 86' lang='lat' dir='ltr'>est.</span> <span class='ocrx_word' id='word_1_533' title='bbox 661 2863 682 2870; x_wconf 89' lang='lat'>-</span> <span class='ocrx_word' id='word_1_534' title='bbox 706 2846 793 2877; x_wconf 79' lang='lat' dir='ltr'>Haec</span> <span class='ocrx_word' id='word_1_535' title='bbox 817 2846 982 2878; x_wconf 84' lang='lat' dir='ltr'>Martinus.</span> 
     </span>
    </p>

    <p class='ocr_par' dir='ltr' id='par_1_17' title="bbox 307 2890 1384 3154">
     <span class='ocr_line' id='line_1_75' title="bbox 365 2890 1383 2933; baseline 0.004 -13"><span class='ocrx_word' id='word_1_536' title='bbox 365 2890 472 2921; x_wconf 82' lang='lat' dir='ltr'>Potest</span> <span class='ocrx_word' id='word_1_537' title='bbox 491 2898 522 2921; x_wconf 90' lang='lat' dir='ltr'>et</span> <span class='ocrx_word' id='word_1_538' title='bbox 545 2897 655 2921; x_wconf 88' lang='lat' dir='ltr'>contra</span> <span class='ocrx_word' id='word_1_539' title='bbox 684 2890 770 2920; x_wconf 87' lang='lat' dir='ltr'>idem</span> <span class='ocrx_word' id='word_1_540' title='bbox 794 2891 882 2931; x_wconf 82' lang='lat' dir='ltr'>argui</span> <span class='ocrx_word' id='word_1_541' title='bbox 910 2891 985 2932; x_wconf 86' lang='lat' dir='ltr'>quia</span> <span class='ocrx_word' id='word_1_542' title='bbox 1009 2901 1064 2932; x_wconf 84' lang='lat' dir='ltr'>per</span> <span class='ocrx_word' id='word_1_543' title='bbox 1093 2891 1280 2933; x_wconf 88' lang='lat' dir='ltr'>martyrium</span> <span class='ocrx_word' id='word_1_544' title='bbox 1304 2892 1383 2924; x_wconf 88' lang='lat' dir='ltr'>fides</span> 
     </span>
     <span class='ocr_line' id='line_1_76' title="bbox 308 2935 1383 2978; baseline 0.004 -13"><span class='ocrx_word' id='word_1_545' title='bbox 308 2935 453 2976; x_wconf 87' lang='lat' dir='ltr'>martyris</span> <span class='ocrx_word' id='word_1_546' title='bbox 473 2942 659 2966; x_wconf 86' lang='lat' dir='ltr'>evacuatur:</span> <span class='ocrx_word' id='word_1_547' title='bbox 684 2935 839 2976; x_wconf 85' lang='lat' dir='ltr'>quoniam</span> <span class='ocrx_word' id='word_1_548' title='bbox 855 2943 974 2977; x_wconf 88' lang='lat' dir='ltr'>martyr</span> <span class='ocrx_word' id='word_1_549' title='bbox 990 2946 1046 2976; x_wconf 87' lang='lat' dir='ltr'>per</span> <span class='ocrx_word' id='word_1_550' title='bbox 1065 2936 1254 2978; x_wconf 84' lang='lat' dir='ltr'>martyrium</span> <span class='ocrx_word' id='word_1_551' title='bbox 1271 2938 1383 2969; x_wconf 82' lang='lat' dir='ltr'>transit</span> 
     </span>
     <span class='ocr_line' id='line_1_77' title="bbox 308 2979 1382 3022; baseline 0.004 -13"><span class='ocrx_word' id='word_1_552' title='bbox 308 2979 347 3010; x_wconf 89' lang='lat' dir='ltr'>ad</span> <span class='ocrx_word' id='word_1_553' title='bbox 371 2979 506 3020; x_wconf 88' lang='lat' dir='ltr'>patriam</span> <span class='ocrx_word' id='word_1_554' title='bbox 535 2979 712 3010; x_wconf 82' lang='lat' dir='ltr'>caelestem.</span> <span class='ocrx_word' id='word_1_555' title='bbox 744 2980 829 3020; x_wconf 79' lang='lat' dir='ltr'>Ergo</span> <span class='ocrx_word' id='word_1_556' title='bbox 854 2979 931 3011; x_wconf 89' lang='lat' dir='ltr'>fides</span> <span class='ocrx_word' id='word_1_557' title='bbox 962 2981 1107 3022; x_wconf 84' lang='lat' dir='ltr'>martyris</span> <span class='ocrx_word' id='word_1_558' title='bbox 1136 2991 1202 3012; x_wconf 86' lang='lat' dir='ltr'>non</span> <span class='ocrx_word' id='word_1_559' title='bbox 1231 2989 1278 3013; x_wconf 90' lang='lat' dir='ltr'>est</span> <span class='ocrx_word' id='word_1_560' title='bbox 1310 2982 1382 3013; x_wconf 89' lang='lat' dir='ltr'>finis</span> 
     </span>
     <span class='ocr_line' id='line_1_78' title="bbox 308 3023 1384 3068; baseline 0.004 -15"><span class='ocrx_word' id='word_1_561' title='bbox 308 3024 357 3054; x_wconf 88' lang='lat' dir='ltr'>sui</span> <span class='ocrx_word' id='word_1_562' title='bbox 382 3023 533 3065; x_wconf 86' lang='lat' dir='ltr'>martyrii.</span> <span class='ocrx_word' id='word_1_563' title='bbox 566 3023 652 3054; x_wconf 89' lang='lat' dir='ltr'>Finis</span> <span class='ocrx_word' id='word_1_564' title='bbox 677 3023 762 3054; x_wconf 90' lang='lat' dir='ltr'>enirn</span> <span class='ocrx_word' id='word_1_565' title='bbox 787 3025 906 3066; x_wconf 86' lang='lat' dir='ltr'>acquiri</span> <span class='ocrx_word' id='word_1_566' title='bbox 931 3032 986 3056; x_wconf 81' lang='lat' dir='ltr'>am</span> <span class='ocrx_word' id='word_1_567' title='bbox 1009 3026 1187 3056; x_wconf 81' lang='lat' dir='ltr'>conservari</span> <span class='ocrx_word' id='word_1_568' title='bbox 1211 3026 1304 3058; x_wconf 88' lang='lat' dir='ltr'>debet</span> <span class='ocrx_word' id='word_1_569' title='bbox 1328 3037 1384 3068; x_wconf 85' lang='lat' dir='ltr'>per</span> 
     </span>
     <span class='ocr_line' id='line_1_79' title="bbox 308 3067 1382 3109; baseline 0.005 -11"><span class='ocrx_word' id='word_1_570' title='bbox 308 3068 340 3098; x_wconf 92' lang='lat' dir='ltr'>id</span> <span class='ocrx_word' id='word_1_571' title='bbox 364 3068 453 3109; x_wconf 91' lang='lat' dir='ltr'>quod</span> <span class='ocrx_word' id='word_1_572' title='bbox 477 3074 524 3099; x_wconf 89' lang='lat' dir='ltr'>est</span> <span class='ocrx_word' id='word_1_573' title='bbox 546 3068 587 3099; x_wconf 86' lang='lat' dir='ltr'>ad</span> <span class='ocrx_word' id='word_1_574' title='bbox 610 3067 720 3099; x_wconf 88' lang='lat' dir='ltr'>finem:</span> <span class='ocrx_word' id='word_1_575' title='bbox 754 3076 784 3099; x_wconf 92' lang='lat' dir='ltr'>et</span> <span class='ocrx_word' id='word_1_576' title='bbox 809 3079 873 3100; x_wconf 91' lang='lat' dir='ltr'>non</span> <span class='ocrx_word' id='word_1_577' title='bbox 898 3069 990 3100; x_wconf 89' lang='lat' dir='ltr'>debet</span> <span class='ocrx_word' id='word_1_578' title='bbox 1014 3070 1157 3101; x_wconf 87' lang='lat' dir='ltr'>desinere</span> <span class='ocrx_word' id='word_1_579' title='bbox 1181 3080 1259 3107; x_wconf 85' lang='lat' dir='ltr'>esse,</span> <span class='ocrx_word' id='word_1_580' title='bbox 1285 3078 1320 3103; x_wconf 90' lang='lat' dir='ltr'>ut</span> <span class='ocrx_word' id='word_1_581' title='bbox 1343 3072 1382 3103; x_wconf 92' lang='lat' dir='ltr'>de</span> 
     </span>
     <span class='ocr_line' id='line_1_80' title="bbox 307 3111 807 3154; baseline 0.002 -11"><span class='ocrx_word' id='word_1_582' title='bbox 307 3111 370 3144; x_wconf 92' lang='lat' dir='ltr'>fide</span> <span class='ocrx_word' id='word_1_583' title='bbox 393 3112 549 3153; x_wconf 83' lang='lat' dir='ltr'>contingit</span> <span class='ocrx_word' id='word_1_584' title='bbox 571 3113 604 3143; x_wconf 90' lang='lat' dir='ltr'>in</span> <span class='ocrx_word' id='word_1_585' title='bbox 629 3113 807 3154; x_wconf 87' lang='lat' dir='ltr'>proposito.</span> 
     </span>
    </p>

    <p class='ocr_par' dir='ltr' id='par_1_18' title="bbox 309 3157 1384 3414">
     <span class='ocr_line' id='line_1_81' title="bbox 363 3157 1382 3199; baseline 0.003 -11"><span class='ocrx_word' id='word_1_586' title='bbox 363 3157 416 3188; x_wconf 80' lang='lat' dir='ltr'>xl.</span> <span class='ocrx_word' id='word_1_587' title='bbox 441 3158 492 3188; x_wconf 86' lang='lat' dir='ltr'>Ad</span> <span class='ocrx_word' id='word_1_588' title='bbox 515 3157 659 3198; x_wconf 89' lang='lat' dir='ltr'>primum</span> <span class='ocrx_word' id='word_1_589' title='bbox 678 3157 804 3189; x_wconf 88' lang='lat' dir='ltr'>Martini</span> <span class='ocrx_word' id='word_1_590' title='bbox 824 3157 939 3189; x_wconf 86' lang='lat' dir='ltr'>dicitur</span> <span class='ocrx_word' id='word_1_591' title='bbox 957 3159 1057 3199; x_wconf 89' lang='lat' dir='ltr'>quod,</span> <span class='ocrx_word' id='word_1_592' title='bbox 1075 3159 1151 3199; x_wconf 89' lang='lat' dir='ltr'>quia</span> <span class='ocrx_word' id='word_1_593' title='bbox 1171 3169 1291 3191; x_wconf 73' lang='lat' dir='ltr'>causae</span> <span class='ocrx_word' id='word_1_594' title='bbox 1305 3165 1382 3191; x_wconf 82' lang='lat' dir='ltr'>sunt</span> 
     </span>
     <span class='ocr_line' id='line_1_82' title="bbox 309 3201 1381 3244; baseline 0.004 -13"><span class='ocrx_word' id='word_1_595' title='bbox 309 3202 442 3232; x_wconf 84' lang='lat' dir='ltr'>invicem</span> <span class='ocrx_word' id='word_1_596' title='bbox 467 3201 636 3239; x_wconf 77' lang='lat' dir='ltr'>causae*‚</span> <span class='ocrx_word' id='word_1_597' title='bbox 661 3212 728 3233; x_wconf 91' lang='lat' dir='ltr'>non</span> <span class='ocrx_word' id='word_1_598' title='bbox 752 3203 936 3234; x_wconf 86' lang='lat' dir='ltr'>inconvenit</span> <span class='ocrx_word' id='word_1_599' title='bbox 963 3210 1138 3244; x_wconf 88' lang='lat' dir='ltr'>utrumque</span> <span class='ocrx_word' id='word_1_600' title='bbox 1162 3213 1274 3234; x_wconf 87' lang='lat' dir='ltr'>verum</span> <span class='ocrx_word' id='word_1_601' title='bbox 1298 3213 1381 3235; x_wconf 84' lang='lat' dir='ltr'>esse:</span> 
     </span>
     <span class='ocr_line' id='line_1_83' title="bbox 309 3245 1384 3290; baseline 0.005 -15"><span class='ocrx_word' id='word_1_602' title='bbox 309 3245 425 3277; x_wconf 88' lang='lat' dir='ltr'>scilicet</span> <span class='ocrx_word' id='word_1_603' title='bbox 448 3247 538 3287; x_wconf 91' lang='lat' dir='ltr'>quod</span> <span class='ocrx_word' id='word_1_604' title='bbox 561 3246 636 3288; x_wconf 87' lang='lat' dir='ltr'>quia</span> <span class='ocrx_word' id='word_1_605' title='bbox 659 3245 771 3278; x_wconf 89' lang='lat' dir='ltr'>firmus</span> <span class='ocrx_word' id='word_1_606' title='bbox 795 3247 827 3277; x_wconf 93' lang='lat' dir='ltr'>in</span> <span class='ocrx_word' id='word_1_607' title='bbox 851 3247 927 3284; x_wconf 86' lang='lat' dir='ltr'>fide,</span> <span class='ocrx_word' id='word_1_608' title='bbox 945 3247 1020 3278; x_wconf 89' lang='lat' dir='ltr'>ideo</span> <span class='ocrx_word' id='word_1_609' title='bbox 1043 3248 1228 3288; x_wconf 84' lang='lat' dir='ltr'>imperative</span> <span class='ocrx_word' id='word_1_610' title='bbox 1251 3249 1384 3290; x_wconf 81' lang='lat' dir='ltr'>suscipit</span> 
     </span>
     <span class='ocr_line' id='line_1_84' title="bbox 310 3290 1383 3334; baseline 0.005 -15"><span class='ocrx_word' id='word_1_611' title='bbox 310 3290 515 3330; x_wconf 85' lang='lat' dir='ltr'>martyrium;</span> <span class='ocrx_word' id='word_1_612' title='bbox 540 3298 570 3322; x_wconf 91' lang='lat' dir='ltr'>et</span> <span class='ocrx_word' id='word_1_613' title='bbox 594 3302 610 3322; x_wconf 90' lang='lat' dir='ltr'>e</span> <span class='ocrx_word' id='word_1_614' title='bbox 634 3298 753 3328; x_wconf 88' lang='lat' dir='ltr'>contra,</span> <span class='ocrx_word' id='word_1_615' title='bbox 778 3292 854 3333; x_wconf 88' lang='lat' dir='ltr'>quia</span> <span class='ocrx_word' id='word_1_616' title='bbox 878 3292 1009 3332; x_wconf 83' lang='lat' dir='ltr'>suscipit</span> <span class='ocrx_word' id='word_1_617' title='bbox 1033 3293 1231 3334; x_wconf 76' lang='lat' dir='ltr'>martyrium,</span> <span class='ocrx_word' id='word_1_618' title='bbox 1256 3293 1329 3324; x_wconf 87' lang='lat' dir='ltr'>ideo</span> <span class='ocrx_word' id='word_1_619' title='bbox 1353 3301 1383 3325; x_wconf 89' lang='lat' dir='ltr'>et</span> 
     </span>
     <span class='ocr_line' id='line_1_85' title="bbox 310 3334 1383 3379; baseline 0.006 -16"><span class='ocrx_word' id='word_1_620' title='bbox 310 3334 485 3370; x_wconf 90' lang='lat' dir='ltr'>meritorie,</span> <span class='ocrx_word' id='word_1_621' title='bbox 510 3342 541 3365; x_wconf 88' lang='lat' dir='ltr'>et</span> <span class='ocrx_word' id='word_1_622' title='bbox 564 3342 599 3366; x_wconf 91' lang='lat' dir='ltr'>ut</span> <span class='ocrx_word' id='word_1_623' title='bbox 623 3346 678 3376; x_wconf 90' lang='lat' dir='ltr'>per</span> <span class='ocrx_word' id='word_1_624' title='bbox 701 3336 846 3367; x_wconf 89' lang='lat' dir='ltr'>medium</span> <span class='ocrx_word' id='word_1_625' title='bbox 866 3337 905 3367; x_wconf 85' lang='lat' dir='ltr'>ad</span> <span class='ocrx_word' id='word_1_626' title='bbox 929 3335 1041 3374; x_wconf 90' lang='lat' dir='ltr'>finem,</span> <span class='ocrx_word' id='word_1_627' title='bbox 1070 3344 1101 3368; x_wconf 91' lang='lat' dir='ltr'>et</span> <span class='ocrx_word' id='word_1_628' title='bbox 1124 3337 1236 3368; x_wconf 84' lang='lat' dir='ltr'>saltem</span> <span class='ocrx_word' id='word_1_629' title='bbox 1261 3347 1316 3379; x_wconf 88' lang='lat' dir='ltr'>per</span> <span class='ocrx_word' id='word_1_630' title='bbox 1338 3348 1383 3369; x_wconf 85' lang='lat' dir='ltr'>re-</span> 
     </span>
     <span class='ocr_line' id='line_1_86' title="bbox 310 3378 844 3414; baseline 0.009 -7"><span class='ocrx_word' id='word_1_631' title='bbox 310 3378 531 3414; x_wconf 87' lang='lat' dir='ltr'>dundantiam,</span> <span class='ocrx_word' id='word_1_632' title='bbox 548 3378 692 3410; x_wconf 88' lang='lat' dir='ltr'>firmatur</span> <span class='ocrx_word' id='word_1_633' title='bbox 715 3381 747 3411; x_wconf 93' lang='lat' dir='ltr'>in</span> <span class='ocrx_word' id='word_1_634' title='bbox 772 3380 844 3412; x_wconf 90' lang='lat' dir='ltr'>fide.</span> 
     </span>
    </p>

    <p class='ocr_par' dir='ltr' id='par_1_19' title="bbox 311 3422 1383 3599">
     <span class='ocr_line' id='line_1_87' title="bbox 368 3422 1381 3467; baseline 0.006 -16"><span class='ocrx_word' id='word_1_635' title='bbox 368 3422 416 3452; x_wconf 84' lang='lat' dir='ltr'>Ad</span> <span class='ocrx_word' id='word_1_636' title='bbox 441 3423 618 3453; x_wconf 86' lang='lat' dir='ltr'>secundum</span> <span class='ocrx_word' id='word_1_637' title='bbox 642 3422 784 3456; x_wconf 88' lang='lat' dir='ltr'>eiusdem</span> <span class='ocrx_word' id='word_1_638' title='bbox 809 3425 923 3456; x_wconf 91' lang='lat' dir='ltr'>dicitur</span> <span class='ocrx_word' id='word_1_639' title='bbox 946 3426 1035 3466; x_wconf 88' lang='lat' dir='ltr'>quod</span> <span class='ocrx_word' id='word_1_640' title='bbox 1059 3425 1134 3467; x_wconf 84' lang='lat' dir='ltr'>quia</span> <span class='ocrx_word' id='word_1_641' title='bbox 1146 3426 1232 3467; x_wconf 63' lang='lat' dir='ltr'>finis</span> <span class='ocrx_word' id='word_1_642' title='bbox 1254 3427 1287 3457; x_wconf 85' lang='lat' dir='ltr'>in</span> <span class='ocrx_word' id='word_1_643' title='bbox 1309 3436 1381 3467; x_wconf 78' lang='lat' dir='ltr'>ope-</span> 
     </span>
     <span class='ocr_line' id='line_1_88' title="bbox 311 3466 1381 3510; baseline 0.005 -14"><span class='ocrx_word' id='word_1_644' title='bbox 311 3466 465 3497; x_wconf 73' lang='lat' dir='ltr'>rabilibus</span> <span class='ocrx_word' id='word_1_645' title='bbox 484 3472 531 3497; x_wconf 85' lang='lat' dir='ltr'>est</span> <span class='ocrx_word' id='word_1_646' title='bbox 552 3468 635 3498; x_wconf 86' lang='lat' dir='ltr'>sicut</span> <span class='ocrx_word' id='word_1_647' title='bbox 649 3469 844 3509; x_wconf 79' lang='lat' dir='ltr'>principium</span> <span class='ocrx_word' id='word_1_648' title='bbox 869 3470 900 3500; x_wconf 82' lang='lat' dir='ltr'>in</span> <span class='ocrx_word' id='word_1_649' title='bbox 924 3470 1172 3510; x_wconf 62' lang='lat' dir='ltr'>speculabimus</span> <span class='ocrx_word' id='word_1_650' title='bbox 1185 3470 1218 3506; x_wconf 76' lang='grc'>*;</span> <span class='ocrx_word' id='word_1_651' title='bbox 1236 3477 1266 3501; x_wconf 88' lang='lat' dir='ltr'>et</span> <span class='ocrx_word' id='word_1_652' title='bbox 1282 3469 1381 3501; x_wconf 77' lang='lat' dir='ltr'>virtus</span> 
     </span>
     <span class='ocr_line' id='line_1_89' title="bbox 311 3510 1381 3553; baseline 0.005 -13"><span class='ocrx_word' id='word_1_653' title='bbox 311 3510 350 3540; x_wconf 91' lang='lat' dir='ltr'>ad</span> <span class='ocrx_word' id='word_1_654' title='bbox 374 3520 473 3551; x_wconf 86' lang='lat' dir='ltr'>quam</span> <span class='ocrx_word' id='word_1_655' title='bbox 497 3519 616 3551; x_wconf 86' lang='lat' dir='ltr'>spectat</span> <span class='ocrx_word' id='word_1_656' title='bbox 638 3510 709 3542; x_wconf 85' lang='lat' dir='ltr'>finis</span> <span class='ocrx_word' id='word_1_657' title='bbox 733 3519 779 3543; x_wconf 89' lang='lat' dir='ltr'>est</span> <span class='ocrx_word' id='word_1_658' title='bbox 801 3513 987 3553; x_wconf 87' lang='lat' dir='ltr'>imperativa</span> <span class='ocrx_word' id='word_1_659' title='bbox 1010 3514 1132 3545; x_wconf 84' lang='lat' dir='ltr'>actibus</span> <span class='ocrx_word' id='word_1_660' title='bbox 1146 3513 1301 3545; x_wconf 90' lang='lat' dir='ltr'>virtutum</span> <span class='ocrx_word' id='word_1_661' title='bbox 1326 3514 1381 3544; x_wconf 87' lang='lat' dir='ltr'>ob-</span> 
     </span>
     <span class='ocr_line' id='line_1_90' title="bbox 311 3554 1383 3599; baseline 0.004 -14"><span class='ocrx_word' id='word_1_662' title='bbox 311 3554 514 3595; x_wconf 87' lang='lat' dir='ltr'>sequentium</span> <span class='ocrx_word' id='word_1_663' title='bbox 538 3555 577 3585; x_wconf 86' lang='lat' dir='ltr'>ad</span> <span class='ocrx_word' id='word_1_664' title='bbox 593 3554 704 3586; x_wconf 88' lang='lat' dir='ltr'>finem:</span> <span class='ocrx_word' id='word_1_665' title='bbox 730 3556 802 3587; x_wconf 91' lang='lat' dir='ltr'>ideo</span> <span class='ocrx_word' id='word_1_666' title='bbox 827 3566 863 3587; x_wconf 88' lang='lat' dir='ltr'>ex</span> <span class='ocrx_word' id='word_1_667' title='bbox 878 3557 939 3588; x_wconf 89' lang='lat' dir='ltr'>hoc</span> <span class='ocrx_word' id='word_1_668' title='bbox 962 3558 1035 3598; x_wconf 83' lang='lat' dir='ltr'>ipso</span> <span class='ocrx_word' id='word_1_669' title='bbox 1050 3559 1141 3599; x_wconf 91' lang='lat' dir='ltr'>quod</span> <span class='ocrx_word' id='word_1_670' title='bbox 1161 3558 1287 3589; x_wconf 81' lang='lat' dir='ltr'>bonum</span> <span class='ocrx_word' id='word_1_671' title='bbox 1311 3556 1383 3589; x_wconf 86' lang='lat' dir='ltr'>fidei</span> 
     </span>
    </p>
   </div>
   <div class='ocr_carea' id='block_1_11' title="bbox 1405 1052 1414 3680">
    <p class='ocr_par' dir='ltr' id='par_1_20' title="bbox 1405 1052 1414 3680">
     <span class='ocr_line' id='line_1_91' title="bbox 1405 1052 1414 3680; baseline 0 0"><span class='ocrx_word' id='word_1_672' title='bbox 1405 1052 1414 3680; x_wconf 95' lang='lat' dir='ltr'> </span> 
     </span>
    </p>
   </div>
   <div class='ocr_carea' id='block_1_12' title="bbox 311 3598 1382 3687">
    <p class='ocr_par' dir='ltr' id='par_1_21' title="bbox 311 3598 1382 3687">
     <span class='ocr_line' id='line_1_92' title="bbox 311 3598 1381 3643; baseline 0.004 -14"><span class='ocrx_word' id='word_1_673' title='bbox 311 3606 357 3630; x_wconf 89' lang='lat' dir='ltr'>est</span> <span class='ocrx_word' id='word_1_674' title='bbox 380 3598 452 3629; x_wconf 88' lang='lat' dir='ltr'>finis</span> <span class='ocrx_word' id='word_1_675' title='bbox 476 3599 634 3641; x_wconf 80' lang='lat' dir='ltr'>martyrii,</span> <span class='ocrx_word' id='word_1_676' title='bbox 659 3600 802 3641; x_wconf 89' lang='lat' dir='ltr'>sequitur</span> <span class='ocrx_word' id='word_1_677' title='bbox 836 3602 924 3641; x_wconf 89' lang='lat' dir='ltr'>quod</span> <span class='ocrx_word' id='word_1_678' title='bbox 955 3601 1033 3633; x_wconf 83' lang='lat' dir='ltr'>fides</span> <span class='ocrx_word' id='word_1_679' title='bbox 1062 3602 1103 3633; x_wconf 77' lang='lat' dir='ltr'>sit</span> <span class='ocrx_word' id='word_1_680' title='bbox 1132 3601 1203 3633; x_wconf 85' lang='lat' dir='ltr'>finis</span> <span class='ocrx_word' id='word_1_681' title='bbox 1231 3602 1381 3643; x_wconf 83' lang='lat' dir='ltr'>martyrii,</span> 
     </span>
     <span class='ocr_line' id='line_1_93' title="bbox 311 3643 1382 3687; baseline 0.003 -13"><span class='ocrx_word' id='word_1_682' title='bbox 311 3650 423 3684; x_wconf 90' lang='lat' dir='ltr'>utpote</span> <span class='ocrx_word' id='word_1_683' title='bbox 448 3643 597 3684; x_wconf 88' lang='lat' dir='ltr'>primario</span> <span class='ocrx_word' id='word_1_684' title='bbox 613 3644 749 3684; x_wconf 90' lang='lat' dir='ltr'>imperio</span> <span class='ocrx_word' id='word_1_685' title='bbox 766 3654 917 3684; x_wconf 83' lang='lat' dir='ltr'>generans</span> <span class='ocrx_word' id='word_1_686' title='bbox 933 3645 1012 3676; x_wconf 85' lang='lat' dir='ltr'>illud</span> <span class='ocrx_word' id='word_1_687' title='bbox 1029 3647 1067 3677; x_wconf 87' lang='lat' dir='ltr'>ad</span> <span class='ocrx_word' id='word_1_688' title='bbox 1090 3646 1258 3687; x_wconf 86' lang='lat' dir='ltr'>proprium</span> <span class='ocrx_word' id='word_1_689' title='bbox 1282 3646 1382 3687; x_wconf 70' lang='lat' dir='ltr'>ipsius</span> 
     </span>
    </p>
   </div>
   <div class='ocr_carea' id='block_1_13' title="bbox 979 270 1841 320">
    <p class='ocr_par' dir='ltr' id='par_1_22' title="bbox 979 270 1841 320">
     <span class='ocr_line' id='line_1_94' title="bbox 979 270 1841 320; baseline 0.005 -13"><span class='ocrx_word' id='word_1_690' title='bbox 979 271 1246 318; x_wconf 91' lang='lat' dir='ltr'><strong>QUAESTIO</strong></span> <span class='ocrx_word' id='word_1_691' title='bbox 1277 270 1451 320; x_wconf 86' lang='lat' dir='ltr'>CXXIV,</span> <span class='ocrx_word' id='word_1_692' title='bbox 1480 273 1779 311; x_wconf 90' lang='lat' dir='ltr'>ARTICULUS</span> <span class='ocrx_word' id='word_1_693' title='bbox 1811 275 1841 311; x_wconf 90' lang='lat'>11</span> 
     </span>
    </p>
   </div>
   <div class='ocr_carea' id='block_1_14' title="bbox 1438 350 2513 484">
    <p class='ocr_par' dir='ltr' id='par_1_23' title="bbox 1438 350 2513 484">
     <span class='ocr_line' id='line_1_95' title="bbox 1438 350 2512 395; baseline 0.004 -14"><span class='ocrx_word' id='word_1_694' title='bbox 1438 350 1512 382; x_wconf 91' lang='lat' dir='ltr'>fidei</span> <span class='ocrx_word' id='word_1_695' title='bbox 1528 352 1662 384; x_wconf 88' lang='lat' dir='ltr'>bonum.</span> <span class='ocrx_word' id='word_1_696' title='bbox 1687 353 1780 384; x_wconf 90' lang='lat' dir='ltr'>Unde</span> <span class='ocrx_word' id='word_1_697' title='bbox 1796 354 1836 383; x_wconf 90' lang='lat' dir='ltr'>ad</span> <span class='ocrx_word' id='word_1_698' title='bbox 1852 354 2076 394; x_wconf 82' lang='lat' dir='ltr'>probationem</span> <span class='ocrx_word' id='word_1_699' title='bbox 2095 354 2210 385; x_wconf 91' lang='lat' dir='ltr'>dicitur</span> <span class='ocrx_word' id='word_1_700' title='bbox 2233 354 2333 395; x_wconf 89' lang='lat' dir='ltr'>quod,</span> <span class='ocrx_word' id='word_1_701' title='bbox 2349 355 2422 385; x_wconf 86' lang='lat' dir='ltr'>licet</span> <span class='ocrx_word' id='word_1_702' title='bbox 2446 363 2512 384; x_wconf 89' lang='lat' dir='ltr'>ma-</span> 
     </span>
     <span class='ocr_line' id='line_1_96' title="bbox 1438 397 2512 438; baseline 0.003 -12"><span class='ocrx_word' id='word_1_703' title='bbox 1438 402 1485 426; x_wconf 89' lang='lat' dir='ltr'>ter</span> <span class='ocrx_word' id='word_1_704' title='bbox 1507 406 1575 427; x_wconf 89' lang='lat' dir='ltr'>non</span> <span class='ocrx_word' id='word_1_705' title='bbox 1598 397 1712 428; x_wconf 86' lang='lat' dir='ltr'>habeat</span> <span class='ocrx_word' id='word_1_706' title='bbox 1733 397 1891 429; x_wconf 85' lang='lat' dir='ltr'>rationem</span> <span class='ocrx_word' id='word_1_707' title='bbox 1915 397 2007 435; x_wconf 86' lang='lat' dir='ltr'>finis,</span> <span class='ocrx_word' id='word_1_708' title='bbox 2032 405 2140 429; x_wconf 84' lang='lat' dir='ltr'>tamen</span> <span class='ocrx_word' id='word_1_709' title='bbox 2163 398 2258 432; x_wconf 85' lang='lat' dir='ltr'>habet</span> <span class='ocrx_word' id='word_1_710' title='bbox 2281 399 2438 430; x_wconf 87' lang='lat' dir='ltr'>rationem</span> <span class='ocrx_word' id='word_1_711' title='bbox 2460 408 2512 438; x_wconf 86' lang='lat' dir='ltr'>ge—</span> 
     </span>
     <span class='ocr_line' id='line_1_97' title="bbox 1438 441 2513 484; baseline 0.004 -14"><span class='ocrx_word' id='word_1_712' title='bbox 1438 441 1589 471; x_wconf 86' lang='lat' dir='ltr'>nerantis:</span> <span class='ocrx_word' id='word_1_713' title='bbox 1605 451 1688 482; x_wconf 87' lang='lat' dir='ltr'>quae</span> <span class='ocrx_word' id='word_1_714' title='bbox 1713 442 1862 473; x_wconf 87' lang='lat' dir='ltr'>convenit</span> <span class='ocrx_word' id='word_1_715' title='bbox 1882 442 1991 474; x_wconf 88' lang='lat' dir='ltr'>virtuti</span> <span class='ocrx_word' id='word_1_716' title='bbox 2006 443 2046 473; x_wconf 90' lang='lat' dir='ltr'>ad</span> <span class='ocrx_word' id='word_1_717' title='bbox 2069 453 2170 484; x_wconf 85' lang='lat' dir='ltr'>quam</span> <span class='ocrx_word' id='word_1_718' title='bbox 2192 450 2313 484; x_wconf 83' lang='lat' dir='ltr'>spectat</span> <span class='ocrx_word' id='word_1_719' title='bbox 2331 443 2413 480; x_wconf 85' lang='lat' dir='ltr'>finis,</span> <span class='ocrx_word' id='word_1_720' title='bbox 2430 452 2513 484; x_wconf 88' lang='lat' dir='ltr'>quae</span> 
     </span>
    </p>
   </div>
   <div class='ocr_carea' id='block_1_15' title="bbox 1408 484 2514 529">
    <p class='ocr_par' dir='ltr' id='par_1_24' title="bbox 1408 484 2514 529">
     <span class='ocr_line' id='line_1_98' title="bbox 1408 484 2514 529; baseline 0.004 -15"><span class='ocrx_word' id='word_1_721' title='bbox 1408 488 1410 509; x_wconf 56' lang='grc' dir='ltr'>ἔ</span> <span class='ocrx_word' id='word_1_722' title='bbox 1438 491 1486 515; x_wconf 90' lang='lat' dir='ltr'>est</span> <span class='ocrx_word' id='word_1_723' title='bbox 1507 484 1596 517; x_wconf 88' lang='lat' dir='ltr'>fides.</span> <span class='ocrx_word' id='word_1_724' title='bbox 1621 486 1755 527; x_wconf 84' lang='lat' dir='ltr'>Pr0pter</span> <span class='ocrx_word' id='word_1_725' title='bbox 1777 487 1867 528; x_wconf 89' lang='lat' dir='ltr'>quod</span> <span class='ocrx_word' id='word_1_726' title='bbox 1890 487 2018 518; x_wconf 89' lang='lat' dir='ltr'>novitiis</span> <span class='ocrx_word' id='word_1_727' title='bbox 2043 487 2138 518; x_wconf 90' lang='lat' dir='ltr'>dicito</span> <span class='ocrx_word' id='word_1_728' title='bbox 2162 488 2252 529; x_wconf 92' lang='lat' dir='ltr'>quod</span> <span class='ocrx_word' id='word_1_729' title='bbox 2275 487 2364 524; x_wconf 84' lang='lat' dir='ltr'>fides⁷</span> <span class='ocrx_word' id='word_1_730' title='bbox 2388 487 2450 518; x_wconf 91' lang='lat' dir='ltr'>hoc</span> <span class='ocrx_word' id='word_1_731' title='bbox 2467 494 2514 518; x_wconf 90' lang='lat' dir='ltr'>est</span> 
     </span>
    </p>
   </div>
   <div class='ocr_carea' id='block_1_16' title="bbox 1437 528 2513 706">
    <p class='ocr_par' dir='ltr' id='par_1_25' title="bbox 1437 528 2513 659">
     <span class='ocr_line' id='line_1_99' title="bbox 1437 528 2512 573; baseline 0.004 -14"><span class='ocrx_word' id='word_1_732' title='bbox 1437 528 1537 560; x_wconf 83' lang='lat' dir='ltr'>virtus</span> <span class='ocrx_word' id='word_1_733' title='bbox 1559 528 1644 567; x_wconf 87' lang='lat' dir='ltr'>fidei,</span> <span class='ocrx_word' id='word_1_734' title='bbox 1669 538 1715 562; x_wconf 85' lang='lat' dir='ltr'>est</span> <span class='ocrx_word' id='word_1_735' title='bbox 1738 538 1839 562; x_wconf 84' lang='lat' dir='ltr'>mater</span> <span class='ocrx_word' id='word_1_736' title='bbox 1861 532 2013 573; x_wconf 88' lang='lat' dir='ltr'>martyrii,</span> <span class='ocrx_word' id='word_1_737' title='bbox 2029 532 2105 572; x_wconf 86' lang='lat' dir='ltr'>quia</span> <span class='ocrx_word' id='word_1_738' title='bbox 2127 531 2215 569; x_wconf 88' lang='lat' dir='ltr'>fides,</span> <span class='ocrx_word' id='word_1_739' title='bbox 2231 532 2295 563; x_wconf 92' lang='lat' dir='ltr'>hoc</span> <span class='ocrx_word' id='word_1_740' title='bbox 2318 539 2366 563; x_wconf 83' lang='lat' dir='ltr'>est</span> <span class='ocrx_word' id='word_1_741' title='bbox 2388 532 2512 563; x_wconf 88' lang='lat' dir='ltr'>bonum</span> 
     </span>
     <span class='ocr_line' id='line_1_100' title="bbox 1437 572 2513 617; baseline 0.003 -14"><span class='ocrx_word' id='word_1_742' title='bbox 1437 572 1521 610; x_wconf 87' lang='lat' dir='ltr'>fidei,</span> <span class='ocrx_word' id='word_1_743' title='bbox 1537 581 1585 605; x_wconf 87' lang='lat' dir='ltr'>est</span> <span class='ocrx_word' id='word_1_744' title='bbox 1600 573 1672 605; x_wconf 88' lang='lat' dir='ltr'>finis</span> <span class='ocrx_word' id='word_1_745' title='bbox 1696 575 1854 616; x_wconf 82' lang='lat' dir='ltr'>martyrii:</span> <span class='ocrx_word' id='word_1_746' title='bbox 1879 576 1954 616; x_wconf 85' lang='lat' dir='ltr'>quia</span> <span class='ocrx_word' id='word_1_747' title='bbox 1978 586 2016 607; x_wconf 75' lang='lat' dir='ltr'>ex</span> <span class='ocrx_word' id='word_1_748' title='bbox 2038 577 2102 607; x_wconf 91' lang='lat' dir='ltr'>hoc</span> <span class='ocrx_word' id='word_1_749' title='bbox 2124 577 2197 617; x_wconf 91' lang='lat' dir='ltr'>ipso</span> <span class='ocrx_word' id='word_1_750' title='bbox 2219 577 2315 608; x_wconf 88' lang='lat' dir='ltr'>habet</span> <span class='ocrx_word' id='word_1_751' title='bbox 2329 577 2398 617; x_wconf 88' lang='lat' dir='ltr'>ipsa</span> <span class='ocrx_word' id='word_1_752' title='bbox 2413 576 2513 607; x_wconf 87' lang='lat' dir='ltr'>virtus</span> 
     </span>
     <span class='ocr_line' id='line_1_101' title="bbox 1438 618 1696 659; baseline 0.008 -11"><span class='ocrx_word' id='word_1_753' title='bbox 1438 618 1528 659; x_wconf 89' lang='lat' dir='ltr'>quod</span> <span class='ocrx_word' id='word_1_754' title='bbox 1550 618 1696 659; x_wconf 87' lang='lat' dir='ltr'>imperet.</span> 
     </span>
    </p>

    <p class='ocr_par' dir='ltr' id='par_1_26' title="bbox 1491 662 2512 706">
     <span class='ocr_line' id='line_1_102' title="bbox 1491 662 2512 706; baseline 0.004 -14"><span class='ocrx_word' id='word_1_755' title='bbox 1491 662 1542 692; x_wconf 84' lang='lat' dir='ltr'>Ad</span> <span class='ocrx_word' id='word_1_756' title='bbox 1573 663 1661 693; x_wconf 88' lang='lat' dir='ltr'>aliud</span> <span class='ocrx_word' id='word_1_757' title='bbox 1691 670 1918 703; x_wconf 83' lang='lat' dir='ltr'>argumentum</span> <span class='ocrx_word' id='word_1_758' title='bbox 1948 664 2063 696; x_wconf 85' lang='lat' dir='ltr'>dicitur</span> <span class='ocrx_word' id='word_1_759' title='bbox 2092 666 2181 706; x_wconf 89' lang='lat' dir='ltr'>quod</span> <span class='ocrx_word' id='word_1_760' title='bbox 2213 672 2337 706; x_wconf 83' lang='lat' dir='ltr'>quanto</span> <span class='ocrx_word' id='word_1_761' title='bbox 2366 672 2512 705; x_wconf 88' lang='lat' dir='ltr'>tempore</span> 
     </span>
    </p>
   </div>
   <div class='ocr_carea' id='block_1_17' title="bbox 1407 707 2511 750">
    <p class='ocr_par' dir='ltr' id='par_1_27' title="bbox 1407 707 2511 750">
     <span class='ocr_line' id='line_1_103' title="bbox 1407 707 2511 750; baseline 0.005 -15"><span class='ocrx_word' id='word_1_762' title='bbox 1407 718 1410 744; x_wconf 69' lang='lat' dir='ltr'><em>g</em></span> <span class='ocrx_word' id='word_1_763' title='bbox 1437 713 1556 747; x_wconf 85' lang='lat' dir='ltr'>martyr</span> <span class='ocrx_word' id='word_1_764' title='bbox 1579 707 1713 738; x_wconf 85' lang='lat' dir='ltr'>sustinet</span> <span class='ocrx_word' id='word_1_765' title='bbox 1735 708 1941 748; x_wconf 72' lang='lat' dir='ltr'>martyrium,</span> <span class='ocrx_word' id='word_1_766' title='bbox 1967 715 2059 740; x_wconf 86' lang='lat' dir='ltr'>tanto</span> <span class='ocrx_word' id='word_1_767' title='bbox 2080 717 2225 750; x_wconf 87' lang='lat' dir='ltr'>tempore</span> <span class='ocrx_word' id='word_1_768' title='bbox 2247 709 2326 740; x_wconf 86' lang='lat' dir='ltr'>fides</span> <span class='ocrx_word' id='word_1_769' title='bbox 2349 709 2511 740; x_wconf 86' lang='lat' dir='ltr'>firmatur:</span> 
     </span>
    </p>
   </div>
   <div class='ocr_carea' id='block_1_18' title="bbox 1435 750 2513 1372">
    <p class='ocr_par' dir='ltr' id='par_1_28' title="bbox 1436 750 2513 1014">
     <span class='ocr_line' id='line_1_104' title="bbox 1437 750 2513 794; baseline 0.004 -14"><span class='ocrx_word' id='word_1_770' title='bbox 1437 750 1513 790; x_wconf 85' lang='lat' dir='ltr'>quia</span> <span class='ocrx_word' id='word_1_771' title='bbox 1537 760 1603 781; x_wconf 91' lang='lat' dir='ltr'>non</span> <span class='ocrx_word' id='word_1_772' title='bbox 1627 751 1762 782; x_wconf 86' lang='lat' dir='ltr'>sustinet</span> <span class='ocrx_word' id='word_1_773' title='bbox 1788 752 1848 782; x_wconf 92' lang='lat' dir='ltr'>nisi</span> <span class='ocrx_word' id='word_1_774' title='bbox 1872 753 1951 783; x_wconf 88' lang='lat' dir='ltr'>dum</span> <span class='ocrx_word' id='word_1_775' title='bbox 1974 753 2066 790; x_wconf 77' lang='lat' dir='ltr'>vivit,</span> <span class='ocrx_word' id='word_1_776' title='bbox 2091 763 2160 794; x_wconf 90' lang='lat' dir='ltr'>quo</span> <span class='ocrx_word' id='word_1_777' title='bbox 2187 762 2333 794; x_wconf 88' lang='lat' dir='ltr'>tempore</span> <span class='ocrx_word' id='word_1_778' title='bbox 2363 753 2443 784; x_wconf 89' lang='lat' dir='ltr'>fides</span> <span class='ocrx_word' id='word_1_779' title='bbox 2466 760 2513 784; x_wconf 87' lang='lat' dir='ltr'>est</span> 
     </span>
     <span class='ocr_line' id='line_1_105' title="bbox 1437 793 2512 839; baseline 0.005 -15"><span class='ocrx_word' id='word_1_780' title='bbox 1437 801 1468 824; x_wconf 86' lang='lat' dir='ltr'>et</span> <span class='ocrx_word' id='word_1_781' title='bbox 1490 793 1644 826; x_wconf 86' lang='lat' dir='ltr'>firmatur.</span> <span class='ocrx_word' id='word_1_782' title='bbox 1668 795 1845 826; x_wconf 84' lang='lat' dir='ltr'>Evacuatio</span> <span class='ocrx_word' id='word_1_783' title='bbox 1868 803 1976 828; x_wconf 81' lang='lat' dir='ltr'>autem</span> <span class='ocrx_word' id='word_1_784' title='bbox 2004 797 2078 828; x_wconf 89' lang='lat' dir='ltr'>fidei</span> <span class='ocrx_word' id='word_1_785' title='bbox 2100 797 2137 829; x_wconf 87' lang='lat' dir='ltr'>fit</span> <span class='ocrx_word' id='word_1_786' title='bbox 2159 805 2234 839; x_wconf 82' lang='lat' dir='ltr'>post</span> <span class='ocrx_word' id='word_1_787' title='bbox 2257 799 2338 829; x_wconf 82' lang='lat' dir='ltr'>hanc</span> <span class='ocrx_word' id='word_1_788' title='bbox 2360 798 2469 829; x_wconf 84' lang='lat' dir='ltr'>vitam.</span> <span class='ocrx_word' id='word_1_789' title='bbox 2489 815 2512 821; x_wconf 94' lang='lat'>-</span> 
     </span>
     <span class='ocr_line' id='line_1_106' title="bbox 1436 839 2512 884; baseline 0.006 -16"><span class='ocrx_word' id='word_1_790' title='bbox 1436 839 1548 869; x_wconf 87' lang='lat' dir='ltr'>Posset</span> <span class='ocrx_word' id='word_1_791' title='bbox 1577 849 1727 880; x_wconf 88' lang='lat' dir='ltr'>quoque,</span> <span class='ocrx_word' id='word_1_792' title='bbox 1751 839 1807 870; x_wconf 87' lang='lat' dir='ltr'>sed</span> <span class='ocrx_word' id='word_1_793' title='bbox 1831 849 1897 870; x_wconf 85' lang='lat' dir='ltr'>non</span> <span class='ocrx_word' id='word_1_794' title='bbox 1928 847 2070 881; x_wconf 80' lang='lat' dir='ltr'>oportet,</span> <span class='ocrx_word' id='word_1_795' title='bbox 2096 842 2157 873; x_wconf 89' lang='lat' dir='ltr'>dici</span> <span class='ocrx_word' id='word_1_796' title='bbox 2186 843 2278 883; x_wconf 83' lang='lat' dir='ltr'>quod</span> <span class='ocrx_word' id='word_1_797' title='bbox 2307 850 2428 884; x_wconf 82' lang='lat' dir='ltr'>martyr</span> <span class='ocrx_word' id='word_1_798' title='bbox 2456 852 2512 883; x_wconf 88' lang='lat' dir='ltr'>per</span> 
     </span>
     <span class='ocr_line' id='line_1_107' title="bbox 1437 882 2512 928; baseline 0.006 -15"><span class='ocrx_word' id='word_1_799' title='bbox 1437 883 1626 924; x_wconf 87' lang='lat' dir='ltr'>martyrium</span> <span class='ocrx_word' id='word_1_800' title='bbox 1648 882 1793 914; x_wconf 87' lang='lat' dir='ltr'>firmatur</span> <span class='ocrx_word' id='word_1_801' title='bbox 1808 883 1840 914; x_wconf 88' lang='lat' dir='ltr'>in</span> <span class='ocrx_word' id='word_1_802' title='bbox 1855 883 1921 915; x_wconf 87' lang='lat' dir='ltr'>fide</span> <span class='ocrx_word' id='word_1_803' title='bbox 1940 885 2135 926; x_wconf 81' lang='lat' dir='ltr'>acquirendo</span> <span class='ocrx_word' id='word_1_804' title='bbox 2151 887 2319 924; x_wconf 77' lang='lat' dir='ltr'>visionem,</span> <span class='ocrx_word' id='word_1_805' title='bbox 2336 897 2419 928; x_wconf 85' lang='lat' dir='ltr'>quae</span> <span class='ocrx_word' id='word_1_806' title='bbox 2442 897 2512 918; x_wconf 88' lang='lat' dir='ltr'>suc-</span> 
     </span>
     <span class='ocr_line' id='line_1_108' title="bbox 1437 927 2510 972; baseline 0.003 -14"><span class='ocrx_word' id='word_1_807' title='bbox 1437 927 1519 958; x_wconf 92' lang='lat' dir='ltr'>cedit</span> <span class='ocrx_word' id='word_1_808' title='bbox 1541 927 1625 965; x_wconf 91' lang='lat' dir='ltr'>fidei,</span> <span class='ocrx_word' id='word_1_809' title='bbox 1642 938 1707 969; x_wconf 87' lang='lat' dir='ltr'>qua</span> <span class='ocrx_word' id='word_1_810' title='bbox 1723 928 1846 958; x_wconf 87' lang='lat' dir='ltr'>visione</span> <span class='ocrx_word' id='word_1_811' title='bbox 1859 927 1895 960; x_wconf 95' lang='lat' dir='ltr'>fit</span> <span class='ocrx_word' id='word_1_812' title='bbox 1909 929 1943 959; x_wconf 89' lang='lat' dir='ltr'>in</span> <span class='ocrx_word' id='word_1_813' title='bbox 1959 939 1999 959; x_wconf 87' lang='lat' dir='ltr'>eo</span> <span class='ocrx_word' id='word_1_814' title='bbox 2022 929 2157 961; x_wconf 71' lang='lat' dir='ltr'>{inuitas</span> <span class='ocrx_word' id='word_1_815' title='bbox 2174 931 2350 963; x_wconf 76' lang='lat' dir='ltr'>evidentiae</span> <span class='ocrx_word' id='word_1_816' title='bbox 2365 939 2510 972; x_wconf 83' lang='lat' dir='ltr'>respectu</span> 
     </span>
     <span class='ocr_line' id='line_1_109' title="bbox 1437 971 1861 1014; baseline 0 -11"><span class='ocrx_word' id='word_1_817' title='bbox 1437 982 1550 1003; x_wconf 91' lang='lat' dir='ltr'>eorum</span> <span class='ocrx_word' id='word_1_818' title='bbox 1574 983 1658 1014; x_wconf 83' lang='lat' dir='ltr'>quae</span> <span class='ocrx_word' id='word_1_819' title='bbox 1680 980 1755 1004; x_wconf 89' lang='lat' dir='ltr'>sunt</span> <span class='ocrx_word' id='word_1_820' title='bbox 1778 971 1861 1004; x_wconf 86' lang='lat' dir='ltr'>fidei.</span> 
     </span>
    </p>

    <p class='ocr_par' dir='ltr' id='par_1_29' title="bbox 1435 1017 2513 1281">
     <span class='ocr_line' id='line_1_110' title="bbox 1492 1017 2512 1059; baseline 0.003 -11"><span class='ocrx_word' id='word_1_821' title='bbox 1492 1017 1561 1048; x_wconf 88' lang='lat' dir='ltr'>XII.</span> <span class='ocrx_word' id='word_1_822' title='bbox 1586 1018 1621 1048; x_wconf 90' lang='lat' dir='ltr'>In</span> <span class='ocrx_word' id='word_1_823' title='bbox 1645 1018 1855 1059; x_wconf 87' lang='lat' dir='ltr'>responsione</span> <span class='ocrx_word' id='word_1_824' title='bbox 1874 1017 1915 1048; x_wconf 87' lang='lat' dir='ltr'>ad</span> <span class='ocrx_word' id='word_1_825' title='bbox 1938 1018 2117 1049; x_wconf 87' lang='lat' dir='ltr'>secundum</span> <span class='ocrx_word' id='word_1_826' title='bbox 2140 1018 2284 1050; x_wconf 84' lang='lat' dir='ltr'>eiusdem</span> <span class='ocrx_word' id='word_1_827' title='bbox 2307 1020 2431 1051; x_wconf 77' lang='lat' dir='ltr'>articuli</span> <span class='ocrx_word' id='word_1_828' title='bbox 2454 1021 2512 1051; x_wconf 88' lang='lat' dir='ltr'>du—</span> 
     </span>
     <span class='ocr_line' id='line_1_111' title="bbox 1436 1061 2512 1105; baseline 0.003 -13"><span class='ocrx_word' id='word_1_829' title='bbox 1436 1061 1527 1092; x_wconf 90' lang='lat' dir='ltr'>bium</span> <span class='ocrx_word' id='word_1_830' title='bbox 1551 1062 1688 1093; x_wconf 85' lang='lat' dir='ltr'>occurrit</span> <span class='ocrx_word' id='word_1_831' title='bbox 1711 1072 1748 1093; x_wconf 84' lang='lat' dir='ltr'>ex</span> <span class='ocrx_word' id='word_1_832' title='bbox 1770 1061 1920 1098; x_wconf 86' lang='lat' dir='ltr'>Martino,</span> <span class='ocrx_word' id='word_1_833' title='bbox 1936 1062 2055 1093; x_wconf 84' lang='lat' dir='ltr'>ibidem</span> <span class='ocrx_word' id='word_1_834' title='bbox 2070 1063 2098 1099; x_wconf 83' lang='lat'>*,</span> <span class='ocrx_word' id='word_1_835' title='bbox 2122 1063 2251 1095; x_wconf 80' lang='lat' dir='ltr'>volente</span> <span class='ocrx_word' id='word_1_836' title='bbox 2273 1064 2407 1105; x_wconf 81' lang='lat' dir='ltr'>aliquod</span> <span class='ocrx_word' id='word_1_837' title='bbox 2429 1074 2512 1095; x_wconf 85' lang='lat' dir='ltr'>mar-</span> 
     </span>
     <span class='ocr_line' id='line_1_112' title="bbox 1435 1106 2512 1150; baseline 0.003 -13"><span class='ocrx_word' id='word_1_838' title='bbox 1435 1106 1555 1148; x_wconf 84' lang='lat' dir='ltr'>tyrium</span> <span class='ocrx_word' id='word_1_839' title='bbox 1580 1117 1646 1138; x_wconf 89' lang='lat' dir='ltr'>non</span> <span class='ocrx_word' id='word_1_840' title='bbox 1670 1117 1738 1137; x_wconf 86' lang='lat' dir='ltr'>esse</span> <span class='ocrx_word' id='word_1_841' title='bbox 1765 1114 1872 1138; x_wconf 85' lang='lat' dir='ltr'>actum</span> <span class='ocrx_word' id='word_1_842' title='bbox 1901 1107 2054 1144; x_wconf 76' lang='lat' dir='ltr'>caritatis,</span> <span class='ocrx_word' id='word_1_843' title='bbox 2078 1108 2174 1138; x_wconf 88' lang='lat' dir='ltr'>etiam</span> <span class='ocrx_word' id='word_1_844' title='bbox 2201 1107 2404 1148; x_wconf 78' lang='lat' dir='ltr'>imperative:</span> <span class='ocrx_word' id='word_1_845' title='bbox 2436 1109 2512 1150; x_wconf 86' lang='lat' dir='ltr'>quia</span> 
     </span>
     <span class='ocr_line' id='line_1_113' title="bbox 1436 1150 2513 1192; baseline 0.002 -10"><span class='ocrx_word' id='word_1_846' title='bbox 1436 1158 1497 1182; x_wconf 89' lang='lat' dir='ltr'>stat</span> <span class='ocrx_word' id='word_1_847' title='bbox 1515 1151 1656 1192; x_wconf 85' lang='lat' dir='ltr'>aliquem</span> <span class='ocrx_word' id='word_1_848' title='bbox 1678 1150 1806 1182; x_wconf 87' lang='lat' dir='ltr'>fidelem</span> <span class='ocrx_word' id='word_1_849' title='bbox 1829 1151 1862 1182; x_wconf 89' lang='lat' dir='ltr'>in</span> <span class='ocrx_word' id='word_1_850' title='bbox 1885 1159 2016 1192; x_wconf 86' lang='lat' dir='ltr'>peccato</span> <span class='ocrx_word' id='word_1_851' title='bbox 2041 1152 2169 1183; x_wconf 84' lang='lat' dir='ltr'>mortali</span> <span class='ocrx_word' id='word_1_852' title='bbox 2192 1152 2298 1183; x_wconf 75' lang='lat' dir='ltr'>subire</span> <span class='ocrx_word' id='word_1_853' title='bbox 2315 1161 2453 1184; x_wconf 85' lang='lat' dir='ltr'>mortem</span> <span class='ocrx_word' id='word_1_854' title='bbox 2477 1159 2513 1184; x_wconf 85' lang='lat' dir='ltr'>ut</span> 
     </span>
     <span class='ocr_line' id='line_1_114' title="bbox 1435 1195 2513 1238; baseline 0.002 -12"><span class='ocrx_word' id='word_1_855' title='bbox 1435 1205 1502 1227; x_wconf 87' lang='lat' dir='ltr'>non</span> <span class='ocrx_word' id='word_1_856' title='bbox 1525 1203 1619 1237; x_wconf 84' lang='lat' dir='ltr'>neget</span> <span class='ocrx_word' id='word_1_857' title='bbox 1634 1195 1731 1227; x_wconf 87' lang='lat' dir='ltr'>fidem</span> <span class='ocrx_word' id='word_1_858' title='bbox 1747 1196 1878 1228; x_wconf 81' lang='lat' dir='ltr'>Christi.</span> <span class='ocrx_word' id='word_1_859' title='bbox 1902 1196 1982 1227; x_wconf 83' lang='lat' dir='ltr'>Tale</span> <span class='ocrx_word' id='word_1_860' title='bbox 1997 1196 2084 1227; x_wconf 83' lang='lat' dir='ltr'>enim</span> <span class='ocrx_word' id='word_1_861' title='bbox 2099 1197 2289 1238; x_wconf 86' lang='lat' dir='ltr'>martyrium</span> <span class='ocrx_word' id='word_1_862' title='bbox 2303 1204 2351 1228; x_wconf 90' lang='lat' dir='ltr'>est</span> <span class='ocrx_word' id='word_1_863' title='bbox 2371 1196 2440 1228; x_wconf 84' lang='lat' dir='ltr'>sine</span> <span class='ocrx_word' id='word_1_864' title='bbox 2463 1207 2513 1228; x_wconf 86' lang='lat' dir='ltr'>ca-</span> 
     </span>
     <span class='ocr_line' id='line_1_115' title="bbox 1435 1241 2470 1281; baseline 0.001 -10"><span class='ocrx_word' id='word_1_865' title='bbox 1435 1241 1539 1271; x_wconf 85' lang='lat' dir='ltr'>ritate:</span> <span class='ocrx_word' id='word_1_866' title='bbox 1565 1251 1600 1272; x_wconf 87' lang='lat' dir='ltr'>ac</span> <span class='ocrx_word' id='word_1_867' title='bbox 1625 1251 1683 1281; x_wconf 87' lang='lat' dir='ltr'>per</span> <span class='ocrx_word' id='word_1_868' title='bbox 1705 1241 1777 1276; x_wconf 79' lang='lat' dir='ltr'>hoc.</span> <span class='ocrx_word' id='word_1_869' title='bbox 1801 1241 1893 1271; x_wconf 90' lang='lat' dir='ltr'>nullo</span> <span class='ocrx_word' id='word_1_870' title='bbox 1916 1241 2016 1272; x_wconf 88' lang='lat' dir='ltr'>modo</span> <span class='ocrx_word' id='word_1_871' title='bbox 2041 1251 2059 1272; x_wconf 83' lang='lat' dir='ltr'>a</span> <span class='ocrx_word' id='word_1_872' title='bbox 2082 1241 2220 1274; x_wconf 81' lang='lat' dir='ltr'>caritate.</span> <span class='ocrx_word' id='word_1_873' title='bbox 2467 1247 2470 1250; x_wconf 60' lang='lat'><strong>⁴</strong></span> 
     </span>
    </p>

    <p class='ocr_par' dir='ltr' id='par_1_30' title="bbox 1435 1285 2512 1372">
     <span class='ocr_line' id='line_1_116' title="bbox 1491 1285 2512 1327; baseline 0 -11"><span class='ocrx_word' id='word_1_874' title='bbox 1491 1285 1532 1316; x_wconf 86' lang='lat' dir='ltr'>Et</span> <span class='ocrx_word' id='word_1_875' title='bbox 1550 1285 1576 1316; x_wconf 87' lang='lat' dir='ltr'>si</span> <span class='ocrx_word' id='word_1_876' title='bbox 1596 1286 1720 1317; x_wconf 84' lang='lat' dir='ltr'>dicatur</span> <span class='ocrx_word' id='word_1_877' title='bbox 1737 1286 1827 1326; x_wconf 93' lang='lat' dir='ltr'>quod</span> <span class='ocrx_word' id='word_1_878' title='bbox 1846 1293 1924 1316; x_wconf 91' lang='lat' dir='ltr'>tunc</span> <span class='ocrx_word' id='word_1_879' title='bbox 1943 1286 1971 1316; x_wconf 90' lang='lat' dir='ltr'>ei</span> <span class='ocrx_word' id='word_1_880' title='bbox 1991 1285 2155 1317; x_wconf 81' lang='lat' dir='ltr'>confertur</span> <span class='ocrx_word' id='word_1_881' title='bbox 2177 1285 2286 1326; x_wconf 82' lang='lat' dir='ltr'>gratia,</span> <span class='ocrx_word' id='word_1_882' title='bbox 2306 1285 2389 1316; x_wconf 77' lang='lat' dir='ltr'>sicut</span> <span class='ocrx_word' id='word_1_883' title='bbox 2408 1285 2436 1317; x_wconf 86' lang='lat' dir='ltr'>ei</span> <span class='ocrx_word' id='word_1_884' title='bbox 2455 1286 2512 1327; x_wconf 90' lang='lat' dir='ltr'>qui</span> 
     </span>
     <span class='ocr_line' id='line_1_117' title="bbox 1435 1329 2512 1372; baseline 0.002 -12"><span class='ocrx_word' id='word_1_885' title='bbox 1435 1329 1632 1370; x_wconf 83' lang='lat' dir='ltr'>baptizatur:</span> <span class='ocrx_word' id='word_1_886' title='bbox 1657 1330 1719 1361; x_wconf 90' lang='lat' dir='ltr'>hoc</span> <span class='ocrx_word' id='word_1_887' title='bbox 1748 1339 1814 1361; x_wconf 87' lang='lat' dir='ltr'>non</span> <span class='ocrx_word' id='word_1_888' title='bbox 1846 1331 1962 1362; x_wconf 83' lang='lat' dir='ltr'>obstat.</span> <span class='ocrx_word' id='word_1_889' title='bbox 1991 1331 2081 1361; x_wconf 89' lang='lat' dir='ltr'>Tum</span> <span class='ocrx_word' id='word_1_890' title='bbox 2111 1330 2188 1372; x_wconf 88' lang='lat' dir='ltr'>quia</span> <span class='ocrx_word' id='word_1_891' title='bbox 2210 1331 2274 1362; x_wconf 89' lang='lat' dir='ltr'>hoc</span> <span class='ocrx_word' id='word_1_892' title='bbox 2297 1340 2367 1362; x_wconf 79' lang='lat' dir='ltr'>non</span> <span class='ocrx_word' id='word_1_893' title='bbox 2387 1330 2512 1362; x_wconf 84' lang='lat' dir='ltr'>videtur</span> 
     </span>
    </p>
   </div>
   <div class='ocr_carea' id='block_1_19' title="bbox 1406 1374 2512 1417">
    <p class='ocr_par' dir='ltr' id='par_1_31' title="bbox 1406 1374 2512 1417">
     <span class='ocr_line' id='line_1_118' title="bbox 1406 1374 2512 1417; baseline 0.002 -12"><span class='ocrx_word' id='word_1_894' title='bbox 1406 1383 1408 1386; x_wconf 71' lang='grc'>’</span> <span class='ocrx_word' id='word_1_895' title='bbox 1434 1384 1548 1405; x_wconf 84' lang='lat' dir='ltr'>verum</span> <span class='ocrx_word' id='word_1_896' title='bbox 1567 1375 1800 1406; x_wconf 84' lang='lat' dir='ltr'>universaliter:</span> <span class='ocrx_word' id='word_1_897' title='bbox 1825 1375 1901 1416; x_wconf 81' lang='lat' dir='ltr'>quia</span> <span class='ocrx_word' id='word_1_898' title='bbox 1921 1374 2002 1406; x_wconf 86' lang='lat' dir='ltr'>forte</span> <span class='ocrx_word' id='word_1_899' title='bbox 2019 1375 2112 1416; x_wconf 88' lang='lat' dir='ltr'>ponit</span> <span class='ocrx_word' id='word_1_900' title='bbox 2131 1375 2268 1407; x_wconf 87' lang='lat' dir='ltr'>obicem.</span> <span class='ocrx_word' id='word_1_901' title='bbox 2283 1391 2305 1400; x_wconf 85' lang='lat'>·-</span> <span class='ocrx_word' id='word_1_902' title='bbox 2321 1375 2411 1406; x_wconf 73' lang='lat' dir='ltr'>‘run</span> <span class='ocrx_word' id='word_1_903' title='bbox 2426 1375 2512 1417; x_wconf 72' lang='lat' dir='ltr'>quin,</span> 
     </span>
    </p>
   </div>
   <div class='ocr_carea' id='block_1_20' title="bbox 1434 1419 2515 3688">
    <p class='ocr_par' dir='ltr' id='par_1_32' title="bbox 1434 1419 2515 3290">
     <span class='ocr_line' id='line_1_119' title="bbox 1435 1419 2510 1462; baseline 0.001 -12"><span class='ocrx_word' id='word_1_904' title='bbox 1435 1419 1461 1450; x_wconf 88' lang='lat' dir='ltr'>si</span> <span class='ocrx_word' id='word_1_905' title='bbox 1485 1419 1579 1450; x_wconf 87' lang='lat' dir='ltr'>datur</span> <span class='ocrx_word' id='word_1_906' title='bbox 1601 1419 1723 1456; x_wconf 85' lang='lat' dir='ltr'>caritas,</span> <span class='ocrx_word' id='word_1_907' title='bbox 1747 1419 1800 1450; x_wconf 84' lang='lat' dir='ltr'>illa</span> <span class='ocrx_word' id='word_1_908' title='bbox 1824 1420 1970 1461; x_wconf 90' lang='lat' dir='ltr'>sequitur</span> <span class='ocrx_word' id='word_1_909' title='bbox 1993 1420 2185 1451; x_wconf 83' lang='lat' dir='ltr'>naturaliter</span> <span class='ocrx_word' id='word_1_910' title='bbox 2209 1427 2318 1452; x_wconf 79' lang='lat' dir='ltr'>actum</span> <span class='ocrx_word' id='word_1_911' title='bbox 2347 1420 2510 1462; x_wconf 77' lang='lat' dir='ltr'>martyrii:</span> 
     </span>
     <span class='ocr_line' id='line_1_120' title="bbox 1435 1464 2513 1551; baseline 0 -11"><span class='ocrx_word' id='word_1_912' title='bbox 1435 1474 1472 1495; x_wconf 58' lang='lat' dir='ltr'>ac</span> <span class='ocrx_word' id='word_1_913' title='bbox 1491 1464 1652 1541; x_wconf 45' lang='lat' dir='ltr'>§ih-bxi,</span> <span class='ocrx_word' id='word_1_914' title='bbox 1672 1473 1743 1539; x_wconf 51' lang='lat'>1:¹3?</span> <span class='ocrx_word' id='word_1_915' title='bbox 1758 1471 2216 1551; x_wconf 49' lang='grc' dir='ltr'>ἕίῗίῐιιιιῖᾟὲἓνῗηὲῃηῗὲιῖ,</span> <span class='ocrx_word' id='word_1_916' title='bbox 2240 1518 2306 1540; x_wconf 89' lang='lat' dir='ltr'>non</span> <span class='ocrx_word' id='word_1_917' title='bbox 2333 1509 2513 1540; x_wconf 76' lang='lat' dir='ltr'>secundum</span> 
     </span>
     <span class='ocr_line' id='line_1_121' title="bbox 1436 1552 2514 1593; baseline 0.001 -9"><span class='ocrx_word' id='word_1_918' title='bbox 1436 1553 1625 1593; x_wconf 88' lang='lat' dir='ltr'>opinionem</span> <span class='ocrx_word' id='word_1_919' title='bbox 1641 1552 1824 1590; x_wconf 86' lang='lat' dir='ltr'>hominum,</span> <span class='ocrx_word' id='word_1_920' title='bbox 1849 1554 1906 1584; x_wconf 81' lang='lat' dir='ltr'>sed</span> <span class='ocrx_word' id='word_1_921' title='bbox 1926 1554 2106 1585; x_wconf 88' lang='lat' dir='ltr'>secundum</span> <span class='ocrx_word' id='word_1_922' title='bbox 2128 1554 2311 1591; x_wconf 86' lang='lat' dir='ltr'>veritatem,</span> <span class='ocrx_word' id='word_1_923' title='bbox 2335 1560 2372 1585; x_wconf 89' lang='lat' dir='ltr'>ut</span> <span class='ocrx_word' id='word_1_924' title='bbox 2395 1553 2514 1585; x_wconf 81' lang='lat' dir='ltr'>scilicet</span> 
     </span>
     <span class='ocr_line' id='line_1_122' title="bbox 1435 1597 2512 1639; baseline 0.002 -11"><span class='ocrx_word' id='word_1_925' title='bbox 1435 1597 1589 1638; x_wconf 84' lang='lat' dir='ltr'>importat</span> <span class='ocrx_word' id='word_1_926' title='bbox 1611 1598 1766 1629; x_wconf 81' lang='lat' dir='ltr'>sustinere</span> <span class='ocrx_word' id='word_1_927' title='bbox 1789 1605 1928 1630; x_wconf 89' lang='lat' dir='ltr'>mortem</span> <span class='ocrx_word' id='word_1_928' title='bbox 1951 1605 2082 1639; x_wconf 88' lang='lat' dir='ltr'>propter</span> <span class='ocrx_word' id='word_1_929' title='bbox 2104 1598 2178 1630; x_wconf 86' lang='lat' dir='ltr'>fidei</span> <span class='ocrx_word' id='word_1_930' title='bbox 2201 1597 2375 1635; x_wconf 69' lang='lat' dir='ltr'>verit-tem,</span> <span class='ocrx_word' id='word_1_931' title='bbox 2399 1607 2512 1630; x_wconf 69' lang='lat' dir='ltr'>seeun-</span> 
     </span>
     <span class='ocr_line' id='line_1_123' title="bbox 1436 1642 2513 1684; baseline 0.001 -11"><span class='ocrx_word' id='word_1_932' title='bbox 1436 1643 1516 1673; x_wconf 90' lang='lat' dir='ltr'>dum</span> <span class='ocrx_word' id='word_1_933' title='bbox 1539 1652 1636 1673; x_wconf 85' lang='lat' dir='ltr'>suum</span> <span class='ocrx_word' id='word_1_934' title='bbox 1655 1651 1758 1682; x_wconf 82' lang='lat' dir='ltr'>genus</span> <span class='ocrx_word' id='word_1_935' title='bbox 1780 1650 1827 1673; x_wconf 89' lang='lat' dir='ltr'>est</span> <span class='ocrx_word' id='word_1_936' title='bbox 1849 1650 1938 1674; x_wconf 86' lang='lat' dir='ltr'>actus</span> <span class='ocrx_word' id='word_1_937' title='bbox 1961 1643 2107 1680; x_wconf 85' lang='lat' dir='ltr'>caritatis,</span> <span class='ocrx_word' id='word_1_938' title='bbox 2131 1642 2318 1684; x_wconf 74' lang='lat' dir='ltr'>inperative</span> <span class='ocrx_word' id='word_1_939' title='bbox 2342 1649 2460 1680; x_wconf 80' lang='lat' dir='ltr'>tamen,</span> <span class='ocrx_word' id='word_1_940' title='bbox 2476 1649 2513 1674; x_wconf 87' lang='lat' dir='ltr'>ut</span> 
     </span>
     <span class='ocr_line' id='line_1_124' title="bbox 1436 1686 2512 1729; baseline 0 -11"><span class='ocrx_word' id='word_1_941' title='bbox 1436 1686 1636 1728; x_wconf 85' lang='lat' dir='ltr'>praedictum</span> <span class='ocrx_word' id='word_1_942' title='bbox 1651 1694 1698 1718; x_wconf 86' lang='lat' dir='ltr'>est</span> <span class='ocrx_word' id='word_1_943' title='bbox 1712 1687 1740 1718; x_wconf 71' lang='lat'>¹⁸.</span> <span class='ocrx_word' id='word_1_944' title='bbox 1765 1687 1807 1718; x_wconf 82' lang='lat' dir='ltr'>Et</span> <span class='ocrx_word' id='word_1_945' title='bbox 1829 1687 1909 1719; x_wconf 82' lang='lat' dir='ltr'>ratio</span> <span class='ocrx_word' id='word_1_946' title='bbox 1925 1695 1974 1719; x_wconf 87' lang='lat' dir='ltr'>est</span> <span class='ocrx_word' id='word_1_947' title='bbox 1988 1688 2064 1729; x_wconf 86' lang='lat' dir='ltr'>quia</span> <span class='ocrx_word' id='word_1_948' title='bbox 2080 1697 2206 1729; x_wconf 84' lang='lat' dir='ltr'>ponens</span> <span class='ocrx_word' id='word_1_949' title='bbox 2219 1687 2319 1719; x_wconf 72' lang='lat' dir='ltr'>vitam</span> <span class='ocrx_word' id='word_1_950' title='bbox 2334 1697 2396 1728; x_wconf 89' lang='lat' dir='ltr'>pro</span> <span class='ocrx_word' id='word_1_951' title='bbox 2419 1686 2512 1719; x_wconf 79' lang='lat' dir='ltr'>Chri-</span> 
     </span>
     <span class='ocr_line' id='line_1_125' title="bbox 1436 1731 2512 1773; baseline 0.002 -11"><span class='ocrx_word' id='word_1_952' title='bbox 1436 1738 1496 1768; x_wconf 85' lang='lat' dir='ltr'>sto,</span> <span class='ocrx_word' id='word_1_953' title='bbox 1513 1731 1586 1772; x_wconf 85' lang='lat' dir='ltr'>ipso</span> <span class='ocrx_word' id='word_1_954' title='bbox 1608 1731 1692 1762; x_wconf 80' lang='lat' dir='ltr'>facto</span> <span class='ocrx_word' id='word_1_955' title='bbox 1717 1732 1886 1772; x_wconf 79' lang='lat' dir='ltr'>praeponit</span> <span class='ocrx_word' id='word_1_956' title='bbox 1905 1731 2070 1764; x_wconf 82' lang='lat' dir='ltr'>Christum</span> <span class='ocrx_word' id='word_1_957' title='bbox 2089 1732 2171 1764; x_wconf 76' lang='lat' dir='ltr'>vitae</span> <span class='ocrx_word' id='word_1_958' title='bbox 2187 1740 2281 1770; x_wconf 77' lang='lat' dir='ltr'>suae;</span> <span class='ocrx_word' id='word_1_959' title='bbox 2306 1742 2343 1763; x_wconf 85' lang='lat' dir='ltr'>ac</span> <span class='ocrx_word' id='word_1_960' title='bbox 2359 1741 2416 1773; x_wconf 85' lang='lat' dir='ltr'>per</span> <span class='ocrx_word' id='word_1_961' title='bbox 2437 1731 2512 1771; x_wconf 74' lang='lat' dir='ltr'>hoc,</span> 
     </span>
     <span class='ocr_line' id='line_1_126' title="bbox 1436 1776 2512 1818; baseline 0.001 -12"><span class='ocrx_word' id='word_1_962' title='bbox 1436 1776 1588 1806; x_wconf 89' lang='lat' dir='ltr'>omnibus</span> <span class='ocrx_word' id='word_1_963' title='bbox 1620 1776 1714 1807; x_wconf 89' lang='lat' dir='ltr'>bonis</span> <span class='ocrx_word' id='word_1_964' title='bbox 1737 1776 1916 1808; x_wconf 82' lang='lat' dir='ltr'>minoribus</span> <span class='ocrx_word' id='word_1_965' title='bbox 1941 1776 2021 1813; x_wconf 84' lang='lat' dir='ltr'>vita;</span> <span class='ocrx_word' id='word_1_966' title='bbox 2046 1784 2078 1808; x_wconf 91' lang='lat' dir='ltr'>et</span> <span class='ocrx_word' id='word_1_967' title='bbox 2105 1783 2337 1818; x_wconf 78' lang='lat' dir='ltr'>consequentes</span> <span class='ocrx_word' id='word_1_968' title='bbox 2359 1776 2512 1808; x_wconf 81' lang='lat' dir='ltr'>omnibus</span> 
     </span>
     <span class='ocr_line' id='line_1_127' title="bbox 1436 1819 2511 1862; baseline 0.002 -11"><span class='ocrx_word' id='word_1_969' title='bbox 1436 1819 1644 1851; x_wconf 82' lang='lat' dir='ltr'>exterioribus</span> <span class='ocrx_word' id='word_1_970' title='bbox 1674 1820 1769 1851; x_wconf 89' lang='lat' dir='ltr'>bonis</span> <span class='ocrx_word' id='word_1_971' title='bbox 1800 1827 1867 1852; x_wconf 86' lang='lat' dir='ltr'>tam</span> <span class='ocrx_word' id='word_1_972' title='bbox 1897 1821 2117 1862; x_wconf 81' lang='lat' dir='ltr'>corporalibus</span> <span class='ocrx_word' id='word_1_973' title='bbox 2148 1830 2249 1862; x_wconf 83' lang='lat' dir='ltr'>quam</span> <span class='ocrx_word' id='word_1_974' title='bbox 2277 1820 2511 1862; x_wconf 70' lang='lat' dir='ltr'>spiritualibus,</span> 
     </span>
     <span class='ocr_line' id='line_1_128' title="bbox 1436 1864 2512 1909; baseline 0.002 -15"><span class='ocrx_word' id='word_1_975' title='bbox 1436 1870 1515 1904; x_wconf 91' lang='lat' dir='ltr'>puta</span> <span class='ocrx_word' id='word_1_976' title='bbox 1538 1864 1669 1901; x_wconf 81' lang='lat' dir='ltr'>honori,</span> <span class='ocrx_word' id='word_1_977' title='bbox 1693 1864 1813 1904; x_wconf 81' lang='lat' dir='ltr'>gloriae</span> <span class='ocrx_word' id='word_1_978' title='bbox 1836 1871 1868 1896; x_wconf 90' lang='lat' dir='ltr'>et</span> <span class='ocrx_word' id='word_1_979' title='bbox 1890 1864 1995 1896; x_wconf 80' lang='lat' dir='ltr'>famae</span> <span class='ocrx_word' id='word_1_980' title='bbox 2023 1864 2118 1909; x_wconf 85' lang='lat' dir='ltr'>(haec</span> <span class='ocrx_word' id='word_1_981' title='bbox 2140 1865 2228 1897; x_wconf 88' lang='lat' dir='ltr'>enim</span> <span class='ocrx_word' id='word_1_982' title='bbox 2251 1865 2376 1902; x_wconf 81' lang='lat' dir='ltr'>omnia,</span> <span class='ocrx_word' id='word_1_983' title='bbox 2399 1875 2512 1906; x_wconf 64' lang='lat' dir='ltr'>aectin-</span> 
     </span>
     <span class='ocr_line' id='line_1_129' title="bbox 1436 1907 2511 1953; baseline 0.004 -15"><span class='ocrx_word' id='word_1_984' title='bbox 1436 1908 1517 1939; x_wconf 87' lang='lat' dir='ltr'>dum</span> <span class='ocrx_word' id='word_1_985' title='bbox 1539 1907 1714 1946; x_wconf 84' lang='lat' dir='ltr'>veritatem,</span> <span class='ocrx_word' id='word_1_986' title='bbox 1739 1909 1865 1940; x_wconf 85' lang='lat' dir='ltr'>minora</span> <span class='ocrx_word' id='word_1_987' title='bbox 1891 1917 1966 1941; x_wconf 90' lang='lat' dir='ltr'>sunt</span> <span class='ocrx_word' id='word_1_988' title='bbox 1987 1910 2062 1948; x_wconf 87' lang='lat' dir='ltr'>vita,</span> <span class='ocrx_word' id='word_1_989' title='bbox 2087 1917 2119 1941; x_wconf 89' lang='lat' dir='ltr'>et</span> <span class='ocrx_word' id='word_1_990' title='bbox 2141 1909 2277 1941; x_wconf 76' lang='lat' dir='ltr'>minima</span> <span class='ocrx_word' id='word_1_991' title='bbox 2297 1910 2386 1941; x_wconf 70' lang='lat' dir='ltr'>bona</span> <span class='ocrx_word' id='word_1_992' title='bbox 2407 1907 2511 1953; x_wconf 46' lang='lat' dir='ltr'>nint»</span> 
     </span>
     <span class='ocr_line' id='line_1_130' title="bbox 1435 1952 2512 1996; baseline 0.003 -13"><span class='ocrx_word' id='word_1_993' title='bbox 1435 1959 1467 1984; x_wconf 86' lang='lat' dir='ltr'>et</span> <span class='ocrx_word' id='word_1_994' title='bbox 1490 1952 1624 1984; x_wconf 86' lang='lat' dir='ltr'>ulterius</span> <span class='ocrx_word' id='word_1_995' title='bbox 1646 1953 1818 1994; x_wconf 78' lang='lat' dir='ltr'>praeponit</span> <span class='ocrx_word' id='word_1_996' title='bbox 1840 1953 1994 1985; x_wconf 83' lang='lat' dir='ltr'>habituali</span> <span class='ocrx_word' id='word_1_997' title='bbox 2024 1955 2113 1985; x_wconf 89' lang='lat' dir='ltr'>bono</span> <span class='ocrx_word' id='word_1_998' title='bbox 2137 1953 2288 1985; x_wconf 85' lang='lat' dir='ltr'>omnium</span> <span class='ocrx_word' id='word_1_999' title='bbox 2310 1963 2391 1996; x_wconf 83' lang='lat' dir='ltr'>quas</span> <span class='ocrx_word' id='word_1_1000' title='bbox 2417 1954 2512 1986; x_wconf 64' lang='lat' dir='ltr'>habt</span> 
     </span>
     <span class='ocr_line' id='line_1_131' title="bbox 1435 1996 2514 2039; baseline 0.003 -11"><span class='ocrx_word' id='word_1_1001' title='bbox 1435 1996 1609 2034; x_wconf 87' lang='lat' dir='ltr'>virtutum,</span> <span class='ocrx_word' id='word_1_1002' title='bbox 1634 2007 1694 2038; x_wconf 88' lang='lat' dir='ltr'>pro</span> <span class='ocrx_word' id='word_1_1003' title='bbox 1717 2004 1842 2039; x_wconf 86' lang='lat' dir='ltr'>quanto</span> <span class='ocrx_word' id='word_1_1004' title='bbox 1873 2005 1949 2030; x_wconf 88' lang='lat' dir='ltr'>sunt</span> <span class='ocrx_word' id='word_1_1005' title='bbox 1971 1998 2004 2029; x_wconf 90' lang='lat' dir='ltr'>in</span> <span class='ocrx_word' id='word_1_1006' title='bbox 2028 1997 2186 2039; x_wconf 85' lang='lat' dir='ltr'>praesenti</span> <span class='ocrx_word' id='word_1_1007' title='bbox 2204 1998 2281 2030; x_wconf 72' lang='lat' dir='ltr'>vim.</span> <span class='ocrx_word' id='word_1_1008' title='bbox 2311 1997 2406 2030; x_wconf 78' lang='lat' dir='ltr'>Unde</span> <span class='ocrx_word' id='word_1_1009' title='bbox 2430 1998 2514 2031; x_wconf 63' lang='lat' dir='ltr'>aaut</span> 
     </span>
     <span class='ocr_line' id='line_1_132' title="bbox 1435 2041 2514 2085; baseline 0.002 -12"><span class='ocrx_word' id='word_1_1010' title='bbox 1435 2048 1524 2073; x_wconf 81' lang='lat' dir='ltr'>actus</span> <span class='ocrx_word' id='word_1_1011' title='bbox 1547 2042 1706 2074; x_wconf 85' lang='lat' dir='ltr'>interioris</span> <span class='ocrx_word' id='word_1_1012' title='bbox 1729 2041 1908 2074; x_wconf 81' lang='lat' dir='ltr'>dilectionis</span> <span class='ocrx_word' id='word_1_1013' title='bbox 1931 2052 2000 2085; x_wconf 90' lang='lat' dir='ltr'>quo</span> <span class='ocrx_word' id='word_1_1014' title='bbox 2023 2043 2127 2079; x_wconf 87' lang='lat' dir='ltr'>Deus,</span> <span class='ocrx_word' id='word_1_1015' title='bbox 2152 2049 2189 2074; x_wconf 84' lang='lat' dir='ltr'>ut</span> <span class='ocrx_word' id='word_1_1016' title='bbox 2209 2041 2283 2074; x_wconf 74' lang='lat' dir='ltr'>finis</span> <span class='ocrx_word' id='word_1_1017' title='bbox 2305 2049 2453 2075; x_wconf 67' lang='lat' dir='ltr'>aetenae</span> <span class='ocrx_word' id='word_1_1018' title='bbox 2468 2042 2514 2075; x_wconf 67' lang='lat' dir='ltr'>b-</span> 
     </span>
     <span class='ocr_line' id='line_1_133' title="bbox 1434 2086 2513 2129; baseline 0.003 -12"><span class='ocrx_word' id='word_1_1019' title='bbox 1434 2086 1561 2118; x_wconf 87' lang='lat' dir='ltr'>licitatis</span> <span class='ocrx_word' id='word_1_1020' title='bbox 1584 2087 1748 2124; x_wconf 85' lang='lat' dir='ltr'>revelatae,</span> <span class='ocrx_word' id='word_1_1021' title='bbox 1773 2087 1915 2127; x_wconf 84' lang='lat' dir='ltr'>diligitur</span> <span class='ocrx_word' id='word_1_1022' title='bbox 1937 2097 2034 2129; x_wconf 80' lang='lat' dir='ltr'>super</span> <span class='ocrx_word' id='word_1_1023' title='bbox 2057 2087 2178 2124; x_wconf 80' lang='lat' dir='ltr'>omnia.</span> <span class='ocrx_word' id='word_1_1024' title='bbox 2194 2094 2241 2118; x_wconf 82' lang='lat' dir='ltr'>est</span> <span class='ocrx_word' id='word_1_1025' title='bbox 2264 2094 2355 2118; x_wconf 82' lang='lat' dir='ltr'>actus</span> <span class='ocrx_word' id='word_1_1026' title='bbox 2376 2086 2513 2121; x_wconf 61' lang='lat' dir='ltr'>mma·</span> 
     </span>
     <span class='ocr_line' id='line_1_134' title="bbox 1436 2129 2515 2174; baseline 0.002 -12"><span class='ocrx_word' id='word_1_1027' title='bbox 1436 2131 1574 2168; x_wconf 88' lang='lat' dir='ltr'>elicitus;</span> <span class='ocrx_word' id='word_1_1028' title='bbox 1598 2131 1642 2162; x_wconf 84' lang='lat' dir='ltr'>ita</span> <span class='ocrx_word' id='word_1_1029' title='bbox 1664 2132 1800 2163; x_wconf 85' lang='lat' dir='ltr'>exterior</span> <span class='ocrx_word' id='word_1_1030' title='bbox 1822 2139 1912 2163; x_wconf 80' lang='lat' dir='ltr'>actus</span> <span class='ocrx_word' id='word_1_1031' title='bbox 1934 2142 2002 2174; x_wconf 90' lang='lat' dir='ltr'>quo</span> <span class='ocrx_word' id='word_1_1032' title='bbox 2025 2132 2123 2169; x_wconf 74' lang='lat' dir='ltr'>Deus,</span> <span class='ocrx_word' id='word_1_1033' title='bbox 2144 2138 2180 2163; x_wconf 87' lang='lat' dir='ltr'>ut</span> <span class='ocrx_word' id='word_1_1034' title='bbox 2194 2129 2267 2162; x_wconf 82' lang='lat' dir='ltr'>finis</span> <span class='ocrx_word' id='word_1_1035' title='bbox 2286 2138 2358 2169; x_wconf 70' lang='lat' dir='ltr'>etc„</span> <span class='ocrx_word' id='word_1_1036' title='bbox 2374 2131 2515 2174; x_wconf 64' lang='lat' dir='ltr'>diligitur</span> 
     </span>
     <span class='ocr_line' id='line_1_135' title="bbox 1437 2175 2514 2218; baseline 0.002 -12"><span class='ocrx_word' id='word_1_1037' title='bbox 1437 2175 1521 2207; x_wconf 78' lang='lat' dir='ltr'>facto</span> <span class='ocrx_word' id='word_1_1038' title='bbox 1545 2186 1642 2218; x_wconf 89' lang='lat' dir='ltr'>super</span> <span class='ocrx_word' id='word_1_1039' title='bbox 1667 2177 1787 2212; x_wconf 84' lang='lat' dir='ltr'>omnia,</span> <span class='ocrx_word' id='word_1_1040' title='bbox 1812 2183 1860 2208; x_wconf 80' lang='lat' dir='ltr'>est</span> <span class='ocrx_word' id='word_1_1041' title='bbox 1881 2186 1919 2208; x_wconf 88' lang='lat' dir='ltr'>ex</span> <span class='ocrx_word' id='word_1_1042' title='bbox 1942 2187 2004 2208; x_wconf 87' lang='lat' dir='ltr'>suo</span> <span class='ocrx_word' id='word_1_1043' title='bbox 2026 2185 2141 2218; x_wconf 75' lang='lat' dir='ltr'>genere</span> <span class='ocrx_word' id='word_1_1044' title='bbox 2164 2183 2254 2208; x_wconf 78' lang='lat' dir='ltr'>aetus</span> <span class='ocrx_word' id='word_1_1045' title='bbox 2276 2176 2434 2214; x_wconf 64' lang='lat' dir='ltr'>urinas,</span> <span class='ocrx_word' id='word_1_1046' title='bbox 2452 2177 2514 2208; x_wconf 73' lang='lat' dir='ltr'>&#39;un-</span> 
     </span>
     <span class='ocr_line' id='line_1_136' title="bbox 1436 2220 2513 2263; baseline 0.004 -12"><span class='ocrx_word' id='word_1_1047' title='bbox 1436 2227 1565 2261; x_wconf 86' lang='lat' dir='ltr'>peratus</span> <span class='ocrx_word' id='word_1_1048' title='bbox 1587 2227 1706 2253; x_wconf 86' lang='lat' dir='ltr'>tamen.</span> <span class='ocrx_word' id='word_1_1049' title='bbox 1730 2221 1772 2252; x_wconf 89' lang='lat' dir='ltr'>Et</span> <span class='ocrx_word' id='word_1_1050' title='bbox 1785 2227 1954 2262; x_wconf 84' lang='lat' dir='ltr'>propterea</span> <span class='ocrx_word' id='word_1_1051' title='bbox 1977 2221 2122 2254; x_wconf 79' lang='lat' dir='ltr'>Salvator</span> <span class='ocrx_word' id='word_1_1052' title='bbox 2145 2220 2288 2263; x_wconf 75' lang='lat' dir='ltr'>martyrii</span> <span class='ocrx_word' id='word_1_1053' title='bbox 2303 2227 2415 2253; x_wconf 85' lang='lat' dir='ltr'>actum</span> <span class='ocrx_word' id='word_1_1054' title='bbox 2435 2220 2513 2255; x_wconf 71' lang='lat' dir='ltr'>eati·</span> 
     </span>
     <span class='ocr_line' id='line_1_137' title="bbox 1436 2265 2511 2305; baseline 0.003 -9"><span class='ocrx_word' id='word_1_1055' title='bbox 1436 2265 1491 2296; x_wconf 87' lang='lat' dir='ltr'>tati</span> <span class='ocrx_word' id='word_1_1056' title='bbox 1511 2265 1663 2302; x_wconf 87' lang='lat' dir='ltr'>attribuit,</span> <span class='ocrx_word' id='word_1_1057' title='bbox 1678 2265 1786 2297; x_wconf 86' lang='lat' dir='ltr'>dicens</span> <span class='ocrx_word' id='word_1_1058' title='bbox 1801 2265 1832 2296; x_wconf 72' lang='grc' dir='ltr'>*ε</span> <span class='ocrx_word' id='word_1_1059' title='bbox 1858 2266 2020 2298; x_wconf 67' lang='lat' dir='ltr'>Maiorem</span> <span class='ocrx_word' id='word_1_1060' title='bbox 2035 2267 2203 2298; x_wconf 77' lang='lat' dir='ltr'>caritatem</span> <span class='ocrx_word' id='word_1_1061' title='bbox 2223 2275 2318 2298; x_wconf 74' lang='lat' dir='ltr'>nemo</span> <span class='ocrx_word' id='word_1_1062' title='bbox 2331 2266 2437 2305; x_wconf 62' lang='lat' dir='ltr'>habe,</span> <span class='ocrx_word' id='word_1_1063' title='bbox 2453 2273 2511 2299; x_wconf 64' lang='lat' dir='ltr'>et.</span> 
     </span>
     <span class='ocr_line' id='line_1_138' title="bbox 1436 2309 2514 2352; baseline 0.002 -11"><span class='ocrx_word' id='word_1_1064' title='bbox 1436 2309 1558 2341; x_wconf 86' lang='lat' dir='ltr'>Verum</span> <span class='ocrx_word' id='word_1_1065' title='bbox 1582 2310 1658 2352; x_wconf 81' lang='lat' dir='ltr'>quia</span> <span class='ocrx_word' id='word_1_1066' title='bbox 1689 2310 1798 2342; x_wconf 82' lang='lat' dir='ltr'>nullus</span> <span class='ocrx_word' id='word_1_1067' title='bbox 1821 2317 1910 2341; x_wconf 78' lang='lat' dir='ltr'>actus</span> <span class='ocrx_word' id='word_1_1068' title='bbox 1940 2310 2078 2342; x_wconf 68' lang='lat' dir='ltr'>menoa-</span> <span class='ocrx_word' id='word_1_1069' title='bbox 2103 2317 2150 2342; x_wconf 78' lang='lat' dir='ltr'>eat</span> <span class='ocrx_word' id='word_1_1070' title='bbox 2172 2310 2216 2342; x_wconf 84' lang='lat' dir='ltr'>ita</span> <span class='ocrx_word' id='word_1_1071' title='bbox 2239 2319 2277 2341; x_wconf 83' lang='lat' dir='ltr'>ex</span> <span class='ocrx_word' id='word_1_1072' title='bbox 2306 2320 2368 2342; x_wconf 89' lang='lat' dir='ltr'>suo</span> <span class='ocrx_word' id='word_1_1073' title='bbox 2397 2320 2514 2352; x_wconf 62' lang='lat' dir='ltr'>genus</span> 
     </span>
     <span class='ocr_line' id='line_1_139' title="bbox 1437 2354 2515 2397; baseline 0.002 -12"><span class='ocrx_word' id='word_1_1074' title='bbox 1437 2355 1543 2386; x_wconf 90' lang='lat' dir='ltr'>bonus</span> <span class='ocrx_word' id='word_1_1075' title='bbox 1576 2354 1655 2396; x_wconf 88' lang='lat' dir='ltr'>quin</span> <span class='ocrx_word' id='word_1_1076' title='bbox 1686 2355 1789 2396; x_wconf 85' lang='lat' dir='ltr'>possit</span> <span class='ocrx_word' id='word_1_1077' title='bbox 1820 2355 1902 2386; x_wconf 85' lang='lat' dir='ltr'>male</span> <span class='ocrx_word' id='word_1_1078' title='bbox 1926 2354 2012 2392; x_wconf 83' lang='lat' dir='ltr'>fieri,</span> <span class='ocrx_word' id='word_1_1079' title='bbox 2042 2362 2078 2386; x_wconf 90' lang='lat' dir='ltr'>ut</span> <span class='ocrx_word' id='word_1_1080' title='bbox 2106 2361 2194 2396; x_wconf 82' lang='lat' dir='ltr'>patet</span> <span class='ocrx_word' id='word_1_1081' title='bbox 2221 2354 2428 2387; x_wconf 82' lang='lat' dir='ltr'>discurrendo</span> <span class='ocrx_word' id='word_1_1082' title='bbox 2457 2365 2515 2397; x_wconf 73' lang='lat' dir='ltr'>per</span> 
     </span>
     <span class='ocr_line' id='line_1_140' title="bbox 1436 2398 2512 2440; baseline 0.001 -10"><span class='ocrx_word' id='word_1_1083' title='bbox 1436 2406 1526 2430; x_wconf 88' lang='lat' dir='ltr'>actus</span> <span class='ocrx_word' id='word_1_1084' title='bbox 1549 2399 1718 2430; x_wconf 71' lang='lat' dir='ltr'>exteriores</span> <span class='ocrx_word' id='word_1_1085' title='bbox 1737 2398 1830 2436; x_wconf 83' lang='lat' dir='ltr'>fidei,</span> <span class='ocrx_word' id='word_1_1086' title='bbox 1863 2399 1948 2440; x_wconf 77' lang='lat' dir='ltr'>spei,</span> <span class='ocrx_word' id='word_1_1087' title='bbox 1973 2399 2126 2436; x_wconf 67' lang='lat' dir='ltr'>caritatis,</span> <span class='ocrx_word' id='word_1_1088' title='bbox 2150 2398 2305 2436; x_wconf 68' lang='lat' dir='ltr'>iustiti-e,</span> <span class='ocrx_word' id='word_1_1089' title='bbox 2328 2406 2407 2437; x_wconf 80' lang='lat' dir='ltr'>ett.;</span> <span class='ocrx_word' id='word_1_1090' title='bbox 2437 2399 2512 2431; x_wconf 91' lang='lat' dir='ltr'>ideo</span> 
     </span>
     <span class='ocr_line' id='line_1_141' title="bbox 1437 2442 2514 2486; baseline 0.001 -11"><span class='ocrx_word' id='word_1_1091' title='bbox 1437 2444 1573 2475; x_wconf 80' lang='lat' dir='ltr'>exterior</span> <span class='ocrx_word' id='word_1_1092' title='bbox 1594 2443 1737 2486; x_wconf 81' lang='lat' dir='ltr'>martyrii</span> <span class='ocrx_word' id='word_1_1093' title='bbox 1760 2451 1849 2476; x_wconf 75' lang='lat' dir='ltr'>actus</span> <span class='ocrx_word' id='word_1_1094' title='bbox 1873 2450 1980 2485; x_wconf 76' lang='lat' dir='ltr'>potest</span> <span class='ocrx_word' id='word_1_1095' title='bbox 2002 2444 2085 2475; x_wconf 71' lang='lat' dir='ltr'>male</span> <span class='ocrx_word' id='word_1_1096' title='bbox 2108 2442 2190 2475; x_wconf 80' lang='lat' dir='ltr'>fieti:</span> <span class='ocrx_word' id='word_1_1097' title='bbox 2218 2450 2300 2484; x_wconf 84' lang='lat' dir='ltr'>puta</span> <span class='ocrx_word' id='word_1_1098' title='bbox 2320 2444 2347 2475; x_wconf 82' lang='lat' dir='ltr'>si</span> <span class='ocrx_word' id='word_1_1099' title='bbox 2370 2443 2456 2485; x_wconf 50' lang='lat' dir='ltr'>quiz</span> <span class='ocrx_word' id='word_1_1100' title='bbox 2477 2451 2514 2476; x_wconf 77' lang='lat' dir='ltr'>ut</span> 
     </span>
     <span class='ocr_line' id='line_1_142' title="bbox 1437 2487 2512 2530; baseline 0.002 -11"><span class='ocrx_word' id='word_1_1101' title='bbox 1437 2499 1504 2520; x_wconf 89' lang='lat' dir='ltr'>non</span> <span class='ocrx_word' id='word_1_1102' title='bbox 1528 2496 1622 2529; x_wconf 78' lang='lat' dir='ltr'>neget</span> <span class='ocrx_word' id='word_1_1103' title='bbox 1635 2487 1733 2520; x_wconf 83' lang='lat' dir='ltr'>fidem</span> <span class='ocrx_word' id='word_1_1104' title='bbox 1749 2488 1878 2526; x_wconf 87' lang='lat' dir='ltr'>Christi,</span> <span class='ocrx_word' id='word_1_1105' title='bbox 1895 2489 2051 2521; x_wconf 85' lang='lat' dir='ltr'>sustineat</span> <span class='ocrx_word' id='word_1_1106' title='bbox 2063 2494 2214 2525; x_wconf 71' lang='lat' dir='ltr'>monem,</span> <span class='ocrx_word' id='word_1_1107' title='bbox 2232 2495 2366 2530; x_wconf 76' lang='lat' dir='ltr'>propter</span> <span class='ocrx_word' id='word_1_1108' title='bbox 2383 2489 2512 2521; x_wconf 70' lang='lat' dir='ltr'>inn-</span> 
     </span>
     <span class='ocr_line' id='line_1_143' title="bbox 1437 2533 2513 2575; baseline 0.001 -11"><span class='ocrx_word' id='word_1_1109' title='bbox 1437 2533 1590 2574; x_wconf 81' lang='lat' dir='ltr'>gloriam;</span> <span class='ocrx_word' id='word_1_1110' title='bbox 1615 2540 1693 2565; x_wconf 86' lang='lat' dir='ltr'>tune</span> <span class='ocrx_word' id='word_1_1111' title='bbox 1713 2533 1800 2565; x_wconf 86' lang='lat' dir='ltr'>enim</span> <span class='ocrx_word' id='word_1_1112' title='bbox 1823 2540 1913 2565; x_wconf 82' lang='lat' dir='ltr'>actus</span> <span class='ocrx_word' id='word_1_1113' title='bbox 1927 2533 2144 2575; x_wconf 70' lang='lat' dir='ltr'>imperandae,</span> <span class='ocrx_word' id='word_1_1114' title='bbox 2164 2540 2326 2574; x_wconf 70' lang='lat' dir='ltr'>quantam</span> <span class='ocrx_word' id='word_1_1115' title='bbox 2346 2540 2397 2566; x_wconf 72' lang='lat' dir='ltr'>est</span> <span class='ocrx_word' id='word_1_1116' title='bbox 2416 2543 2456 2565; x_wconf 72' lang='lat' dir='ltr'>en</span> <span class='ocrx_word' id='word_1_1117' title='bbox 2469 2543 2513 2571; x_wconf 79' lang='lat' dir='ltr'>se,</span> 
     </span>
     <span class='ocr_line' id='line_1_144' title="bbox 1438 2577 2513 2620; baseline 0.001 -10"><span class='ocrx_word' id='word_1_1118' title='bbox 1438 2588 1475 2610; x_wconf 88' lang='lat' dir='ltr'>ex</span> <span class='ocrx_word' id='word_1_1119' title='bbox 1498 2578 1642 2616; x_wconf 79' lang='lat' dir='ltr'>caritate,</span> <span class='ocrx_word' id='word_1_1120' title='bbox 1666 2578 1841 2619; x_wconf 66' lang='lat' dir='ltr'>impensus</span> <span class='ocrx_word' id='word_1_1121' title='bbox 1871 2585 1919 2610; x_wconf 86' lang='lat' dir='ltr'>est</span> <span class='ocrx_word' id='word_1_1122' title='bbox 1947 2579 1989 2609; x_wconf 85' lang='lat' dir='ltr'>ab</span> <span class='ocrx_word' id='word_1_1123' title='bbox 2009 2578 2098 2610; x_wconf 77' lang='lat' dir='ltr'>inani</span> <span class='ocrx_word' id='word_1_1124' title='bbox 2119 2577 2235 2618; x_wconf 67' lang='lat' dir='ltr'>ginno.</span> <span class='ocrx_word' id='word_1_1125' title='bbox 2262 2578 2304 2609; x_wconf 80' lang='lat' dir='ltr'>Et</span> <span class='ocrx_word' id='word_1_1126' title='bbox 2332 2578 2411 2620; x_wconf 78' lang='lat' dir='ltr'>quia</span> <span class='ocrx_word' id='word_1_1127' title='bbox 2429 2577 2513 2617; x_wconf 42' lang='grc' dir='ltr'>ᾖ,</span> 
     </span>
     <span class='ocr_line' id='line_1_145' title="bbox 1435 2622 2514 2664; baseline 0.001 -10"><span class='ocrx_word' id='word_1_1128' title='bbox 1435 2623 1588 2654; x_wconf 82' lang='lat' dir='ltr'>latentem</span> <span class='ocrx_word' id='word_1_1129' title='bbox 1612 2623 1718 2654; x_wconf 87' lang='lat' dir='ltr'>celans</span> <span class='ocrx_word' id='word_1_1130' title='bbox 1739 2623 1978 2664; x_wconf 80' lang='lat' dir='ltr'>perversitatem</span> <span class='ocrx_word' id='word_1_1131' title='bbox 2000 2632 2077 2654; x_wconf 87' lang='lat' dir='ltr'>suae</span> <span class='ocrx_word' id='word_1_1132' title='bbox 2099 2622 2296 2659; x_wconf 73' lang='lat' dir='ltr'>intentionis,</span> <span class='ocrx_word' id='word_1_1133' title='bbox 2311 2632 2423 2654; x_wconf 66' lang='lat' dir='ltr'>men</span> <span class='ocrx_word' id='word_1_1134' title='bbox 2442 2622 2514 2655; x_wconf 74' lang='lat' dir='ltr'>Da·</span> 
     </span>
     <span class='ocr_line' id='line_1_146' title="bbox 1437 2667 2513 2710; baseline 0.002 -11"><span class='ocrx_word' id='word_1_1135' title='bbox 1437 2675 1485 2700; x_wconf 85' lang='lat' dir='ltr'>est</span> <span class='ocrx_word' id='word_1_1136' title='bbox 1507 2675 1628 2709; x_wconf 79' lang='lat' dir='ltr'>martyr</span> <span class='ocrx_word' id='word_1_1137' title='bbox 1649 2667 1780 2704; x_wconf 84' lang='lat' dir='ltr'>diaboli,</span> <span class='ocrx_word' id='word_1_1138' title='bbox 1797 2677 1907 2699; x_wconf 77' lang='lat' dir='ltr'>coram</span> <span class='ocrx_word' id='word_1_1139' title='bbox 1929 2667 2116 2699; x_wconf 70' lang='lat' dir='ltr'>hominibus</span> <span class='ocrx_word' id='word_1_1140' title='bbox 2129 2674 2238 2699; x_wconf 71' lang='lat' dir='ltr'>eumn</span> <span class='ocrx_word' id='word_1_1141' title='bbox 2261 2667 2433 2701; x_wconf 66' lang='lat' dir='ltr'>habemu-</span> <span class='ocrx_word' id='word_1_1142' title='bbox 2451 2677 2513 2710; x_wconf 68' lang='lat' dir='ltr'>pm</span> 
     </span>
     <span class='ocr_line' id='line_1_147' title="bbox 1438 2710 2513 2754; baseline -0.001 -9"><span class='ocrx_word' id='word_1_1143' title='bbox 1438 2712 1556 2745; x_wconf 81' lang='lat' dir='ltr'>Christi</span> <span class='ocrx_word' id='word_1_1144' title='bbox 1580 2710 1731 2754; x_wconf 78' lang='lat' dir='ltr'>martyre;</span> <span class='ocrx_word' id='word_1_1145' title='bbox 1754 2712 1798 2743; x_wconf 87' lang='lat' dir='ltr'>sic</span> <span class='ocrx_word' id='word_1_1146' title='bbox 1814 2712 1974 2744; x_wconf 71' lang='lat' dir='ltr'>sustinens</span> <span class='ocrx_word' id='word_1_1147' title='bbox 1989 2719 2128 2744; x_wconf 83' lang='lat' dir='ltr'>mortem</span> <span class='ocrx_word' id='word_1_1148' title='bbox 2150 2722 2210 2753; x_wconf 74' lang='lat' dir='ltr'>pro</span> <span class='ocrx_word' id='word_1_1149' title='bbox 2225 2710 2288 2743; x_wconf 81' lang='lat' dir='ltr'>fide</span> <span class='ocrx_word' id='word_1_1150' title='bbox 2304 2711 2425 2744; x_wconf 76' lang='lat' dir='ltr'>Christi</span> <span class='ocrx_word' id='word_1_1151' title='bbox 2445 2722 2513 2744; x_wconf 75' lang='lat' dir='ltr'>na·</span> 
     </span>
     <span class='ocr_line' id='line_1_148' title="bbox 1437 2756 2512 2798; baseline -0.001 -9"><span class='ocrx_word' id='word_1_1152' title='bbox 1437 2757 1549 2789; x_wconf 85' lang='lat' dir='ltr'>habuit</span> <span class='ocrx_word' id='word_1_1153' title='bbox 1570 2767 1682 2788; x_wconf 79' lang='lat' dir='ltr'>verum</span> <span class='ocrx_word' id='word_1_1154' title='bbox 1706 2757 1847 2798; x_wconf 77' lang='lat' dir='ltr'>martyrii</span> <span class='ocrx_word' id='word_1_1155' title='bbox 1870 2765 1988 2793; x_wconf 80' lang='lat' dir='ltr'>sctum,</span> <span class='ocrx_word' id='word_1_1156' title='bbox 2013 2757 2053 2788; x_wconf 84' lang='lat' dir='ltr'>de</span> <span class='ocrx_word' id='word_1_1157' title='bbox 2076 2756 2168 2788; x_wconf 75' lang='lat' dir='ltr'>cuius</span> <span class='ocrx_word' id='word_1_1158' title='bbox 2200 2756 2323 2788; x_wconf 78' lang='lat' dir='ltr'>ratione</span> <span class='ocrx_word' id='word_1_1159' title='bbox 2351 2764 2401 2788; x_wconf 76' lang='lat' dir='ltr'>est</span> <span class='ocrx_word' id='word_1_1160' title='bbox 2421 2757 2512 2798; x_wconf 76' lang='lat' dir='ltr'>quod</span> 
     </span>
     <span class='ocr_line' id='line_1_149' title="bbox 1437 2800 2513 2844; baseline -0.002 -10"><span class='ocrx_word' id='word_1_1161' title='bbox 1437 2802 1592 2834; x_wconf 86' lang='lat' dir='ltr'>sustinere</span> <span class='ocrx_word' id='word_1_1162' title='bbox 1615 2809 1753 2833; x_wconf 84' lang='lat' dir='ltr'>mortem</span> <span class='ocrx_word' id='word_1_1163' title='bbox 1768 2802 1812 2833; x_wconf 84' lang='lat' dir='ltr'>sic</span> <span class='ocrx_word' id='word_1_1164' title='bbox 1827 2801 1882 2833; x_wconf 79' lang='lat' dir='ltr'>fiat</span> <span class='ocrx_word' id='word_1_1165' title='bbox 1896 2808 2028 2844; x_wconf 62' lang='lat' dir='ltr'>psopter</span> <span class='ocrx_word' id='word_1_1166' title='bbox 2042 2802 2169 2833; x_wconf 69' lang='lat' dir='ltr'>bonum</span> <span class='ocrx_word' id='word_1_1167' title='bbox 2189 2800 2264 2833; x_wconf 76' lang='lat' dir='ltr'>fidei</span> <span class='ocrx_word' id='word_1_1168' title='bbox 2288 2808 2326 2833; x_wconf 75' lang='lat' dir='ltr'>ut</span> <span class='ocrx_word' id='word_1_1169' title='bbox 2339 2811 2410 2833; x_wconf 75' lang='lat' dir='ltr'>non·</span> <span class='ocrx_word' id='word_1_1170' title='bbox 2429 2801 2513 2833; x_wconf 65' lang='grc' dir='ltr'>οτῶ</span> 
     </span>
     <span class='ocr_line' id='line_1_150' title="bbox 1438 2846 2512 2887; baseline -0.001 -9"><span class='ocrx_word' id='word_1_1171' title='bbox 1438 2854 1531 2878; x_wconf 89' lang='lat' dir='ltr'>netur</span> <span class='ocrx_word' id='word_1_1172' title='bbox 1554 2848 1594 2878; x_wconf 84' lang='lat' dir='ltr'>ad</span> <span class='ocrx_word' id='word_1_1173' title='bbox 1618 2846 1738 2887; x_wconf 81' lang='lat' dir='ltr'>aliquid</span> <span class='ocrx_word' id='word_1_1174' title='bbox 1762 2846 1958 2878; x_wconf 77' lang='lat' dir='ltr'>contrarium</span> <span class='ocrx_word' id='word_1_1175' title='bbox 1984 2846 2078 2878; x_wconf 79' lang='lat' dir='ltr'>alicui</span> <span class='ocrx_word' id='word_1_1176' title='bbox 2107 2846 2263 2887; x_wconf 76' lang='lat' dir='ltr'>spectanti</span> <span class='ocrx_word' id='word_1_1177' title='bbox 2285 2846 2327 2877; x_wconf 81' lang='lat' dir='ltr'>ad</span> <span class='ocrx_word' id='word_1_1178' title='bbox 2347 2846 2512 2878; x_wconf 68' lang='lat' dir='ltr'>verint-</span> 
     </span>
     <span class='ocr_line' id='line_1_151' title="bbox 1437 2890 2511 2932; baseline -0.001 -9"><span class='ocrx_word' id='word_1_1179' title='bbox 1437 2891 1529 2928; x_wconf 88' lang='lat' dir='ltr'>fidei;</span> <span class='ocrx_word' id='word_1_1180' title='bbox 1557 2891 1714 2923; x_wconf 87' lang='lat' dir='ltr'>constabit</span> <span class='ocrx_word' id='word_1_1181' title='bbox 1737 2898 1845 2922; x_wconf 89' lang='lat' dir='ltr'>autem</span> <span class='ocrx_word' id='word_1_1182' title='bbox 1868 2891 1900 2922; x_wconf 90' lang='lat' dir='ltr'>in</span> <span class='ocrx_word' id='word_1_1183' title='bbox 1925 2891 2059 2923; x_wconf 88' lang='lat' dir='ltr'>articulo</span> <span class='ocrx_word' id='word_1_1184' title='bbox 2084 2890 2199 2922; x_wconf 87' lang='lat' dir='ltr'>ultimo</span> <span class='ocrx_word' id='word_1_1185' title='bbox 2227 2890 2324 2922; x_wconf 83' lang='lat' dir='ltr'>huius</span> <span class='ocrx_word' id='word_1_1186' title='bbox 2351 2890 2511 2932; x_wconf 71' lang='lat' dir='ltr'>quaestio</span> 
     </span>
     <span class='ocr_line' id='line_1_152' title="bbox 1437 2933 2511 2978; baseline -0.001 -11"><span class='ocrx_word' id='word_1_1187' title='bbox 1437 2936 1487 2968; x_wconf 84' lang='lat' dir='ltr'>nis</span> <span class='ocrx_word' id='word_1_1188' title='bbox 1510 2936 1600 2978; x_wconf 88' lang='lat' dir='ltr'>quod</span> <span class='ocrx_word' id='word_1_1189' title='bbox 1624 2935 1733 2967; x_wconf 79' lang='lat' dir='ltr'>omnis</span> <span class='ocrx_word' id='word_1_1190' title='bbox 1748 2935 1849 2969; x_wconf 76' lang='lat' dir='ltr'>virtus</span> <span class='ocrx_word' id='word_1_1191' title='bbox 1873 2936 2005 2967; x_wconf 70' lang='lat' dir='ltr'>mor-lic</span> <span class='ocrx_word' id='word_1_1192' title='bbox 2026 2942 2148 2977; x_wconf 80' lang='lat' dir='ltr'>spectat</span> <span class='ocrx_word' id='word_1_1193' title='bbox 2169 2935 2211 2966; x_wconf 86' lang='lat' dir='ltr'>ad</span> <span class='ocrx_word' id='word_1_1194' title='bbox 2231 2935 2399 2967; x_wconf 65' lang='lat' dir='ltr'>veritatem</span> <span class='ocrx_word' id='word_1_1195' title='bbox 2417 2933 2511 2972; x_wconf 72' lang='lat' dir='ltr'>fidei,</span> 
     </span>
     <span class='ocr_line' id='line_1_153' title="bbox 1437 2978 2513 3022; baseline -0.001 -10"><span class='ocrx_word' id='word_1_1196' title='bbox 1437 2991 1473 3012; x_wconf 91' lang='lat' dir='ltr'>ac</span> <span class='ocrx_word' id='word_1_1197' title='bbox 1498 2990 1554 3022; x_wconf 88' lang='lat' dir='ltr'>per</span> <span class='ocrx_word' id='word_1_1198' title='bbox 1581 2981 1653 3018; x_wconf 85' lang='lat' dir='ltr'>hoc,</span> <span class='ocrx_word' id='word_1_1199' title='bbox 1677 2990 1776 3012; x_wconf 80' lang='lat' dir='ltr'>omne</span> <span class='ocrx_word' id='word_1_1200' title='bbox 1799 2988 1967 3021; x_wconf 80' lang='lat' dir='ltr'>peccatum</span> <span class='ocrx_word' id='word_1_1201' title='bbox 1994 2980 2040 3012; x_wconf 84' lang='lat' dir='ltr'>illi</span> <span class='ocrx_word' id='word_1_1202' title='bbox 2071 2979 2288 3012; x_wconf 71' lang='lat' dir='ltr'>contrariatur.</span> <span class='ocrx_word' id='word_1_1203' title='bbox 2317 2979 2394 3018; x_wconf 70' lang='lat' dir='ltr'>an</span> <span class='ocrx_word' id='word_1_1204' title='bbox 2418 2978 2455 3011; x_wconf 75' lang='lat' dir='ltr'>fis</span> <span class='ocrx_word' id='word_1_1205' title='bbox 2477 2986 2513 3014; x_wconf 60' lang='grc' dir='ltr'><strong>κ</strong></span> 
     </span>
     <span class='ocr_line' id='line_1_154' title="bbox 1437 3023 2513 3067; baseline -0.002 -10"><span class='ocrx_word' id='word_1_1206' title='bbox 1437 3025 1627 3067; x_wconf 82' lang='lat' dir='ltr'>martyrium</span> <span class='ocrx_word' id='word_1_1207' title='bbox 1650 3025 1771 3056; x_wconf 81' lang='lat' dir='ltr'>habens</span> <span class='ocrx_word' id='word_1_1208' title='bbox 1793 3032 1910 3056; x_wconf 81' lang='lat' dir='ltr'>ceteras</span> <span class='ocrx_word' id='word_1_1209' title='bbox 1926 3035 2000 3056; x_wconf 82' lang='lat' dir='ltr'>suas</span> <span class='ocrx_word' id='word_1_1210' title='bbox 2018 3024 2141 3058; x_wconf 69' lang='lat' dir='ltr'>debit-⁸</span> <span class='ocrx_word' id='word_1_1211' title='bbox 2161 3023 2371 3061; x_wconf 69' lang='lat' dir='ltr'>conditiones,</span> <span class='ocrx_word' id='word_1_1212' title='bbox 2395 3023 2513 3056; x_wconf 60' lang='lat' dir='ltr'>militm</span> 
     </span>
     <span class='ocr_line' id='line_1_155' title="bbox 1436 3067 2511 3112; baseline -0.002 -10"><span class='ocrx_word' id='word_1_1213' title='bbox 1436 3070 1527 3112; x_wconf 89' lang='lat' dir='ltr'>quod</span> <span class='ocrx_word' id='word_1_1214' title='bbox 1551 3070 1591 3101; x_wconf 87' lang='lat' dir='ltr'>sit</span> <span class='ocrx_word' id='word_1_1215' title='bbox 1613 3070 1794 3101; x_wconf 82' lang='lat' dir='ltr'>voluntaria</span> <span class='ocrx_word' id='word_1_1216' title='bbox 1809 3069 1956 3102; x_wconf 67' lang='lat' dir='ltr'>toleratio</span> <span class='ocrx_word' id='word_1_1217' title='bbox 1980 3069 2097 3101; x_wconf 73' lang='lat' dir='ltr'>mortis</span> <span class='ocrx_word' id='word_1_1218' title='bbox 2108 3075 2241 3110; x_wconf 66' lang='lat' dir='ltr'>psopter</span> <span class='ocrx_word' id='word_1_1219' title='bbox 2253 3068 2422 3100; x_wconf 70' lang='lat' dir='ltr'>ven-imte-</span> <span class='ocrx_word' id='word_1_1220' title='bbox 2437 3067 2511 3100; x_wconf 82' lang='lat' dir='ltr'>fidei</span> 
     </span>
     <span class='ocr_line' id='line_1_156' title="bbox 1438 3112 2512 3155; baseline -0.001 -9"><span class='ocrx_word' id='word_1_1221' title='bbox 1438 3114 1635 3147; x_wconf 84' lang='lat' dir='ltr'>Christianae</span> <span class='ocrx_word' id='word_1_1222' title='bbox 1664 3114 1697 3145; x_wconf 91' lang='lat' dir='ltr'>in</span> <span class='ocrx_word' id='word_1_1223' title='bbox 1722 3114 1865 3145; x_wconf 83' lang='lat' dir='ltr'>favorem</span> <span class='ocrx_word' id='word_1_1224' title='bbox 1895 3124 1954 3146; x_wconf 84' lang='lat' dir='ltr'>seu</span> <span class='ocrx_word' id='word_1_1225' title='bbox 1984 3114 2146 3146; x_wconf 69' lang='lat' dir='ltr'>honorem.</span> <span class='ocrx_word' id='word_1_1226' title='bbox 2172 3112 2233 3144; x_wconf 81' lang='lat' dir='ltr'>nei</span> <span class='ocrx_word' id='word_1_1227' title='bbox 2262 3119 2416 3155; x_wconf 79' lang='lat' dir='ltr'>tanquam</span> <span class='ocrx_word' id='word_1_1228' title='bbox 2439 3112 2512 3145; x_wconf 83' lang='lat' dir='ltr'>finis</span> 
     </span>
     <span class='ocr_line' id='line_1_157' title="bbox 1437 3157 2510 3200; baseline -0.002 -10"><span class='ocrx_word' id='word_1_1229' title='bbox 1437 3158 1554 3196; x_wconf 85' lang='lat' dir='ltr'>ultimi,</span> <span class='ocrx_word' id='word_1_1230' title='bbox 1578 3169 1747 3200; x_wconf 85' lang='lat' dir='ltr'>nunquam</span> <span class='ocrx_word' id='word_1_1231' title='bbox 1769 3158 1810 3190; x_wconf 79' lang='lat' dir='ltr'>sit</span> <span class='ocrx_word' id='word_1_1232' title='bbox 1833 3159 2007 3199; x_wconf 75' lang='lat' dir='ltr'>imperatus</span> <span class='ocrx_word' id='word_1_1233' title='bbox 2021 3158 2083 3190; x_wconf 65' lang='lat' dir='ltr'>nisi</span> <span class='ocrx_word' id='word_1_1234' title='bbox 2105 3167 2124 3188; x_wconf 87' lang='lat' dir='ltr'>a</span> <span class='ocrx_word' id='word_1_1235' title='bbox 2146 3157 2288 3189; x_wconf 66' lang='lat' dir='ltr'>cuit-ne:</span> <span class='ocrx_word' id='word_1_1236' title='bbox 2313 3164 2444 3199; x_wconf 80' lang='lat' dir='ltr'>propter</span> <span class='ocrx_word' id='word_1_1237' title='bbox 2466 3158 2510 3189; x_wconf 84' lang='lat' dir='ltr'>al·</span> 
     </span>
     <span class='ocr_line' id='line_1_158' title="bbox 1437 3202 2511 3245; baseline -0.002 -10"><span class='ocrx_word' id='word_1_1238' title='bbox 1437 3204 1533 3235; x_wconf 85' lang='lat' dir='ltr'>latam</span> <span class='ocrx_word' id='word_1_1239' title='bbox 1552 3203 1720 3240; x_wconf 79' lang='lat' dir='ltr'>rationem,</span> <span class='ocrx_word' id='word_1_1240' title='bbox 1736 3202 1813 3245; x_wconf 78' lang='lat' dir='ltr'>quia</span> <span class='ocrx_word' id='word_1_1241' title='bbox 1826 3203 1944 3235; x_wconf 82' lang='lat' dir='ltr'>scilicet</span> <span class='ocrx_word' id='word_1_1242' title='bbox 1958 3202 2027 3234; x_wconf 67' lang='lat' dir='ltr'>ndis</span> <span class='ocrx_word' id='word_1_1243' title='bbox 2047 3209 2135 3235; x_wconf 70' lang='lat' dir='ltr'>sem</span> <span class='ocrx_word' id='word_1_1244' title='bbox 2151 3211 2188 3233; x_wconf 70' lang='lat' dir='ltr'>es</span> <span class='ocrx_word' id='word_1_1245' title='bbox 2201 3211 2262 3238; x_wconf 71' lang='lat' dir='ltr'>suo</span> <span class='ocrx_word' id='word_1_1246' title='bbox 2278 3211 2394 3243; x_wconf 74' lang='lat' dir='ltr'>genere</span> <span class='ocrx_word' id='word_1_1247' title='bbox 2417 3202 2511 3244; x_wconf 61' lang='lat' dir='ltr'>exigit</span> 
     </span>
     <span class='ocr_line' id='line_1_159' title="bbox 1437 3247 1779 3290; baseline 0 -11"><span class='ocrx_word' id='word_1_1248' title='bbox 1437 3248 1610 3290; x_wconf 86' lang='lat' dir='ltr'>imperium</span> <span class='ocrx_word' id='word_1_1249' title='bbox 1633 3247 1779 3279; x_wconf 78' lang='lat' dir='ltr'>caritatis.</span> 
     </span>
    </p>

    <p class='ocr_par' dir='ltr' id='par_1_33' title="bbox 1435 3290 2511 3688">
     <span class='ocr_line' id='line_1_160' title="bbox 1493 3290 2511 3333; baseline -0.001 -9"><span class='ocrx_word' id='word_1_1250' title='bbox 1493 3293 1576 3324; x_wconf 78' lang='lat' dir='ltr'>xlv.</span> <span class='ocrx_word' id='word_1_1251' title='bbox 1601 3293 1652 3324; x_wconf 78' lang='lat' dir='ltr'>Ad</span> <span class='ocrx_word' id='word_1_1252' title='bbox 1675 3292 1820 3333; x_wconf 73' lang='lat' dir='ltr'>primum</span> <span class='ocrx_word' id='word_1_1253' title='bbox 1837 3298 1944 3323; x_wconf 66' lang='lat' dir='ltr'>autem</span> <span class='ocrx_word' id='word_1_1254' title='bbox 1964 3297 2191 3331; x_wconf 70' lang='lat' dir='ltr'>argumentum</span> <span class='ocrx_word' id='word_1_1255' title='bbox 2213 3290 2341 3322; x_wconf 84' lang='lat' dir='ltr'>Martini</span> <span class='ocrx_word' id='word_1_1256' title='bbox 2355 3290 2374 3311; x_wconf 72' lang='lat'>⁸</span> <span class='ocrx_word' id='word_1_1257' title='bbox 2395 3291 2511 3323; x_wconf 70' lang='lat' dir='ltr'>dicim</span> 
     </span>
     <span class='ocr_line' id='line_1_161' title="bbox 1437 3335 2510 3379; baseline 0 -11"><span class='ocrx_word' id='word_1_1258' title='bbox 1437 3337 1527 3379; x_wconf 91' lang='lat' dir='ltr'>quod</span> <span class='ocrx_word' id='word_1_1259' title='bbox 1558 3337 1585 3368; x_wconf 86' lang='lat' dir='ltr'>si</span> <span class='ocrx_word' id='word_1_1260' title='bbox 1609 3336 1682 3378; x_wconf 85' lang='lat' dir='ltr'>quis</span> <span class='ocrx_word' id='word_1_1261' title='bbox 1709 3336 1741 3367; x_wconf 81' lang='lat' dir='ltr'>in</span> <span class='ocrx_word' id='word_1_1262' title='bbox 1766 3342 1901 3376; x_wconf 81' lang='lat' dir='ltr'>peccato</span> <span class='ocrx_word' id='word_1_1263' title='bbox 1928 3335 2055 3366; x_wconf 69' lang='lat' dir='ltr'>morsali</span> <span class='ocrx_word' id='word_1_1264' title='bbox 2085 3335 2236 3372; x_wconf 74' lang='lat' dir='ltr'>existens,</span> <span class='ocrx_word' id='word_1_1265' title='bbox 2268 3335 2510 3376; x_wconf 78' lang='lat' dir='ltr'>superveniente</span> 
     </span>
     <span class='ocr_line' id='line_1_162' title="bbox 1437 3379 2509 3423; baseline 0 -11"><span class='ocrx_word' id='word_1_1266' title='bbox 1437 3388 1648 3422; x_wconf 87' lang='lat' dir='ltr'>persecutore,</span> <span class='ocrx_word' id='word_1_1267' title='bbox 1664 3380 1696 3411; x_wconf 92' lang='lat' dir='ltr'>in</span> <span class='ocrx_word' id='word_1_1268' title='bbox 1713 3379 1931 3411; x_wconf 80' lang='lat' dir='ltr'>voluntarium</span> <span class='ocrx_word' id='word_1_1269' title='bbox 1950 3379 2137 3411; x_wconf 86' lang='lat' dir='ltr'>huiusmodi</span> <span class='ocrx_word' id='word_1_1270' title='bbox 2152 3387 2260 3411; x_wconf 87' lang='lat' dir='ltr'>actum</span> <span class='ocrx_word' id='word_1_1271' title='bbox 2277 3387 2509 3423; x_wconf 72' lang='lat' dir='ltr'>prorumperet,</span> 
     </span>
     <span class='ocr_line' id='line_1_163' title="bbox 1437 3424 2509 3466; baseline -0.001 -9"><span class='ocrx_word' id='word_1_1272' title='bbox 1437 3425 1543 3457; x_wconf 85' lang='lat' dir='ltr'>statim</span> <span class='ocrx_word' id='word_1_1273' title='bbox 1567 3425 1728 3456; x_wconf 72' lang='lat' dir='ltr'>caritatem</span> <span class='ocrx_word' id='word_1_1274' title='bbox 1752 3434 1769 3455; x_wconf 83' lang='lat' dir='ltr'>a</span> <span class='ocrx_word' id='word_1_1275' title='bbox 1788 3424 1863 3455; x_wconf 82' lang='lat' dir='ltr'>Deo</span> <span class='ocrx_word' id='word_1_1276' title='bbox 1882 3424 2022 3456; x_wconf 68' lang='lat' dir='ltr'>habent.</span> <span class='ocrx_word' id='word_1_1277' title='bbox 2046 3424 2091 3455; x_wconf 90' lang='lat' dir='ltr'>lta</span> <span class='ocrx_word' id='word_1_1278' title='bbox 2114 3425 2208 3466; x_wconf 83' lang='lat' dir='ltr'>quod</span> <span class='ocrx_word' id='word_1_1279' title='bbox 2227 3424 2338 3456; x_wconf 86' lang='lat' dir='ltr'>caritas</span> <span class='ocrx_word' id='word_1_1280' title='bbox 2360 3424 2509 3457; x_wconf 82' lang='lat' dir='ltr'>infunde-</span> 
     </span>
     <span class='ocr_line' id='line_1_164' title="bbox 1436 3468 2508 3510; baseline 0.002 -10"><span class='ocrx_word' id='word_1_1281' title='bbox 1436 3475 1523 3500; x_wconf 74' lang='lat' dir='ltr'>retur</span> <span class='ocrx_word' id='word_1_1282' title='bbox 1552 3468 1585 3500; x_wconf 88' lang='lat' dir='ltr'>in</span> <span class='ocrx_word' id='word_1_1283' title='bbox 1615 3468 1753 3500; x_wconf 66' lang='lat' dir='ltr'>termino</span> <span class='ocrx_word' id='word_1_1284' title='bbox 1780 3468 2016 3500; x_wconf 71' lang='lat' dir='ltr'>deliberationis</span> <span class='ocrx_word' id='word_1_1285' title='bbox 2043 3478 2080 3499; x_wconf 75' lang='lat' dir='ltr'>sc</span> <span class='ocrx_word' id='word_1_1286' title='bbox 2107 3469 2266 3510; x_wconf 74' lang='lat' dir='ltr'>propositi</span> <span class='ocrx_word' id='word_1_1287' title='bbox 2294 3476 2327 3501; x_wconf 86' lang='lat' dir='ltr'>et</span> <span class='ocrx_word' id='word_1_1288' title='bbox 2350 3469 2508 3510; x_wconf 72' lang='lat' dir='ltr'>ptincipio</span> 
     </span>
     <span class='ocr_line' id='line_1_165' title="bbox 1436 3512 2508 3555; baseline 0.002 -11"><span class='ocrx_word' id='word_1_1289' title='bbox 1436 3513 1561 3554; x_wconf 84' lang='lat' dir='ltr'>imperii</span> <span class='ocrx_word' id='word_1_1290' title='bbox 1585 3519 1675 3544; x_wconf 73' lang='lat' dir='ltr'>acme</span> <span class='ocrx_word' id='word_1_1291' title='bbox 1697 3512 1781 3544; x_wconf 78' lang='lat' dir='ltr'>talis:</span> <span class='ocrx_word' id='word_1_1292' title='bbox 1805 3519 1837 3544; x_wconf 84' lang='lat' dir='ltr'>et</span> <span class='ocrx_word' id='word_1_1293' title='bbox 1859 3513 1903 3544; x_wconf 87' lang='lat' dir='ltr'>sic</span> <span class='ocrx_word' id='word_1_1294' title='bbox 1925 3520 2013 3545; x_wconf 79' lang='lat' dir='ltr'>totus</span> <span class='ocrx_word' id='word_1_1295' title='bbox 2035 3520 2124 3544; x_wconf 79' lang='lat' dir='ltr'>actus</span> <span class='ocrx_word' id='word_1_1296' title='bbox 2148 3514 2289 3555; x_wconf 86' lang='lat' dir='ltr'>martyrii</span> <span class='ocrx_word' id='word_1_1297' title='bbox 2313 3521 2395 3546; x_wconf 78' lang='lat' dir='ltr'>esset</span> <span class='ocrx_word' id='word_1_1298' title='bbox 2408 3514 2508 3555; x_wconf 53' lang='lat' dir='ltr'>impe*</span> 
     </span>
     <span class='ocr_line' id='line_1_166' title="bbox 1436 3557 2506 3599; baseline 0.002 -11"><span class='ocrx_word' id='word_1_1299' title='bbox 1436 3563 1522 3589; x_wconf 74' lang='lat' dir='ltr'>ratus</span> <span class='ocrx_word' id='word_1_1300' title='bbox 1545 3567 1563 3588; x_wconf 90' lang='lat' dir='ltr'>a</span> <span class='ocrx_word' id='word_1_1301' title='bbox 1586 3557 1723 3588; x_wconf 72' lang='lat' dir='ltr'>caritate.</span> <span class='ocrx_word' id='word_1_1302' title='bbox 1754 3560 1822 3591; x_wconf 73' lang='lat' dir='ltr'>Aut</span> <span class='ocrx_word' id='word_1_1303' title='bbox 1844 3557 1956 3589; x_wconf 83' lang='lat' dir='ltr'>saltem</span> <span class='ocrx_word' id='word_1_1304' title='bbox 1980 3557 2200 3591; x_wconf 77' lang='lat' dir='ltr'>infunderetur</span> <span class='ocrx_word' id='word_1_1305' title='bbox 2225 3565 2300 3599; x_wconf 75' lang='lat' dir='ltr'>post</span> <span class='ocrx_word' id='word_1_1306' title='bbox 2321 3558 2506 3590; x_wconf 69' lang='lat' dir='ltr'>inchoatum</span> 
     </span>
     <span class='ocr_line' id='line_1_167' title="bbox 1435 3601 2508 3644; baseline 0.001 -12"><span class='ocrx_word' id='word_1_1307' title='bbox 1435 3601 1617 3642; x_wconf 88' lang='lat' dir='ltr'>imperium,</span> <span class='ocrx_word' id='word_1_1308' title='bbox 1635 3609 1707 3633; x_wconf 77' lang='lat' dir='ltr'>ante</span> <span class='ocrx_word' id='word_1_1309' title='bbox 1729 3608 1835 3633; x_wconf 76' lang='lat' dir='ltr'>tamen</span> <span class='ocrx_word' id='word_1_1310' title='bbox 1859 3610 2013 3634; x_wconf 77' lang='lat' dir='ltr'>mortem:</span> <span class='ocrx_word' id='word_1_1311' title='bbox 2039 3610 2070 3634; x_wconf 88' lang='lat' dir='ltr'>et</span> <span class='ocrx_word' id='word_1_1312' title='bbox 2085 3610 2172 3640; x_wconf 76' lang='lat' dir='ltr'>tunc,</span> <span class='ocrx_word' id='word_1_1313' title='bbox 2195 3603 2273 3644; x_wconf 75' lang='lat' dir='ltr'>quia</span> <span class='ocrx_word' id='word_1_1314' title='bbox 2289 3603 2372 3635; x_wconf 68' lang='lat' dir='ltr'>intes</span> <span class='ocrx_word' id='word_1_1315' title='bbox 2389 3603 2508 3634; x_wconf 69' lang='lat' dir='ltr'>innam</span> 
     </span>
     <span class='ocr_line' id='line_1_168' title="bbox 1436 3645 2507 3688; baseline 0.003 -12"><span class='ocrx_word' id='word_1_1316' title='bbox 1436 3645 1607 3677; x_wconf 82' lang='lat' dir='ltr'>infusionis</span> <span class='ocrx_word' id='word_1_1317' title='bbox 1625 3645 1760 3677; x_wconf 80' lang='lat' dir='ltr'>caritatis</span> <span class='ocrx_word' id='word_1_1318' title='bbox 1783 3653 1815 3677; x_wconf 80' lang='lat' dir='ltr'>et</span> <span class='ocrx_word' id='word_1_1319' title='bbox 1837 3647 1951 3678; x_wconf 82' lang='lat' dir='ltr'>mortis</span> <span class='ocrx_word' id='word_1_1320' title='bbox 1965 3654 2093 3688; x_wconf 72' lang='lat' dir='ltr'>oportet</span> <span class='ocrx_word' id='word_1_1321' title='bbox 2115 3657 2184 3679; x_wconf 81' lang='lat' dir='ltr'>esse</span> <span class='ocrx_word' id='word_1_1322' title='bbox 2206 3654 2334 3688; x_wconf 85' lang='lat' dir='ltr'>tempus</span> <span class='ocrx_word' id='word_1_1323' title='bbox 2353 3646 2507 3684; x_wconf 58' lang='lat' dir='ltr'>nidum,</span> 
     </span>
    </p>
   </div>
   <div class='ocr_carea' id='block_1_21' title="bbox 2539 1073 2711 1101">
    <p class='ocr_par' dir='ltr' id='par_1_34' title="bbox 2539 1073 2711 1101">
     <span class='ocr_line' id='line_1_169' title="bbox 2539 1073 2711 1101; baseline 0 -6"><span class='ocrx_word' id='word_1_1324' title='bbox 2539 1074 2550 1085; x_wconf 83' lang='grc'><em>·</em></span> <span class='ocrx_word' id='word_1_1325' title='bbox 2564 1073 2675 1095; x_wconf 75' lang='lat' dir='ltr'>Conclus-</span> <span class='ocrx_word' id='word_1_1326' title='bbox 2689 1079 2711 1101; x_wconf 91' lang='lat'>7.</span> 
     </span>
    </p>
   </div>
   <div class='ocr_carea' id='block_1_22' title="bbox 2537 1693 2674 1717">
    <p class='ocr_par' dir='ltr' id='par_1_35' title="bbox 2537 1693 2674 1717">
     <span class='ocr_line' id='line_1_170' title="bbox 2537 1693 2674 1717; baseline 0 0"><span class='ocrx_word' id='word_1_1327' title='bbox 2537 1693 2674 1717; x_wconf 74' lang='lat' dir='ltr'>&#39;Nam-n.</span> 
     </span>
    </p>
   </div>
   <div class='ocr_carea' id='block_1_23' title="bbox 2540 2273 2754 2331">
    <p class='ocr_par' dir='ltr' id='par_1_36' title="bbox 2540 2273 2754 2331">
     <span class='ocr_line' id='line_1_171' title="bbox 2540 2273 2754 2302; baseline -0.005 -5"><span class='ocrx_word' id='word_1_1328' title='bbox 2540 2275 2551 2285; x_wconf 79' lang='lat'>⁸</span> <span class='ocrx_word' id='word_1_1329' title='bbox 2565 2273 2629 2297; x_wconf 69' lang='lat' dir='ltr'>loen.</span> <span class='ocrx_word' id='word_1_1330' title='bbox 2649 2279 2701 2302; x_wconf 64' lang='lat' dir='ltr'>nr.</span> <span class='ocrx_word' id='word_1_1331' title='bbox 2715 2280 2754 2301; x_wconf 74' lang='lat' dir='ltr'>xv,</span> 
     </span>
     <span class='ocr_line' id='line_1_172' title="bbox 2541 2306 2648 2331; baseline 0 -7"><span class='ocrx_word' id='word_1_1332' title='bbox 2541 2307 2600 2324; x_wconf 64' lang='grc' dir='ltr'>ναι.</span> <span class='ocrx_word' id='word_1_1333' title='bbox 2617 2306 2648 2331; x_wconf 68' lang='lat'>13.</span> 
     </span>
    </p>
   </div>
   <div class='ocr_carea' id='block_1_24' title="bbox 2538 3298 2690 3323">
    <p class='ocr_par' dir='ltr' id='par_1_37' title="bbox 2538 3298 2690 3323">
     <span class='ocr_line' id='line_1_173' title="bbox 2538 3298 2690 3323; baseline -0.007 0"><span class='ocrx_word' id='word_1_1334' title='bbox 2538 3302 2548 3310; x_wconf 83' lang='lat'><em>⁰</em></span> <span class='ocrx_word' id='word_1_1335' title='bbox 2562 3298 2634 3323; x_wconf 71' lang='lat' dir='ltr'>Num.</span> <span class='ocrx_word' id='word_1_1336' title='bbox 2649 3305 2690 3322; x_wconf 69' lang='grc' dir='ltr'>κη.</span> 
     </span>
    </p>
   </div>
  </div>
 </body>
</html>
