2768 4198
51 907 60 917 ⁸
75 905 141 927 Vers.
157 912 179 932 4.

50 1113 61 1124 ·
74 1112 140 1135 Vere.
157 1117 188 1140 ¹9·

58 2631 69 2642 ⁸
86 2629 123 2652 De
141 2629 270 2652 Paucum.

0 2666 8 2668 *
57 2656 80 2670 ’⁸
93 2655 130 2680 Cf·
144 2662 209 2679 num.
219 2662 270 2678 vui.

57 2683 70 2696 ⁸
82 2683 192 2706 conclu.
207 2689 223 2710 ι,

65 3565 75 3575 ⁸
89 3563 125 3585 Cf.
141 3569 204 3585 num.
222 3569 251 3585 lx.

65 3606 76 3617 ⁸
90 3606 198 3627 Conclus.
213 3611 232 3626 2.

939 273 1207 319 QUAESTIO
1237 273 1450 319 CXXXVI,
1479 271 1777 309 ARTICULUS
1809 271 1839 306 ll

2435 281 2484 316 99

1057 423 1377 465 ARTICULUS
1418 422 1720 464 SECUNDUS

881 517 1037 548 UTRUM
1062 517 1297 548 PATIENTIA
1321 516 1387 547 SIT
1412 516 1640 548 POTJSerA
1664 515 1897 547 VlRTUTUM

1159 597 1182 622 1⁸
1202 597 1259 629 11²⁰,
1281 605 1325 630 qu.
1345 604 1411 627 var,
1431 602 1478 621 art.
1498 604 1523 628 4,
1543 597 1575 621 ad
1596 604 1620 621 2.

424 733 475 792 55³⁴
502 733 683 783 patientia
702 733 748 770 sit
766 733 965 782 potissima
979 732 1173 769 virtutum.
1195 732 1237 769 Id
1258 731 1359 768 enim

327 824 330 833 ,
370 833 382 843 ‚
406 833 415 840 .
451 787 608 837 (quod
639 795 694 824 est
721 787 933 836 perfectUm
963 794 1018 823 est
1045 785 1288 835 potissimum
1323 785 1361 821 in

353 873 359 876 γ,
390 840 407 850 ”
425 850 436 862 ”
461 830 740 889 unoquoque
768 852 919 888 genere.
950 839 1028 877 Sed
1050 839 1232 888 patientia
1252 839 1363 876 habet

290 906 384 944 opus
398 894 625 942 perfectum,
645 902 687 931 ut
715 894 850 931 dicitur
872 895 944 930 lac.
967 906 977 930 1
995 893 1027 930 ²².
1059 894 1161 941 Ergo
1181 892 1361 941 patientia

292 956 347 985 est
374 947 574 996 potissima
601 948 797 985 virtutum.

347 1013 381 1038 2.
413 1001 648 1049 PRAETEREA,
679 1011 815 1038 omnes
843 1001 1000 1037 virtutes
1028 1000 1077 1036 ad
1106 1000 1255 1036 bonurn
1285 997 1363 1035 ani-

292 1067 379 1092 mae
409 1055 644 1092 ordinantur.
676 1055 752 1092 Sed
781 1055 856 1091 hoc
875 1053 1079 1103 praecipue
1100 1052 1252 1089 videtur
1279 1064 1363 1100 per—

291 1108 409 1146 tinere
439 1109 486 1146 ad
516 1108 756 1158 patientiam:
778 1107 911 1146 dicitur
926 1106 1029 1144 enim
1056 1107 1149 1143 Luc.
1170 1117 1230 1142 xxi
1249 1105 1287 1141 *ε
1316 1106 1363 1141 In

287 1163 468 1211 patientia
496 1168 621 1200 vestra
643 1161 878 1212 possidebitis
903 1161 1053 1197 animas
1076 1164 1231 1196 vestras.
1261 1159 1364 1205 Ergo

292 1216 470 1266 patientia
499 1224 556 1253 est
584 1216 751 1253 maxima
778 1214 974 1252 virtutum.

348 1271 383 1307 3.
412 1270 654 1316 Prummu,
689 1268 778 1306 illud
816 1266 921 1316 quod
958 1273 1015 1303 est
1052 1265 1363 1302 conservativum

132 1363 147 1377 .,
173 1365 179 1370 ,
284 1331 331 1361 et
355 1335 473 1361 eausa
497 1324 671 1369 aliorum,
692 1321 844 1359 videtur
871 1319 998 1370 potius
1028 1331 1122 1356 esse.
1164 1318 1241 1355 Sed
1270 1317 1366 1355 sicut
1393 1318 1394 1321 ’

294 1376 501 1425 Gregorius
535 1376 640 1423 dicit,
670 1375 709 1413 in
736 1376 904 1423 quadam
942 1372 1101 1410 homilia
1119 1371 1158 1417 ²⁸,
1184 1372 1366 1420 patientia

292 1436 349 1468 est
373 1431 488 1468 radix
515 1436 552 1467 et
576 1435 700 1466 custos
733 1429 904 1466 omnium
939 1427 1131 1464 virtutum.
1166 1426 1270 1473 Ergo
1299 1437 1364 1474 pa·
1394 1429 1395 1433 ’

293 1484 423 1522 tientia
452 1492 509 1521 est
535 1483 702 1521 maxima
729 1482 926 1519 virtutum.

348 1538 423 1575 SED
452 1548 600 1576 CONTRA
632 1548 699 1574 EST
727 1535 834 1584 quod
869 1546 947 1572 non
987 1539 1234 1570 enumeratur
1271 1531 1368 1569 inter

294 1599 459 1641 quatuor
486 1590 644 1628 virtutes
672 1602 768 1638 quas
798 1587 1017 1636 Gregorius,
1038 1587 1145 1624 XXII
1168 1585 1314 1623 Moral.
1335 1585 1366 1632 ²⁸,

293 1652 330 1683 et
357 1644 604 1693 Augustinus,
633 1643 671 1680 in
699 1643 796 1680 libro
824 1643 871 1680 de
897 1642 1075 1679 Moribus
1093 1640 1218 1677 Eccle.
1238 1639 1270 1685 ²¹⁸,
1299 1652 1370 1677 vo-

294 1706 353 1736 cat
399 1698 637 1748 principales.

347 1753 574 1789 Rsssponmzo
604 1761 789 1788 mCENDUM
828 1748 934 1798 quod
963 1749 1121 1785 virtutes
1155 1748 1368 1785 secundum

247 1925 268 1962 ς·
290 1914 436 1953 bonum
456 1913 587 1957 reddit,
606 1919 648 1949 ut
669 1910 803 1948 dicitur
822 1910 861 1947 in
882 1911 913 1946 ΙΙ
933 1909 1054 1946 Ethic.
1075 1908 1095 1930 ’¹‘
1123 1909 1235 1946 Unde
1256 1921 1370 1957 opor-

296 2026 441 2070 quanto
480 2019 602 2068 magis
632 2025 668 2055 et
704 2017 880 2055 directius
915 2015 1066 2053 ordinat
1089 2021 1107 2037 α
1135 2015 1171 2052 in
1207 2017 1367 2052 bonum.

295 2072 484 2110 Directius
523 2079 652 2110 autem
691 2071 740 2108 ad
769 2072 915 2108 bonum
955 2069 1132 2107 ordinant
1168 2069 1368 2106 hominem

297 2126 455 2164 virtutes
484 2138 583 2175 quae
612 2133 698 2162 sunt
727 2123 993 2162 constitutivae
1016 2123 1121 2164 boni.
1143 2135 1260 2171 quam
1282 2122 1368 2160 illae

298 2192 398 2228 quae
427 2188 514 2218 sunt
541 2179 787 2228 impeditivae
817 2189 951 2214 eorum
988 2189 1086 2225 quae
1123 2176 1319 2213 abducunt
1345 2189 1368 2213 a
1394 2187 1396 2198 ·

298 2235 414 2271 bono.
445 2234 495 2270 Et
521 2233 618 2270 sicut
645 2233 741 2269 inter
759 2231 839 2268 illas
858 2242 957 2280 quae
987 2237 1074 2267 sunt
1103 2229 1368 2266 constitutivae

298 2286 389 2324 boni
424 2294 529 2324 tanto
563 2286 688 2335 aliqua
725 2284 854 2334 potior
890 2292 947 2321 est
979 2291 1124 2332 quanto
1163 2283 1201 2320 in
1230 2283 1369 2320 maiori

351 2418 379 2446 α)
398 2417 522 2442 ordinat.
535 2429 554 2436 -
571 2416 706 2442 hommem
725 2415 796 2440 addit
816 2415 846 2440 P.

375 702 389 721 s
426 704 475 736 ης(
502 693 525 718 D
540 691 731 717 SECUNDUM
746 691 800 716 src
815 690 1056 716 PROCEmTUR.
1078 679 1239 715 Videtur
1254 679 1359 727 quod
1385 676 1388 726 ἶ

1415 678 1519 714 bono
1549 676 1676 714 statuit
1694 677 1908 722 hominem,
1929 676 2025 713 sicut
2053 676 2162 722 fides,
2193 688 2280 725 spes
2301 682 2337 712 et
2357 676 2489 713 caritas

1416 743 1532 779 quam
1567 730 1771 779 prudentia
1800 738 1836 767 et
1863 729 2016 774 iustitia;
2056 729 2104 766 ita
2134 729 2249 767 etiam
2286 729 2382 766 inter
2410 730 2489 766 illas

1417 796 1517 832 quae
1537 792 1623 821 sunt
1643 783 1889 832 impeditivae
1911 783 2182 820 retrahentium
2204 796 2226 820 a
2246 784 2364 830 bono,
2384 791 2489 820 tanto

1417 838 1543 887 aliqua
1572 846 1628 874 est
1646 837 1773 886 potior
1802 845 1944 886 quanto
1965 837 2003 874 id
2023 837 2129 885 quod
2150 838 2198 874 ab
2219 850 2264 874 ea
2284 837 2492 886 impeditur

1418 891 1539 939 magis
1567 903 1588 928 a
1618 892 1722 927 bono
1752 890 1917 927 retrahit.
1957 892 2048 926 Plus
2084 898 2213 927 autem
2242 903 2264 927 a
2294 891 2398 928 bono
2434 904 2490 928 re-

1417 945 1570 981 trahunt
1598 944 1766 993 pericula
1795 943 1939 989 mortis,
1966 944 2063 980 circa
2092 956 2192 992 quae
2221 952 2277 981 est
2296 945 2489 991 fortitudo,

1417 998 1476 1034 vel
1497 997 1767 1034 delectationes
1795 1005 1929 1043 tactus,
1951 997 2049 1033 circa
2073 1009 2172 1045 quae
2197 1005 2252 1034 est
2277 1006 2490 1047 temperan-

1418 1050 1481 1096 tia,
1502 1062 1620 1098 quarn
1651 1049 1811 1097 quaevis
1831 1050 2004 1096 adversa,
2026 1050 2124 1087 circa
2147 1063 2246 1098 quae
2275 1060 2330 1088 est
2348 1052 2492 1100 patien-

1418 1103 1481 1140 tia.
1512 1104 1561 1140 Et
1580 1103 1667 1140 ideo
1697 1103 1875 1152 patientia
1893 1115 1971 1140 non
1993 1111 2047 1140 est
2067 1103 2263 1152 potissima
2290 1105 2491 1142 virtutum:

1420 1157 1488 1193 sed
1518 1156 1647 1193 deficit
1674 1168 1753 1193 non
1782 1157 1906 1193 solum
1934 1169 1955 1192 a
1978 1157 2180 1194 virtutibus
2209 1158 2431 1207 theologicis
2458 1168 2492 1196 et

1420 1210 1622 1260 prudentia
1651 1217 1687 1245 et
1715 1209 1864 1256 iustitia,
1886 1222 1985 1258 quae
2015 1210 2156 1247 directe
2185 1218 2352 1248 statuunt
2371 1213 2493 1249 homi-

1421 1275 1510 1300 nem
1539 1263 1577 1300 in
1605 1263 1731 1309 bono;
1762 1263 1830 1300 sed
1860 1263 1971 1300 etiarn
2002 1276 2024 1300 a
2053 1263 2273 1301 fortitudine
2293 1273 2330 1302 et
2348 1273 2493 1315 tempe-

1422 1316 1552 1363 rantia,
1574 1329 1672 1365 quae
1703 1317 1898 1354 retrahunt
1923 1329 1945 1353 a
1965 1317 2172 1354 maioribus
2197 1318 2492 1367 impedimentis.

1475 1372 1534 1407 Αι)
1563 1382 1701 1407 patmum
1724 1382 1823 1407 ERGO
1852 1382 2038 1408 DlCENDUM
2062 1371 2169 1420 quod
2198 1372 2377 1420 patientia
2407 1373 2495 1409 dici-

1421 1432 1482 1461 tur
1509 1424 1652 1460 habere
1672 1436 1771 1472 opus
1790 1424 2000 1472 perfectum
2021 1424 2058 1460 in
2079 1424 2247 1461 adversis
2270 1427 2493 1463 tolerandis:

1394 1503 1395 1507 ,
1423 1489 1468 1515 ex
1496 1477 1634 1526 quibus
1663 1477 1788 1526 primo
1819 1477 1990 1526 procedit
2018 1477 2182 1525 tristitia,
2212 1491 2328 1527 quarn
2359 1481 2493 1517 mode-

1422 1539 1525 1569 ratur
1561 1530 1762 1580 patientia;
1801 1531 1972 1568 secundo
2010 1530 2086 1577 ira,
2121 1544 2237 1581 quam
2277 1534 2497 1570 moderatur

1422 1584 1699 1629 mansuetudo;
1738 1584 1847 1621 tertio
1887 1584 2038 1630 odium,
2069 1587 2173 1634 quod
2211 1586 2303 1623 tollit
2342 1587 2494 1632 caritas;

1396 1678 1397 1681 ,
1423 1647 1558 1688 quarto
1581 1638 1763 1676 iniustum
1790 1646 2080 1683 nocumentum,
2102 1640 2206 1687 quod
2236 1640 2413 1688 prohibet
2442 1641 2496 1677 iu-

1396 1718 1397 1724 .
1423 1694 1531 1730 stitia.
1562 1693 1718 1729 Tollere
1738 1691 1841 1728 enim
1862 1691 2091 1741 principium
2121 1693 2420 1742 uniuscuiusque
2442 1703 2497 1732 est

1396 1767 1397 1770 =
1423 1746 1638 1797 perfectius.
1661 1746 1745 1782 Nec
1765 1753 1894 1782 tamen
1914 1746 2093 1794 sequitur,
2116 1746 2146 1782 si
2166 1747 2203 1783 in
2224 1747 2298 1783 hoc
2318 1748 2496 1796 patientia

295 1816 405 1843 suam
435 1805 623 1843 rationem
653 1803 878 1842 ordinantur
906 1803 954 1840 ad
983 1803 1149 1839 bonum:
1182 1808 1238 1838 est
1266 1801 1368 1838 enim
1396 1801 1398 1828 ;

294 1859 414 1897 virtus
442 1871 540 1908 quae
567 1859 708 1896 bonum
723 1857 831 1906 facit
861 1857 1059 1894 habentem
1091 1861 1128 1892 et
1160 1867 1254 1903 opus
1290 1855 1370 1892 eius
1396 1872 1398 1891 ε

1425 1809 1480 1838 est
1508 1799 1719 1849 perfectior,
1750 1799 1856 1848 quod
1885 1799 1931 1836 sit
1958 1799 2162 1848 perfectior
2189 1801 2418 1849 simpliciter.

1443 1883 1446 1888 .
1477 1856 1536 1891 AD
1560 1865 1753 1891 SECUNDUM
1773 1864 1958 1890 DlCENDUM
1979 1853 2084 1901 quod
2104 1854 2297 1902 possessio
2317 1855 2497 1903 importat

1396 1944 1398 1955 ζ
1424 1907 1595 1956 quietum
1625 1906 1851 1944 dominium.
1891 1907 1940 1943 Et
1967 1906 2054 1943 ideo
2084 1919 2154 1955 per
2190 1908 2409 1956 patientiam
2441 1909 2494 1946 di-

294 1974 347 2004 tet
374 1966 481 2014 quod
518 1973 622 2002 tanto
655 1963 900 2014 principalior
934 1962 980 1999 sit
1005 1963 1125 1999 virtus
1154 1970 1190 1998 et
1221 1962 1368 2011 potior,
1396 1966 1398 1969 ’

1425 1961 1518 1998 citur
1545 1961 1666 1997 homo
1695 1972 1805 1997 suam
1835 1961 2005 1997 animam
2036 1961 2244 2009 possidere,
2269 1961 2494 2010 inquantum

1423 2014 1599 2052 radicitus
1634 2013 1760 2051 evellit
1796 2013 1995 2062 passiones
2034 2014 2326 2062 adversitatum,
2357 2016 2496 2064 quibus

1423 2068 1551 2106 anima
1580 2067 1820 2116 inquietatur.

1477 2124 1536 2159 AD
1551 2133 1713 2158 TERT1UM
1733 2132 1919 2157 mcENDUM
1935 2121 2040 2169 quod
2059 2121 2238 2169 patientia
2260 2122 2395 2159 dicitur
2415 2135 2497 2160 esse

1422 2176 1526 2213 radix
1557 2182 1593 2212 et
1622 2182 1749 2212 custos
1778 2173 1954 2211 omnium
1982 2174 2180 2221 virtutum,
2201 2188 2280 2212 non
2309 2176 2416 2224 quasi
2446 2176 2498 2213 di-

1394 2265 1396 2271 ,
1423 2237 1524 2266 recte
1554 2240 1618 2265 eas
1657 2228 1851 2264 causando
1882 2236 1918 2264 et
1953 2228 2238 2275 conservando,
2269 2229 2336 2266 sed
2371 2230 2496 2266 solum

1423 2282 1664 2319 removendo
1694 2281 1914 2330 prohibens.

979 2495 1315 2528 Commentaria
1336 2494 1590 2528 cardinalis
1611 2493 1814 2527 Caietani

327 2589 347 2610 N
371 2577 504 2609 articulo
529 2577 671 2608 secundo
695 2576 840 2607 eiusdem
858 2575 1054 2617 quaestionis
1077 2576 1178 2607 multa
1202 2582 1374 2607 occurrunt

300 2590 366 2654 Iex
380 2622 518 2654 Martino
540 2621 646 2658 dubia,
663 2621 697 2651 in
713 2631 768 2662 qu.
785 2631 815 2651 tv
829 2621 857 2651 *.
880 2622 1026 2652 Primum
1038 2621 1073 2640 *ο*
1089 2628 1136 2654 est
1152 2621 1190 2651 de
1211 2630 1375 2661 compara-

297 2668 385 2700 tione
400 2666 539 2698 iustitiae
554 2667 594 2696 ad
610 2665 797 2706 patientiam
811 2665 838 2702 *‚
857 2672 965 2696 contra
979 2666 1043 2696 hoc
1057 2666 1147 2706 quod
1166 2665 1240 2696 ideo
1256 2665 1374 2696 iustitia

298 2720 345 2744 est
367 2711 536 2753 perfectior
560 2710 711 2751 patientia
733 2710 810 2751 quia
828 2709 948 2741 iustitia
971 2710 1135 2741 constituit
1154 2710 1321 2740 hominem
1339 2709 1372 2740 in

298 2759 404 2793 bono,
427 2756 579 2797 patientia
603 2762 711 2786 autem
735 2762 837 2786 servat
861 2762 986 2786 tantum
1009 2762 1120 2786 contra
1142 2754 1373 2795 impedimenta

299 2802 385 2834 boni.
412 2801 591 2842 Arguitque
607 2801 669 2830 sic.
686 2799 839 2831 Patientia
862 2809 929 2830 non
946 2806 1071 2830 tantum
1087 2799 1221 2840 impedit
1237 2809 1273 2830 ea
1289 2809 1372 2840 quae

299 2857 316 2877 a
339 2847 427 2878 bono
458 2845 635 2881 retrahunt,
660 2845 715 2875 sed
739 2844 834 2875 etiam
858 2844 1023 2875 constituit
1050 2844 1194 2874 animum
1228 2844 1260 2874 in
1285 2845 1372 2874 bono

298 2890 522 2933 principaliter,
548 2889 676 2930 proprie
699 2896 730 2920 et
754 2899 810 2930 per
833 2899 875 2919 se.
901 2889 997 2928 Ergo.

355 2935 554 2967 Antecedens
578 2935 740 2975 probatur.
774 2934 902 2971 Primo,
927 2933 1002 2974 quia
1025 2933 1175 2973 patientia
1209 2933 1374 2966 constituit

299 2980 466 3012 hominem
489 2979 522 3010 in
546 2979 812 3020 aequanimitate,
837 2988 920 3019 quae
945 2985 991 3008 est
1014 2979 1138 3008 bonum
1162 2988 1327 3018 magnum.
1351 2995 1373 3000 -

299 3025 459 3061 Secundo,
479 3024 555 3065 quia
578 3024 729 3064 patientia
752 3023 882 3054 inclinat
904 3022 1070 3053 hominem
1091 3023 1131 3052 ad
1146 3023 1310 3063 sequelam
1325 3032 1373 3052 re-

300 3077 367 3101 ctae
390 3069 531 3100 rationis.
554 3069 627 3099 Hoc
641 3076 750 3099 autern
766 3075 813 3098 est
833 3068 967 3098 bonurn.
994 3067 1089 3106 Ergo.
1114 3085 1134 3090 -
1159 3067 1281 3106 Tertio,
1298 3067 1374 3108 quia

300 3113 486 3145 huiusmodi
503 3113 634 3144 virtutes
658 3112 786 3143 firmant
809 3112 955 3143 animum
970 3111 1002 3142 in
1019 3112 1106 3142 bono
1131 3118 1262 3151 propter
1284 3111 1373 3152 quod

301 3159 446 3190 subimus
469 3157 619 3198 pericula,
637 3158 831 3188 sustinemus
856 3157 964 3193 tristia,
989 3163 1046 3187 etc.

357 3203 481 3240 Quarto
495 3203 638 3243 arguitur
652 3203 743 3243 quod
757 3202 811 3232 ina
827 3201 1023 3242 propositio:
1053 3200 1166 3231 Omnis
1181 3201 1285 3231 virtus
1301 3210 1373 3231 con-

301 3248 436 3279 stituens
458 3249 602 3278 animum
618 3248 651 3278 in
668 3247 749 3278 bono
779 3247 989 3277 excellentior
1011 3251 1058 3276 est
1077 3245 1247 3276 virtutibus
1263 3246 1374 3275 tollen·
1401 3257 1402 3267 π

302 3292 385 3322 tibus
402 3291 625 3332 impedimenta
638 3291 723 3329 boni,
737 3301 804 3322 non
817 3298 864 3321 est
874 3290 1090 3321 universaliter
1099 3300 1182 3320 vera.
1199 3290 1286 3320 Tum
1299 3289 1374 3330 quia

302 3336 412 3367 tollere
435 3335 665 3376 impedimenta
681 3346 874 3376 magnorum
890 3336 1053 3366 bonorum
1076 3342 1122 3365 est
1137 3334 1242 3364 multo
1260 3334 1374 3364 melius

303 3390 402 3422 quam
418 3380 610 3411 constituere
624 3380 657 3410 in
673 3380 778 3421 parvis
794 3380 897 3411 bonis.
913 3398 934 3403 -
950 3380 1038 3410 Tum
1054 3379 1130 3420 quia
1152 3379 1306 3409 fortitudo
1323 3389 1374 3409 ex-

303 3424 386 3456 cellit
409 3423 621 3455 affabilitatem
633 3448 640 3460 ,
665 3424 873 3465 eutrapeliarn
898 3431 928 3455 et
952 3424 1116 3455 veritatem
1126 3447 1133 3460 ,
1159 3433 1241 3464 quae
1269 3430 1374 3454 tamen

305 3468 504 3501 constituunt
519 3468 670 3499 animum,
678 3468 713 3499 in
729 3469 816 3500 bono
834 3468 1135 3500 communicationis
1151 3468 1326 3499 humanae:
1346 3474 1376 3498 et

304 3513 446 3545 similiter
462 3519 567 3553 potest
586 3513 676 3553 argui
699 3513 737 3544 de
753 3514 999 3544 mansuetudine
1021 3520 1166 3554 respectu
1191 3513 1373 3543 earundem.
1401 3510 1403 3551 ᾗ

362 3559 398 3588 ΙΙ.
428 3557 611 3589 Secundum
645 3557 775 3588 dubium
795 3557 812 3576 *
836 3565 882 3590 est
914 3559 953 3589 de
982 3558 1221 3598 comparatione
1250 3557 1375 3588 fortitu·

305 3603 387 3633 dinis
411 3602 450 3632 ad
473 3601 659 3642 patientiam
675 3601 707 3631 *:
733 3602 823 3642 quod
846 3612 912 3632 non
935 3603 1008 3633 ideo
1026 3602 1181 3633 fortitudo
1206 3610 1252 3633 est
1275 3602 1374 3632 excel·
1402 3619 1403 3622 =

1427 2575 1543 2606 lentior
1573 2574 1724 2615 patientia
1756 2574 1831 2615 quia
1854 2574 1938 2605 tollit
1968 2574 2090 2604 maiora
2117 2574 2359 2614 impedimenta,
2384 2575 2501 2606 scilicet

1427 2620 1567 2660 pericula
1591 2620 1711 2650 mortis.
1737 2619 1822 2657 Quia
1844 2619 1995 2659 patientia
2017 2618 2122 2649 firmat
2148 2619 2293 2649 animum
2318 2626 2426 2650 contra
2449 2630 2501 2659 pe-

1426 2664 1525 2696 ricula
1549 2664 1670 2701 mortis,
1697 2674 1770 2694 cum
1794 2664 1996 2694 incumbunt.
2026 2663 2124 2701 Quod
2147 2665 2300 2703 probatur
2324 2664 2499 2704 dupliciter.

1426 2709 1546 2746 Primo,
1564 2709 1640 2750 quia
1655 2708 1795 2749 pericula
1811 2708 1923 2739 mortis
1940 2715 2015 2738 sunt
2036 2708 2116 2739 inter
2132 2709 2270 2739 adversa.
2295 2726 2317 2731 -
2340 2708 2499 2745 Secundo,

1427 2754 1503 2794 quia
1526 2754 1588 2784 hoc
1613 2754 1687 2784 dicit
1710 2763 1854 2793 expresse
1878 2753 2023 2783 Thomas
2046 2753 2079 2783 in
2103 2760 2159 2783 art.
2177 2763 2208 2792 4,
2234 2764 2288 2793 qu.
2315 2753 2354 2784 de
2377 2753 2500 2784 Patien-

1426 2799 1480 2830 tia.
1513 2799 1553 2828 Et
1577 2798 1639 2828 hoc
1665 2797 1850 2838 supposito,
1875 2797 2065 2838 multiplicat
2088 2804 2136 2828 tot
2160 2805 2190 2828 et
2220 2805 2306 2828 tanta
2329 2798 2499 2834 Martinus,

1427 2853 1509 2884 quae
1533 2850 1640 2879 taceo,
1665 2843 1741 2883 quia
1765 2842 1881 2873 falsum
1906 2842 1967 2872 hoc
1991 2842 2155 2882 supponit.

1484 2888 1536 2918 111.
1566 2888 1709 2918 Tertium
1733 2887 1863 2917 dubium
1879 2887 1896 2905 *
1921 2894 1967 2917 est
1990 2887 2029 2917 de
2054 2887 2291 2926 comparatione
2322 2894 2500 2927 temperan-

1426 2932 1487 2963 tiae
1511 2933 1552 2962 ad
1576 2932 1760 2972 patientiam
1776 2931 1811 2961 *2
1836 2932 1925 2972 quod
1949 2931 2066 2962 scilicet
2089 2932 2296 2971 temperantia
2320 2939 2365 2962 est
2390 2931 2501 2962 fortior

1427 2977 1586 3017 patientia.
1619 2977 1783 3006 Probatur.
1816 2976 2000 3007 Secundum
2024 2976 2246 3011 Aristotelem,
2268 2975 2425 3006 difficilius
2454 2984 2500 3007 est

1427 3031 1569 3062 pugnare
1595 3028 1704 3051 contra
1739 3020 1877 3051 tristitias
1909 3031 2007 3061 quam
2037 3028 2146 3051 contra
2177 3021 2408 3051 delectationes,
2439 3021 2500 3051 Sed

1426 3066 1579 3106 patientia
1603 3073 1712 3096 contra
1736 3065 1890 3102 tristitias,
1909 3065 2116 3105 temperantia
2140 3072 2248 3096 contra
2277 3065 2501 3096 delectationes

1428 3118 1558 3151 pugnat.
1583 3111 1680 3150 Ergo.

1483 3156 1682 3186 Antecedens
1717 3156 1878 3195 probatur.
1916 3154 2000 3192 Quia
2032 3154 2188 3184 cruciatus
2219 3161 2249 3184 et
2278 3153 2501 3184 comminatio-

1429 3209 1494 3236 neS,
1513 3206 1582 3235 etc„
1603 3199 1676 3239 plus
1700 3199 1863 3229 retrahunt
1885 3209 1903 3229 a
1926 3200 2015 3229 bono
2039 3209 2135 3239 opere
2159 3209 2257 3239 quarn
2278 3198 2501 3229 delectationes

1429 3252 1459 3275 et
1482 3243 1721 3284 promissiones.
1747 3261 1768 3266 -
1792 3244 1833 3274 Et
1857 3243 2071 3274 confirmatur.
2098 3243 2181 3280 Quia
2206 3243 2355 3273 omnium
2373 3243 2501 3283 vulgata

1400 3292 1403 3316 ὲ
1428 3299 1491 3319 vox
1514 3299 1551 3319 ac
1575 3288 1729 3318 sententia
1753 3295 1799 3318 est
1822 3288 1911 3328 quod
1935 3288 2032 3318 timor
2061 3287 2222 3318 malorum
2245 3287 2276 3317 in
2303 3294 2501 3318 constantem

1428 3333 1532 3363 virum
1557 3333 1671 3363 cadens
1703 3338 1830 3363 excusat
1857 3333 1896 3362 ab
1919 3332 2105 3372 impletione
2129 3339 2383 3372 praeceptorum.
2414 3332 2500 3363 Con-

1429 3377 1622 3418 cupiscentia
1647 3384 1754 3407 autern
1778 3383 1833 3407 aut
1857 3377 2022 3408 delectatio
2047 3377 2179 3407 carnalis
2203 3384 2233 3407 et
2257 3377 2412 3413 ciborum,
2431 3384 2499 3414 etc„

1401 3424 1403 3452 Ξ
1430 3433 1496 3453 non
1520 3429 1655 3452 excusat.
1680 3421 1756 3452 Plus
1780 3428 1854 3451 sunt
1877 3421 1972 3461 igitur
1987 3421 2149 3452 retractiva
2173 3432 2190 3451 a
2213 3422 2301 3452 bono
2317 3422 2402 3452 mala
2426 3432 2500 3452 con-

1429 3467 1583 3498 tristantia
1615 3476 1713 3507 quarn
1737 3466 1822 3496 bona
1846 3466 2042 3496 delectantia.
2075 3465 2178 3497 Cuius
2209 3466 2402 3497 contrarium
2427 3466 2500 3496 dicit

1429 3512 1480 3542 hic
1503 3511 1666 3547 Thomas,
1690 3511 1801 3541 volens
1825 3511 1914 3551 quod
1938 3510 2161 3541 delectationes
2185 3517 2286 3542 tactus
2309 3511 2381 3552 plus
2405 3518 2498 3541 retra-

1430 3557 1511 3587 hunt
1523 3567 1541 3586 a
1554 3557 1642 3586 bono
1659 3565 1758 3596 quam
1774 3555 1898 3586 tristitia
1910 3556 2126 3592 adversorum,
2137 3573 2158 3578 -
2173 3565 2256 3596 quae
2273 3563 2319 3588 est
2337 3555 2497 3595 patientia.

1486 3601 1539 3632 IV.
1568 3601 1728 3637 Quartum
1750 3600 1881 3631 dubium
1898 3597 1913 3614 *
1938 3607 1984 3631 est
2007 3610 2115 3631 rursus
2139 3601 2177 3630 de
2199 3600 2318 3630 iustitia
2333 3599 2383 3629 **:
2409 3599 2498 3639 quod

2529 2903 2537 2909 ⁸
2553 2900 2588 2922 Cf.
2604 2906 2668 2922 num.
2684 2908 2707 2922 x.

2528 2941 2538 2951 ⁸
2552 2939 2662 2962 Conclus.
2678 2941 2699 2962 8.

2528 3580 2535 3586 “
2551 3579 2586 3601 Cf.
2601 3585 2665 3600 num.
2680 3586 2712 3600 xr-

2528 3608 2547 3616 ”
2563 3606 2670 3628 (Σοηςῐυε.
2687 3613 2708 3634 9.
