2768 4198
14 518 23 527 ’
31 517 86 538 Loc.
95 517 133 538 cit.
143 516 166 538 in
176 522 223 543 arg.

9 934 21 945 ⁸
34 933 143 955 Conclus.
158 933 180 954 6.

7 1912 17 1921 ⁸
31 1910 107 1932 Emic.
126 1910 166 1932 lib.
188 1910 216 1935 11,

6 1943 193 1986 &Pn'ffizc'i'sxi
207 1947 219 1953 '

260 278 281 309 ὅ
882 265 1150 313 QUAESTIO
1182 262 1358 307 CXXIII,

258 353 355 389 mori
386 364 430 388 ex
458 358 563 400 parte
593 349 749 386 obiecti:
786 347 875 396 quia
913 357 998 392 spes
1036 351 1092 379 est
1122 343 1169 379 de
1208 342 1324 387 bono,
1352 341 1353 396 j
1381 339 1510 376 hentia
1531 351 1553 375 a
1571 339 1724 384 virtute,
1739 346 1781 374 ut
1800 345 1904 386 patet
1923 349 1992 386 per
2011 337 2275 374 definitionem
2291 336 2458 380 Tullii*;
2488 340 2648 369 ‘Cf-arsa·

255 406 369 442 timor
398 405 444 441 de
474 405 587 440 malo.
627 401 799 438 Audacia
836 407 964 436 autem
1002 404 1058 432 est
1092 395 1189 431 circa
1222 394 1324 431 idem

255 459 461 503 obiectum,
493 465 527 493 et
557 455 762 504 opponitur
794 451 919 489 timori
954 449 1167 486 secundum
1199 459 1324 483 acces-

253 524 338 548 sum
370 519 405 547 et
433 521 637 554 recessum,
659 516 700 544 ut
720 518 835 554 supra
854 504 874 526 '³‘
903 503 1045 540 dictum
1069 510 1134 538 est.
1167 501 1215 536 Et
1234 499 1324 547 quia

252 564 429 602 fortitudo
459 562 612 612 proprie
641 559 790 608 respicit
817 555 1041 605 temporalia
1078 554 1179 590 mala
1209 562 1321 589 retra·
1350 597 1352 602 k

1392 260 1688 297 ARTICULUS
1720 261 1769 295 Ill

1381 393 1470 429 inde
1507 399 1562 428 est
1590 392 1695 440 quod
1725 390 1907 428 fortitudo
1942 390 2097 439 proprie
2127 398 2184 427 est
2222 390 2320 427 circa
2348 390 2458 427 timo-

1381 458 1461 482 rem
1485 453 1520 481 et
1548 444 1774 481 audaciam:
1805 456 1884 481 non
1904 452 2034 480 autem
2058 444 2155 480 circa
2175 455 2298 492 spem,
2316 443 2387 480 nisi
2405 444 2460 480 in-

1380 506 1566 547 quantum
1598 498 1834 535 connectitur
1870 497 2070 543 audaciae,
2101 505 2142 534 ut
2170 509 2286 546 supra
2304 496 2325 519 ’¹‘
2354 497 2460 534 habi-

1379 561 1459 588 tum
1492 559 1558 588 est.

929 650 1268 684 Commentario
1290 649 1545 681 cardinalis
1567 648 1773 681 Caietani

280 761 300 780 N
324 749 457 780 articulo
482 747 574 778 tertio
606 745 748 775 eiusdem
778 741 994 783 quaestionis,
1019 739 1141 769 omisso
1168 738 1321 773 secundo,
1348 750 1350 776 ς

253 763 413 825 Idubium
440 803 476 822 ex
496 792 610 822 eodem
634 788 771 819 Martino
805 786 942 817 occurrit
973 784 1054 815 circa
1079 783 1322 814 conclusionem
1348 780 1349 784 ’

248 839 378 874 litterae,
400 836 562 867 videlicet:
588 833 757 863 Fortitudo
774 836 821 862 est
843 832 930 861 circa
957 830 1089 860 timores
1113 833 1143 858 et
1166 828 1323 858 audacias
1348 840 1350 858 :

247 885 340 923 quasi
363 881 529 912 cohibitiva
547 880 709 914 timorum,
728 882 758 907 et
781 876 995 906 audaciarum
1016 874 1226 904 moderativa.
1251 872 1322 912 Ipse

247 927 342 962 enim,
359 926 391 956 in
409 935 464 965 qu.
481 935 512 954 1v
527 923 554 958 *,
572 922 648 952 dicit
664 931 696 952 se
717 927 828 951 contra
842 920 905 950 hoc
921 919 1045 960 dictum
1060 917 1159 949 sancti
1175 917 1324 947 Thomae
1349 941 1351 961 ,λ

246 980 375 1011 arguere
408 979 460 999 sex
484 967 606 998 mediis.
638 966 767 1002 Primo,
793 965 847 996 sic.
872 964 1042 995 Fortitudo
1073 969 1119 993 est
1151 961 1323 992 cohibitiva
1349 975 1351 1008 ζ

246 1016 422 1055 utriusque,
440 1013 558 1044 scilicet
573 1011 700 1042 timoris
716 1018 746 1041 et
770 1009 931 1040 audaciae.
953 1009 1038 1048 Ergo
1055 1017 1121 1038 non
1137 1013 1184 1037 est
1200 1005 1325 1038 timoris
1349 1011 1351 1048 ρ’

244 1059 416 1090 cohibitiva
445 1065 476 1088 et
499 1056 651 1088 audaciae
675 1055 882 1086 moderativa.
907 1072 928 1077 —
952 1053 1110 1084 Probatur
1133 1051 1323 1082 antecedens

245 1104 422 1145 dupliciter.
447 1102 568 1138 Primo,
593 1101 669 1142 quia
693 1100 848 1131 fortitudo
874 1099 968 1130 habet
992 1098 1141 1128 cohibere
1164 1106 1204 1127 ne
1228 1096 1325 1127 timor
1350 1130 1351 1147 ἢ

245 1156 275 1180 et
298 1148 429 1179 audacia
453 1147 567 1183 insint;
593 1153 649 1177 aut
664 1155 731 1176 non
747 1145 994 1179 continuentur;
1020 1149 1076 1173 aut
1102 1152 1141 1172 ne
1158 1148 1269 1172 exeant
1290 1141 1323 1172 in
1350 1162 1352 1180 1,

245 1193 404 1224 effectum.
421 1210 442 1216 -
462 1191 623 1228 Secundo,
641 1201 678 1221 ex
692 1190 784 1221 dictis
808 1188 907 1220 sancti
925 1188 1091 1219 Thomae:
1116 1186 1191 1228 quia
1208 1185 1327 1217 scilicet

244 1237 441 1269 fortitudinis
469 1244 516 1267 est
538 1245 703 1267 removere
726 1234 977 1276 impedimenta,
1002 1240 1060 1264 etc.
1078 1231 1214 1263 Constat
1238 1230 1324 1262 enim

244 1283 335 1324 quod
363 1290 499 1323 utraque
515 1281 621 1322 passio
642 1280 786 1320 impedit.
808 1279 894 1319 Ergo
912 1285 1047 1319 utraque
1072 1283 1119 1308 est
1135 1275 1323 1307 cohibenda.

304 1328 464 1359 Secundo.
489 1326 606 1357 Omnis
621 1325 720 1356 virtus
737 1332 785 1355 est
808 1323 981 1355 cohibitiva
997 1322 1066 1353 vitii
1090 1321 1148 1351 sibi
1172 1320 1324 1362 oppositi.

245 1373 309 1404 Sed
333 1379 399 1403 tarn
423 1372 521 1402 timor
545 1380 643 1411 quam
661 1369 793 1400 audacia
809 1368 988 1409 opponitur
1011 1365 1201 1397 fortitudini.
1226 1366 1323 1405 Ergo.

300 1417 424 1448 Tertio.
456 1415 626 1447 Fortitudo
657 1414 788 1445 inclinat
816 1423 857 1444 ne
880 1420 970 1444 actus
994 1411 1084 1443 fortis
1111 1411 1152 1442 sit
1181 1410 1324 1447 audacia,

245 1461 328 1493 sicut
352 1472 391 1492 ne
415 1461 455 1492 sit
478 1461 586 1491 timor.
618 1460 704 1500 Ergo
733 1469 800 1489 non
828 1458 901 1498 plus
931 1464 978 1488 est
1006 1455 1178 1487 cohibitiva
1201 1455 1326 1486 timoris

246 1516 345 1547 quam
369 1505 530 1536 audaciae.

301 1551 436 1588 Quarto.
462 1549 620 1581 Moderati
638 1548 804 1579 audaciam
829 1557 895 1578 non
920 1553 967 1577 est
990 1545 1077 1576 aliud
1101 1555 1200 1586 quam
1225 1544 1326 1575 facere

246 1603 282 1627 ut
304 1596 482 1626 audeamus
506 1594 638 1635 quando
666 1599 808 1634 oportet,
833 1598 910 1628 etc.,
935 1598 967 1622 et
990 1600 1056 1621 non
1082 1589 1181 1620 aliter.
1213 1590 1254 1620 Et
1282 1589 1326 1620 sic
1352 1600 1353 1616 ³

245 1641 341 1671 etiarn
365 1647 494 1680 oportet
509 1639 612 1670 facere
628 1638 661 1668 in
685 1638 833 1678 passione
853 1636 988 1667 timoris.
1013 1636 1110 1675 Ergo,
1128 1634 1153 1665 si
1171 1634 1326 1665 fortitudo
1352 1657 1353 1662 ,

1351 1715 1353 1719 ,
1379 1681 1500 1712 tudinis
1529 1680 1622 1721 ponit
1652 1679 1797 1710 terribile
1825 1686 1855 1710 et
1887 1679 2031 1710 ausibile.
2055 1696 2077 1702 —
2101 1679 2191 1709 Tum
2219 1679 2295 1720 quia
2328 1678 2463 1710 ausibile

245 1692 292 1716 est
315 1685 511 1715 moderativa
535 1683 695 1718 audaciae,
721 1689 767 1712 est
791 1682 886 1712 etiam
910 1680 1107 1711 moderativa
1127 1679 1262 1710 timoris.

301 1730 435 1767 Quinto.
461 1729 511 1760 Ad
536 1729 598 1759 hoc
615 1727 703 1769 quod
729 1737 765 1757 ex
789 1726 901 1757 audaci
921 1725 975 1756 fiat
999 1725 1099 1761 fortis,
1121 1732 1250 1764 oportet
1266 1723 1325 1754 sibi

246 1774 360 1805 addere
385 1774 475 1815 quod
499 1772 605 1803 deficit
628 1779 659 1803 et
683 1771 865 1802 subtrahere
890 1771 980 1810 quod
1011 1769 1262 1810 superabundat.
1285 1768 1327 1799 Et
1351 1759 1353 1821 l*

245 1819 390 1849 similiter
413 1819 453 1848 ad
476 1818 538 1848 hoc
563 1817 652 1858 quod
676 1827 712 1846 ex
736 1816 851 1846 timido
876 1814 931 1845 fiat
954 1814 1054 1845 fortis.
1085 1813 1170 1854 Ergo
1200 1823 1257 1853 par
1280 1820 1326 1844 est
1351 1833 1353 1840 ι

245 1863 326 1894 ratio
352 1863 529 1903 utriusque.
1351 1859 1353 1897 ξ

300 1908 405 1938 Sexto.
432 1907 618 1938 Secundum
642 1905 847 1936 Aristotelem
862 1904 889 1940 *,
907 1903 1076 1934 inclinatus
1099 1902 1132 1932 in
1157 1912 1260 1932 unum
1283 1902 1326 1932 vi-
1351 1922 1352 1925 ,

244 1953 326 1983 tium
351 1953 444 1982 debet
474 1950 642 1982 transferre
666 1960 699 1980 se
723 1949 756 1979 in
786 1949 873 1979 aliud
897 1947 1103 1988 oppositum,
1130 1953 1165 1977 ut
1195 1947 1324 1977 tandem
1350 1975 1352 1989 ἶ

244 1997 350 2028 veniat
373 1998 413 2027 ad
436 1996 592 2026 medium.
624 1995 710 2035 Ergo
735 2003 801 2024 non
833 1993 906 2034 plus
935 1991 1133 2023 cohibendus
1158 1999 1204 2022 est
1229 1991 1326 2022 timor
1350 1994 1352 2033 g

244 2052 343 2083 quam
367 2041 515 2072 audacia:
540 2050 598 2071 nec
623 2040 696 2080 plus
720 2038 917 2069 moderanda
940 2036 1072 2068 audacia
1092 2046 1190 2078 quam
1215 2035 1323 2067 timor.

301 2087 338 2117 11.
357 2087 407 2117 Ad
419 2086 482 2116 hoc
498 2085 557 2116 tria
570 2084 704 2115 dicenda
721 2090 804 2114 sunt.
827 2083 973 2113 Primum
986 2088 1032 2112 est
1045 2081 1135 2122 quod
1148 2081 1207 2112 ista
1218 2082 1325 2119 verba,
1351 2079 1352 2104 ἶ

244 2131 370 2170 scilicet,
387 2131 533 2162 cohibere
556 2136 587 2160 et
605 2129 780 2166 moderari,
798 2127 916 2169 quibus
932 2129 1056 2158 Auctor
1076 2136 1154 2157 usus
1177 2133 1234 2162 est,
1258 2135 1325 2157 non
1351 2140 1353 2188 ἱ

246 2183 321 2207 sunt
346 2182 381 2206 ut
405 2175 565 2215 disparata
588 2181 643 2204 aut
666 2173 816 2213 opposita
839 2171 1053 2212 intelligenda,
1079 2178 1114 2202 ut
1137 2170 1195 2201 iste
1219 2171 1325 2202 bonus

246 2221 347 2251 homo
370 2220 474 2251 voluit
503 2218 687 2258 intelligere.
720 2217 874 2258 Expresse
907 2225 1046 2257 namque
1070 2215 1103 2246 in
1131 2214 1189 2246 hac
1213 2215 1325 2246 eudem

1350 1205 1352 1228 Ι

1351 1238 1352 1254 i

1350 1257 1352 1270 l

1351 1272 1352 1287 i

1351 1290 1352 1302 i

1351 1331 1352 1351 i

1351 1355 1353 1374 i

1378 737 1470 768 Unde
1495 737 1651 768 fortitudo
1676 737 1778 777 magis
1809 737 2004 768 assimilatur
2037 738 2187 768 audaciae
2218 748 2317 779 quam
2342 737 2460 774 timori,

1375 782 1449 813 licet
1472 789 1585 813 neuter
1610 781 1638 812 ei
1665 789 1838 819 consonet;
1871 789 1903 813 et
1933 781 2036 823 magis
2065 782 2161 814 distat
2189 781 2278 813 fortis
2303 793 2320 813 a
2344 783 2460 814 timore

1376 837 1476 868 quam
1500 826 1649 863 audacia;
1683 826 1786 866 magis
1810 826 2020 857 contrariatur
2044 827 2224 858 fortitudini
2247 828 2346 858 timor
2361 837 2460 869 quam

1349 895 1350 898 η
1376 871 1519 902 audacia.
1553 872 1595 902 Et
1626 878 1796 911 propterea
1826 878 1955 912 oportet
1977 872 2067 913 quod
2097 871 2253 904 fortitudo
2285 873 2388 912 magis
2421 872 2462 903 sit

1377 916 1548 947 cohibitiva
1571 916 1697 947 timoris
1721 926 1821 957 quam
1844 915 2012 955 audaciae,
2038 923 2152 957 utpote
2175 916 2276 957 magis
2300 917 2461 948 contrarii.

1376 962 1444 993 Nec
1468 962 1546 992 haec
1569 969 1663 1001 egent
1687 961 1886 1001 probatione.
1913 960 2080 998 Quoniam
2103 968 2135 992 et
2158 961 2351 1002 experientia
2373 962 2461 994 testis

1378 1014 1425 1037 est
1448 1007 1538 1047 quod
1562 1005 1660 1037 timor
1684 1016 1750 1037 non
1776 1005 1884 1036 solum
1900 1005 2003 1036 aufert
2026 1012 2115 1036 actus
2139 1005 2247 1042 fortes,
2264 1006 2319 1036 sed
2342 1006 2462 1037 similes

1378 1051 1531 1088 fortibus,
1557 1051 1712 1092 quoniam
1738 1050 1812 1082 facit
1836 1050 1958 1091 fugere:
1988 1050 2120 1081 audacia
2143 1057 2253 1081 autem
2276 1049 2351 1082 facit
2373 1058 2462 1082 actus

1378 1097 1498 1127 similes
1522 1096 1670 1132 fortibus,
1696 1096 1775 1126 dum
1800 1095 1874 1127 facit
1893 1095 2032 1135 aggredi.
2057 1095 2099 1126 Et
2121 1095 2154 1126 in
2178 1095 2205 1126 11
2225 1095 2329 1126 Ethic.
2345 1094 2364 1115 *
2386 1105 2462 1126 con-

1378 1141 1493 1172 sulitur
1516 1141 1713 1182 acquisituro
1730 1140 1862 1172 virtutes
1879 1147 1915 1171 ut
1938 1140 1971 1171 in
1995 1147 2175 1172 extremum
2198 1139 2334 1171 similius
2353 1140 2462 1172 virtuti

1379 1187 1524 1218 declinet.
1550 1186 1686 1218 Constat
1710 1195 1851 1227 namque
1871 1186 1961 1227 quod
1985 1185 2122 1216 similius
2138 1184 2277 1216 virilitati
2301 1185 2400 1216 animi
2416 1191 2464 1216 est

1379 1232 1495 1262 audere
1519 1241 1618 1273 quam
1643 1231 1766 1262 timere.
1789 1248 1811 1254 -
1835 1230 1953 1272 Liquet
1969 1240 2044 1271 ergo
2061 1230 2151 1272 quod
2174 1229 2253 1261 haec
2269 1229 2398 1261 Martini
2415 1240 2462 1260 ar—

1378 1284 1532 1317 gumenta
1555 1286 1637 1307 vana
1661 1282 1736 1306 sunt
1760 1275 1915 1316 undique.

1435 1321 1489 1353 111.
1515 1321 1550 1351 In
1573 1320 1783 1361 responsione
1803 1320 1843 1350 ad
1859 1319 1989 1351 tertium
2013 1319 2158 1350 eiusdem
2181 1318 2303 1350 articuli
2325 1318 2462 1350 dubium

1379 1376 1416 1397 ex
1440 1367 1556 1397 eodem
1579 1366 1729 1402 Martino‚
1754 1365 1874 1396 ibidem
1889 1365 1916 1402 *,
1942 1364 2080 1395 occurrit
2102 1364 2212 1405 quoad
2236 1364 2314 1395 duo·
2339 1364 2461 1401 Primo,

1351 1430 1353 1435 =
1378 1412 1489 1452 quoad
1503 1411 1536 1442 id
1553 1411 1643 1452 quod
1658 1410 1701 1441 ibi
1718 1409 1843 1446 dicitur,
1861 1410 1951 1451 quod
1974 1409 2072 1441 timor
2092 1417 2122 1440 et
2138 1408 2271 1440 audacia
2286 1415 2362 1440 sunt
2381 1409 2463 1440 circa

1351 1462 1353 1467 ·
1378 1457 1465 1487 idem
1489 1456 1663 1492 obiectum,
1688 1454 1807 1486 scilicet
1829 1455 1963 1486 malum.
1988 1454 2073 1486 Dicit
2096 1454 2182 1486 enim
2200 1454 2291 1495 quod
2305 1454 2369 1486 hoc
2392 1463 2460 1485 non

1351 1499 1353 1515 ²
1378 1501 1504 1532 videtur
1528 1500 1587 1531 sibi
1610 1510 1734 1531 verum.
1770 1500 1855 1538 Quia
1877 1500 1951 1531 licet
1974 1499 2014 1530 sit
2037 1499 2123 1530 idem
2147 1499 2310 1530 obiectum
2339 1498 2464 1530 realiter

1379 1546 1557 1588 utriusque,
1575 1552 1622 1576 est
1645 1552 1752 1576 tamen
1777 1544 1864 1576 aliud
1887 1544 2073 1576 formaliter.
2098 1544 2187 1575 Tum
2204 1543 2281 1585 quia
2298 1543 2463 1586 obiectum

1379 1590 1504 1622 timoris
1528 1590 1705 1622 formaliter
1727 1597 1774 1621 est
1786 1589 1934 1627 terribile,
1950 1589 2101 1620 audaciae
2120 1595 2230 1620 autem
2245 1595 2292 1620 est
2311 1588 2460 1620 ausibile:

1379 1636 1412 1666 in
1436 1635 1528 1667 cuius
1552 1636 1692 1676 signum,
1717 1634 1914 1670 Aristoteles,
1940 1634 1981 1665 111
2005 1634 2110 1665 Ethic.
2127 1633 2158 1671 *,
2184 1633 2348 1665 obiectum
2372 1633 2463 1665 forti-

1380 1725 1577 1757 contrarium
1593 1732 1640 1755 est
1659 1724 1818 1755 timendo:
1844 1731 1880 1755 ut
1899 1723 1975 1755 dicit
1993 1723 2190 1760 Aristoteles,
2206 1723 2238 1754 in
2257 1723 2283 1754 11
2298 1723 2391 1755 Rhet.
2406 1722 2424 1743 *
2440 1741 2461 1747 -

1378 1771 1468 1802 Tum
1492 1770 1569 1811 quia
1591 1769 1735 1806 ausibile‚
1761 1769 1941 1800 secundum
1965 1769 2055 1810 quod
2077 1767 2284 1805 huiusmodi,
2309 1768 2462 1809 importat

1379 1816 1537 1846 rationem
1561 1814 1657 1850 boni;
1682 1814 1865 1844 timendum
1888 1823 1964 1844 vero
1988 1813 2145 1844 rationem
2170 1813 2257 1844 mali.

1435 1859 1603 1895 Secundo,
1630 1858 1740 1900 quoad
1763 1858 1867 1898 ipsam
1891 1857 2148 1898 responsionem,
2167 1857 2258 1899 quod
2282 1867 2349 1888 non
2373 1857 2462 1889 satis·

1378 1904 1473 1935 faciat
1489 1911 1690 1944 argumento.
1716 1903 1802 1941 Quia
1818 1902 1952 1933 ausibile
1976 1902 2106 1934 retrahit
2121 1912 2140 1933 a
2154 1902 2243 1933 bono
2265 1901 2462 1934 fortitudinis

1378 1949 1460 1980 sicut
1484 1948 1631 1985 terribile,
1649 1955 1680 1979 et
1704 1957 1776 1988 spes
1801 1947 1882 1978 sicut
1906 1947 2054 1978 audacia:
2078 1946 2274 1988 inquantum
2290 1957 2346 1988 per
2369 1957 2462 1988 spem

1378 1994 1459 2025 circa
1482 1993 1616 2025 ausibile
1640 1992 1774 2024 ferimur
1796 1991 1829 2022 in
1853 1992 1962 2033 ipsum
1986 1991 2167 2023 inconsulte
2185 1998 2216 2022 et
2231 1998 2342 2023 contra
2365 1991 2462 2025 ratio-

1351 2049 1352 2052 *
1378 2039 1428 2070 nis
1445 2038 1612 2070 iudicium.

1435 2084 1488 2115 IV.
1514 2084 1566 2114 Ad
1590 2081 1783 2114 evidentiam
1807 2081 1943 2118 horum,
1969 2081 2107 2112 recolere
2130 2086 2260 2122 oportet
2282 2079 2316 2111 in
2338 2089 2464 2122 praece-

1379 2129 1466 2160 denti
1497 2128 1596 2160 Libro
1620 2127 1659 2157 de
1691 2126 1808 2158 timore
1839 2133 1870 2157 et
1895 2125 2029 2157 audacia
2057 2132 2187 2158 tractata
2202 2125 2229 2157 ⁴¹.
2254 2124 2461 2168 Breviterque
2489 2130 2502 2142 ·

1377 2173 1545 2205 sciendum
1562 2180 1609 2204 est
1625 2171 1716 2213 quod
1739 2171 1903 2202 obiectum
1926 2170 2052 2202 timoris
2075 2178 2107 2202 et
2129 2170 2280 2202 audaciae
2294 2176 2342 2202 est
2357 2179 2462 2202 unum

1378 2226 1409 2250 et
1432 2218 1519 2249 idem
1542 2215 1746 2248 materialiter
1769 2223 1801 2247 et
1823 2215 1999 2247 formaliter
2022 2225 2060 2246 ex
2083 2222 2171 2256 parte
2194 2215 2255 2254 rei,
2280 2215 2390 2257 quoad
2413 2225 2462 2248 ra·

2489 498 2498 507 ⁹
2507 496 2530 518 1·
2538 496 2593 524 ΠΜ,
2602 503 2641 524 qu.
2650 503 2703 523 nv,

2488 526 2531 545 art.
2546 529 2567 545 2.

2490 1097 2564 1119 ⁸Loc.
2576 1097 2705 1127 cit.n.3,⁴.

2488 1364 2706 1394 ‘Condat-muo-

2488 1393 2518 1415 ad
2532 1397 2581 1421 arg.
2594 1398 2616 1422 3.

2489 1641 2705 1691 avers-”²-

2488 1728 2500 1739 ⁸
2513 1727 2573 1756 Cap.
2587 1733 2613 1755 v,
2632 1733 2657 1750 n.
2671 1727 2705 1750 1⁶·

246 2264 435 2306 quaestione
462 2266 585 2294 Auctor
614 2262 715 2294 utitur
746 2262 957 2302 repr-essionis
988 2260 1147 2291 vocabulo
1180 2267 1324 2300 respectu
1351 2260 1353 2307 i
1378 2263 1502 2294 tionem
1525 2261 1695 2293 formalem
1725 2260 1820 2297 mali,
1845 2259 1888 2291 ita
1911 2260 2002 2302 quod
2033 2260 2200 2302 utrIusque
2228 2259 2392 2291 obiectum
2415 2267 2464 2292 est

246 2309 408 2346 audaciae,
434 2315 469 2339 ut
491 2314 578 2348 patet
600 2307 633 2338 in
658 2306 791 2338 articulo
811 2313 910 2342 seno,
935 2305 967 2336 in
993 2313 1140 2345 ΕΟΥΡΟΓθὲ
1166 2311 1197 2335 et
1219 2305 1325 2336 mode·
1378 2307 1554 2339 formaliter
1577 2306 1714 2342 malum,
1739 2305 1858 2336 scilicet
1881 2304 1950 2346 ipsa
1973 2314 2062 2335 mors
2085 2314 2141 2336 seu
2166 2304 2280 2335 mortis
2304 2304 2458 2346 pericula.

247 2355 384 2385 rationis
414 2353 572 2384 vocabulo
601 2359 746 2392 respectu
777 2351 919 2387 timoris,
945 2357 980 2381 ut
1012 2356 1099 2390 patet
1127 2349 1160 2379 in
1191 2349 1325 2380 articulo
1351 2366 1353 2395 ξ
1379 2353 1420 2384 Et
1443 2351 1611 2383 manifeste
1634 2357 1722 2392 patet
1744 2350 1777 2381 in
1802 2349 1843 2380 lli
1867 2349 1973 2381 Ethic.
1992 2349 2026 2386 *,
2051 2349 2106 2381 ubi
2130 2358 2275 2390 expresse
2298 2349 2368 2381 vult
2390 2349 2461 2381 Ari-

247 2406 374 2441 quarto,
400 2398 439 2428 ad
463 2397 651 2428 secundum.
677 2397 770 2428 Unde
794 2395 1002 2427 manifestum
1028 2394 1157 2425 cuilibet
1180 2404 1247 2424 esse
1267 2404 1324 2434 po·
1351 2401 1352 2421 ἓ
1379 2398 1508 2429 stoteles
1540 2397 1621 2428 circa
1644 2396 1730 2426 idem
1755 2394 1871 2426 versari
1895 2394 2045 2426 timidum
2070 2402 2100 2425 et
2123 2395 2295 2431 audacem,
2320 2395 2376 2425 sed
2406 2394 2461 2426 ille

247 2451 309 2476 test
332 2443 421 2485 quod
445 2442 623 2473 secundum
648 2451 739 2472 suam
765 2441 943 2471 doctrinam
967 2439 1122 2471 fortitudo
1140 2445 1187 2469 est
1206 2449 1324 2479 reptes·
1378 2442 1576 2478 deficiendo,
1601 2441 1659 2472 iste
1682 2439 1896 2481 exuperando.
1931 2439 1994 2471 Sed
2027 2439 2203 2471 differentia
2235 2446 2282 2471 est
2305 2448 2342 2470 ex
2370 2446 2460 2480 parte

248 2488 315 2519 siva
338 2487 489 2519 audaciae
513 2486 652 2529 (constat
675 2486 761 2517 enim
786 2486 876 2526 quod
901 2484 1070 2525 reprimere
1086 2483 1119 2514 in
1136 2483 1222 2514 idem
1246 2484 1326 2515 redit
1351 2498 1352 2505 ¹
1379 2487 1581 2529 cognitionis,
1599 2495 1654 2517 seu
1671 2484 1884 2526 apparentiae.
1909 2484 1996 2516 Cum
2012 2484 2098 2516 enim
2122 2484 2282 2525 appetitus
2297 2484 2461 2516 obiectum

248 2533 338 2575 quod
362 2529 535 2574 cohibere),
559 2539 589 2561 et
613 2531 702 2571 quod
727 2538 773 2561 est
797 2530 993 2560 moderativa
1018 2528 1152 2560 timoris.
1179 2528 1254 2559 Non
1280 2536 1326 2560 est
1350 2539 1353 2566 1
1379 2532 1419 2564 sit
1449 2534 1573 2564 bonurn
1598 2531 1647 2562 vel
1676 2529 1799 2560 malum
1829 2529 2083 2570 apprehensum,
2109 2538 2175 2560 non
2210 2537 2256 2561 est
2285 2528 2461 2561 differentia

247 2587 323 2618 ergo
348 2584 457 2608 contra
473 2575 621 2607 Auctoris
637 2575 826 2611 doctrinam,
843 2574 1045 2610 intellectam,
1063 2573 1152 2615 quod
1169 2572 1324 2604 fortitudo
1350 2570 1352 2583 ¹
1378 2577 1459 2609 inter
1483 2577 1607 2608 malum
1637 2575 1727 2616 quod
1750 2574 1882 2606 timidus
1907 2573 2004 2615 fugit,
2029 2581 2060 2605 et
2087 2573 2211 2605 malum
2244 2573 2333 2615 quod
2357 2573 2462 2605 audax

248 2630 294 2654 est
318 2621 489 2653 cohibitiva
512 2620 636 2652 timoris
659 2627 691 2651 et
714 2619 879 2655 audaciae,
904 2628 962 2650 nec
986 2619 1075 2660 quod
1099 2617 1255 2649 fortitudo
1279 2626 1326 2650 est
1351 2630 1353 2665 ἢ,
1377 2622 1508 2659 invadit,
1526 2631 1563 2652 ex
1586 2628 1675 2661 parte
1690 2619 1785 2650 mali:
1810 2618 1967 2661 quoniam
1983 2628 2050 2650 non
2066 2618 2174 2650 solum
2198 2627 2302 2650 unum
2318 2625 2351 2650 et
2372 2617 2460 2650 idem

248 2666 445 2698 moderativa
469 2665 645 2706 utriusque.
670 2667 718 2696 Ac
733 2675 789 2706 per
812 2664 884 2700 hoc,
901 2671 988 2695 totus
1004 2663 1095 2694 labor
1117 2662 1270 2703 arguendi
1292 2663 1324 2694 in
1350 2678 1353 2708 χ
1379 2668 1501 2698 malum
1525 2673 1572 2697 est
1591 2665 1755 2697 obiectum
1779 2665 1961 2706 utriusque,
1985 2664 2040 2695 sed
2065 2663 2162 2695 etiam
2186 2663 2332 2695 eiusdem
2354 2673 2458 2706 qum-

248 2711 437 2753 oppositum
461 2717 572 2742 contra
595 2717 741 2741 sanctum
766 2709 931 2740 Thomam
954 2718 1056 2739 vanus
1079 2707 1149 2740 fuit.
1351 2709 1353 2749 ζ
1379 2712 1487 2750 titatis,
1505 2718 1583 2752 puta
1607 2710 1738 2752 aequale
1762 2710 1942 2750 periculum
1966 2708 2080 2740 mortis
2096 2708 2270 2750 aequaliter
2293 2717 2406 2750 prope,
2422 2718 2460 2741 ex

303 2756 452 2788 Secundo
477 2755 650 2786 dicendum
674 2761 720 2786 est
743 2754 833 2796 quod
849 2756 982 2790 Auctor,
1000 2753 1128 2794 proprie
1148 2753 1325 2794 loquendo,
1351 2751 1353 2765 '
1380 2764 1467 2798 parte
1492 2756 1546 2787 rei.
1576 2756 1675 2794 Quod
1710 2761 1796 2795 patet
1819 2764 1856 2786 ex
1879 2754 1943 2786 hoc
1974 2754 2065 2796 quod
2092 2760 2238 2795 respectu
2271 2753 2460 2786 huiusmodi

248 2801 369 2842 optime
394 2800 523 2830 diversis
552 2799 613 2830 illis
638 2799 802 2830 vocabulis
827 2809 904 2829 usus
932 2805 998 2834 est,
1023 2798 1063 2828 ad
1094 2797 1324 2828 insinuandum
1351 2807 1353 2832 ε
1379 2802 1522 2844 aequalis
1546 2800 1677 2842 periculi
1707 2799 1818 2831 mortis
1842 2799 1874 2830 in
1899 2798 2004 2836 bello,
2029 2799 2205 2840 aequaliter
2228 2808 2344 2840 prope,
2370 2797 2460 2830 fortis

248 2846 337 2888 quod
354 2845 508 2875 fortitudo
528 2844 683 2874 maiorem
700 2843 795 2874 habet
811 2842 1067 2874 convenientiam
1085 2852 1159 2873 cum
1183 2842 1325 2879 audacia,
1351 2833 1353 2868 l
1379 2848 1460 2878 bene
1484 2856 1517 2877 se
1540 2846 1644 2882 habet,
1670 2844 1772 2876 audax
1796 2844 2044 2885 superabundat,
2069 2850 2101 2875 et
2123 2842 2256 2875 timidus
2280 2841 2403 2875 deficit:
2428 2850 2460 2875 et

248 2900 331 2932 quae
354 2889 590 2921 animositatem
606 2889 768 2930 quandam
794 2895 896 2924 sonat,
914 2897 1013 2928 quam
1031 2897 1106 2919 cum
1127 2887 1252 2923 timore,
1269 2888 1325 2928 qui
1379 2902 1446 2923 non
1462 2898 1591 2933 oportet
1607 2900 1674 2921 esse
1691 2889 1794 2920 maius
1811 2889 1991 2930 periculum
2007 2888 2097 2930 quod
2114 2887 2246 2920 timidus
2262 2887 2346 2929 fugit
2359 2897 2458 2930 quam

2489 2353 2500 2364 ⁸
2509 2352 2544 2375 Ca
2560 2358 2650 2380 .νιι,ιι.
2658 2359 2705 2376 ιι.-

2489 2379 2514 2402 S.
2591 2380 2646 2403 lea.
2665 2386 2703 2403 xv.

247 2943 458 2967 retrocessum
474 2934 636 2975 quendam
651 2933 816 2974 importat:
834 2932 989 2974 quoniam
1007 2932 1163 2964 fortitudo
1177 2932 1210 2962 in
1227 2932 1325 2963 animi

247 2979 394 3011 virilitate
418 2978 570 3015 consistit,
587 2985 623 3009 ut
639 2978 707 3009 eius
731 2988 851 3009 nomen
875 2984 976 3009 sonat.

303 3023 414 3056 Tertio
439 3023 608 3054 dicendum
635 3030 681 3054 est
705 3023 804 3064 quod,
829 3023 854 3053 si
879 3032 1013 3064 arguens
1037 3021 1172 3052 intendit
1196 3030 1326 3061 arguere

249 3076 358 3101 contra
381 3069 469 3099 illam
494 3067 754 3109 comparativam,
778 3067 948 3098 Fortitudo
972 3068 1079 3108 magis
1096 3071 1142 3097 est
1158 3066 1325 3097 cohibitiva

249 3114 373 3145 timoris
395 3119 492 3154 atque
515 3113 684 3150 audaciae,
710 3112 800 3143 facile
829 3112 1048 3152 respondetur,
1074 3110 1208 3142 dicendo
1236 3112 1325 3152 quod

250 3168 415 3199 nunquam
440 3158 517 3189 haec
534 3157 699 3188 conclusio
716 3157 900 3188 confutatur
924 3166 960 3187 ex
984 3155 1166 3196 assumptis,
1183 3162 1220 3187 ut
1239 3163 1326 3196 patet

250 3202 443 3242 singillatim.
459 3203 542 3233 Nam
559 3212 595 3233 ex
611 3202 673 3233 hoc
690 3202 778 3243 quod
791 3201 946 3233 fortitudo
963 3209 1010 3232 est
1022 3200 1193 3232 cohibitiva
1209 3201 1324 3232 utrius-

251 3257 329 3289 que;
347 3255 376 3278 et
392 3247 568 3288 opponitur
586 3247 721 3288 utrique,
740 3254 775 3278 ut
791 3246 935 3278 medium
955 3245 1118 3282 extremis;
1139 3252 1169 3277 et
1188 3245 1326 3277 excludit

253 3298 439 3332 utrumque;
469 3299 498 3323 et
522 3293 705 3325 moderatur
729 3299 918 3333 utrumque;
950 3298 980 3322 et
1004 3290 1093 3332 quod
1124 3300 1160 3322 ex
1191 3290 1323 3323 transitu

253 3346 289 3366 ex
312 3346 518 3376 quocumque
535 3344 750 3367 extremorum
767 3336 805 3366 ad
821 3336 965 3367 medium
986 3342 1133 3376 oporteat
1156 3335 1270 3366 addere
1295 3342 1325 3366 et
1350 3370 1352 3383 ‚

253 3380 452 3416 subtrahere;
478 3388 508 3411 et
530 3381 699 3412 inclinatus
716 3381 754 3411 ad
772 3391 874 3412 unum
895 3389 1072 3412 extremum
1098 3380 1211 3411 debeat
1233 3381 1324 3421 quasi
1350 3390 1352 3405 ὲ

1351 2954 1353 2982 3
1378 2937 1458 2968 illud
1482 2936 1572 2978 quod
1596 2935 1699 2967 audax
1715 2941 1844 2976 superat
1866 2941 1923 2965 aut
1945 2933 2036 2965 fortis
2059 2932 2156 2970 subit,
2174 2939 2210 2964 ut
2226 2939 2323 2974 patet.
2346 2933 2388 2964 Et
2411 2940 2458 2964 est

1351 3004 1353 3017 <
1378 2992 1504 3022 semper
1527 2990 1633 3012 sermo
1650 2981 1689 3011 de
1713 2979 1858 3011 timendo
1882 2986 1912 3010 et
1936 2978 2061 3010 ausibili
2081 2978 2244 3009 humano:
2269 2978 2360 3019 quod
2384 2977 2457 3011 dico

1379 3034 1509 3068 propter
1525 3025 1674 3057 terribilia
1692 3025 1867 3055 humanam
1883 3024 2034 3055 virtutem
2050 3022 2241 3059 excedentia,
2258 3022 2340 3053 circa
2363 3032 2457 3064 quae,

1351 3099 1353 3101 .
1379 3079 1415 3104 ut
1438 3071 1624 3102 Aristoteles
1648 3069 1732 3107 dicit,
1750 3069 1782 3100 in
1808 3069 1848 3100 111
1872 3068 1978 3103 Ethic.
1994 3067 2021 3105 *,
2047 3077 2113 3099 non
2130 3074 2177 3099 est
2198 3066 2364 3105 fortitudo,
2381 3067 2458 3108 quia

1351 3110 1353 3130 f
1378 3117 1495 3148 fortem
1519 3115 1656 3147 dicimus
1680 3119 1716 3146 ut
1737 3114 1909 3146 hominem.
1926 3130 1947 3137 -
1971 3113 2033 3144 Sed
2058 3111 2232 3144 differentia
2248 3118 2294 3143 est
2309 3121 2346 3142 ex
2370 3119 2458 3152 parte

1379 3160 1658 3203 apprehensionis:
1680 3158 1756 3201 quia
1771 3157 1857 3190 idem
1874 3157 2052 3199 periculum
2068 3155 2198 3188 bellicae
2215 3155 2328 3187 mortis
2345 3166 2457 3197 appre-

1379 3206 1528 3238 henditur
1547 3206 1586 3236 ab
1606 3214 1673 3236 uno
1690 3210 1726 3235 ut
1750 3213 1851 3245 prope
1875 3203 2008 3234 existens
2033 3209 2064 3233 et
2087 3207 2124 3233 ut
2146 3209 2280 3242 magnae
2296 3201 2457 3242 potentiae

1378 3252 1417 3283 ad
1437 3251 1526 3282 valde
1542 3249 1796 3281 contristandum
1812 3255 1843 3279 et
1859 3246 2054 3283 nocendum,
2071 3253 2103 3278 et
2121 3245 2166 3277 sic
2189 3245 2283 3277 habet
2299 3245 2457 3277 rationem

1378 3296 1531 3331 timendi;
1560 3302 1591 3327 et
1614 3294 1653 3326 ab
1677 3293 1740 3324 alio
1764 3291 2013 3335 apprehenditur
2028 3298 2064 3322 ut
2085 3291 2182 3332 longe
2206 3289 2341 3322 existens
2365 3298 2396 3322 et
2421 3298 2457 3323 ut

1378 3340 1522 3372 meabilis
1544 3349 1599 3370 seu
1623 3337 1810 3379 superabilis
1833 3335 2036 3373 resistentiae,
2059 3343 2091 3367 et
2113 3335 2158 3366 sic
2182 3334 2276 3366 habet
2300 3335 2456 3367 rationem

1378 3384 1530 3417 ausibilis.
1559 3383 1715 3415 Probatur
1737 3389 1846 3413 autem
1869 3381 1912 3412 ita
1935 3390 2003 3412 esse
2033 3390 2070 3411 ex
2093 3389 2132 3411 eo
2156 3379 2245 3422 quod
2277 3379 2457 3420 experimur

2486 3075 2496 3085 ⁴
2510 3074 2573 3098 lbid.
2582 3079 2607 3098 ι.
2618 3080 2634 3102 ι,
2643 3080 2666 3098 ι.

253 3424 383 3456 transire
406 3424 438 3454 in
463 3424 565 3455 aliud:
591 3435 655 3455 non
681 3426 823 3466 sequitur
847 3426 936 3467 quod
961 3424 1135 3466 aequaliter
1158 3425 1255 3455 ambo
1278 3425 1325 3455 di·
1350 3421 1352 3465 ᾗ
1378 3429 1453 3471 quia
1470 3429 1544 3460 talia
1566 3434 1641 3459 sunt
1664 3436 1747 3468 quae
1772 3434 1806 3458 ut
1830 3425 1971 3458 timenda
1995 3431 2176 3461 occurrunt,
2195 3431 2225 3456 et
2249 3423 2393 3455 similiter
2415 3424 2455 3455 ad

253 3475 335 3500 stent
359 3479 375 3519 a
399 3469 516 3505 medio,
542 3477 596 3499 aut
619 3470 707 3510 quod
733 3470 904 3510 aequaliter
918 3477 1127 3511 opponantur
1145 3469 1264 3505 medio,
1290 3476 1326 3500 ut
1350 3467 1352 3519 ξ
1377 3483 1461 3516 quae
1477 3473 1644 3504 audemus.
1669 3471 1711 3503 Et
1726 3481 1763 3502 ex
1779 3470 1923 3502 docuina
1939 3469 2118 3501 Aristotelis
2138 3469 2171 3500 in
2189 3469 2214 3500 11
2231 3469 2324 3500 Rhet.
2340 3469 2374 3499 *ε
2399 3468 2455 3500 ubi
2486 3475 2494 3483 ·

253 3519 339 3554 patet
366 3523 398 3543 in
423 3514 632 3549 naturalibus;
667 3514 820 3553 pallidum
853 3514 935 3544 enim
961 3522 1006 3545 est
1035 3514 1115 3545 inter
1143 3513 1270 3553 nigrum
1295 3520 1326 3544 et
1350 3531 1352 3560 3
1378 3518 1520 3559 primum
1537 3515 1646 3548 definit
1662 3515 1802 3547 timenda
1825 3524 1882 3556 per
1898 3514 1975 3546 haec
2001 3514 2077 3550 duo,
2095 3514 2212 3545 scilicet
2228 3523 2284 3555 per
2300 3513 2452 3544 exceuen-

254 3558 373 3594 album‚
391 3565 420 3588 et
443 3565 549 3588 tamen
567 3569 630 3588 ¹¹0⁰
648 3558 818 3598 aequaliter
835 3559 1010 3598 opponitur
1029 3558 1154 3601 utrique
1171 3565 1324 3595 extremo,
1350 3564 1352 3600 4,
1378 3563 1455 3594 tiam
1482 3561 1643 3603 potentiae
1672 3560 1802 3591 nocivae
1827 3567 1858 3591 et
1885 3569 1941 3600 per
1973 3559 2261 3600 propinquitatem;
2287 3565 2318 3589 et
2341 3557 2454 3589 deinde

254 3612 311 3633 nec
330 3602 501 3643 aequaliter
525 3602 617 3633 distat
641 3603 679 3632 ab
704 3610 851 3643 utroque,
876 3603 946 3633 licet
971 3611 1144 3644 utrumque
1169 3602 1324 3633 excludat.
1351 3605 1353 3631 l
1380 3607 1467 3638 addit
1490 3606 1685 3637 contrarium
1709 3615 1776 3636 esse
1800 3604 1981 3635 timendum
2011 3603 2156 3641 ausibili,
2189 3610 2221 3635 et
2249 3603 2348 3638 bene;
2379 3601 2455 3643 quia
