2768 4198
83 2123 133 2143 Art.
153 2127 173 2147 2,
192 2120 263 2144 Com—

55 2151 124 2170 ment.
140 2154 202 2170 num.
217 2154 232 2170 1.

308 318 385 364 324

972 312 1238 357 QUAESTIO
1269 310 1423 357 CLx11,
1453 311 1751 350 ARTmULUS
1780 311 1830 348 vi

303 397 432 434 tinent.
471 397 582 434 Unde
612 396 776 433 Isidorus
806 392 912 438 dicit,
942 391 979 427 in
1008 390 1103 426 libro
1138 391 1183 426 de
1211 390 1367 426 Summo
1421 402 1496 427 non
1516 392 1634 437 sentit,
1656 391 1794 428 labitur
1812 391 1848 427 in
1870 391 1996 427 carnis
2014 390 2221 436 luxuriam,
2245 395 2284 426 ut
2295 401 2370 438 per
2391 389 2491 426 hanc

299 509 453 552 propter
480 504 581 551 quod
606 515 630 538 a
657 501 812 538 summis
838 497 1011 546 personis
1039 502 1075 532 et
1094 496 1232 556 prunis
1263 507 1367 532 assu-

302 557 437 600 mitur,·
463 568 527 592 seu
556 555 656 603 quod
681 554 726 590 de
749 562 862 600 opere
880 550 1039 586 iustitiae
1066 554 1103 585 et
1127 549 1274 586 virtutis
1301 560 1365 585 ex-

60 459 275 514 iffffl'ss‘lss.
302 452 411 487 Bono
426 450 457 497 ²¹⁸,
479 451 585 487 omni
600 450 687 486 vitio
707 447 926 484 deteriorem
947 455 1025 480 esse
1042 443 1279 491 superbiam.-
1301 454 1367 478 seu
1419 443 1649 481 humiliatus.
1678 456 1701 481 a
1730 444 1950 492 confusione
1977 449 2153 493 exurgat.
2185 443 2242 479 Ex
2270 455 2348 491 quo
2374 442 2488 479 etiam

1419 503 1524 543 patet
1559 497 1724 543 gravitas
1761 497 1906 545 peccati
1933 503 1951 525 η
1989 497 2202 546 superbiae.
2242 495 2347 532 Sicut
2385 496 2488 532 enirn

1419 548 1592 585 medicus
1621 550 1772 597 sapiens
1800 549 1838 586 in
1858 551 2072 588 remedium
2094 549 2249 586 maioris
2278 548 2404 585 morbi
2422 561 2488 608 pa-

301 610 433 655 oritur,
454 609 648 655 minusque
667 606 775 653 culpa
795 615 873 640 ezus
891 603 1056 639 sentitur.
1078 602 1254 639 Luxuria
1274 613 1365 638 vero
1390 613 1393 652 1
1418 602 1506 638 titur
1534 602 1762 638 infirmum
1754 615 1791 639 m
1815 603 2000 640 leviorem
2031 605 2211 640 morbum
2237 602 2416 649 incidere,
2438 602 2489 639 ita

301 662 427 699 carnis
455 662 535 697 ideo
559 659 730 696 notabilis
748 657 921 693 omnzbus
948 661 1011 701 est,
1033 656 1212 703 quoniam
1241 655 1365 691 statim
1390 653 1392 662 '

294 726 367 763 per
389 727 429 751 se
457 713 573 761 turpis
601 717 663 748 est.
692 712 743 747 Et
769 716 905 755 tamen,
926 709 1162 756 dispensante
1188 709 1284 753 Deo,
1304 720 1365 744 su-

296 768 429 815 perbia
457 768 582 803 minor
609 770 679 809 est,
715 763 781 799 sed
806 774 868 810 quz
906 762 1091 798 detinetur
1126 737 1301 808 superbi'a
1330 766 1391 797 et

350 896 377 927 η)
391 895 505 927 peccati.
517 909 536 913 -
554 894 617 919 Om.
640 894 687 918 Pa.

1419 654 1533 691 etiam
1562 663 1762 703 peccatum
1793 657 1993 704 superbiae
2022 657 2175 705 gravius
2204 668 2287 693 esse
2321 655 2491 692 ostendi-

1417 715 1478 744 tur
1506 719 1552 744 ex
1580 708 1655 744 hoc
1692 708 1776 756 ipso
1806 711 1911 756 quod
1946 722 2017 758 pro
2057 710 2138 747 eius
2175 709 2348 746 remedio
2380 710 2491 746 Deus

1389 760 1598 808 permittit
1626 773 1735 797 ruere
1763 761 1964 799 hominem
1992 762 2030 799 in
2059 763 2131 800 alia
2159 770 2326 811 peccata.

980 970 1316 1003 Commentaria
1338 970 1591 1005 cardinalis
1613 971 1815 1005 Caietam

326 1066 346 1085 N
370 1054 502 1084 articulo
527 1060 614 1083 sexto
639 1052 779 1083 eiusdem
800 1052 1362 1092 centesimaesexagesimaesecuudae

58 1104 267 1154 ἑῃξὲοὲῗιέέωζτῑιιι.
299 1068 529 1140 IquaestioniS,
547 1097 681 1128 dubium
705 1107 741 1127 ex
758 1096 905 1133 Martino,
923 1096 955 1126 in
980 1106 1034 1137 qu.
1051 1107 1084 1126 111
1099 1097 1117 1115 *
1133 1096 1172 1126 de
1196 1095 1360 1136 Superbia,

294 1143 438 1179 occurrit,
463 1149 572 1172 contra
595 1141 671 1172 haec
695 1141 775 1171 dicta
799 1140 957 1177 Auctoris,
982 1140 1113 1177 scilicet,
1139 1140 1296 1182 Superbia
1321 1149 1362 1171 ex

287 1193 385 1228 parte
408 1187 625 1218 conversionis
648 1195 711 1215 non
735 1185 828 1215 habet
847 1185 932 1225 quod
952 1186 994 1216 sit
1016 1186 1194 1216 maximum
1212 1190 1361 1226 peccato-

293 1242 377 1269 rum,
403 1239 443 1269 et,
468 1230 624 1272 Superbia
649 1239 690 1260 ex
707 1235 805 1269 parte
820 1230 1000 1260 aversionis
1019 1235 1066 1261 est
1089 1231 1267 1260 maximum
1285 1239 1361 1270 pec—

293 1282 456 1313 catorum,
482 1275 619 1305 dicente:
653 1274 820 1314 Quidquid
849 1274 888 1304 sit
916 1274 954 1304 de
985 1274 1069 1311 istis,
1093 1274 1230 1306 rationes
1253 1281 1360 1305 tamen

293 1321 444 1351 adductae
475 1329 540 1349 non
571 1318 776 1349 concludunt.
813 1318 978 1349 Diceretur
1014 1319 1099 1349 enim
1134 1319 1175 1349 ad
1203 1319 1360 1350 rationem

292 1365 396 1406 primi,
420 1364 508 1405 quod
533 1362 686 1393 celsitudo
702 1362 760 1393 Dei
777 1369 808 1393 et
827 1362 998 1393 hominum
1015 1363 1241 1404 contemptiva,
1261 1373 1358 1404 quam

292 1409 411 1450 appetit
426 1408 590 1448 superbus,
608 1414 655 1438 est
678 1407 839 1438 obiectum
856 1407 976 1438 habens
992 1408 1165 1438 maximam
1182 1417 1359 1448 repugnan-

291 1454 369 1485 tiam
392 1453 431 1483 ad
455 1454 578 1483 bonum
601 1451 737 1482 virtutis.

347 1498 439 1528 Ratio
463 1506 593 1538 quoque
610 1496 740 1527 secundi
758 1496 831 1527 dicti
849 1506 915 1527 non
932 1496 1023 1528 valet.
1048 1497 1136 1527 Tum
1147 1498 1269 1537 primo,
1285 1495 1360 1537 quia

290 1543 322 1573 in
346 1542 413 1573 aliis
438 1551 568 1583 quoque
593 1541 728 1581 peccatis
752 1541 907 1580 contingit
930 1551 1060 1581 peccare
1079 1551 1116 1572 ex
1131 1541 1260 1572 malitia.
1284 1541 1359 1571 Non

292 1597 365 1627 ergo
385 1587 416 1617 in
434 1586 477 1617 eis
502 1592 650 1626 peccatur
670 1592 795 1616 tantum
812 1595 849 1616 ex
864 1585 1044 1626 ignorantia
1059 1593 1115 1617 aut
1129 1585 1321 1617 infirmitate.
1338 1603 1360 1609 -

291 1633 378 1662 Tum
401 1630 555 1668 secundo,
581 1630 656 1670 quia
680 1639 809 1670 peccare
834 1640 871 1660 ex
894 1629 1050 1661 desiderio
1075 1630 1208 1661 alicuius
1232 1630 1360 1661 alterius
1385 1631 1387 1643 “

291 1686 356 1707 ιιοιι
379 1675 476 1711 boni,
501 1685 567 1706 non
601 1674 739 1705 excludit
771 1681 1007 1715 contemptum:
1040 1685 1115 1706 curn
1143 1685 1180 1706 ex
1203 1674 1359 1706 desiderio
1385 1675 1387 1681 ’

291 1721 385 1752 unius
401 1720 478 1750 boni
495 1719 615 1750 oriatur
630 1719 825 1760 quandoque
843 1726 1046 1759 contemptus
1063 1719 1200 1750 alterius.
1226 1737 1247 1742 -
1271 1719 1359 1750 Tum

290 1766 394 1802 tertio,
419 1764 494 1805 quia
517 1763 640 1795 aversio
665 1763 880 1804 contemptiva
904 1763 963 1794 Dei
988 1773 1054 1794 non
1079 1764 1228 1795 convenit
1251 1774 1360 1804 super-

290 1810 359 1840 biae
382 1809 560 1840 seeundum
583 1814 690 1839 totum
712 1818 813 1848 genus
833 1817 946 1839 suum:
971 1808 1026 1838 sed
1050 1809 1156 1839 solum
1180 1809 1360 1854 secundum

290 1854 429 1894 speciem
452 1853 540 1884 illam
564 1863 647 1894 quae
671 1859 718 1883 est
741 1852 889 1892 superbia
912 1855 944 1882 in
968 1853 1086 1884 Deum.

346 1899 382 1929 11.
399 1898 450 1929 Ad
463 1898 539 1928 haec
556 1897 780 1939 respondendo
796 1896 910 1927 dicitur
922 1897 1011 1938 quod
1024 1897 1117 1937 primi
1135 1897 1209 1929 dicti
1222 1897 1300 1929 ratio
1313 1905 1361 1929 est
1385 1895 1387 1920 ἕ

289 1943 402 1974 valida.
428 1943 468 1973 Et
491 1942 658 1983 responsio
682 1941 760 1971 nihil
783 1941 875 1978 valet,
892 1941 968 1982 quia
985 1941 1102 1972 falsum
1127 1942 1216 1973 dicit:
1242 1942 1360 1974 scilicet
1384 1954 1387 1961 ’

290 1988 378 2029 quod
401 1987 563 2017 obiectum
588 1985 753 2027 superbiae
778 1985 817 2017 sit
840 1985 995 2017 celsitudo
1020 1987 1235 2028 contemptive
1255 1987 1314 2018 Dei
1330 1994 1361 2018 et

289 2032 471 2063 hominum.
496 2030 712 2071 Contemptus
736 2040 877 2071 namque
900 2030 933 2061 in
954 2031 1101 2071 superbia
1117 2041 1183 2062 non
1201 2032 1362 2063 concurrit

290 2084 325 2108 ut
355 2075 615 2107 determinativus
643 2075 858 2106 excellentiae:
893 2075 949 2106 sed
972 2082 1008 2106 ut
1032 2076 1149 2106 modus
1173 2083 1266 2116 aptus
1293 2084 1361 2107 ten-

290 2121 385 2152 dendi
408 2121 440 2151 in
464 2120 627 2161 propriam
651 2119 885 2156 excellentiam,
909 2127 945 2151 ut
973 2120 1244 2160 praedeclaratum
1268 2128 1315 2152 est
1333 2121 1360 2152 *.

345 2166 395 2197 Ad
420 2165 558 2206 primam
581 2174 656 2195 vero
682 2164 898 2195 obiectionem
922 2171 1032 2195 contra
1053 2165 1209 2196 rationem
1229 2165 1361 2197 secundi

290 2210 374 2247 dicti,
395 2210 510 2240 dicitur
532 2209 620 2250 quod
645 2208 832 2240 manifestus
849 2216 895 2239 est
909 2208 952 2239 ibi
970 2219 1066 2240 error.
1092 2209 1257 2247 Quoniam
1274 2210 1361 2241 aliud

290 2262 336 2285 est
359 2264 489 2295 peccare
513 2263 550 2284 ex
574 2254 710 2284 malitia:
735 2260 767 2284 et
790 2253 887 2290 aliud,
912 2263 948 2284 ex
973 2261 1159 2295 contemptu
1186 2254 1254 2286 Dei.
1286 2255 1362 2286 Pec—
1385 2262 1387 2274 ¹

290 2310 360 2330 care
376 2308 516 2339 namque
532 2309 569 2329 ex
585 2298 705 2328 malitia
730 2298 880 2329 convenit
900 2297 990 2328 omni
1012 2299 1129 2329 vitioso
1154 2309 1229 2330 cum
1253 2307 1362 2340 peccat

290 2354 326 2374 ex
350 2344 477 2374 habitu:
502 2352 633 2382 peccare
656 2350 764 2373 autem
789 2353 825 2373 ex
842 2350 1030 2383 contemptu
1047 2343 1106 2374 Dei
1130 2343 1299 2384 proprium
1315 2350 1362 2375 est

290 2389 427 2429 superbi.
456 2388 548 2419 Unde
573 2390 696 2418 Auctor
718 2394 779 2417 tres
804 2397 994 2418 communes
1019 2388 1170 2429 peccandi
1194 2398 1304 2419 causas
1328 2388 1361 2419 in

290 2433 391 2463 littera
414 2439 561 2463 numerat
583 2439 614 2462 et
637 2431 802 2472 distinguit
827 2439 936 2462 contra
959 2442 1088 2472 peccare
1112 2442 1148 2463 ex
1173 2439 1360 2473 contemptu
1386 2468 1388 2474 .

290 2477 360 2515 Dei,
381 2477 459 2507 dum
475 2477 507 2507 in
523 2476 592 2518 aliis
608 2476 744 2516 peccatis
768 2475 868 2506 homo
885 2477 1035 2508 avertitur
1052 2477 1102 2507 vel
1125 2484 1256 2517 propter
1269 2477 1362 2517 igno-

291 2521 440 2557 rantiam;
461 2521 511 2551 vel
527 2527 657 2560 propter
673 2519 908 2557 infirmitatem;
934 2521 998 2552 sive
1015 2528 1146 2562 propter
1169 2521 1361 2552 desiderium
1386 2542 1388 2566 2
1435 2565 1442 2571 ¹
1621 2564 1627 2571 ι
1814 2563 1844 2594 δ.
2120 2563 2140 2594 d
2251 2569 2279 2594 η
2403 2563 2411 2570 .
2460 2563 2468 2570 ⁸

1386 2569 1388 2579 ⁴
1414 2575 1548 2601 ximutn,
1574 2574 1649 2605 quia
1673 2573 1768 2594 suum
1793 2573 1813 2594 o
1836 2570 1965 2599 tectum,
1983 2570 2060 2599 etc.;
2086 2573 2118 2594 se
2155 2573 2192 2594 ex
2208 2573 2249 2604 pa
2280 2573 2297 2594 e
2313 2570 2487 2595 aversionis

292 2566 523 2606 cuiuscumque
546 2565 674 2596 alterius
698 2565 792 2601 boni,
826 2571 857 2595 et
883 2565 915 2595 in
947 2566 1009 2596 hoc
1038 2566 1206 2602 intellexit,
1232 2574 1363 2607 propter

292 2610 462 2647 malitiam;
487 2617 523 2640 ut
546 2616 632 2649 patet
656 2619 692 2640 ex
715 2609 787 2649 ipso
812 2611 953 2640 Auctore
976 2610 1008 2640 in
1028 2621 1143 2641 Lxxvm
1163 2620 1218 2651 qu.
1235 2611 1252 2630 *
1275 2611 1361 2642 Libri

293 2654 517 2695 praecedentis.
545 2653 664 2684 Definit
687 2653 846 2695 siquidem
870 2653 913 2684 ibi
938 2664 1066 2695 peccare
1091 2665 1127 2685 ex
1151 2654 1271 2686 malitia
1295 2665 1362 2686 esse

293 2700 422 2740 quando
447 2697 641 2739 principium
665 2698 815 2738 peccandi
840 2709 905 2729 non
930 2699 1122 2738 ignorantia,
1148 2709 1213 2729 non
1238 2699 1362 2740 passio,

293 2743 347 2773 sed
371 2743 530 2783 appetitus
554 2743 629 2773 boni
654 2743 839 2783 temporalis
864 2753 1063 2784 praeponens
1087 2743 1167 2774 illud
1191 2744 1279 2774 bono
1304 2743 1364 2785 spi-

294 2788 396 2818 rituali
414 2794 470 2818 est.
495 2788 575 2818 Vide
590 2787 633 2818 ibi
651 2787 762 2818 diffuse
787 2797 823 2818 ex
848 2788 1015 2828 proposito
1039 2795 1219 2820 tractatum.
1243 2788 1286 2819 Et
1308 2798 1364 2829 per

293 2832 354 2862 hoc
378 2839 463 2871 patet
486 2832 605 2862 solutio
629 2831 749 2871 primae
774 2832 978 2863 obiectionis:
1010 2840 1041 2863 et
1069 2832 1210 2863 defectus
1233 2833 1302 2863 eius
1330 2833 1362 2863 in
1388 2873 1389 2879 ἵ

294 2886 359 2906 ιιοιι
383 2876 590 2916 intelligendo
614 2878 800 2907 Auctorem.

349 2921 400 2950 Ad
424 2921 596 2950 secundam
625 2920 738 2951 dicitur
764 2921 870 2961 quod,
895 2920 976 2952 sicut
1001 2930 1130 2961 peccare
1154 2931 1190 2952 ex
1214 2921 1363 2962 passione
1388 2939 1389 2945 ι

1388 2990 1389 2997 ,
1415 2964 1549 2996 tionem.
1581 2964 1699 2995 Primo.
1725 2963 1807 2994 Illud
1835 2963 1925 3004 quod
1948 2963 2049 3004 magis
2076 2973 2112 2994 ac
2141 2963 2241 3004 magis
2268 2968 2425 2999 excaecat,
2450 2958 2486 2992 ut

295 2964 431 2994 excludit
455 2974 583 3004 peccare
607 2975 643 2994 ex
667 2965 820 2996 electione
845 2975 899 2995 seu
924 2965 1059 3002 malitia,
1084 2965 1176 3006 quia,
1201 2965 1226 2995 si
1256 2965 1361 3006 passio

297 3015 342 3038 est
372 3008 545 3048 principale
578 3010 727 3048 peccandi
760 3009 970 3049 principium,
994 3009 1057 3040 iarn
1083 3020 1149 3040 non
1174 3010 1286 3041 electio
1317 3017 1364 3041 est

296 3052 467 3092 principale
483 3053 633 3092 peccandi
654 3054 855 3092 principium,
874 3054 946 3084 licet
962 3064 1095 3094 peccans
1113 3064 1238 3094 semper
1254 3054 1361 3094 eligat:

296 3096 338 3127 ita
362 3107 489 3136 peccare
513 3107 550 3127 ex
567 3104 649 3127 certa
665 3097 794 3133 malitia,
820 3105 854 3128 ut
869 3098 923 3134 sic,
942 3108 1006 3128 non
1023 3099 1157 3129 includit
1180 3099 1269 3139 quod
1286 3109 1363 3129 con-

296 3147 436 3181 temptus
459 3141 499 3171 sit
522 3141 693 3181 principale
717 3141 910 3182 principium
934 3143 1095 3182 peccandi.
1123 3143 1163 3174 Et
1186 3150 1364 3183 propterea,

298 3185 371 3215 dato
401 3186 489 3226 quod
521 3192 723 3226 contemptus
754 3186 854 3225 possit
881 3186 954 3218 oriri
986 3197 1022 3217 ex
1051 3187 1206 3218 desiderio
1235 3187 1364 3218 alterius

299 3228 403 3259 minus
431 3229 525 3265 boni,
551 3237 716 3269 peccatum
746 3237 852 3260 tamen
884 3230 962 3261 illud
994 3241 1059 3261 non
1084 3231 1205 3262 dicetur
1229 3241 1265 3262 ex
1289 3241 1363 3262 con-

299 3279 437 3312 temptu:
464 3274 517 3304 sed
542 3274 649 3313 potius
674 3284 745 3304 cum
770 3279 962 3315 contemptu,
989 3282 1024 3306 ut
1047 3275 1158 3306 effectu
1183 3275 1364 3316 principalis

300 3326 420 3347 causae.
445 3335 464 3339 —
488 3318 553 3348 Nec
578 3324 743 3358 propterea
768 3319 840 3349 hinc
864 3329 971 3349 sumas
996 3320 1085 3360 quod
1109 3330 1174 3350 non
1199 3319 1300 3360 possit
1323 3319 1364 3350 si-

300 3360 368 3390 mul
397 3361 468 3400 quis
492 3371 619 3401 peccare
650 3372 686 3392 ex
710 3370 896 3403 contemptu
922 3363 979 3394 Dei
1009 3371 1039 3394 et
1065 3374 1102 3394 ex
1126 3371 1208 3394 certa
1234 3364 1363 3395 malitia.

301 3403 462 3440 Quoniam
494 3406 762 3446 quandocumque
793 3417 829 3438 ex
862 3408 1026 3447 superbiae
1060 3408 1167 3439 habitu
1201 3415 1363 3448 peccatur,

301 3454 472 3488 utrumque
489 3450 655 3481 concurrit.
681 3451 741 3481 Sed
766 3451 899 3481 dicimus
923 3453 1012 3492 quod
1037 3461 1072 3482 ex
1096 3452 1156 3482 hoc
1180 3452 1268 3493 quod
1293 3461 1364 3492 pec-

301 3499 388 3522 catur
411 3501 447 3521 ex
471 3492 599 3528 malitia,
625 3504 689 3523 non
714 3495 856 3535 sequitur
880 3496 968 3536 quod
991 3502 1140 3546 peccetur
1164 3506 1200 3527 ex
1223 3502 1364 3526 contem·
1388 3494 1391 3512 ²

300 3542 375 3575 ptu:
401 3543 431 3566 et
454 3536 542 3576 quod
565 3546 692 3576 peccare
717 3548 753 3568 ex
776 3539 931 3569 desiderio
957 3539 1062 3570 minus
1077 3540 1164 3576 boni,
1181 3539 1243 3570 hoc
1259 3546 1305 3570 est
1329 3549 1364 3569 ex
1389 3558 1391 3570 ι

301 3579 429 3615 malitia,
450 3579 650 3619 distinguitur
666 3581 839 3612 formaliter
855 3590 963 3613 contra
980 3593 1108 3622 peccare
1124 3593 1162 3614 ex
1178 3590 1364 3623 contemptu

300 3624 370 3655 Dei.
395 3624 436 3654 Et
458 3631 624 3664 propterea
649 3624 680 3654 in
704 3624 803 3655 littera
828 3626 941 3656 dicitur
965 3627 1053 3666 quod
1077 3627 1223 3667 superbia
1247 3627 1279 3657 in
1304 3627 1365 3656 boc

1414 1051 1516 1083 differt
1539 1062 1556 1082 a
1577 1052 1697 1088 ceteris,
1721 1062 1759 1082 ex
1775 1059 1863 1093 parte
1878 1051 2062 1089 aversionis,
2079 1052 2155 1094 quia
2170 1051 2370 1084 aversionem
2384 1053 2488 1094 ipsam

1414 1096 1562 1136 superbia
1585 1096 1698 1133 habet,
1724 1097 1800 1137 quia
1823 1096 1892 1127 vult
1915 1096 2013 1127 averti
2037 1107 2055 1127 a
2078 1097 2166 1134 Deo,
2191 1097 2281 1139 quod
2308 1104 2355 1128 est
2378 1105 2487 1130 conte-

1414 1151 1523 1171 mnere
1547 1141 1780 1172 subiectionem
1803 1141 1890 1171 Deo:
1916 1141 1970 1171 sed
1994 1140 2027 1171 in
2051 1141 2121 1171 aliis
2145 1148 2192 1172 est
2211 1141 2332 1172 aversio
2357 1149 2488 1183 propter

1413 1185 1637 1225 ignorantiam,
1654 1186 1704 1216 vel
1720 1185 1914 1225 passionem,
1930 1185 1981 1216 vel
2004 1185 2173 1223 malitiam,
2198 1195 2297 1228 quam
2311 1186 2344 1216 in
2361 1196 2419 1217 sua
2434 1186 2487 1217 de-

1414 1230 1585 1270 scriptione
1608 1232 1732 1260 Auctor
1754 1229 1864 1270 posuit
1887 1230 2046 1267 consulto,
2075 1230 2151 1271 quia
2175 1230 2294 1261 scilicet
2317 1230 2431 1261 melius
2454 1230 2488 1262 in

1414 1284 1472 1305 sua
1495 1275 1707 1315 descriptione
1732 1281 1889 1306 monstrat
1911 1275 2002 1315 quod
2025 1275 2147 1305 aversio
2171 1285 2237 1306 non
2262 1281 2309 1306 est
2331 1285 2369 1306 ex
2384 1275 2488 1315 seipsa

1413 1319 1512 1350 volita
1534 1319 1568 1349 in
1591 1319 1659 1349 aliis
1682 1318 1776 1355 vitiis,
1801 1319 1856 1349 sed
1880 1328 1918 1349 ex
1940 1318 2097 1350 desiderio
2122 1319 2257 1350 minoris
2275 1319 2363 1356 boni,
2388 1329 2488 1361 quam

1413 1363 1446 1394 in
1478 1362 1609 1404 proprio
1638 1363 1780 1394 nomine.
1815 1362 1960 1394 Dicendo
1987 1363 2093 1400 enim,
2111 1373 2252 1404 peccare
2275 1373 2317 1395 ex
2340 1364 2485 1402 malitia,

1413 1408 1538 1438 videtur
1560 1407 1724 1448 implicare
1747 1407 1839 1448 quasi
1863 1408 1952 1448 quod
1969 1407 2092 1439 aversio
2107 1408 2148 1439 sit
2169 1418 2226 1449 per
2241 1418 2274 1439 se
2289 1407 2406 1439 volita:
2431 1408 2488 1440 sed

1414 1451 1566 1488 dicendo,
1585 1461 1724 1493 peccare
1746 1461 1788 1482 ex
1810 1451 1970 1483 desiderio
1992 1453 2128 1483 minoris
2150 1452 2242 1491 boni,
2267 1451 2488 1484 manifestatur

1413 1497 1504 1538 quod
1526 1496 1649 1527 aversio
1674 1506 1741 1527 non
1764 1503 1811 1527 est
1834 1506 1871 1527 ex
1894 1506 1928 1527 se
1951 1497 2059 1534 volita,
2084 1498 2139 1528 sed
2160 1503 2292 1538 propter
2314 1497 2413 1529 aliud.

1469 1541 1520 1571 Ad
1549 1541 1678 1571 tertium
1709 1540 1825 1571 dicitur
1852 1541 1959 1581 quod,
1989 1542 2065 1582 quia
2093 1542 2215 1573 aversio
2247 1551 2304 1582 per
2331 1551 2364 1573 se
2386 1540 2488 1573 volita

1413 1585 1491 1616 nihil
1515 1585 1603 1615 aliud
1626 1592 1673 1615 est
1698 1595 1798 1626 quam
1822 1591 2027 1626 contemptus
2049 1586 2128 1623 Dei,
2153 1585 2308 1628 quoniam
2339 1586 2395 1628 qui
2417 1585 2488 1617 vult

1413 1629 1510 1660 averti
1539 1640 1557 1659 a
1580 1629 1668 1666 Deo,
1694 1635 1729 1660 ut
1752 1629 1813 1666 sic,
1839 1630 2015 1661 contemnit
2038 1630 2108 1661 Deo
2133 1630 2264 1668 subiici;
2294 1637 2326 1661 et
2355 1630 2417 1661 hoc
2440 1636 2488 1666 est

1414 1683 1588 1705 commune
1615 1673 1674 1704 toti
1704 1673 1811 1713 generi
1841 1674 2024 1714 superbiae,
2050 1681 2162 1715 utpote
2185 1675 2305 1706 intrans
2329 1674 2487 1706 rationem

1413 1718 1653 1749 constitutivam
1677 1718 1726 1748 sui
1747 1717 1886 1758 generis:
1910 1718 1984 1749 ideo
2007 1718 2131 1756 dicitur,
2156 1719 2429 1750 communicando
2451 1718 2486 1750 in

1385 1769 1387 1788 ὲ
1412 1762 1578 1794 vocabulis
1608 1772 1682 1793 cum
1714 1762 1803 1799 aliis,
1835 1763 1924 1803 quod
1953 1763 2075 1794 aversio
2104 1764 2320 1805 contemptive
2349 1763 2409 1795 Dei
2438 1769 2487 1796 est

1414 1807 1597 1839 communis
1619 1806 1679 1838 toti
1701 1806 1809 1847 generi
1831 1806 2008 1848 superbiae.
2034 1807 2133 1845 Quod
2158 1815 2205 1839 est
2228 1808 2331 1839 dictu:
2351 1807 2486 1839 Aversio

1413 1863 1431 1883 a
1454 1853 1524 1883 Deo
1549 1862 1606 1892 per
1628 1862 1662 1882 se
1685 1851 1792 1888 volita,
1818 1858 1865 1882 est
1887 1852 2072 1883 communis
2094 1851 2154 1883 toti
2176 1853 2284 1892 generi
2306 1852 2485 1894 superbiae.

1469 1897 1510 1928 Et
1541 1906 1578 1927 ex
1606 1896 1655 1926 his
1686 1901 1772 1936 patet
1802 1896 1890 1937 quod
1922 1895 2082 1937 appetitus
2107 1896 2308 1928 inordinatus
2338 1896 2486 1938 propriae

1413 1941 1625 1978 excellentiae,
1649 1941 1674 1971 si
1699 1950 1765 1971 non
1789 1940 1833 1971 sic
1857 1940 2022 1971 ordinatus
2046 1947 2093 1971 est
2115 1941 2206 1982 quod
2229 1951 2266 1972 ex
2285 1940 2449 1972 aversione
2468 1950 2488 1972 a

1413 1986 1483 2016 Deo
1508 1985 1563 2022 sit,
1587 1995 1654 2015 non
1678 1991 1799 2025 spectat
1821 1985 1860 2015 ad
1885 1985 2068 2027 superbiam
2091 1985 2284 2022 formaliter,
2309 1985 2364 2016 sed
2387 1992 2487 2017 mate-

1413 2030 1529 2061 rialiter
1551 2036 1678 2061 tantum
1702 2036 1732 2060 et
1755 2029 1926 2060 reductive.
1958 2029 2004 2060 lta
2027 2030 2116 2071 quod
2145 2030 2228 2061 inter
2249 2029 2432 2070 superbiam
2455 2035 2488 2062 et

1413 2075 1535 2116 reliqua
1558 2074 1634 2105 vitia
1656 2075 1734 2105 haec
1757 2081 1805 2105 est
1827 2073 2017 2111 differentia,
2042 2075 2133 2115 quod
2154 2074 2188 2105 in
2210 2074 2341 2116 reliquis
2363 2074 2486 2110 evenio

1413 2129 1521 2150 comes
1537 2125 1584 2150 est
1601 2118 1816 2150 conversionis
1833 2119 1872 2149 ad
1888 2118 2116 2150 commutabile
2131 2119 2272 2150 bonum:
2289 2119 2321 2150 iu
2339 2119 2487 2160 superbia

1413 2172 1532 2201 autem,
1556 2163 1647 2205 quasi
1667 2173 1684 2194 e
1701 2173 1866 2199 converso,
1891 2163 2058 2195 conversio
2083 2164 2122 2194 ad
2146 2163 2309 2205 propriam
2333 2162 2486 2195 excellen-

1412 2208 1490 2239 tiam
1515 2218 1624 2239 comes
1648 2215 1694 2239 est
1717 2207 1902 2239 aversionis.
1925 2207 1998 2239 Dixi
2022 2214 2140 2244 autem,
2163 2209 2258 2249 quasi
2280 2217 2298 2239 e
2313 2215 2488 2242 converso:

1413 2253 1489 2294 quia
1518 2252 1640 2283 aversio
1668 2263 1686 2283 a
1714 2252 1861 2292 superbia
1885 2262 1951 2283 non
1975 2251 2141 2293 respicitur
2173 2252 2301 2293 proprie
2332 2258 2369 2283 ιιι
2398 2252 2486 2284 obie-

1415 2305 1513 2334 ctum,
1538 2298 1592 2328 sed
1618 2304 1653 2328 ut
1675 2297 1809 2334 modus;
1834 2297 1898 2333 vel,
1923 2297 2038 2328 rectius
2062 2297 2244 2338 loquendo.
2269 2303 2306 2327 ut
2328 2296 2487 2328 immode-

1414 2341 1514 2373 rantia
1537 2342 1706 2383 quaedam,
1726 2351 1825 2382 quam
1849 2341 1941 2382 ponit
1964 2341 1996 2372 in
2013 2348 2085 2372 actu
2103 2341 2184 2372 circa
2198 2341 2372 2380 obiectum,
2396 2342 2487 2383 quod

1414 2393 1461 2417 est
1484 2385 1666 2417 excellentia
1689 2385 1826 2427 propria.
1851 2385 1944 2416 Unde
1967 2385 2001 2416 in
2023 2385 2125 2417 littera
2148 2385 2245 2417 etiam
2266 2385 2300 2416 in
2320 2386 2487 2426 superbiae

1414 2438 1544 2472 peccato
1575 2430 1696 2461 aversio
1726 2429 1858 2470 ponitur
1885 2439 1923 2460 ex
1952 2437 2040 2470 parte
2070 2429 2262 2466 aversionis,
2288 2436 2319 2460 et
2347 2429 2380 2460 in
2410 2430 2486 2462 loco

1414 2475 1598 2511 aversionis,
1616 2481 1647 2505 et
1663 2485 1730 2505 non
1753 2473 1971 2505 conversionis
1995 2475 2035 2505 ad
2051 2474 2232 2505 obiectum:
2251 2483 2325 2505 cum
2342 2483 2487 2515 expresse

1414 2520 1530 2551 dicitur
1557 2519 1646 2561 quod
1670 2518 1817 2560 superbia
1841 2529 1878 2549 ex
1902 2525 1988 2559 parte
2013 2518 2229 2550 conversionis
2259 2528 2326 2549 non
2350 2525 2397 2550 est
2419 2528 2486 2550 ma-

1415 2617 1461 2640 est
1484 2608 1678 2645 maximum‚
1703 2608 1780 2649 quia
1802 2617 1860 2638 sua
1883 2607 2006 2638 aversio
2029 2615 2077 2639 est
2104 2617 2141 2639 ex
2164 2608 2268 2648 seipsa
2290 2607 2399 2640 volita.
2429 2607 2489 2640 Di,-

1415 2664 1484 2685 cere
1508 2653 1593 2684 enim
1617 2653 1707 2694 quod
1731 2659 1778 2683 est
1793 2652 1891 2683 volita
1915 2662 1957 2683 ex
1979 2653 2039 2683 hoc
2054 2653 2122 2694 ipso
2145 2652 2231 2694 quod
2246 2662 2310 2683 non
2327 2653 2397 2684 vult
2415 2653 2486 2684 Deo

1387 2721 1389 2737 Ι
1414 2698 1537 2735 subiici,
1563 2705 1594 2729 et
1617 2697 1719 2728 dicere
1743 2697 1833 2739 quod
1857 2703 1904 2727 est
1927 2706 1969 2728 ex
1991 2698 2096 2737 seipsa
2121 2697 2230 2735 volita,
2255 2696 2340 2727 idem
2365 2703 2425 2728 est:
2450 2703 2487 2729 ut

1414 2750 1501 2783 patet
1523 2742 1555 2772 in
1580 2741 1779 2782 praecedenti
1803 2739 1946 2778 articulo,
1971 2741 2026 2772 ubi
2051 2740 2173 2773 dictum
2197 2748 2259 2772 est:
2284 2741 2358 2773 Non
2373 2741 2488 2773 subiici

1414 2788 1485 2818 Deo
1507 2787 1601 2818 habet
1623 2787 1782 2817 rationem
1802 2787 1930 2826 peccati
1947 2786 2114 2817 mortalis:
2135 2785 2195 2816 hoc
2210 2786 2294 2816 enim
2312 2791 2360 2817 est
2381 2783 2487 2818 afferri

1415 2843 1435 2863 a
1458 2832 1538 2906 1-1)ἧο
1549 2876 1583 2906 In
1599 2875 1809 2915 responsione
1825 2875 1865 2905 ad
1882 2874 2024 2926 primum
2039 2874 2182 2906 eiusdem
2200 2874 2332 2911 articuli,
2350 2874 2487 2910 dubium

1415 2930 1452 2951 ex
1475 2920 1623 2956 Martino‚
1640 2919 1759 2950 ibidem
1775 2919 1801 2956 *,
1827 2918 1973 2955 occurrit,
1999 2926 2148 2959 arguente
2174 2926 2284 2950 contra
2303 2918 2384 2950 hanc
2399 2917 2486 2962 aolu-

1416 3019 1482 3039 non
1507 3008 1706 3050 percipiatur,
1723 3008 1802 3039 illud
1822 3007 2006 3048 simpliciter
2030 3007 2156 3039 difficile
2174 3013 2316 3038 cavetur.
2341 3005 2416 3047 quia
2436 3006 2486 3037 ca-'

1414 3053 1479 3084 veri
1510 3063 1576 3084 non
1609 3059 1715 3093 potest
1746 3052 1805 3083 nisi
1830 3051 2092 3093 deprehendatur.
2124 3051 2185 3082 Sed
2213 3050 2360 3092 superbia
2384 3049 2485 3091 magis

1415 3108 1450 3128 ac
1475 3097 1575 3138 magis
1599 3104 1740 3128 mentem
1764 3103 1921 3128 excaecat
1943 3096 2029 3135 Ergo
2052 3094 2203 3136 superbia
2223 3101 2270 3125 est
2292 3094 2331 3125 de
2348 3104 2484 3126 numero

1416 3141 1594 3172 difficilium
1617 3141 1800 3182 simpliciter
1823 3141 1862 3172 ad
1887 3140 2074 3171 cavendum.
2098 3156 2121 3163 -
2143 3138 2250 3170 Minor
2265 3145 2312 3170 est
2328 3139 2484 3180 Gregorii,

1415 3187 1518 3217 XXIV
1542 3187 1665 3217 Moral.
1681 3186 1698 3205 *
1721 3186 1762 3217 Et
1791 3185 1864 3215 ideo
1887 3185 1951 3215 hoc
1979 3183 2099 3214 dictum
2123 3183 2271 3214 Thomae
2303 3193 2369 3214 non
2395 3183 2484 3216 vide-
2511 3192 2522 3202 ·

1415 3237 1466 3262 ιιιι·
1491 3230 1680 3261 Sanctorum
1704 3228 1794 3260 dictis
1819 3237 2009 3259 consonum.

1474 3275 1630 3306 Secundo.
1654 3274 1764 3304 Motus
1786 3271 1951 3313 superbiae
1967 3277 2014 3302 est
2030 3270 2202 3312 unicuique
2219 3271 2482 3303 naturalissimus.

1416 3319 1500 3359 Ergo
1525 3318 1682 3358 superbia
1707 3317 1802 3348 etiam
1826 3315 1969 3355 cognita,
1995 3314 2120 3346 difficile
2145 3322 2280 3347 cavetur.
2305 3333 2325 3340 -
2350 3319 2483 3348 Antece-

1416 3364 1493 3393 dens
1512 3363 1676 3403 probatur.
1700 3360 1785 3398 Quia
1800 3359 2022 3400 unusquisque
2039 3360 2212 3391 naturalius
2229 3359 2350 3391 fertur'
2341 3370 2374 3391 m
2394 3370 2483 3391 amm

1388 3433 1390 3439 ,
1416 3417 1483 3438 rem
1507 3406 1556 3437 sui
1580 3413 1610 3437 et
1633 3404 1779 3446 propriae
1802 3404 2012 3441 excellentiae,
2028 3414 2126 3445 quam
2142 3404 2175 3435 in
2191 3404 2483 3446 concupiscentiam

1416 3451 1466 3481 vel
1490 3450 1656 3491 quodlibet
1679 3448 1776 3479 aliud.

1477 3495 1593 3524 Tertio.
1618 3493 1692 3523 Non
1722 3492 1828 3523 solum
1860 3492 1963 3533 prima
1991 3492 2175 3530 difficultas,
2207 3493 2324 3524 scilicet
2353 3500 2483 3544 propter

1415 3536 1648 3568 vehementiam
1679 3536 1945 3576 impugnationis,
1971 3537 2024 3567 sed
2057 3537 2151 3568 etiam
2183 3536 2334 3573 secunda,
2366 3537 2483 3568 scilicet

1417 3588 1546 3622 propter
1570 3581 1731 3611 latentiam
1754 3581 1830 3616 vitii,
1856 3581 2004 3612 diminuit
2023 3581 2062 3612 de
2078 3581 2227 3621 gravitate
2243 3581 2372 3622 peccati.
2396 3581 2481 3620 Ergo

1417 3625 1576 3656 distinctio
1601 3625 1653 3655 illa
1677 3635 1741 3655 non
1759 3625 1862 3656 solvit.
1882 3643 1903 3649 —
1924 3626 2121 3656 Antecedena
2141 3632 2242 3666 patet:
2269 3625 2343 3667 quia
2359 3631 2480 3666 quanto
