2768 4198
972 276 1242 322 QUAESTIO
1274 277 1431 325 CXLV,
1461 278 1761 316 ARTICULUS
1792 279 1844 316 IV
2436 292 2505 329 149

303 355 464 392 vissimis
483 367 530 392 ac
548 354 790 392 sanctissimis
809 354 954 404 legibus
973 356 1127 392 honesta
1147 362 1268 393 morte
1289 369 1377 405 per·
1404 364 1406 431 μ
1433 357 1501 394 sed
1539 370 1626 406 pars
1665 358 1853 406 integralis
1891 358 2029 407 ipsius,
2060 359 2156 396 sicut
2193 359 2388 408 quaedam
2427 360 2507 396 eius

163 402 176 436 β
292 410 448 458 fungor
467 407 493 445 β.
1404 433 1406 442 ›
1433 411 1612 448 conditio.

62 467 275 523 fiffffffi'sslfiffiij
359 462 433 498 SED
454 473 601 498 CONTRA
621 473 687 498 EST
712 461 817 510 quod
846 461 1067 498 Macrobius
1087 462 1107 484 ’¹‘
1135 463 1376 500 honestatem
1486 466 1545 501 AD
1583 477 1722 502 PRIMUM
1761 477 1860 502 ERGO
1894 478 2080 504 monimum
2113 467 2220 514 quod
2257 466 2507 515 temperantia

302 515 412 564 ponit
439 522 587 564 partem
616 514 903 564 temperantiae.
934 516 1163 553 Ambrosius
1193 517 1318 564 etiam,
1339 517 1377 554 in
1432 518 1587 566 ponitur
1615 531 1702 567 pars
1732 518 1942 557 subiectiva
1961 519 2111 557 honesti
2139 527 2255 569 prout
2280 520 2442 557 sumitur
2469 520 2507 556 in

63 574 225 602 'Cap-mu·
305 569 318 604 I
347 569 394 605 de
417 568 526 617 Offic.
542 567 574 615 *,
603 568 880 618 temperantiae
905 569 1118 617 specialiter
1136 571 1376 608 honestatem
1403 571 1405 627 ξ
1432 584 1501 608 sua
1530 572 1818 609 communitate.
1851 573 1913 610 Sic
1934 581 2062 611 autem
2083 586 2162 610 non
2181 573 2337 622 ponitur
2361 581 2506 622 tempe-

303 622 482 659 attribuit.
1432 625 1575 662 rantiae
1603 638 1704 674 pars.

62 677 171 698 '‘m-²·
357 676 586 712 Responnsso
625 687 812 712 mcENDUM
845 676 970 723 quod,
1002 676 1097 713 sicut
1132 690 1247 726 supra
1270 677 1290 699 '¹‘
1324 677 1377 714 di-
1403 685 1405 724 ξ
1485 681 1544 715 AD
1573 691 1765 716 SECUNDUM
1795 691 1980 717 DICENDUM
2017 680 2121 729 quod
2149 680 2285 717 vinum
2322 680 2360 716 in
2395 680 2506 716 ebriis

303 737 405 766 ctum
436 737 507 776 est,
538 729 719 766 honestas
749 736 805 765 est
835 730 1026 776 quaedam
1066 731 1266 779 spiritualis
1295 732 1377 780 pul·
1402 725 1405 772 Ξ
1420 733 1525 780 facit
1544 733 1774 780 praecordia
1802 734 1957 770 honesta
1986 735 2199 771 secundum
2230 746 2366 771 eorum
2395 746 2507 782 repu-

302 782 488 820 chritudo.
529 783 695 819 Pulchro
726 790 854 819 autem
894 784 1101 832 opponitur
1136 792 1258 833 turpe.
1296 785 1375 833 Op·
1402 779 1404 837 J
1431 786 1638 822 tationem:
1675 787 1764 835 quia
1792 787 1944 824 videtur
1973 787 2026 824 eis
2060 788 2166 836 quod
2201 787 2274 825 sint
2302 787 2432 835 magni
2471 794 2507 824 et

300 836 425 885 posita
445 843 574 873 autern
605 836 771 873 maxime
792 849 832 874 se
852 837 1018 874 invicem
1043 838 1296 875 manifestant.
1328 839 1377 875 Et
1402 839 1404 882 ξ
1430 840 1657 877 honorandi.

301 890 389 927 ideo
419 890 469 927 ad
497 890 792 939 temperantiam
822 890 1033 939 specialiter
1060 892 1241 928 honestas
1260 892 1373 940 perti·
1402 887 1404 932 J
1484 895 1543 930 An
1557 905 1719 930 TERT1UM
1735 905 1923 943 memnon
1941 894 2047 941 quod
2066 894 2228 931 iustitiae
2244 902 2281 931 et
2299 894 2507 931 fortitudini

301 955 393 980 nere
421 943 586 990 videtur,
617 956 715 993 quae
743 944 783 981 id
811 945 919 992 quod
948 953 1005 981 est
1032 945 1179 982 homini
1208 945 1377 994 turpissi-
1402 939 1403 984 Ϊ
1431 947 1593 983 debetur
1618 946 1744 982 maior
1762 947 1887 983 honor
1916 959 2035 994 quam
2055 948 2330 996 temperantiae
2350 955 2507 997 propter

302 1009 411 1034 mum
434 1005 470 1034 et
488 997 842 1034 indecentissimum
864 998 1020 1047 repellit,
1042 998 1183 1035 scilicet
1210 999 1376 1035 brutales
1402 985 1403 1056 Ι
1431 999 1587 1036 maioris
1603 999 1696 1036 boni
1716 999 1988 1037 excellentiam.
2011 1001 2087 1038 Sed
2102 1002 2373 1050 temperantiae
2391 1002 2505 1038 debe-

299 1052 529 1100 voluptates.
560 1051 672 1088 Unde
693 1059 729 1088 et
749 1051 786 1088 in
806 1051 889 1099 ipso
920 1052 1076 1088 nomine
1101 1052 1375 1100 temperantiae
1402 1059 1403 1084 l
1429 1060 1490 1089 tur
1523 1052 1647 1089 maior
1679 1053 1805 1089 honor
1833 1061 1989 1102 propter
2019 1054 2292 1091 cohibitionem
2324 1055 2504 1092 vitiorum

300 1105 469 1141 maxime
497 1104 713 1153 intelligitur
731 1105 880 1142 bonum
901 1105 1068 1152 rationis,
1089 1105 1197 1142 cuius
1217 1113 1273 1142 est
1293 1117 1376 1142 mo·
1402 1085 1403 1145 l
1430 1105 1551 1153 magis
1572 1106 1908 1154 exprobrabilium‚
1929 1114 1971 1143 ut
2001 1119 2045 1143 ex
2066 1107 2173 1144 dictis
2192 1107 2212 1129 ’¹‘
2239 1116 2353 1157 patet.
2384 1109 2433 1145 Et
2452 1108 2505 1145 sic
2533 1119 2543 1128 ·
2556 1118 2581 1140 1n
2597 1124 2702 1146 corpore-

301 1158 424 1196 derari
454 1165 490 1195 et
517 1164 729 1207 temperare
758 1158 1086 1207 concupiscentias
1120 1171 1273 1207 pravas.
1314 1158 1376 1195 Sic
1402 1149 1403 1207 l
1430 1159 1612 1195 honestas
1648 1159 1769 1206 magis
1803 1159 2016 1196 attribuitur
2043 1161 2340 1209 temperantiae:
2370 1173 2503 1198 secun-

299 1211 409 1260 igitur
445 1212 648 1258 honestas,
683 1219 798 1260 prout
836 1211 990 1261 speciali
1023 1211 1193 1260 quadam
1230 1211 1375 1248 ratione
1401 1241 1403 1269 l
1431 1212 1525 1249 dum
1556 1213 1726 1260 regulam
1754 1213 1978 1261 Apostoli,I
2008 1214 2060 1250 ad
2090 1215 2177 1251 Cor.
2199 1214 2297 1261 X11³¹‘‚
2319 1215 2426 1262 quod
2450 1216 2505 1252 in·
2532 1228 2666 1257 ·Vers.23.

299 1264 575 1314 temperantiae
610 1265 839 1312 attribuitur,
869 1265 1025 1314 ponitur
1059 1277 1148 1314 pars
1187 1265 1267 1301 eius
1296 1277 1376 1302 non
1401 1275 1403 1322 J
1429 1266 1584 1302 honesta
1612 1271 1741 1302 nostra
1770 1266 1955 1303 maiorem
1984 1268 2123 1304 habent
2148 1269 2388 1314 honestatem,
2410 1268 2505 1305 scili-

259 1339 268 1360 ,ν
296 1317 456 1367 quidem
497 1318 728 1366 subiectiva‚
769 1319 832 1355 vel
875 1318 972 1355 sicut
1012 1318 1133 1355 virtus
1173 1319 1373 1366 adiuncta,
1401 1326 1403 1366 ξ
1431 1326 1489 1355 cet
1518 1328 1782 1356 removentem
1812 1320 1918 1369 quod
1950 1320 2196 1358 inhonestum
2226 1329 2293 1358 est.

354 1451 380 1485 β)
394 1452 559 1486 perfungor.
572 1465 592 1471 -
605 1453 762 1485 peffungar
781 1452 822 1477 ΡΙ.
