2768 4198
60 883 69 928 i
85 880 179 928 fitodqu.
195 885 272 906 cxciv,

71 914 84 928 Π
142 922 146 927 .

312 271 382 316 146

990 267 1259 314 QUAESTIO
1291 267 1447 314 CXLV,
1477 268 1776 306 ARTICULUS
1808 270 1819 305 I

449 527 863 608 QUAESTIO
904 525 2365 606 CENTESIMAQUADRAGESLMAQUINTA

1151 647 1235 687 DE
1269 646 1649 688 HONESTATE

1039 760 1077 785 IN
1115 759 1316 790 QUATUOR
1350 759 1591 785 ARTICULOS
1632 760 1772 785 DIVISA

386 878 492 904 ΕιΝοΕ
527 865 852 902 considerandum
889 871 946 900 est
981 863 1029 900 de
1063 864 1263 900 honestate
1282 863 1314 900 ²¹⁵.

304 879 433 961 DEt
462 919 560 956 circa
589 920 664 956 hoc
692 925 927 967 quaeruntur
955 924 1132 966 quatuor.

355 974 505 1011 Primo:
536 973 736 1021 quomodo
765 972 973 1009 honestum
1000 983 1040 1007 se
1066 971 1206 1007 habeat
1233 970 1282 1008 ad
1301 970 1376 1008 vir-

407 1036 537 1064 tutem.

1487 863 1691 900 Secundo:
1723 863 1924 912 quomodo
1950 875 1989 901 se
2018 864 2161 902 habeat
2185 867 2235 903 ad
2261 866 2455 905 decorem.

1487 916 1655 1007 Tertitgffl
1678 917 1882 966 quomodo
1911 929 1951 955 se
1979 917 2121 955 habeat
2149 918 2198 956 ad
2226 920 2316 958 utile
2346 929 2397 958 et«
2411 922 2511 959 dele-

1542 978 1601 1008 cta
1630 983 1691 1008 1e.

1488 1024 1654 1071 Quarto:
1684 1032 1814 1061 utrum
1834 1025 2016 1062 honestas
2040 1024 2087 1062 sit
2113 1037 2202 1074 pars
2221 1028 2510 1076 temperantiae.

1129 1143 1451 1187 ARTICULUS
1483 1143 1691 1186 PRIMUS

975 1239 1132 1270 UTRUM
1157 1238 1402 1270 HONESTUM
1426 1237 1494 1270 s1T
1524 1238 1631 1269 1DEM
1655 1238 1837 1270 leTUT1

333 1355 395 1398 lfa-⁴³?
417 1358 491 1408 μᾷ(
514 1351 537 1377 1>
566 1350 705 1376 PRIMUM
734 1350 788 1375 sm
814 1349 1056 1375 PROCEmTUR.
1086 1337 1247 1375 Videtur
1271 1337 1376 1386 quod

326 1383 495 1456 &³53⁴
515 1394 722 1431 honesturn
762 1404 841 1429 non
875 1391 921 1429 sit
956 1391 1059 1429 idern
1092 1390 1233 1429 virtuti.
1277 1391 1378 1428 Dicit

59 1454 273 1508 lssffqfflfffggj
318 1449 357 1507 ἰγ
380 1464 435 1483 v>
457 1438 485 1490 ᾗ
499 1445 619 1484 enirn
642 1445 804 1494 Tullius⁷
828 1446 867 1483 in
890 1458 958 1482 sua
978 1446 1187 1482 Rhetorica
1206 1444 1237 1493 *,
1259 1445 1378 1482 hone-

58 1515 71 1530 L
227 1526 234 1529 ,

58 1665 143 1715 §.citt
157 1671 273 1713 ¹1{·01¹.¹·2³.‘v5

60 1780 67 1788 ⁸
79 1777 178 1808 Etymol.
191 1777 230 1798 lib.
243 1776 271 1798 X.

57 1805 85 1826 ad
101 1806 132 1826 lit.
149 1804 178 1825 H.

58 1937 67 1946 ⁹
78 1935 109 1956 Ca
129 1950 134 1955 .
147 1941 185 1959 xii,
197 1940 220 1955 n.
231 1934 270 1955 6.-

58 1941 133 1983 srrss.
144 1962 270 1982 leenxvni.

59 2151 67 2159 ⁸
76 2149 132 2197 Cap
141 2155 191 2173 κιιι,
202 2154 223 2169 n.
234 2153 271 2168 11.-

58 2176 82 2198 S.
121 2175 142 2196 h.
158 2176 209 2196 lect.
220 2180 271 2196 xni.

60 2262 69 2270 ·
85 2260 151 2281 Vers.
166 2266 205 2286 40.

360 1477 458 1535 (ἓὲῷ)
473 1494 615 1539 &stum
637 1512 719 1537 esse
740 1499 842 1549 quod
854 1505 1012 1550 propter
1029 1511 1070 1536 se
1082 1499 1225 1548 petitur
1245 1504 1273 1536 α.
1294 1498 1378 1536 Vir-

301 1562 360 1591 tus
380 1562 508 1592 autem
538 1567 616 1592 non
645 1554 785 1604 petitur
812 1561 970 1603 propter
988 1553 1167 1602 seipsam,
1194 1553 1262 1590 sed
1291 1565 1378 1601 pro-

301 1616 384 1658 pter
426 1608 663 1646 felicitatem:
708 1607 795 1645 dicit
838 1608 942 1644 enim
984 1606 1255 1656 Philosophus,
1295 1606 1333 1643 in
1363 1607 1376 1642 1

302 1663 420 1699 Ethic.
447 1661 487 1710 ⁸⁸,
519 1662 624 1711 quod
654 1661 810 1698 felicitas
841 1668 896 1698 est
922 1661 1141 1710 praemium
1170 1660 1317 1697 virtutis
1344 1665 1380 1697 et
1405 1659 1407 1669 '

290 1716 397 1764 finis.
429 1716 531 1764 Ergo
561 1717 768 1752 honestum
798 1727 877 1751 non
906 1722 962 1751 est
989 1714 1093 1752 idem
1121 1713 1263 1751 virtuti.

357 1781 391 1806 2.
418 1770 653 1815 PRAETEREA,
679 1768 894 1805 secundum
925 1767 1114 1805 Isidorum
1134 1767 1166 1814 ²⁸,
1196 1768 1378 1804 honestas

301 1823 437 1860 dicitur
465 1823 575 1871 quasi
600 1822 755 1859 honoris
782 1827 910 1858 status.
943 1822 1019 1858 Sed
1050 1821 1178 1859 multis
1203 1820 1283 1857 aliis
1313 1820 1377 1857 de-

302 1878 410 1913 betur
443 1877 568 1913 honor
606 1888 723 1923 quarn
758 1875 906 1912 virtuti:
946 1887 1035 1911 nam
1066 1874 1196 1911 virtuti
1221 1870 1407 1923 proprie¹

300 1931 454 1967 debetur
482 1930 576 1976 laus,
605 1937 647 1966 ut
676 1929 812 1966 dicitur
841 1928 879 1965 in
902 1930 914 1965 1
935 1928 1056 1965 Ethic.
1077 1927 1097 1950 ’¹‘
1126 1929 1229 1976 Ergo
1258 1928 1378 1964 hone·
1406 1968 1408 1983 ,

301 1991 375 2021 stas
406 1996 484 2021 non
514 1991 569 2020 est
598 1983 701 2020 idem
730 1982 870 2020 virtuti.

301 2091 430 2128 teriori
464 2092 661 2137 electione,
700 2098 741 2127 ut
779 2090 1038 2139 Philosophus
1077 2089 1186 2137 dicit,
1225 2089 1263 2126 in
1290 2089 1378 2126 VIII

300 2146 420 2183 Ethic.
436 2145 456 2167 '¹‘
476 2146 669 2182 Honestas
689 2152 817 2181 autem
838 2144 959 2192 magis
979 2143 1132 2180 videtur
1151 2143 1200 2180 ad
1220 2141 1380 2180 exterio-

303 2212 385 2237 rem
407 2198 742 2236 conversationem
770 2197 980 2247 pertinere:
1010 2197 1225 2234 secundum
1252 2196 1379 2234 illudl

302 2254 354 2291 ad
372 2254 459 2290 Cor.
476 2265 537 2290 xw
551 2252 588 2289 *ε
616 2252 752 2290 Omnia
767 2253 919 2288 honeste
933 2256 969 2288 et
985 2251 1192 2288 secundum
1208 2250 1380 2287 ordinem

302 2309 398 2349 fiant
415 2307 452 2344 in
473 2307 589 2344 vobis.
618 2307 720 2354 Ergo
741 2306 922 2342 honestas
943 2317 1020 2342 non
1042 2313 1098 2342 est
1117 2304 1220 2342 idem
1239 2303 1380 2342 virtuti.

357 2373 394 2408 4.
424 2362 670 2406 PRAETEREA,
701 2360 882 2396 honestas
916 2358 1070 2396 videtur
1107 2358 1314 2396 consistere
1344 2357 1382 2395 in

305 2414 553 2452 exterioribus
583 2413 743 2450 divitiis:
783 2413 997 2450 secundum
1028 2412 1120 2450 illud
1148 2412 1264 2449 Eccli.
1285 2411 1380 2449 x1*:

304 2470 415 2506 Bona
435 2474 471 2505 et
488 2468 603 2513 mala,
624 2468 701 2504 vita
722 2473 757 2504 et
775 2479 879 2504 mors
899 2465 925 2513 β,
958 2472 1117 2515 utraque
1135 2478 1159 2503 a
1180 2467 1262 2502 Deo
1282 2471 1380 2503 sunt.

305 2522 381 2560 Sed
417 2522 453 2559 in
484 2521 731 2559 exterioribus
762 2520 899 2558 divitiis
938 2532 1017 2557 non
1052 2519 1220 2557 consistit
1248 2519 1380 2557 virtus.

306 2577 407 2624 Ergo
437 2577 618 2612 honestas
648 2587 725 2612 non
757 2582 813 2611 est
842 2574 947 2611 idem
975 2573 1114 2611 virtuti.

359 2631 434 2666 SED
463 2641 611 2667 CONTRA
640 2641 706 2666 asT
735 2629 841 2677 quod
870 2627 1032 2676 Tullius,
1062 2628 1098 2665 in
1130 2628 1210 2664 Ide
1233 2627 1342 2676 Offic.
1363 2627 1383 2649 *

305 2691 341 2720 et
374 2684 411 2720 in
443 2685 472 2720 II
498 2684 607 2721 Rhet.
633 2682 670 2729 ²¹²,
702 2682 835 2720 dividit
858 2687 874 2710 Υ
903 2683 1110 2719 honesturn
1147 2681 1183 2718 in
1218 2689 1384 2730 quatuor

303 2738 461 2776 virtutes
481 2737 718 2786 principales,
743 2736 781 2773 in
801 2748 896 2785 quas
918 2735 1029 2773 etiam
1051 2734 1232 2773 dividitur
1250 2734 1381 2772 virtus.
1410 2760 1412 2772 ι

306 2794 407 2840 Ergo
437 2792 644 2828 honestum
674 2798 730 2827 est
759 2790 861 2827 idem
889 2789 1029 2827 virtuti.

68 3222 148 3244 ‘Text
159 3220 278 3246 xvuffldit.

67 3249 142 3271 anl
159 3249 218 3276 1879,
229 3253 278 3274 cap.

67 3282 101 3299 ιιι.
108 3281 195 3297 recens.
204 3280 281 3295 secun·

67 3301 279 3327 dat-sujecta.

359 2847 587 2882 RESPONDEO
607 2856 793 2881 monimum
815 2844 933 2892 quod,
951 2843 1046 2880 sicut
1067 2843 1235 2880 Isidorus
1251 2841 1341 2879 dicit
1350 2841 1382 2890 ²¹⁸,

305 2900 485 2936 honestas
506 2898 640 2936 dicitur
660 2898 770 2947 quasi
785 2898 939 2934 honoris
953 2902 1081 2934 status.
1111 2896 1223 2935 Unde
1245 2908 1289 2933 ex
1309 2896 1384 2933 hoc

304 2953 457 2991 videtur
485 2952 627 3001 aliquid
657 2951 729 2989 dici
758 2952 982 2997 honestum,
1012 2950 1120 3000 quod
1149 2959 1205 2988 est
1232 2950 1382 2987 honore
1410 2983 1412 2997 ‚

144 3019 277 3061 ²¹¹¹'2‘'.²2{
308 3007 478 3055 dignum.
518 3007 657 3043 Honor
690 3013 843 3052 autem,
874 3013 914 3042 ut
949 3017 1065 3054 supra
1084 3004 1104 3026 '¹‘
1133 3004 1277 3042 dictum
1307 3011 1382 3050 est,

308 3060 550 3099 excellentiae
580 3060 751 3098 debetur.
793 3058 1026 3096 Excellentia
1054 3066 1182 3095 autem
1216 3057 1384 3094 hominis
1410 3079 1411 3085 κ

308 3114 475 3152 maxime
505 3113 767 3151 consideratur
795 3112 1010 3150 secundum
1033 3112 1236 3149 virtutem:
1266 3109 1384 3161 quia‘⁵
1410 3127 1411 3130 ¹

309 3176 365 3206 est
392 3167 580 3217 dispositio
611 3167 774 3216 perfecti
801 3167 853 3203 ad
879 3166 1083 3215 optimum,
1113 3173 1154 3202 ut
1182 3164 1318 3203 dicitur
1345 3165 1384 3202 in

308 3222 375 3259 VII
397 3221 587 3270 Physic..*
617 3221 665 3258 Et
683 3220 770 3258 ideo
791 3221 1010 3267 honestum,
1041 3218 1194 3268 proprie
1224 3219 1383 3268 loquen-

311 3275 374 3321 do,
405 3276 440 3312 in
472 3275 573 3312 idem
605 3274 762 3311 refertur
790 3286 878 3310 curn
908 3274 1059 3311 virtute.

364 3331 422 3365 Αι)
453 3340 589 3366 PRIMUM
619 3339 717 3365 ERGO
739 3339 925 3365 DICENDUM
945 3327 1064 3375 quod,
1086 3326 1182 3363 sicut
1212 3325 1384 3363 Philoso-

364 3461 392 3492 α)
408 3460 522 3492 petitur.
536 3474 551 3478 —
571 3460 708 3492 appetitur
727 3459 760 3489 1>;
781 3460 814 3484 ita
833 3461 920 3484 statim
940 3460 1005 3484 Psc.

366 3495 391 3529 β)
413 3503 493 3520 mors.
506 3509 526 3514 -
540 3499 690 3527 paupertas
709 3498 735 3519 et
755 3493 793 3528 (et
811 3503 866 3520 om.
886 3496 927 3529 D.)
948 3495 1074 3520 honestas
1093 3495 1192 3521 addunt
1211 3494 1264 3520 PD.

363 3532 390 3566 γ)
410 3531 482 3564 quod
510 3530 637 3556 Tullius...
662 3530 768 3555 dividit.
787 3544 806 3549 -
830 3531 897 3555 illud
922 3531 994 3563 quod
1022 3530 1124 3556 Tullius
1149 3530 1240 3556 dicit...
1265 3529 1389 3555 dlvidens

357 3574 375 3592 a

365 3585 390 3636 δ’)
410 3602 481 3636 quia.
495 3615 514 3621 -
532 3608 600 3635 quae
619 3600 692 3627 PGa.
705 3614 724 3620 -
741 3600 779 3625 ad
797 3601 927 3633 optimum
946 3609 1000 3626 om.
1021 3601 1075 3627 PG.

1432 1339 1531 1386 phus
1562 1336 1661 1384 dicit⁷
1691 1336 1730 1374 in
1760 1337 1917 1374 IEthic.
1937 1335 1970 1385 ²¹⁸,
2001 1348 2136 1374 eorum
2166 1349 2267 1387 quae
2294 1344 2452 1386 propter
2470 1349 2511 1375 se

1433 1398 1681 1439 appetuntur,
1712 1391 1906 1439 quaedam
1936 1397 2169 1440 appetuntur
2197 1390 2324 1429 solum
2353 1398 2513 1441 propter

1434 1456 1486 1492 se,
1509 1452 1545 1481 et
1564 1456 1764 1493 nunquam
1784 1451 1942 1494 propter
1960 1444 2084 1482 aliud:
2109 1443 2205 1482 sicut
2223 1443 2389 1491 felicitas,
2411 1456 2512 1494 quae

1405 1537 1407 1552 ἰ
1435 1506 1490 1534 est
1522 1498 1678 1535 ultimus
1713 1497 1811 1535 finis.
1852 1497 2058 1545 Quaedam
2086 1509 2182 1536 vero
2217 1505 2449 1548 appetuntur
2477 1505 2514 1537 et

1405 1553 1407 1599 ζ
1433 1559 1591 1601 propter
1610 1564 1662 1599 se,
1693 1551 1921 1601 inquantum
1949 1551 2094 1589 habent
2121 1551 2159 1589 in
2179 1551 2314 1603 seipsis
2342 1551 2512 1600 aliquam

1435 1605 1624 1643 rationem
1655 1605 1848 1653 bonitatis,
1879 1605 1994 1643 etiarn
2019 1605 2050 1642 si
2079 1605 2171 1643 nihil
2191 1606 2294 1644 aliud
2323 1605 2416 1643 boni
2443 1617 2514 1656 per

1434 1671 1479 1696 ea
1499 1659 1611 1696 nobis
1630 1658 1838 1696 accideret:
1869 1666 1906 1696 et
1924 1666 2054 1696 tamen
2073 1667 2161 1697 sunt
2179 1658 2398 1709 appetibilia
2422 1671 2512 1710 pro-

1405 1747 1407 1752 .
1434 1719 1518 1762 pter
1546 1713 1666 1760 aliud,
1697 1713 1925 1762 inquantum
1955 1712 2097 1750 scilicet
2130 1713 2347 1762 perducunt
2374 1725 2446 1750 nos
2474 1713 2513 1751 in

1434 1766 1591 1815 aliquod
1617 1767 1765 1804 bonum
1794 1765 2010 1815 perfectius.
2041 1767 2091 1804 Et
2117 1766 2194 1804 hoc
2213 1766 2334 1804 modo
2353 1766 2514 1804 virtutes

1435 1827 1523 1856 sunt
1542 1827 1699 1868 propter
1718 1831 1759 1856 se
1779 1820 2020 1868 appetendae
2039 1824 2064 1857 ⁸.
2094 1820 2208 1858 Unde
2231 1820 2381 1858 Tullius
2411 1820 2512 1868 dicit,

1435 1872 1473 1909 in
1504 1873 1535 1909 11
1555 1874 1664 1910 Rhet.
1685 1872 1717 1919 ³⁸,
1748 1873 1855 1921 quod
1884 1873 2064 1921 quiddam
2084 1878 2140 1910 est
2164 1874 2268 1922 quod
2291 1885 2363 1911 sua
2380 1874 2423 1911 vi
2444 1885 2514 1911 nos

1434 1926 1561 1973 allicit,
1591 1932 1628 1963 et
1652 1938 1723 1963 sua
1751 1926 1935 1977 dignitate
1962 1926 2092 1972 trahit,
2123 1933 2163 1963 ut
2189 1926 2329 1974 virtus,
2357 1926 2513 1976 veritas,

1435 1980 1602 2017 scientia.
1634 1980 1683 2016 Et
1710 1980 1787 2017 hoc
1815 1979 1955 2017 sufficit
1982 1979 2032 2017 ad
2060 1979 2250 2017 rationem
2277 1979 2441 2018 honesti.

356 2038 390 2074 3.
422 2038 656 2084 PRAETEREA,
672 2036 887 2086 principale
905 2036 1052 2073 virtutis
1075 2035 1240 2073 consistit
1265 2035 1302 2072 in
1324 2035 1378 2071 in·
1406 2025 1408 2064 5

1488 2036 1549 2071 At>
1578 2045 1771 2072 SECUNDUM
1799 2044 1985 2071 niceunum
2015 2033 2121 2082 quod
2151 2045 2287 2071 eorum
2316 2045 2417 2084 quae
2445 2034 2515 2071 ho-

1435 2095 1619 2125 notantur
1647 2095 1799 2137 praeter
1825 2087 2019 2134 virtutem,
2049 2086 2195 2137 aliquid
2214 2095 2271 2125 est
2291 2087 2432 2125 virtute
2453 2099 2516 2125 ex-

1437 2141 1652 2179 cellentius:
1683 2141 1825 2178 scilicet
1852 2142 1960 2178 Deus
1989 2147 2025 2178 et
2054 2140 2264 2179 beatitudo.
2309 2141 2359 2178 Et
2386 2140 2516 2179 huius-

1437 2195 1545 2232 modi
1574 2207 1653 2232 non
1676 2203 1762 2232 sunt
1791 2194 1840 2232 ita
1860 2193 1873 2217 ²
1901 2195 2013 2232 nobis
2042 2207 2112 2245 per
2131 2194 2404 2245 experientiam
2424 2202 2517 2233 nota

1437 2249 1533 2286 sicut
1550 2249 1722 2295 virtutes,
1744 2248 1959 2286 secundum
1979 2261 2076 2297 quas
2101 2248 2273 2297 quotidie
2293 2260 2515 2298 operamur.

1438 2303 1488 2340 Et
1506 2303 1595 2340 ideo
1614 2302 1736 2340 virtus
1757 2301 1878 2350 magis
1898 2302 1969 2339 sibi
1987 2302 2158 2340 vindicat
2177 2314 2323 2340 nomen
2350 2302 2516 2344 honesti.

1436 2356 1562 2394 -Alia
1587 2369 1695 2403 vero,
1725 2368 1826 2405 quae
1854 2363 1942 2393 sunt
1970 2355 2067 2393 infra
2094 2356 2290 2404 virtutem,
2320 2357 2516 2394 honoran-

1408 2442 1410 2448 Α
1437 2419 1498 2448 tur
1525 2410 1752 2460 inquantum
1777 2409 2012 2447 coadiuvant
2039 2409 2089 2447 ad
2119 2409 2386 2459 operationem
2403 2415 2421 2438 η
2441 2410 2516 2447 vir-

1437 2464 1541 2502 tutis:
1559 2464 1656 2501 sicut
1675 2463 1863 2511 nobilitas,
1884 2463 2055 2513 potentia
2075 2471 2111 2500 et
2131 2463 2285 2501 divitiae
2293 2463 2325 2501 ²¹⁸.
2342 2463 2392 2501 Ut
2412 2463 2516 2501 enirn

1437 2518 1696 2567 Philosophus
1725 2517 1830 2564 dicit,
1861 2517 1899 2554 in
1930 2517 1981 2554 1v
1998 2517 2120 2554 Ethic.
2140 2516 2180 2564 ²¹¹,
2211 2516 2433 2555 huiusmodi
2451 2518 2518 2555 ho-

1437 2577 1626 2610 norantur
1644 2583 1668 2608 a
1689 2571 1936 2620 quibusdam:
1973 2571 2041 2608 sed
2071 2571 2278 2608 secundum
2306 2571 2516 2618 veritatem,

1435 2626 1538 2664 solus
1557 2626 1678 2663 bonus
1697 2630 1751 2662 est
1767 2625 2025 2662 honorandus.
2058 2625 2189 2662 Bonus
2209 2632 2338 2662 autem
2368 2632 2426 2662 est
2453 2623 2519 2662 ali-

1438 2679 1523 2730 quis
1543 2678 1759 2717 secundum
1779 2678 1972 2716 virtutem.
2003 2679 2053 2715 Et
2082 2678 2169 2716 ideo
2197 2678 2327 2716 virtuti
2356 2677 2516 2727 quidem

1438 2734 1600 2772 debetur
1618 2733 1713 2779 laus,
1734 2734 1947 2770 secundum
1971 2731 2078 2781 quod
2108 2740 2164 2769 est
2187 2731 2400 2781 appetibilis
2429 2743 2518 2781 pro-

1437 2795 1522 2838 pter
1555 2787 1680 2825 aliud:
1711 2787 1838 2824 honor
1875 2794 2026 2833 autem,
2062 2794 2177 2835 prout
2213 2794 2269 2823 est
2303 2785 2518 2835 appetibilis

1437 2849 1594 2892 propter
1623 2841 1789 2890 seipsam
1817 2837 1843 2877 θ.
1884 2841 1932 2877 Et
1961 2840 2175 2878 secundum
2205 2840 2281 2877 hoc
2314 2839 2432 2876 habet
2459 2851 2516 2876 ra-

1437 2895 1583 2933 tionem
1613 2894 1776 2932 honesti.

1491 2951 1551 2986 An
1570 2960 1732 2986 marium
1752 2959 1938 2985 morannum
1959 2948 2078 2996 quod,
2108 2946 2205 2984 sicut
2233 2946 2377 2984 dictum
2407 2953 2464 2983 est
2484 2946 2516 2992 *‚

1438 3004 1646 3041 honestum
1676 3002 1857 3051 importat
1886 3001 2059 3039 debitum
2088 2999 2258 3038 honoris.
2289 2999 2427 3037 Honor
2451 3011 2516 3037 au-

1438 3065 1517 3094 tem
1548 3064 1603 3094 est
1632 3055 1857 3093 contestatio
1891 3053 2085 3105 quaedar'n
2122 3053 2170 3091 de
2200 3052 2419 3091 excellentia
2453 3053 2518 3090 ali-

1439 3111 1557 3158 cuius,
1578 3118 1620 3147 ut
1639 3121 1755 3159 supra
1773 3108 1793 3131 '⁸‘
1820 3108 1964 3147 dictum
1986 3115 2052 3146 est.
2083 3106 2367 3145 Testimonium
2387 3113 2516 3144 autem

1440 3177 1519 3202 non
1539 3164 1730 3214 profertur
1743 3168 1751 3184 ‘
1773 3162 1844 3200 nisi
1864 3162 1911 3200 de
1932 3162 2045 3199 rebus
2065 3160 2176 3199 notis.
2207 3159 2368 3198 Interior
2386 3167 2516 3198 autem

1439 3217 1574 3255 electio
1605 3229 1684 3255 non
1714 3215 1915 3254 innotescit
1942 3213 2091 3253 homini
2118 3213 2189 3252 nisi
2217 3226 2286 3263 per
2313 3214 2518 3252 exteriores

1439 3280 1556 3309 actus.
1598 3272 1647 3308 Et
1674 3270 1761 3308 ideo
1792 3269 1955 3307 exterior
1983 3267 2225 3306 conversatio
2262 3268 2378 3305 habet
2405 3267 2518 3306 ratio—

1440 3338 1531 3363 nem
1560 3323 1712 3362 honesti
1751 3322 1966 3360 secundum
1994 3321 2101 3370 quod
2131 3329 2187 3359 est
2215 3321 2518 3359 demonstrativa

1499 3458 1521 3489 ε)
1541 3456 1747 3489 appetendam·
1764 3455 1929 3488 appetitiva
1947 3455 2139 3486 ABCEFHKL,
2153 3456 2310 3489 appetibiles
2329 3456 2351 3481 D
2357 3464 2364 3487 ς
2385 3456 2426 3482 vel
2437 3462 2518 3489 appe-

1443 3493 1540 3518 tendas
1560 3499 1652 3524 margo
1666 3491 1697 3517 D.

1497 3527 1523 3560 ζ)
1543 3527 1622 3553 ita.-
1639 3527 1701 3552 Om.
1722 3526 1750 3551 Ρ.

1496 3563 1523 3596 η)
1543 3562 1767 3595 operationem.-
1784 3569 1867 3595 opera
1887 3562 1958 3587 PGa.

1496 3596 1521 3631 Θ)
1539 3599 1664 3631 seipsam.
1678 3612 1696 3618 —·
1715 3598 1830 3631 seipsum
1851 3598 1973 3623 PDGHa.

1496 3635 1515 3667 ι)
1531 3635 1685 3668 profertur.
1697 3647 1716 3654 —
1730 3635 1890 3667 praefertur
1908 3634 2031 3659 ABFl-IL.

2540 1348 2551 1390 1
2558 1346 2754 1397 ἓῗῑέιὝὴὲἰΫὲᾁ

2541 1883 2618 1933 Llpii.
2639 1883 2689 1911 eit..
2703 1889 2755 1912 etp.

2643 2414 2660 2438 η

2546 2475 2555 2484 ·
2566 2473 2604 2496 et.
2618 2473 2716 2496 Art-tot.
2725 2473 2758 2496 13-

2544 2500 2758 2555 mittite-..Issa

2543 2554 2596 2576 led.
2607 2559 2658 2577 xm.

2543 2580 2759 2631 :eva-raa

2546 2949 2716 2978 Ἰηοοι-ροη.

2546 3114 2759 3144 'Quanam-‚²
