2768 4198
85 1245 124 1301 ila.
137 1277 154 1299 ι,
164 1271 269 1303 eoneluu.
277 1277 299 1300 3.

86 1905 97 1916 ¹·
109 1903 178 1932 Μαι,
191 1909 257 1927 nam.
272 1910 298 1928 ιι.

89 3154 164 3183 ⁸0⁸1).
173 3161 232 3183 xvu,
239 3155 268 3177 al.
275 3161 299 3184 x,

86 3181 111 3205 in
125 3184 170 3204 vet.
185 3187 232 3204 m.

88 3431 175 3463 etp.
196 3437 251 3459 vm,
271 3431 300 3453 al.

87 3464 120 3486 π,
135 3458 216 3481 iavet.
231 3447 273 3480 x'n.

994 299 1262 346 QUAESTIO
1293 300 1446 347 CLXII,
1477 299 1774 337 ARTICULUS
1804 300 1853 336 Ill
2444 300 2517 336 315

325 379 429 427 gredi
456 387 704 427 praeceptum
734 378 806 415 Dei
830 378 965 415 dicitur
994 390 1075 415 esse
1106 386 1236 415 contra
1264 380 1392 415 Deum
1420 378 1421 411 l
1449 387 1527 416 tem
1557 379 1752 416 abutendo
1781 379 1864 427 ipsa
1891 378 2041 415 virtute.
2073 378 2122 414 Et
2150 378 2202 415 sic
2231 378 2409 427 superbia
2438 391 2520 415 cor-

325 431 542 481 superbire,
572 431 784 468 secundum
815 431 995 468 effectum
1030 432 1187 480 quidem
1222 439 1422 483 semper,
1450 432 1590 491 rumpit
1610 432 1819 481 quamlibet
1836 431 2037 469 virtutem:
2067 431 2292 490 inquantum
2318 431 2456 468 scilicet
2476 444 2520 468 ex

325 497 404 522 non
433 492 560 521 autem
591 496 744 532 semper
770 484 985 521 secundum
1015 484 1208 522 affectum.
1420 505 1422 520 ;
1450 485 1540 545 ipsis
1577 485 1777 522 virtutibus
1814 485 1930 522 sumit
1965 484 2210 522 occasionem
2254 485 2519 533 superbiendi,

378 540 437 574 AD
465 549 626 575 ’reanum
655 549 841 575 mcannum
871 538 976 586 quod
1008 546 1210 586 peccatum
1239 522 1422 586 aliquod
1450 539 1544 575 sicut
1574 546 1609 575 et
1638 538 1868 587 quibuslibet
1906 538 1986 575 aliis
2024 539 2138 575 rebus
2171 538 2219 575 ad
2258 538 2519 575 excellentiam

324 598 451 639 potest
465 602 710 639 corrumpere
729 591 909 627 virtutem
927 591 1136 639 dupliciter.
1158 592 1245 629 Uno
1261 593 1393 638 modo,
1421 587 1423 626 ἓ
1449 592 1737 640 pertinentibus.
1767 592 1879 629 Unde
1900 604 1978 629 non
2008 592 2180 639 sequitur
2198 592 2305 640 quod
2334 591 2380 628 sit
2407 603 2520 639 gene-

324 655 394 692 per
421 643 602 681 directam
623 644 929 681 contrarietatem
957 645 1006 682 ad
1024 645 1214 682 virtutem.
1245 645 1293 681 Et
1321 646 1396 681 hoc
1421 659 1423 696 3
1451 646 1527 681 rale
1556 653 1770 693 peccatum.

326 696 446 733 modo
476 697 655 745 superbia
690 709 769 734 non
798 698 1009 747 corrumpit
1040 698 1251 747 quamlibet
1277 698 1395 735 virtu-
1421 697 1423 731 ἕ
1503 699 1562 734 Ar>
1597 710 1771 741 QUARTUM
1804 710 1988 735 montinum
2022 698 2128 747 quod
2157 697 2336 747 superbia
2364 697 2521 734 attendit

326 756 423 796 tem,
453 750 521 787 sed
550 751 672 787 solam
710 751 980 788 humilitatem:
1010 752 1105 788 sicut
1134 759 1170 788 et
1198 751 1396 800 quodlibet
1451 751 1656 800 specialem
1677 756 1689 772 ⁸
1719 751 1905 788 rationem
1935 751 2092 798 obiecti,
2122 764 2222 800 quae
2255 759 2385 788 tamen
2414 751 2521 788 inve-

326 802 428 840 aliud
466 804 631 852 speciale
667 812 868 853 peccatum
907 805 1117 854 corrumpit
1153 805 1357 854 specialem
1382 803 1396 827 ὅ
1422 816 1424 860 3
1450 804 1520 841 niri
1545 812 1671 853 potest
1699 804 1738 841 in
1758 804 1916 842 diversis
1946 805 2124 842 materiis.
2159 805 2228 842 Est
2247 804 2351 841 enim
2380 804 2522 841 inordi-

325 856 505 893 virtutem
534 857 604 894 sibi
633 858 864 907 oppositam,
887 859 1119 895 contrarium
1148 858 1310 906 agendo.
1422 862 1424 895 ἕ
1451 866 1560 895 natus
1580 870 1690 895 amor
1718 858 1896 906 propriae
1917 858 2176 895 excellentiae:
2208 857 2427 896 excellentia
2455 870 2522 894 au-

381 909 468 947 Alio
496 910 615 947 modo
634 919 835 960 peecatum
865 912 1020 960 aliquod
1045 912 1253 960 corrumpit
1279 911 1397 948 virtu-
1423 912 1425 959 l
1451 919 1528 948 tem
1558 919 1684 959 potest
1713 911 1751 948 in
1780 911 1939 948 diversis
1969 912 2082 948 rebus
2111 911 2282 948 inveniri.

379 1032 406 1066 ὃ)
423 1034 573 1066 specialem.
587 1049 607 1054 -
625 1035 770 1067 quamlibet
788 1035 928 1067 specialem
941 1036 982 1061 ed.
995 1042 1020 1065 a,
1035 1035 1171 1069 quandam
1190 1035 1329 1068 specialem
1343 1035 1397 1061 PG.
1422 1037 1425 1063 Ι
1506 1036 1528 1066 ε)
1548 1035 1698 1067 specialem.
1713 1049 1732 1054 -
1750 1035 1903 1067 specialiter
1926 1035 1953 1061 P.

1005 1114 1341 1147 Commentariis.
1363 1114 1617 1148 Cardinalis
1640 1113 1844 1147 Caietam

358 1202 379 1223 Ν
402 1193 535 1223 articulo
561 1194 702 1224 secundo
727 1193 868 1224 eiusdem
893 1193 1089 1235 quaestionis
1118 1193 1395 1224 centesimaesexa-
1450 1193 1540 1234 quod
1564 1203 1631 1223 esse
1651 1193 1906 1234 contemptivum
1931 1194 1979 1224 vel
2004 1194 2117 1225 dicitur
2134 1205 2201 1225 esse
2221 1195 2259 1226 de
2277 1195 2397 1226 ratione
2414 1207 2522 1238 super-

331 1203 672 1276 Igesimaesecundae,
697 1238 822 1269 adverte
850 1238 939 1279 quod
971 1237 1145 1274 Martinus,
1170 1237 1224 1268 ubi
1252 1237 1395 1278 supra*,
1450 1238 1536 1268 biae:
1561 1245 1592 1268 et
1609 1238 1802 1268 conceditur.
1828 1240 1893 1268 Aut
1917 1248 1984 1268 esse
2008 1239 2194 1278 particulam
2212 1240 2390 1270 addendam
2410 1241 2449 1271 ad
2470 1241 2523 1271 de-

326 1281 438 1311 volens
461 1281 550 1321 quod
564 1282 720 1321 superbia
743 1282 782 1313 sit
796 1282 956 1322 appetitus
971 1281 1171 1313 excellentiae
1189 1282 1425 1331 despectivaeff
1451 1281 1640 1318 finitionem,
1657 1288 1692 1312 ut
1715 1281 1914 1322 qualificetur
1928 1282 2082 1313 celsitudo
2098 1284 2237 1323 appeu‘ta
2260 1294 2316 1324 per
2330 1285 2522 1324 superbiam.

326 1324 353 1355 si
376 1320 519 1356 Intendat
548 1326 637 1366 quod
661 1335 728 1356 esse
753 1326 970 1366 despectivum
994 1336 1049 1357 seu
1074 1325 1328 1376 contemptivum
1352 1333 1399 1356 est
1423 1333 1425 1358 ἑ
1451 1326 1492 1356 Et
1515 1326 1577 1356 hoc
1602 1333 1749 1365 negatur:
1781 1326 1858 1367 quia
1881 1327 2059 1367 appetitum
2087 1337 2105 1357 a
2128 1328 2275 1367 superbia
2299 1335 2346 1359 est
2369 1339 2522 1369 personae

327 1369 366 1399 de
389 1369 511 1400 ratione
535 1369 714 1409 superbiae,
739 1370 819 1401 bene
843 1370 957 1402 sentire
981 1370 1121 1401 videtur:
1156 1370 1231 1410 quia
1256 1377 1398 1401 contem·
1424 1370 1599 1411 propriae
1628 1370 1782 1400 celsitudo
1816 1370 2019 1411 simpliciter,
2044 1381 2189 1411 perversa
2218 1373 2267 1403 vel
2299 1373 2331 1402 in
2355 1383 2388 1403 se
2418 1374 2467 1404 vel
2490 1374 2523 1404 in

326 1419 401 1454 ptus
424 1413 483 1444 Dei
507 1420 554 1444 est
576 1414 726 1454 proprius
746 1414 911 1455 superbiae
927 1422 1025 1451 actus,
1051 1422 1087 1445 ut
1109 1414 1222 1444 infra*
1244 1421 1342 1454 patet;
1369 1421 1399 1445 et
1423 1415 1425 1438 l
1452 1415 1552 1445 modo
1578 1414 1767 1454 appetendi;
1797 1421 1826 1445 et
1850 1424 2014 1455 expressus
2038 1422 2241 1456 contemptus
2266 1427 2302 1447 ex
2325 1423 2412 1457 parte
2436 1428 2525 1448 aver-

326 1464 558 1499 consequenter
581 1465 785 1498 contemptus
809 1459 947 1490 aliorum
963 1459 1060 1490 venit.
1084 1458 1115 1490 Si
1133 1465 1240 1489 autem
1256 1458 1400 1489 intendat
1424 1441 1426 1498 i
1453 1458 1550 1489 sionis
1574 1468 1606 1489 se
1631 1466 1725 1489 tenet.
1749 1476 1771 1481 -
1795 1459 1897 1489 Erunt
1927 1467 2034 1490 autem
2067 1460 2143 1491 haec
2174 1461 2340 1492 manifesta
2368 1462 2468 1501 magis
2491 1462 2523 1492 in

326 1502 416 1543 quod
448 1509 615 1542 propterea
639 1509 767 1543 oportet
793 1503 908 1534 addere
931 1503 1024 1534 istam
1047 1503 1235 1543 particulam
1266 1503 1299 1533 in
1324 1502 1399 1533 defi·
1424 1502 1426 1540 ἰ
1452 1503 1586 1534 articulo
1610 1502 1723 1543 quinto
1748 1510 1778 1533 et
1801 1503 1959 1543 deinceps.

326 1546 449 1578 uitione
472 1547 637 1588 superbiae
660 1547 699 1577 ad
724 1547 1002 1578 determinandum
1026 1547 1129 1588 qualis
1149 1547 1344 1578 celsitudinis
1360 1547 1400 1578 sit
1424 1562 1426 1587 3
1508 1547 1545 1578 ΙΙ.
1572 1547 1607 1577 In
1631 1548 1746 1578 eodem
1771 1547 1915 1584 articulo,
1939 1548 1971 1578 in
1996 1548 2203 1588 responsione
2226 1550 2266 1579 ad
2290 1550 2441 1589 primum,
2467 1551 2526 1580 du-

326 1591 496 1631 appetitus,
512 1592 588 1632 quia
606 1591 723 1622 scilicet
742 1602 808 1623 non
825 1592 1058 1633 cuiuscumque
1074 1599 1129 1623 aut
1145 1592 1398 1633 qualiscumque,
1452 1592 1543 1622 bium
1567 1592 1704 1623 occurrit
1724 1592 1763 1622 ad
1779 1591 1955 1623 hominem.
1981 1593 2145 1630 Quoniam
2168 1593 2210 1623 ibi
2235 1594 2366 1633 ponitur
2383 1602 2524 1625 contem-

327 1635 383 1666 sed
406 1635 639 1676 contemptivae
659 1636 854 1667 celsitudinis
878 1643 924 1668 est
946 1637 1123 1677 appetitus:
1149 1636 1256 1667 minus
1279 1638 1399 1677 perspi·
1424 1637 1426 1657 3
1453 1644 1527 1677 ptus
1561 1636 1720 1677 praecepti
1752 1636 1882 1667 interior
1912 1644 2000 1668 actus
2029 1637 2204 1678 superbiae.
2239 1638 2280 1668 Et
2303 1638 2466 1679 superiuS,
2492 1639 2524 1669 in

327 1679 440 1710 caciter
463 1679 577 1711 sentire
600 1680 734 1711 videtur.
766 1681 855 1711 Tum
879 1689 1010 1722 propter
1033 1691 1128 1721 supra
1143 1681 1160 1700 *
1184 1681 1276 1711 dicta.
1310 1681 1399 1711 Tum
1453 1687 1586 1711 tractatu
1611 1681 1649 1711 de
1670 1681 1888 1712 Inobedientia
1903 1681 1930 1717 *,
1955 1681 2123 1712 definitum
2140 1689 2186 1712 est
2209 1683 2298 1723 quod
2322 1690 2562 1723 contemptus·

292 1726 299 1732 ”
326 1723 402 1764 quia
426 1731 629 1764 contemptus
653 1725 818 1765 superbiae
842 1725 930 1756 adest
949 1735 986 1756 ex
1004 1733 1092 1766 parte
1108 1725 1281 1756 aversionis
1298 1725 1398 1766 magis
1424 1732 1426 1753 ξ
1453 1725 1610 1765 praecepti
1635 1731 1682 1755 est
1705 1725 1854 1765 proprius
1877 1732 1965 1756 actus
1989 1726 2237 1763 inobedientiae,
2262 1734 2298 1757 ut
2322 1734 2368 1758 est
2391 1728 2525 1768 speciale

326 1777 426 1809 quam
449 1778 486 1799 ex
505 1776 593 1809 parte
610 1769 835 1806 conversionis,
853 1779 909 1800 seu
926 1770 1052 1801 obiecti.
1078 1770 1244 1807 Quoniam
1259 1779 1295 1800 ex
1311 1777 1398 1810 parte
1424 1781 1426 1783 ·
1452 1769 1566 1800 vitium
1590 1779 1608 1799 a
1631 1770 1778 1809 superbia
1807 1776 1837 1800 et
1861 1770 1989 1811 reliquis
2012 1770 2096 1801 vitiis
2120 1770 2314 1802 distinctum.
2347 1773 2524 1810 Quomodo

326 1812 463 1849 obiecti,
487 1820 523 1844 ut
552 1820 638 1854 patet
661 1814 866 1845 discurrendo
897 1824 953 1854 per
980 1814 1099 1855 species
1123 1814 1307 1854 superbiae,
1332 1824 1398 1845 non
1453 1820 1536 1845 stant
1558 1813 1636 1844 haec
1660 1814 1726 1844 duo
1750 1812 1865 1844 simul?

325 1857 460 1888 habetur
474 1865 678 1898 contemptus
694 1868 848 1898 expresse,
866 1858 926 1889 nisi
939 1859 973 1889 in
989 1866 1102 1899 quarta
1117 1859 1231 1898 specie,
1254 1865 1289 1889 ut
1312 1866 1399 1898 patet
1424 1872 1426 1884 r
1509 1858 1560 1888 Ad
1588 1857 1650 1888 hoc
1679 1857 1792 1889 dicitur
1815 1858 1918 1899 quod,
1944 1858 2019 1899 quia
2049 1859 2261 1899 primogenita
2292 1861 2457 1900 superbiae
2488 1871 2525 1891 ex

327 1911 364 1933 ex
387 1908 459 1932 ante
474 1901 492 1921 *
507 1902 613 1933 dictis:
638 1903 694 1933 sed
717 1913 754 1933 ex
778 1910 864 1943 parte
888 1903 1069 1939 aversionis,
1094 1903 1168 1943 quia
1188 1903 1343 1942 superbus
1358 1903 1399 1933 ad
1424 1905 1426 1912 ⁸
1452 1909 1540 1942 parte
1564 1902 1736 1933 aversionis
1760 1902 1975 1933 inobedientia
1991 1903 2126 1940 videtur,
2143 1903 2216 1934 ideo
2232 1911 2319 1935 actus
2338 1905 2524 1935 inobedien-

306 1955 392 1983 vnon
417 1945 529 1976 subiici
552 1947 622 1977 Deo
646 1957 702 1986 per
719 1957 751 1978 se
774 1947 885 1983 tendit,
910 1948 988 1977 dum
1013 1947 1152 1987 primum
1178 1947 1267 1988 quod
1287 1947 1399 1987 aspicit
1451 1947 1512 1977 tiae
1537 1946 1669 1977 elicitive
1692 1946 1873 1978 attribuitur
1896 1947 1929 1977 in
1953 1947 2054 1978 littera
2078 1948 2253 1988 superbiae,
2279 1949 2369 1980 cuius
2393 1956 2439 1980 est
2463 1949 2523 1980 ori-

327 1996 359 2020 et
380 1989 501 2031 appetit
523 1997 560 2021 ut
582 1991 738 2022 rationem
762 1991 868 2022 omnis
892 1991 1100 2027 celsitudinis,
1126 1998 1172 2022 est
1195 2001 1262 2022 non
1286 1991 1397 2022 subiici
1451 1991 1606 2031 ginaliter.

326 2034 414 2071 Deo;
439 2034 560 2075 appetit
575 2035 660 2066 enim
684 2035 840 2076 quidquid
857 2036 993 2076 appetit,
1018 2046 1075 2077 per
1090 2036 1226 2066 modum
1241 2045 1308 2066 non
1325 2037 1398 2067 sub·
1507 2035 1722 2075 Perspicacius
1745 2042 1871 2072 autem,
1897 2036 1985 2076 quod
2015 2036 2096 2067 sicut
2120 2043 2322 2077 contemptus
2352 2037 2524 2069 hominum

327 2078 394 2115 diti,
419 2079 500 2110 sicut
523 2078 654 2110 humilis
677 2090 714 2110 ex
730 2080 893 2120 opposito,
918 2081 957 2111 ad
981 2079 1139 2121 quidquid
1162 2080 1272 2116 tendit,
1297 2080 1399 2111 tendit
1452 2089 1489 2110 ex
1512 2079 1639 2110 fastidio
1656 2079 1859 2111 subiectionis
1881 2081 1919 2110 ad
1936 2080 2042 2111 Deum
2058 2088 2088 2112 et
2111 2081 2143 2111 id
2159 2082 2248 2122 quod
2263 2082 2322 2112 Dei
2347 2088 2401 2119 est,
2417 2083 2456 2113 ad
2472 2093 2524 2113 su-

327 2130 364 2154 ut
386 2123 531 2154 subditus
554 2124 624 2155 Deo
649 2130 679 2155 et
702 2124 730 2155 ei
754 2125 844 2165 quod
866 2125 927 2156 Dei
943 2131 999 2156 est.
1024 2125 1113 2156 Sicut
1128 2124 1214 2155 enim
1234 2124 1398 2155 humilitas
1452 2124 1578 2164 perbiae
1602 2124 1715 2155 vitium
1737 2124 1910 2155 formaliter
1925 2131 2062 2164 spectat;
2087 2125 2130 2155 ita
2145 2133 2350 2166 contemptus
2365 2127 2524 2167 praecepti

327 2167 464 2198 modurn
488 2167 692 2200 subiectionis
716 2169 785 2199 Deo
809 2168 943 2209 apponit
966 2169 1055 2199 omni
1080 2179 1140 2199 suo
1160 2168 1314 2210 appetitui
1323 2178 1331 2205 ;
1355 2169 1398 2199 ita
1452 2179 1489 2199 ex
1513 2175 1700 2209 contemptu
1729 2168 1933 2199 subiectionis
1958 2169 1996 2199 ad
2020 2169 2146 2206 Deum,
2170 2178 2258 2201 actus
2283 2178 2328 2201 est
2360 2171 2524 2211 superbiae

327 2212 474 2252 superbia
501 2213 637 2243 modum
660 2219 843 2253 aspernatae
866 2213 1070 2244 subiectionis
1094 2214 1164 2244 Deo
1197 2219 1228 2244 et
1250 2213 1279 2244 ei
1309 2214 1398 2254 quod
1452 2212 1636 2244 formaliter.
1663 2213 1708 2243 Ita
1723 2213 1813 2254 quod
1829 2220 2032 2253 contemptus
2051 2214 2210 2254 praecepti
2234 2225 2271 2245 ex
2290 2214 2416 2246 fastidio
2436 2225 2524 2255 prae-

326 2256 386 2287 Dei
410 2263 466 2292 est,
490 2257 624 2297 apponit
646 2257 735 2287 omni
753 2257 801 2288 sui
818 2257 981 2298 appetitui.
1006 2257 1047 2289 Et
1071 2264 1238 2298 propterea
1255 2263 1398 2288 contem·
1452 2257 1534 2297 cepti
1558 2264 1604 2288 est
1619 2257 1742 2297 primus
1757 2257 1990 2288 inobedientiae
2006 2265 2112 2288 actus:
2138 2259 2193 2288 sed
2209 2265 2412 2299 contemptus
2436 2270 2524 2299 prae-

326 2300 412 2341 ptiva
434 2301 549 2331 merito
573 2311 609 2331 ex
632 2308 720 2341 parte
736 2301 918 2341 aversionis,
936 2301 1036 2342 magis
1052 2311 1149 2342 quam
1166 2311 1203 2332 ex
1218 2308 1305 2342 parte
1322 2312 1398 2332 con·
1452 2301 1534 2342 cepti
1557 2311 1594 2331 ex
1618 2301 1744 2332 fastidio
1769 2301 1974 2332 subiectionis
1989 2302 2029 2332 ad
2045 2302 2161 2339 Deum,
2178 2310 2224 2334 est
2243 2309 2332 2334 actus
2349 2304 2523 2344 superbiae,

325 2345 479 2376 versionis
501 2345 542 2375 ad
565 2345 737 2382 obiectum,
762 2345 880 2377 scilicet
902 2345 1132 2382 celsitudinem,
1158 2345 1280 2376 dicitur.
1452 2346 1503 2376 cui
1526 2345 1695 2386 proprium
1718 2352 1765 2376 est
1788 2345 1952 2376 fastidium
1976 2346 2181 2378 subiectionis
2204 2348 2244 2378 ad
2267 2348 2385 2378 Deum.

381 2389 423 2419 Et
445 2389 602 2430 quoniam
623 2390 762 2421 rationes
784 2390 911 2422 Martini
934 2390 1014 2421 nihil
1033 2397 1200 2421 assumunt
1224 2390 1284 2421 nisi
1307 2391 1397 2431 quod
1507 2390 1548 2422 Et
1571 2390 1661 2431 quod
1685 2390 1807 2421 dictum
1831 2397 1878 2421 est
1900 2391 1939 2421 de
1956 2398 2144 2431 contemptu
2164 2392 2332 2432 praecepti,
2358 2393 2524 2423 extenden-

326 2433 482 2474 superbus
501 2440 548 2464 est
571 2434 822 2475 contemptivus;
847 2442 878 2466 et
899 2434 1043 2465 similiter
1066 2434 1146 2465 nihil
1162 2434 1249 2465 aliud
1266 2435 1396 2466 conclu·
1451 2434 1530 2465 dum
1555 2442 1602 2465 est
1630 2435 1670 2465 ad
1694 2441 1917 2475 contemptum
1944 2435 2176 2477 cuiuscumque
2199 2436 2327 2467 alterius
2351 2447 2523 2477 personae,

326 2477 407 2508 dunt
429 2477 489 2508 nisi
513 2479 602 2519 quod
623 2478 770 2519 superbia
789 2485 835 2510 est
851 2479 1084 2520 contemptiva;
1109 2486 1140 2510 et
1156 2486 1329 2520 utrumque
1345 2489 1396 2510 ve-
1451 2478 1562 2516 officii,
1581 2486 1650 2516 etc„
1676 2489 1712 2509 ex
1737 2479 1862 2510 fastidio
1887 2479 2012 2510 divinae
2037 2480 2252 2512 subiectionis.
2285 2481 2416 2521 Semper
2440 2481 2525 2511 enim

326 2531 399 2552 rum
423 2529 484 2553 est:
509 2522 581 2552 ideo
604 2522 803 2563 superfluum
823 2523 897 2554 duxi
914 2523 1022 2554 afferre
1038 2530 1111 2554 octo
1127 2531 1314 2564 argumenta
1329 2534 1395 2555 sua.
1451 2523 1638 2554 huiusmodi
1669 2531 1872 2575 contemptus
1900 2523 2073 2555 formaliter
2102 2532 2149 2556 est
2173 2532 2260 2556 actus
2285 2525 2467 2565 superbiae,
2492 2526 2524 2556 in

327 2566 381 2597 Sat
409 2572 456 2596 est
488 2566 678 2607 disputatori
707 2567 756 2598 uti
783 2567 985 2599 distinctione
1008 2578 1104 2608 supra
1127 2568 1220 2599 dicta.
1252 2568 1395 2604 Scilicet,
1451 2578 1658 2609 quacumque
1681 2568 1813 2599 materia
1836 2568 1885 2599 sit.

1129 2738 1450 2783 ARTICULUS
1482 2738 1718 2783 TERTIUS

796 2831 952 2863 UTRUM
976 2831 1183 2863 SUPERBIA
1206 2831 1273 2862 SlT
1297 2832 1340 2863 IN
1364 2832 1587 2864 1RAscn31L1
1613 2832 1742 2863 smur
1767 2833 1809 2863 IN
1833 2832 2048 2864 sumsero

964 2910 1006 2936 De
1024 2910 1108 2941 Malo,
1128 2919 1173 2944 qu.
1192 2918 1247 2942 vm,
1266 2916 1314 2936 art.
1334 2910 1363 2942 3;
1383 2912 1426 2937 De
1447 2911 1556 2942 Vir-tut„
1578 2919 1623 2944 qu.
1643 2919 1661 2941 1,
1681 2915 1727 2936 art.
1749 2910 1772 2941 5,
1792 2911 1824 2936 ad
1848 2919 1886 2936 ιο.

363 3026 387 3043 s*
446 3021 485 3040 Μ
538 3004 561 3029 D
580 3003 741 3029 TERTmM
766 3003 819 3028 sm
838 3002 1079 3028 PRocamrua.
1104 2990 1264 3028 Videtur
1286 2992 1392 3051 quod
1449 2992 1517 3028 bus
1544 3003 1584 3028 se
1611 2991 1845 3028 humiliando
1868 2997 2111 3040 postponant,
2139 2992 2206 3029 sed
2232 2993 2366 3041 quibus
2391 3005 2520 3042 super-

467 3038 509 3103 ²⁷²¹ss
539 3046 719 3094 superbia
756 3057 836 3082 non
864 3044 911 3081 sit
937 3044 975 3081 in
1011 3043 1187 3081 irascibili
1222 3044 1317 3081 sicut
1354 3045 1392 3082 in
1449 3045 1582 3081 biendo
1604 3050 1621 3066 α
1648 3057 1688 3081 se
1716 3046 1961 3093 praeferant:
2000 3053 2036 3082 et
2063 3045 2117 3082 sic
2151 3045 2303 3083 videtur
2340 3048 2519 3096 superbia

344 3080 490 3146 'silve
486 3097 722 3141 (subiecto.
751 3098 852 3135 Dicit
880 3098 982 3134 enim
1017 3097 1240 3145 Gregorius,
1268 3098 1391 3134 XXIII
1420 3131 1421 3138 ,
1450 3110 1495 3134 ex
1523 3098 1692 3135 indebita
1722 3098 2024 3135 consideratione
2044 3099 2254 3147 procedere
2274 3097 2300 3136 β.
2332 3100 2409 3137 Sed
2430 3113 2520 3138 con-

382 3127 683 3190 ζ”’19)Μον·αΙ
703 3151 743 3189 *τ
787 3151 1028 3189 Obstaculum
1066 3152 1231 3188 veritatis
1268 3156 1394 3188 tumor
1449 3151 1626 3188 sideratio
1655 3163 1735 3188 non
1762 3152 1926 3200 pertinet
1954 3152 2003 3188 ad
2031 3151 2269 3199 irascibilem,
2298 3153 2364 3190 sed
2393 3154 2519 3202 potius

327 3206 460 3242 mentis
487 3211 558 3243 est:
586 3206 687 3255 quia,
708 3206 798 3243 dum
827 3205 944 3254 inflat,
974 3204 1177 3241 obnubilat.
1218 3204 1296 3241 Sed
1331 3217 1395 3241 co-
1450 3205 1499 3241 ad
1529 3203 1763 3241 rationalem.
1794 3205 1896 3253 Ergo
1926 3205 2104 3253 superbia
2138 3217 2214 3242 non
2245 3213 2301 3242 est
2328 3206 2367 3243 in
2395 3206 2519 3244 irasci-

328 3258 446 3307 gnitio
473 3259 641 3296 veritatis
669 3271 748 3296 non
777 3259 941 3308 pertinet
969 3257 1017 3295 ad
1052 3257 1298 3303 irascibilem,
1326 3258 1394 3295 sed
1450 3257 1524 3304 bili,
1546 3257 1614 3294 sed
1641 3258 1768 3306 potius
1797 3257 1836 3294 in
1865 3258 2049 3295 rationali.

329 3311 378 3349 ad
395 3311 478 3348 vim
506 3312 742 3349 rationalem.
773 3313 875 3360 Ergo
896 3311 1074 3361 superbia
1093 3323 1170 3348 non
1193 3318 1248 3348 est
1266 3311 1305 3347 in
1324 3311 1394 3348 ira·
1506 3311 1539 3347 3.
1562 3311 1796 3358 PRAETEREA,
1818 3311 1996 3360 superbia
2024 3323 2103 3348 non
2132 3312 2258 3348 solum
2281 3313 2430 3360 quaerit
2457 3326 2518 3350 ex—

329 3363 459 3402 scibili.
1451 3363 1662 3400 cellentiam
1692 3364 1730 3400 in
1758 3364 1873 3401 rebus
1894 3364 2147 3411 sensibilibus,
2169 3366 2235 3402 sed
2261 3365 2374 3403 etiam
2402 3366 2441 3404 in
2461 3379 2518 3404 re-

384 3429 420 3454 2.
441 3418 675 3465 Palmam,
697 3418 903 3466 Gregorius
930 3418 1030 3466 dicit,
1050 3418 1178 3455 XXIV
1195 3417 1340 3454 Moral.
1360 3417 1391 3464 ³⁸,
1450 3417 1521 3454 bus
1550 3417 1805 3466 spiritualibus
1842 3426 1879 3454 et
1905 3417 2209 3466 intelligibilibus.
2250 3420 2336 3468 Ipsa
2371 3420 2482 3457 etiam
2502 3425 2518 3448 ἵ

329 3471 436 3520 quod
462 3471 616 3519 superbi
641 3482 715 3508 non
744 3483 876 3508 eorum
903 3471 1020 3509 vitam
1048 3471 1288 3508 considerant
1313 3471 1392 3519 qui·
1449 3470 1704 3520 principaliter
1736 3471 1905 3508 consistit
1938 3471 1977 3508 in
2012 3479 2235 3521 contemptu
2263 3473 2355 3510 Dei:
2385 3486 2518 3510 secun-

383 3594 410 3627 α)
430 3594 615 3626 superbiendo.
628 3607 648 3614 ·-
664 3594 843 3626 super-hiando
862 3595 960 3621 BEFL.
1422 3597 1424 3603 '
1503 3595 1531 3629 γ)
1550 3595 1641 3621 etiam.
1653 3608 1672 3614 -
1690 3598 1780 3620 autem
1799 3595 1845 3621 Pa.

384 3629 409 3662 β)
429 3629 579 3662 superbia...
594 3629 748 3661 procedere.
760 3643 779 3648 -
797 3630 869 3662 quod
888 3631 1039 3662 superbia...
1055 3631 1187 3663 procedat
1205 3632 1252 3657 Pa.

2578 1692 2624 1719 Qu.
2640 1697 2668 1713 cv
2691 1695 2732 1713 art.
2748 1698 2764 1720 1,

2552 1718 2580 1739 ad
2601 1724 2616 1740 ι.
2637 1729 2648 1734 -
2667 1707 2703 1740 bs
2726 1724 2764 1747 qu.

2552 1751 2597 1772 cxv,
2609 1748 2649 1767 ast.
2660 1750 2680 1771 π,
2693 1744 2766 1767 Com-

2552 1774 2623 1793 ment.
2638 1777 2702 1793 num.
2719 1777 2744 1793 ιι.
