2768 4198
46 378 56 388 ⁸
70 377 136 404 Resp.
153 377 182 398 ad
197 382 212 398 ι.

45 516 56 527 ·
69 515 94 536 In
110 520 215 542 corpore.

47 1158 58 1170 ⁸
70 1159 120 1181 Art.
138 1158 242 1186 praeced.

0 2008 2 2011 ,
49 1985 76 2008 S.
121 1959 264 2007 :vacciniis

0 2136 2 2140 ·
52 2126 136 2149 ⁸·rext.
149 2132 207 2149 xvru
216 2126 265 2152 (Ed.

51 2153 264 2181 Praml.,1879‚cnp.

51 2186 87 2206 ιιι,
94 2186 182 2202 recem.
189 2185 267 2202 secun·

52 2207 95 2232 dn).
105 2218 115 2222 -
125 2207 149 2229 S.
157 2206 203 2229 Th.
213 2207 264 2228 lect.

50 2239 129 2310 ‘slew'
140 2266 173 2287 xi,
185 2266 207 2282 n.
219 2265 241 2288 7.
256 2271 266 2276 -

138 2287 199 2314 {leem
211 2293 264 2308 xxv.

0 2599 5 2626 ἶ
53 2603 103 2626 'Cn
121 2609 202 2632 .u¹,n.
215 2610 263 2627 ιο.-

0 2646 7 2665 5,
51 2630 77 2653 S.
133 2647 139 2653 .
159 2631 210 2653 lect.
230 2637 263 2653 m.

53 3305 63 3315 ⁴
73 3304 95 3326 S.
107 3303 151 3325 Th.
164 3304 215 3326 lect.
227 3310 264 3325 xv.

949 255 1219 301 QUAESTIO
1250 256 1428 303 CXXIX,
1458 255 1760 293 ARTICULUS
1792 257 1822 292 ll

2440 261 2486 307 59

285 334 385 365 tendit
408 343 530 375 magna
554 335 684 374 operari
707 335 740 364 in
763 334 904 375 qualibet
932 336 1060 372 virtute,
1085 335 1275 375 inquantum
1297 337 1356 366 sci·
1383 339 1385 373 l
1411 345 1475 376 qua
1499 335 1744 376 magnanimitas
1777 335 1981 376 distinguitur
2009 336 2047 365 ab
2071 336 2139 366 aliis
2162 336 2348 374 virtutibus,
2374 338 2490 369 scilicet

285 379 359 409 licet
381 378 482 409 tendit
505 379 548 409 ad
573 388 610 409 ea
634 388 718 419 quae
746 384 823 409 sunt
852 379 952 420 digna
985 389 1105 420 magno
1133 380 1253 410 honore
1269 377 1303 416 *;
1328 387 1358 411 et
1383 376 1384 403 3
1412 390 1448 410 ex
1472 387 1560 420 parte
1589 374 1732 421 specialis
1763 380 1923 411 materiae.
1958 379 2044 411 Cum
2072 390 2139 421 quo
2170 388 2277 412 tamen
2306 389 2366 413 stat
2389 383 2489 423 quod,

286 431 407 453 rursus:
437 422 522 460 Quia
545 423 650 453 honor
673 427 720 453 est
743 424 897 464 cuiusque
921 424 1049 454 virtutis
1066 426 1262 464 praemium,
1288 425 1358 455 ideo
1383 422 1385 445 ἕ
1411 432 1447 456 ut
1471 425 1674 465 distinguitur
1705 426 1743 456 ab
1769 425 1813 455 eis
1837 435 1874 455 ex
1897 431 1985 465 parte
2016 424 2159 455 formalis
2192 425 2320 462 obiecti,
2346 426 2435 457 aliter
2459 438 2490 457 se

287 477 329 498 ex
352 468 567 508 consequenti,
586 468 711 498 ratione
733 477 813 498 suae
837 469 1003 505 materiae,
1022 469 1150 509 respicit
1165 479 1274 500 omnes
1298 470 1360 500 vir-

1412 469 1534 500 habeat.
1560 470 1705 510 Utroque
1730 479 1870 510 namque
1894 469 1994 499 modo
2019 470 2057 499 ab
2082 469 2149 499 aliis
2169 469 2337 501 virtutibus
2362 481 2490 511 magna-

283 517 366 542 tutes
379 511 406 542 *.
432 512 519 542 Haec
542 511 605 542 ille.
630 512 711 542 Sunt
728 512 813 542 enim
837 512 914 543 haec
937 512 1142 553 intelligenda
1158 523 1194 544 ex
1218 524 1253 544 ea
1271 520 1357 554 parte
1412 513 1540 544 nimitas
1566 514 1778 554 distinguitur,
1804 521 1840 545 ut
1862 513 1944 544 infra
1959 514 1976 533 *
2000 514 2094 545 latius
2118 514 2246 554 patebit.

1057 651 1378 694 ARTICULUS
1409 651 1713 694 SECUNDUS

637 745 793 776 UTRUM
817 745 1150 776 MAGNANIMITAS
1174 746 1232 776 DE
1257 746 1323 777 SUI
1348 746 1542 778 RATIONE
1568 747 1746 777 HABEAT
1771 747 1895 784 QUOD
1921 747 1988 778 SIT
2013 747 2145 778 CIRCA

1170 789 1362 821 MAGNUM
1385 790 1606 822 HONOREM

820 869 894 898 Infra,
915 875 961 894 art.
980 877 1006 901 4,
1026 870 1058 894 ad
1082 877 1109 900 1;
1129 870 1152 894 Ιι
1171 869 1227 900 Π““,
1248 878 1294 902 qu.
1313 878 1353 900 Lx,
1373 875 1422 895 art.
1442 869 1472 900 53
1492 870 1512 894 11
1534 870 1631 900 Ethic„
1652 871 1711 895 lect.
1730 877 1769 901 1x;
1790 870 1832 899 lv,
1852 870 1911 895 lect.
1930 877 1963 895 rx.

321 937 325 939 ⁴
356 958 384 982 »ι
410 961 478 1002 ¹²⁶<
503 951 525 976 n
542 951 732 976 SECUNDUM
748 951 801 976 sm
817 951 1058 978 PROCEDITUR.
1075 940 1236 977 Videtur
1255 940 1361 989 quod
1388 941 1390 949 '
1415 941 1609 990 quaedam
1629 952 1724 977 vero
1753 940 2012 988 principaliter
2032 953 2077 977 ex
2105 949 2212 990 parte
2242 954 2371 980 rerum
2392 955 2491 993 quae

420 982 477 1053 ’ἓὲ
505 993 796 1041 magnanimitas
817 994 864 1030 de
885 993 942 1030 sui
962 994 1107 1030 ratione
1123 1005 1203 1031 non
1222 995 1364 1031 habeat

325 1086 327 1093 .
351 1087 353 1089 ,
444 1043 609 1096 ’(’ςυοά
639 1047 684 1084 sit
704 1047 803 1084 circa
822 1059 1007 1095 magnum
1036 1048 1238 1084 honorem.
1269 1049 1363 1084 Pro-

292 1110 303 1122 ⁷
347 1094 431 1125 ‘'³''
458 1090 586 1150 &pria
615 1100 718 1137 enim
748 1100 906 1138 materia
944 1100 1267 1148 magnanimitatis
1307 1109 1362 1137 est

289 1152 427 1197 honor,
457 1159 499 1188 ut
527 1154 671 1191 dictum
693 1162 748 1191 est
766 1154 797 1191 ²³².
829 1154 904 1191 Sed
934 1165 1119 1202 magnum
1141 1161 1178 1190 et
1196 1166 1362 1203 parvum

1418 1001 1504 1030 sunt
1542 994 1692 1030 obiecta
1728 992 1966 1041 passionum.
2005 995 2210 1032 Passiones
2247 1004 2376 1033 autem
2414 1009 2494 1034 non

1389 1050 1390 1088 ξ
1418 1048 1561 1084 habent
1580 1058 1764 1094 magnam
1788 1046 1868 1082 vim
1892 1048 2129 1095 repugnandi
2149 1048 2284 1086 rationi
2313 1050 2385 1087 nisi
2413 1051 2492 1087 fue-

1389 1147 1391 1174 1

289 1205 467 1242 accidunt
487 1208 637 1245 honori.
667 1209 770 1256 Ergo
792 1208 838 1245 de
869 1206 1014 1244 ratione
1041 1207 1363 1255 magnanimitatis
1389 1205 1391 1239 ἔ

291 1271 368 1296 non
400 1267 455 1296 est
483 1261 590 1310 quod
618 1261 664 1298 sit
692 1260 791 1298 circa
819 1273 1003 1309 magnum
1033 1261 1236 1298 honorem.

290 1347 302 1350 ι
330 1325 381 1350 a.
404 1314 639 1362 PRAETEREA,
661 1314 757 1351 sicut
776 1313 1071 1362 magnanimitas
1101 1322 1157 1351 est
1177 1314 1275 1351 circa
1294 1315 1365 1351 ho-

291 1378 417 1414 nores,
438 1366 489 1404 ita
517 1367 775 1406 mansuetudo
796 1376 852 1405 est
872 1367 970 1404 eirca
994 1367 1080 1404 iras.
1112 1368 1189 1405 Sed
1210 1380 1289 1404 non
1310 1376 1366 1404 est
1391 1368 1393 1414 ζ

291 1419 339 1456 de
369 1420 515 1458 ratione
544 1421 849 1459 mansuetudinis
878 1421 985 1469 quod
1014 1421 1060 1458 sit
1089 1421 1186 1458 circa
1205 1433 1365 1470 magnas
1391 1422 1393 1459 ὲ

291 1472 381 1520 iras,
411 1475 474 1511 vel
504 1475 601 1512 circa
629 1487 780 1524 parvas.
818 1475 921 1523 Ergo
961 1474 1076 1512 etiam
1110 1487 1190 1512 non
1223 1484 1280 1512 est
1317 1475 1365 1512 de

291 1525 436 1564 ratione
471 1528 792 1577 magnanimitatis
835 1530 939 1576 quod
979 1528 1027 1566 sit
1065 1528 1163 1566 circa
1201 1541 1365 1577 magnos

290 1580 470 1619 honores.

346 1635 382 1672 3.
412 1635 658 1682 PRAETEREA,
695 1647 838 1684 parvus
875 1637 1002 1673 honor
1034 1636 1163 1673 minus
1199 1636 1310 1674 distat
1345 1649 1367 1673 a

289 1699 430 1736 magno
461 1689 610 1726 honore
644 1701 762 1738 quam
801 1690 1064 1727 exhonoratio.
1101 1690 1178 1727 Sed
1207 1703 1363 1739 magna-

290 1740 418 1779 nimus
435 1747 452 1764 ‘²
472 1743 572 1780 bene
592 1755 633 1780 se
652 1743 769 1780 habet
789 1744 886 1780 circa
904 1744 1240 1781 exhonorationes.
1262 1745 1364 1793 Ergo

291 1795 405 1833 etiam
433 1803 469 1833 et
493 1797 592 1834 circa
617 1809 760 1846 parvos
788 1798 970 1834 honores.
1001 1798 1093 1834 Non
1116 1810 1206 1846 ergo
1228 1806 1284 1835 est
1304 1811 1366 1835 so-

290 1849 370 1886 lum
401 1849 500 1887 circa
527 1851 696 1888 honores
726 1863 899 1899 magnos.

347 1903 422 1940 SED
451 1915 599 1941 CONTRA
628 1917 695 1941 EST
722 1905 827 1953 quod
856 1904 1116 1952 Philosophus
1145 1904 1243 1951 dicit,
1274 1905 1311 1941 in
1334 1906 1365 1941 II

291 1957 412 1994 Ethic.
433 1957 473 2004 *,
504 1958 608 2005 quod
642 1958 941 2007 magnanimitas
979 1963 1031 1993 est
1064 1958 1167 1994 circa
1204 1970 1368 2008 magnos

292 2011 466 2047 honores.

348 2064 577 2100 RESPONDEO
606 2075 793 2102 DICENDUM
818 2064 937 2112 quod,
958 2064 1171 2101 secundum
1195 2064 1368 2102 Philoso-

1418 1100 1491 1137 rint
1518 1101 1792 1137 vehementes:
1832 1111 1878 1136 eo
1908 1101 2012 1148 quod
2051 1102 2240 1150 appetitus
2278 1103 2492 1150 sensitivus,

1390 1180 1391 1198 ἶ
1419 1154 1457 1190 in
1491 1165 1569 1201 quo
1604 1160 1691 1190 sunt
1728 1152 1943 1201 passiones,
1974 1154 2192 1191 naturaliter
2226 1156 2401 1193 subditur
2438 1170 2493 1194 ra-

1419 1207 1523 1244 tioni.
1555 1208 1604 1243 Et
1622 1207 1710 1244 ideo
1730 1206 1889 1243 virtutes
1909 1219 2008 1255 quae
2039 1215 2127 1244 sunt
2146 1208 2244 1245 circa
2272 1210 2494 1248 huiusmodi

1419 1260 1618 1309 passiones
1657 1272 1736 1296 non
1772 1268 1970 1308 ponuntur
1998 1260 2068 1298 nisi
2106 1261 2205 1298 circa
2233 1262 2271 1299 id
2306 1264 2410 1311 quod
2440 1272 2496 1301 est

1420 1326 1604 1362 magnum
1635 1313 1673 1350 in
1703 1313 1793 1362 ipsis
1821 1314 2084 1362 passionibus:
2115 1315 2211 1352 sicut
2239 1316 2419 1353 fortitudo
2442 1325 2496 1354 est

1421 1367 1519 1404 circa
1540 1367 1730 1404 maximos
1749 1371 1764 1395 Υ
1793 1367 1951 1405 timores
1976 1375 2013 1404 et
2033 1368 2223 1415 audacias,
2245 1371 2496 1418 temperantia

1421 1429 1477 1458 est
1505 1421 1603 1458 circa
1623 1420 1881 1458 maximarum
1902 1421 2200 1458 delectationum
2223 1423 2496 1472 concupiscen-

1392 1496 1393 1526 3
1420 1475 1502 1521 tias,
1515 1483 1551 1511 et
1566 1474 1737 1511 similiter
1752 1475 2008 1512 mansuetudo
2026 1482 2082 1512 est
2097 1476 2196 1512 circa
2211 1476 2397 1514 maximas
2411 1477 2495 1515 iras.

293 2117 429 2166 phum,
451 2117 489 2154 in
513 2117 582 2154 Vll
611 2118 760 2166 Physic.
781 2117 812 2165 ²¹⁵,
841 2118 960 2155 virtus
984 2123 1039 2154 est
1049 2119 1234 2166 perfectio
1254 2130 1368 2167 quae-
1394 2118 1395 2133 ³

294 2171 395 2208 dam.
432 2171 482 2207 Et
509 2170 724 2219 intelligitur
753 2184 835 2208 esse
864 2171 1044 2220 perfectio
1074 2172 1288 2220 potentiae,
1319 2173 1367 2210 ad

295 2223 403 2262 cuius
432 2224 605 2261 ultimum
634 2224 807 2273 pertinet,
838 2232 880 2261 ut
898 2231 1003 2273 patet
1020 2224 1057 2261 in
1088 2226 1101 2261 1
1131 2225 1177 2262 de
1201 2225 1315 2262 Caelo
1335 2225 1365 2262 ²¹⁸.
1394 2236 1395 2279 j

295 2277 481 2315 Perfectio
502 2285 630 2314 autem
650 2277 843 2327 potentiae
863 2290 943 2315 non
962 2278 1168 2315 attenditur
1186 2278 1223 2315 in
1251 2279 1369 2327 quali-

295 2343 460 2380 cumque
481 2331 717 2380 operatione,
738 2332 806 2369 sed
825 2331 864 2368 in
883 2331 1108 2381 operatione
1128 2344 1228 2380 quae
1253 2333 1370 2370 habet

293 2384 460 2434 aliquam
487 2384 791 2433 magnitudinem
821 2393 885 2422 aut
914 2385 1195 2423 difficultatem:
1225 2387 1368 2434 quaeli-

293 2438 357 2475 bet
385 2438 486 2475 enim
516 2438 705 2488 potentia,
737 2446 1095 2488 quantumcumque
1132 2439 1366 2489 imperfecta,

1474 1528 1679 1565 Passiones
1698 1536 1828 1565 autem
1845 1529 2037 1577 quaedam
2058 1530 2202 1566 habent
2220 1542 2398 1578 magnam
2415 1531 2495 1568 vim

1421 1582 1661 1631 repugnandi
1679 1582 1815 1619 rationi
1831 1594 1877 1618 ex
1897 1582 1988 1631 ipsis
2003 1583 2118 1620 rebus
2134 1584 2382 1621 exterioribus
2398 1597 2497 1634 quae

1421 1643 1509 1673 sunt
1536 1636 1762 1686 passionum
1787 1636 1954 1673 obiecta:
1986 1637 2080 1673 sicut
2100 1649 2211 1674 amor
2228 1638 2290 1674 vel
2313 1638 2497 1687 cupiditas

1420 1690 1607 1739 pecuniae
1629 1702 1696 1727 seu
1716 1689 1885 1726 honoris.
1917 1691 1967 1727 Et
1990 1690 2028 1727 in
2050 1690 2128 1728 istis
2149 1699 2300 1740 oportet
2321 1704 2403 1729 esse
2423 1692 2498 1729 vir-

1421 1752 1541 1780 tutem
1572 1756 1651 1780 non
1680 1744 1806 1780 solum
1829 1744 1928 1780 circa
1947 1744 1986 1781 id
2015 1744 2120 1793 quod
2142 1753 2198 1782 est
2226 1746 2438 1783 maximum
2459 1746 2496 1783 in

1422 1797 1487 1844 eis,
1517 1797 1586 1834 sed
1616 1797 1729 1834 etiam
1761 1797 1858 1834 circa
1887 1797 2097 1835 mediocria
2116 1799 2178 1835 vel
2208 1799 2377 1836 minora:
2408 1800 2497 1848 quia

1422 1863 1482 1887 res
1511 1850 1674 1887 exterius
1703 1851 1916 1897 existentes,
1948 1851 2061 1888 etiam
2083 1852 2112 1888 si
2133 1852 2206 1889 sint
2234 1865 2389 1901 parvae,
2411 1862 2498 1890 sunt

1422 1905 1586 1941 multum
1617 1904 1853 1953 appetibiles,
1874 1912 2006 1954 utpote
2037 1906 2274 1943 necessariae
2303 1907 2351 1943 ad
2372 1908 2496 1943 homi-

1422 1958 1480 1994 nis
1508 1958 1640 1995 vitam.
1681 1958 1729 1994 Et
1758 1957 1845 1995 ideo
1874 1958 1971 1995 circa
1999 1959 2209 2007 appetitum
2243 1961 2495 2009 pecuniarum

1423 2019 1511 2048 sunt
1540 2011 1638 2049 duae
1659 2011 1838 2048 virtutes:
1868 2025 1945 2048 una
1965 2012 2123 2060 quidem
2153 2013 2253 2050 circa
2282 2014 2497 2052 mediocres

1423 2073 1459 2102 et
1479 2065 1710 2107 moderatas,
1731 2065 1872 2102 scilicet
1892 2065 2115 2111 liberalitas;
2146 2067 2217 2104 alia
2237 2076 2368 2104 autem
2399 2068 2497 2105 circa

1423 2131 1584 2166 magnas
1612 2119 1809 2167 pecunias,
1831 2118 1971 2155 scilicet
1995 2120 2289 2167 magnificentia.
2321 2122 2499 2158 Similiter

1424 2172 1538 2209 etiam
1569 2180 1605 2209 et
1634 2172 1733 2209 circa
1761 2173 1930 2209 honores
1959 2181 2046 2211 sunt
2079 2174 2179 2210 duae
2207 2174 2376 2212 virtutes.
2412 2175 2498 2212 Una

1423 2225 1579 2274 quidem
1611 2225 1710 2262 circa
1739 2226 1956 2263 mediocres
1985 2227 2174 2274 honores,
2206 2240 2304 2276 quae
2334 2228 2498 2265 innomi-

1423 2286 1511 2316 nata
1532 2287 1607 2316 est:
1634 2278 1856 2316 nominatur
1875 2287 2006 2317 tamen
2026 2292 2071 2316 ex
2092 2280 2169 2318 suis
2191 2282 2377 2329 extremis,
2400 2295 2498 2331 quae

1394 2340 1396 2378 ζ
1423 2341 1511 2370 sunt
1523 2333 1750 2382 philotimia,
1772 2333 1869 2370 idest
1887 2345 1999 2370 amor
2012 2334 2180 2381 honoris,
2198 2343 2233 2372 et
2252 2336 2497 2384 aphilotimia,

290 2499 418 2542 potest
445 2492 484 2529 in
514 2492 680 2541 aliquam
712 2493 978 2542 operationem
1012 2493 1207 2530 modicam
1238 2502 1275 2531 et
1304 2495 1369 2532 de·

291 2545 422 2583 bilem.
460 2546 509 2583 Et
538 2546 624 2583 ideo
655 2547 703 2584 ad
733 2546 921 2584 rationem
954 2546 1100 2584 virtutis
1137 2547 1301 2596 pertinet
1328 2558 1369 2586 ut
1394 2550 1396 2573 i

291 2599 339 2637 sit
357 2600 461 2637 circa
486 2599 640 2649 difficile
654 2605 690 2637 et
707 2601 861 2647 bonum,
881 2609 923 2637 ut
942 2600 1078 2638 dicitur
1104 2600 1142 2638 in
1164 2602 1195 2638 II
1210 2602 1332 2639 Ethic.
1348 2602 1369 2624 '¹‘

291 2653 457 2691 Difficile
486 2661 616 2691 autern
646 2661 682 2690 et
711 2666 918 2702 magnum,
947 2667 1047 2704 quae
1077 2654 1126 2692 ad
1154 2654 1256 2692 idem
1284 2668 1369 2705 per-

291 2707 429 2754 tinent,
451 2707 489 2744 in
517 2715 603 2744 actu
631 2707 777 2744 virtutis
805 2715 931 2757 potest
950 2706 965 2737 ¹³
994 2708 1136 2745 attendi
1157 2709 1366 2757 dupliciter.

292 2761 380 2798 Uno
410 2761 544 2808 modo,
566 2773 611 2798 ex
631 2769 738 2810 parte
765 2761 939 2798 rationis:
969 2761 1197 2811 inquantum
1227 2762 1368 2800 scilicet

292 2869 417 2919 aliqua
454 2869 614 2906 materia
643 2876 820 2906 statuere.
859 2869 908 2905 Et
946 2869 1016 2905 ista
1045 2869 1247 2906 difficultas
1285 2871 1366 2908 sola

292 2923 484 2960 invenitur
526 2922 564 2959 in
607 2930 694 2959 actu
730 2922 914 2960 virtutum
957 2922 1291 2971 intellectualium,
1330 2932 1367 2962 et

293 2977 408 3014 etiam
437 2976 475 3013 in
504 2984 591 3013 actu
611 2976 784 3013 iustitiae.
814 2976 898 3013 Alia
926 2983 1055 3013 autem
1082 2984 1137 3013 est
1166 2976 1367 3015 difficultas

293 3043 339 3068 ex
366 3038 472 3080 parte
501 3030 696 3076 materiae,
717 3042 816 3079 quae
847 3030 894 3067 de
915 3043 955 3067 se
980 3030 1272 3079 repugnantiam
1300 3032 1367 3068 ha-

1394 2581 1396 2601 ι

1394 2610 1396 2640 1

1394 2682 1396 2706 1

1423 2387 1521 2424 idest
1547 2387 1628 2424 sine
1664 2399 1798 2424 amore
1825 2388 1998 2431 honoris;
2034 2388 2210 2426 laudatur
2239 2389 2341 2427 enim
2377 2403 2499 2438 quan-

1425 2441 1553 2490 doque
1583 2440 1647 2490 qui
1668 2448 1772 2478 amat
1790 2441 1994 2488 honorem,
2016 2442 2251 2491 quandoque
2274 2451 2402 2481 autem
2433 2444 2498 2492 qui

1423 2507 1502 2531 non
1541 2503 1645 2531 curat
1679 2495 1728 2532 de
1757 2495 1923 2541 honore,
1961 2504 2076 2544 prout
2114 2496 2253 2533 scilicet
2290 2505 2498 2545 utrumque

1422 2547 1623 2585 moderate
1651 2548 1735 2585 fieri
1764 2556 1900 2597 potest.
1939 2549 2051 2586 Circa
2079 2562 2241 2598 magnos
2270 2558 2400 2587 autem
2429 2552 2497 2588 ho-

1422 2614 1537 2639 nores
1567 2610 1622 2638 est
1651 2602 1956 2650 magnanimitas.
1996 2603 2046 2639 Et
2078 2603 2165 2640 ideo
2197 2603 2404 2641 dicendum
2445 2612 2500 2641 est

1423 2656 1529 2706 quod
1549 2655 1704 2704 propria
1728 2655 1887 2693 materia
1914 2657 2235 2704 magnanimitatis
2260 2665 2317 2694 est
2336 2670 2498 2706 magnus

1421 2710 1567 2747 honor:
1600 2717 1636 2746 et
1663 2709 1713 2746 ad
1743 2722 1788 2746 ea
1822 2709 1942 2747 tendit
1976 2711 2245 2758 magnanimus
2281 2723 2381 2759 quae
2411 2719 2498 2748 sunt

1394 2771 1395 2806 ζ
1422 2775 1563 2811 magno
1594 2764 1742 2800 honore
1773 2763 1899 2811 digna.

293 2815 443 2852 difficile
487 2822 544 2852 est
581 2815 754 2852 medium
797 2815 952 2852 rationis
991 2815 1214 2853 adinvenire
1254 2825 1289 2853 et
1327 2817 1364 2854 in
1394 2815 1395 2859 ἶ

1394 2910 1396 2934 l

1476 2819 1535 2855 AD
1569 2828 1708 2854 PRIMUM
1742 2829 1841 2854 ERGO
1875 2829 2061 2854 DICENDUM
2094 2817 2200 2865 quod
2238 2830 2424 2866 magnum
2464 2827 2499 2855 et

1422 2882 1588 2920 parvum
1617 2883 1686 2920 per
1715 2871 1893 2908 accidens
1921 2883 1962 2907 se
1990 2871 2133 2908 habent
2153 2871 2200 2908 ad
2221 2872 2411 2909 honorem
2442 2885 2497 2909 se-

1394 2939 1396 2965 }
1423 2925 1595 2962 cundum
1625 2937 1666 2961 se
1695 2925 2001 2962 consideratum:
2032 2925 2100 2961 sed
2120 2937 2301 2973 magnam
2322 2926 2498 2963 differen-

1422 2978 1515 3015 tiam
1536 2978 1678 3015 faciunt
1706 2979 1920 3015 secundum
1941 2979 2048 3026 quod
2069 2987 2343 3027 comparantur
2371 2980 2420 3017 ad
2442 2992 2497 3016 ra-

1423 3032 1587 3079 tionem,
1619 3032 1725 3069 cuius
1755 3033 1917 3070 modum
1947 3032 1985 3068 in
2014 3045 2087 3069 usu
2115 3033 2273 3069 honoris
2303 3033 2496 3070 observari

292 3085 383 3121 bere
403 3091 530 3134 potest
549 3084 598 3121 ad
618 3084 782 3121 modum
811 3084 967 3121 rationis
988 3084 1052 3133 qui
1075 3091 1131 3120 est
1153 3083 1251 3121 circa
1280 3097 1367 3122 eam
1395 3083 1397 3131 i
1425 3093 1595 3134 oportet,
1626 3086 1691 3133 qui
1719 3086 1840 3123 multo
1871 3086 2060 3123 difficilius
2099 3086 2325 3123 observatur
2352 3087 2388 3123 in
2418 3099 2498 3123 ma-

292 3138 509 3187 ponendus.
540 3139 589 3175 Et
613 3138 683 3175 ista
703 3137 905 3175 difficultas
934 3137 1139 3186 praecipue
1164 3138 1369 3176 attenditur
1395 3134 1397 3178 i
1423 3139 1506 3187 gnis
1534 3139 1748 3176 honoribus
1777 3152 1894 3188 quam
1924 3139 1962 3176 in
1991 3139 2132 3188 parvis.

293 3191 333 3228 in
361 3191 441 3229 aliis
460 3191 662 3229 virtutibus
692 3191 914 3239 moralibus,
936 3203 1035 3240 quae
1056 3198 1144 3228 sunt
1164 3191 1263 3228 circa
1281 3204 1367 3241 pas-

1395 3186 1397 3246 l

1477 3194 1536 3229 AD
1566 3204 1757 3230 SECUNDUM
1786 3205 1972 3230 DICENDUM
2001 3193 2108 3240 quod
2135 3192 2172 3229 in
2202 3193 2257 3229 ira
2287 3200 2323 3229 et
2351 3193 2387 3230 in
2418 3193 2498 3230 aliis

295 3244 443 3282 siones:
473 3245 563 3294 quia
585 3245 783 3294 passiones
805 3250 985 3295 pugnant
1011 3251 1144 3282 contra
1169 3245 1367 3292 rationem,
1396 3247 1398 3286 ὲ
1424 3245 1592 3283 materiis
1630 3259 1709 3283 non
1736 3247 1853 3283 habet
1890 3246 2152 3283 difficultatem
2181 3246 2389 3283 notabilem
2428 3246 2499 3283 nisi

294 3306 335 3335 ut
362 3298 571 3347 Dionysius
600 3299 700 3346 dicit,
730 3311 766 3336 ιν
794 3311 876 3348 cap.
907 3299 953 3336 de
980 3299 1068 3336 Div.
1098 3299 1216 3336 Nom.
1237 3298 1257 3320 ’¹‘

1396 3288 1398 3324 Ι

1395 3325 1398 3352 l

1424 3299 1516 3336 illud
1537 3299 1643 3347 quod
1665 3307 1720 3336 est
1739 3300 1965 3347 maximum,
1987 3299 2086 3336 circa
2106 3301 2214 3347 quod
2234 3300 2359 3337 solum
2385 3313 2498 3349 opor-

350 3351 461 3388 Circa
490 3365 585 3401 quas
614 3352 938 3390 considerandum
961 3360 1016 3389 est
1040 3352 1145 3401 quod
1175 3352 1368 3401 quaedam
1396 3354 1398 3408 i
1424 3360 1476 3390 tet
1496 3365 1578 3389 esse
1598 3353 1791 3390 virtutem.
1821 3354 1905 3390 Alia
1933 3361 2061 3390 autem
2091 3353 2186 3391 ratio
2217 3361 2271 3391 est
2292 3354 2339 3391 de
2361 3353 2498 3391 divitiis

295 3405 495 3454 passiones
532 3414 618 3443 sunt
646 3419 745 3455 quae
774 3407 917 3443 habent
954 3418 1134 3454 magnam
1161 3406 1242 3443 vim
1280 3406 1368 3443 resi·
1396 3410 1397 3431 l

296 3459 418 3496 stendi
457 3458 593 3496 rationi
632 3459 888 3508 principaliter
925 3472 971 3497 ex
1008 3468 1115 3509 parte
1153 3460 1365 3509 passionis:

1395 3438 1398 3484 l

1425 3414 1462 3443 et
1490 3407 1718 3454 honoribus,
1749 3419 1849 3454 quae
1878 3415 1966 3444 sunt
1994 3419 2053 3444 res
2082 3415 2185 3445 extra
2218 3407 2389 3445 animam
2424 3407 2498 3444 exi-

1396 3487 1398 3499 l
1425 3467 1577 3497 StessteS.

349 3571 377 3604 α)
398 3571 597 3604 magnanimus.
610 3585 628 3590 -
647 3573 860 3605 magnanimitas
878 3572 933 3599 ΡΙ).

353 3607 378 3640 β)
394 3610 494 3640 potest.
506 3621 525 3626 -
540 3611 657 3639 possunt
675 3609 706 3632 A.

1397 3597 1399 3605 γ

1397 3608 1399 3623 i

1478 3578 1504 3607 γ)
1526 3574 1669 3598 maximos.
1682 3586 1701 3592 —
1720 3574 1857 3599 maximas
1875 3573 1941 3605 FHI,
1961 3581 2074 3608 magnos
2094 3574 2165 3600 PCa.

2520 506 2529 516 ⁸
2547 508 2597 528 Art.
2617 513 2639 533 4,
2661 507 2730 529 Corn-

2521 537 2590 555 ment.
