2768 4198
17 2634 190 2665 ‘Eumeda-

903 285 1172 331 QUAESTIO
1202 287 1395 333 CLXXX,
1425 286 1723 324 ARTICULUS
1751 287 1802 323 Vl
2368 290 2440 334 431

256 366 389 415 niatur,
407 366 565 414 exigitur
584 365 690 414 quod
711 365 849 414 duplex
869 364 950 401 eius
972 365 1197 402 difformitas
1218 378 1325 402 amo·
1353 367 1355 399 ἶ
1382 373 1529 402 rectum
1567 373 1718 402 motum
1750 365 1859 414 ponit
1886 366 1924 403 in
1958 366 2086 403 anima
2123 368 2336 406 secundum
2372 370 2446 407 hoc

255 428 402 457 veatur.
433 419 564 456 Primo
593 418 764 467 quidem,
790 418 851 454 illa
880 430 979 467 quae
1009 426 1065 455 est
1094 431 1138 455 ex
1169 418 1326 455 diversi·
1353 402 1355 467 1
1382 419 1487 467 quod
1516 419 1563 455 ab
1594 419 1841 456 exterioribus
1860 419 2100 457 sensibilibus
2124 422 2296 470 procedit
2315 423 2363 459 ad
2392 423 2446 460 in-

255 480 330 510 tate
351 472 579 510 exteriorum
599 484 747 509 rerum:
775 480 890 520 prout
910 471 1049 508 scilicet
1070 471 1245 531 relinquit
1264 484 1325 508 ex·
1353 470 1355 492 ¹
1381 471 1628 519 telligibilium
1659 472 1925 520 cognitionem.

255 526 406 563 teriora.
445 526 494 562 Et
521 525 597 562 hoc
627 532 682 561 est
714 524 820 572 quod
849 524 975 585 primo
1013 525 1122 573 ponit
1150 525 1188 561 in
1217 533 1325 562 motu
1353 505 1356 564 l
1435 525 1648 574 Obliquum
1669 534 1798 562 autem
1818 534 1967 562 motum
1988 527 2095 587 ponit
2115 528 2152 564 in
2172 529 2320 576 angelo,
2343 541 2445 566 com-

256 579 426 616 circulari
460 578 608 615 animae
638 578 830 614 introitum
859 578 974 626 ipsius
1001 579 1050 615 ab
1078 565 1355 615 exterioribus
1353 597 1355 683 3
1380 578 1549 626 positum
1579 590 1623 615 ex
1652 586 1755 615 recto
1785 587 1821 616 et
1850 579 2031 627 circulari,
2057 581 2284 628 inquantum
2312 594 2445 620 secun-

255 633 307 669 ad
322 632 495 681 seipsam.
512 652 536 659 —
558 631 738 668 Secundo
760 638 888 668 autern
909 639 1059 680 oportet
1078 632 1183 679 quod
1204 644 1327 668 remo·
1381 631 1473 667 dum
1516 632 1876 680 contemplationem
1923 633 1995 669 Dei
2038 634 2276 672 inferioribus
2317 637 2444 684 provi-

254 693 390 722 veatur
418 684 588 721 secunda
617 684 856 731 difformitas,
878 697 977 733 quae
1003 693 1059 721 est
1086 697 1154 734 per
1183 684 1354 721 discur-
1352 703 1354 719 z
1381 684 1512 721 dent&
1533 705 1557 712 -
1579 686 1620 722 In
1641 685 1769 722 anima
1789 693 1916 722 autem
1934 687 2043 735 ponit
2062 695 2211 725 motum
2232 688 2444 738 obliquum,

255 751 342 775 sum
372 737 538 774 rationis.
575 738 624 774 Et
651 738 727 774 hoc
762 738 864 775 idem
883 738 1074 797 contingit
1111 738 1325 775 secundum
1352 774 1353 779 ,
1381 737 1550 774 similiter
1579 750 1622 774 ex
1644 747 1746 775 recto
1777 747 1812 775 et
1837 739 2006 776 circulari
2034 742 2305 789 compositum,
2333 752 2446 792 prout

255 791 361 839 quod
391 803 527 828 omnes
557 790 800 839 operationes
830 790 981 828 animae
1015 792 1249 828 reducuntur
1278 792 1353 828 ad
1352 809 1353 867 3
1379 790 1718 828 illuminationibus
1747 791 1884 829 divinis
1914 793 2173 831 ratiocinando
2203 796 2328 833 utitur.

255 844 469 893 simplicem
499 845 862 893 contemplationem
888 844 1128 892 intelligibilis
1146 844 1324 881 veritatis.
1352 859 1353 894 i
1433 845 1492 880 AD
1529 855 1689 881 TERTtUM
1729 857 1914 882 montinum
1947 847 2051 895 quod
2090 848 2172 884 illae
2211 849 2445 886 diversitates

255 898 304 934 Et
331 898 406 934 hoc
436 905 491 934 est
519 898 625 946 quod
654 898 826 934 secundo
857 897 956 944 dicit,
986 898 1091 946 quod
1112 899 1326 934 necessaria
1352 899 1353 943 j
1380 904 1557 934 motuum
1577 910 1676 945 quae
1697 898 1931 947 accipiuntur
1950 901 2161 937 secundum
2192 902 2444 940 differentiam

255 958 311 988 est
340 951 540 1000 uniformis
568 951 781 988 convolutio
810 951 1113 988 intellectualium
1145 951 1325 988 virtutum
1352 945 1353 963 ¹
1381 949 1461 986 eius
1489 952 1594 999 quod
1620 958 1675 987 est
1694 963 1845 988 sursum
1876 960 1912 988 et
1940 954 2131 1001 deorsum,
2153 955 2390 993 dextrorsum
2411 964 2446 993 et

254 1004 386 1053 ipsius:
416 1013 456 1041 ut
484 1004 634 1051 scilicet,
665 1011 835 1041 cessante
865 1004 1049 1051 discursu,
1078 1004 1216 1052 figatur
1244 1004 1326 1040 eius
1352 1009 1354 1051 ξ
1381 1002 1650 1050 sinistrorsum,
1671 1012 1757 1041 ante
1787 1012 1824 1040 et
1842 1012 1955 1052 retro,
1976 1013 2012 1042 et
2040 1008 2252 1044 secundum
2275 1009 2445 1047 diversos

254 1057 409 1095 intuitus
437 1058 475 1095 in
514 1057 837 1106 contemplatione
874 1057 987 1094 unius
1020 1057 1202 1106 simplicis
1229 1057 1326 1094 veri·
1352 1053 1354 1074 ¹
1381 1056 1568 1103 circuitus,
1591 1069 1727 1094 omnes
1756 1058 1995 1095 continentur
2016 1061 2086 1096 sub
2115 1069 2223 1097 motu
2251 1071 2354 1099 recto
2382 1064 2444 1100 vel

254 1111 350 1148 tatis.
381 1112 431 1148 Et
448 1111 486 1148 in
505 1111 578 1148 hac
606 1111 827 1159 operatione
848 1110 999 1147 animae
1019 1122 1099 1146 non
1119 1118 1178 1146 est
1198 1122 1324 1147 error:
1382 1109 1551 1157 obliquo.
1590 1110 1693 1146 Nam
1730 1122 1800 1158 per
1828 1123 1964 1148 omnes
2003 1113 2218 1160 designatur
2256 1115 2445 1153 discursus

255 1164 351 1201 sicut
369 1171 473 1213 patet
492 1165 598 1213 quod
623 1163 721 1201 circa
741 1164 972 1200 intellectum
993 1163 1205 1222 primorum
1225 1163 1326 1211 prin·
1353 1181 1354 1233 3
1382 1162 1548 1199 rationis.
1580 1162 1655 1208 Qui
1684 1164 1841 1211 quidem
1870 1163 1900 1201 si
1929 1164 1975 1201 sit
1994 1177 2015 1201 a
2034 1178 2173 1226 genere
2194 1167 2241 1204 ad
2267 1170 2443 1217 speciem,

256 1218 444 1278 cipiorum
466 1229 546 1254 non
562 1225 717 1276 erratur,
734 1228 833 1265 quae
853 1216 1013 1265 simplici
1034 1215 1168 1252 intuitu
1185 1228 1326 1275 cogno·
1353 1249 1355 1282 3
1380 1215 1443 1251 vel
1472 1227 1494 1251 a
1529 1222 1608 1252 toto
1638 1216 1685 1252 ad
1723 1225 1891 1265 partem,
1927 1218 2014 1265 erit,
2049 1227 2090 1255 ut
2118 1220 2198 1269 ipse
2228 1223 2380 1270 exponit
2407 1222 2444 1271 ²⁸,

255 1271 410 1309 scimus.
430 1271 545 1319 -Et
551 1277 653 1318 tunc,
674 1270 752 1307 istis
782 1269 934 1306 duobus
962 1268 1194 1318 praemissis,
1217 1269 1325 1305 tertio
1353 1298 1354 1303 ,
1381 1268 1596 1305 seeundum
1632 1281 1784 1306 sursum
1816 1278 1851 1307 et
1884 1271 2077 1308 deorsum.
2115 1273 2155 1310 Si
2188 1286 2283 1312 vero
2323 1276 2369 1312 sit
2397 1277 2445 1314 ab

254 1325 408 1374 ponitur
429 1323 676 1360 uniformitas
697 1322 905 1360 conformis
933 1322 1088 1370 angelis,
1110 1323 1325 1358 secundum
1353 1363 1355 1367 ‚
1382 1332 1459 1357 uno
1497 1322 1765 1382 oppositorum
1794 1323 1832 1359 in
1861 1323 1982 1371 aliud,
2013 1325 2080 1361 erit
2108 1327 2320 1365 secundum
2358 1330 2447 1366 dex-

255 1379 372 1426 quod,
391 1376 670 1426 praetermissis
689 1377 882 1422 omnibus,
899 1375 937 1412 in
946 1375 1038 1412 sola
1063 1374 1136 1411 Dei
1156 1382 1355 1411 contem-
1381 1381 1545 1410 trorsum
1577 1382 1613 1410 et
1641 1375 1912 1413 sinistrorsum.
1943 1353 1983 1413 Si
2010 1390 2105 1415 vero
2135 1379 2180 1416 sit
2207 1393 2229 1417 a
2257 1382 2379 1418 causis
2408 1383 2444 1419 in

253 1429 606 1480 plationepersistit.
623 1431 672 1466 Et
686 1430 761 1466 hoc
776 1437 832 1466 est
847 1429 952 1478 quod
967 1428 1073 1466 dicit:
1090 1427 1248 1474 Deinde,
1258 1427 1327 1464 sic-
1353 1434 1354 1484 l
1383 1426 1561 1474 effectus,
1592 1427 1660 1464 erit
1696 1436 1782 1465 ante
1822 1436 1857 1466 et
1885 1437 1995 1467 retro.
2045 1431 2085 1468 Si
2111 1444 2206 1469 vero
2241 1434 2286 1470 sit
2314 1447 2447 1472 secun-

255 1481 321 1521 ut'
342 1483 679 1532 uniformisfacta,
697 1483 808 1528 unite,
824 1482 920 1519 idest
936 1480 1195 1528 conformiter,
1217 1481 1328 1517 unitis
1382 1479 1475 1516 dum
1504 1480 1717 1517 accidentia
1753 1494 1850 1530 quae
1888 1482 2131 1521 circumstant
2165 1498 2264 1533 rem,
2293 1488 2448 1536 propin-

252 1537 469 1583 virtutibus,
499 1537 552 1574 ad
571 1535 775 1585 pulchrum
804 1540 840 1572 et
873 1536 1013 1572 bonum
1046 1510 1325 1572 manuducitur.
1353 1545 1458 1588 qua
1486 1534 1548 1570 vel
1581 1532 1772 1571 remota
1782 1565 1790 1582 ,
1821 1535 1888 1572 erit
1925 1536 2110 1574 circuitus.
2154 1539 2355 1577 Discursus
2383 1555 2449 1579 au-

306 1590 438 1627 Motus
456 1597 586 1627 autem
604 1597 729 1626 rectus
748 1588 786 1626 in
806 1588 948 1637 angelis
968 1587 1087 1636 accipi
1108 1600 1186 1624 non
1202 1595 1354 1636 potest
1381 1594 1459 1623 tem
1496 1587 1671 1635 rationis,
1702 1589 1857 1637 quando
1895 1597 1949 1626 est
1982 1602 2003 1626 a
2039 1591 2279 1629 sensibilibus
2312 1594 2360 1631 ad
2394 1595 2448 1632 in—

253 1643 468 1680 secundum
489 1643 564 1679 hoc
583 1642 688 1691 quod
707 1642 745 1679 in
766 1642 1046 1679 considerando
1074 1641 1258 1690 procedat
1277 1642 1354 1678 ab
1352 1639 1582 1699 telligibilia
1610 1641 1823 1679 secundum
1863 1643 2038 1680 ordinem
2077 1645 2254 1682 naturalis
2283 1647 2447 1696 rationis,

253 1707 334 1734 uno
355 1695 392 1734 in
412 1695 537 1733 aliud:
567 1695 636 1733 sed
655 1696 781 1732 solum
802 1695 1015 1732 secundum
1036 1694 1212 1732 ordinem
1233 1707 1345 1747 suae·
1352 1693 1540 1746 pertinet
1569 1696 1615 1731 ad
1654 1702 1804 1732 motum
1841 1703 2004 1743 rectum3
2045 1699 2199 1745 quando
2238 1707 2364 1737 autem
2395 1711 2450 1739 est

253 1749 530 1800 providentiae,
552 1749 766 1786 secundum
787 1748 928 1785 scilicet
956 1749 1060 1797 quod
1082 1749 1238 1796 angelus
1265 1760 1326 1785 su·
1352 1739 1594 1784 secundum
1617 1748 1907 1786 illuminationes
1928 1726 2086 1798 divinas,
2107 1752 2267 1800 pertinet
2289 1748 2335 1791 ad
2366 1767 2447 1792 mo—

253 1803 382 1853 perior
400 1803 599 1840 inferiores
619 1802 807 1839 illuminat
825 1814 894 1851 per
914 1802 1075 1839 medios.
1107 1801 1156 1838 Et
1176 1802 1250 1838 hoc
1271 1805 1353 1842 est
1380 1809 1461 1837 tum
1482 1801 1702 1850 obliquum;
1722 1811 1764 1839 ut
1788 1815 1832 1839 ex
1853 1802 2000 1840 dictis*
2027 1812 2142 1852 patet.
2164 1827 2188 1833 -
2209 1807 2299 1843 Sola
2318 1816 2447 1846 autem

255 1856 362 1905 quod
392 1856 502 1903 dicit,
533 1856 638 1904 quod
670 1857 707 1893 in
746 1856 927 1892 directum
966 1862 1171 1892 moventur
1204 1855 1327 1902 angeli
1352 1879 1354 1891 i
1381 1853 1626 1892 immobilitas
1655 1867 1773 1903 quam
1802 1856 1922 1904 ponit,
1943 1857 2105 1905 pertinet
2133 1859 2181 1895 ad
2201 1867 2349 1897 motum
2381 1862 2447 1898 cir—

254 1910 406 1959 quando
428 1910 643 1959 procedunt
669 1910 720 1946 ad
737 1910 990 1946 subiectorum
1007 1908 1324 1957 providentiam,
1304 1913 1312 1929 ⁴
1351 1896 1354 1929 Ψ
1381 1908 1561 1945 cularem.

254 1969 357 2001 recta
376 1964 505 2001 omnia
524 1968 770 2009 transeuntes,
794 1962 902 2010 idest,
923 1962 1136 1999 secundum
1163 1974 1208 1998 ea
1228 1974 1354 2015 quae
1352 1978 1354 1991 ·
1434 1961 1546 1998 Unde
1566 1967 1669 2009 patet
1687 1962 1793 2010 quod
1817 1962 2024 2011 Dionysius
2051 1965 2170 2001 multo
2199 1966 2447 2005 sufficientius

255 2017 470 2061 secundum
509 2024 655 2054 rectum
686 1992 861 2053 ordinem
900 2015 1165 2064 disponuntur.
1197 2036 1221 2042 -
1251 2015 1355 2057 Sed1
1382 2021 1418 2050 et
1443 2014 1616 2051 subtilius
1646 2021 1805 2052 motusl‘
1835 2017 2166 2065 contemplationis
2196 2019 2383 2057 describit.

309 2138 334 2172 θ)
352 2139 431 2166 sicut.
443 2153 463 2159 -
479 2139 519 2166 sic
537 2140 583 2169 Pa,
602 2147 656 2166 om.
675 2140 708 2165 Η.

310 2175 328 2208 ι)
347 2175 386 2200 ad
411 2175 590 2201 subiectorum
614 2175 826 2208 providentiam.
843 2189 862 2194 -
885 2175 924 2200 ad
950 2174 1134 2200 subiectorum'
1153 2173 1329 2206 providentia

256 2211 407 2244 BffleA,
431 2218 450 2236 a
473 2211 652 2237 subiectorum
675 2210 852 2243 providenti-1
877 2211 909 2240 D,
933 2217 951 2235 a
975 2213 1131 2236 sanctorum
1155 2209 1330 2242 providentia

256 2247 370 2279 (rectam
389 2248 570 2279 transeuntes)
590 2248 623 2277 Η.
641 2247 679 2272 ad
697 2247 874 2272 subiectorum
898 2246 1024 2272 ordinum
1045 2245 1221 2278 providentia
1244 2246 1285 2270 ed.
1303 2252 1329 2270 a.

1436 2138 1462 2169 x)
1477 2138 1664 2170 providentst-
1678 2138 1806 2170 providet
1825 2139 1879 2165 PH.

1435 2172 1463 2205 λ)
1478 2173 1635 2206 propinqua
1648 2174 1689 2198 vel
1701 2177 1842 2200 remota.-
1822 2175 2035 2207 —propinquam
2050 2177 2091 2201 vel
2105 2180 2235 2202 remotam
2246 2178 2378 2211 PHKLpC
2389 2184 2450 2206 eta.

1438 2210 1467 2242 μ.)
1487 2211 1583 2234 motus.
1595 2223 1614 2228 —
1632 2212 1733 2234 motum
1753 2209 1780 2235 P.

931 2326 1267 2376 Commentaria
1289 2324 1544 2357 Cardjnalis
1566 2325 1769 2358 Caietam

287 2459 438 2484 motuum
463 2451 743 2492 contemplationis
763 2461 819 2492 per
841 2451 1047 2488 circularem,
1065 2455 1188 2481 rectum
1206 2456 1237 2480 et
1252 2449 1328 2480 obli·
1382 2449 1539 2480 rationem
1556 2449 1606 2480 sui
1622 2449 1741 2480 ordinis
1758 2457 1788 2480 et
1803 2460 1877 2480 suae
1894 2451 2041 2491 propriae
2057 2461 2237 2488 mensurae;
2262 2453 2325 2483 alio
2339 2454 2450 2490 modo,

255 2507 366 2539 quum,
391 2496 516 2527 adverte
540 2495 646 2537 primo
669 2496 769 2536 quod,
793 2495 870 2536 quia
893 2495 969 2526 haec
993 2494 1152 2526 distinctio
1181 2504 1328 2525 commu·
1383 2503 1420 2524 ex
1435 2501 1523 2534 parte
1539 2493 1684 2525 videntis.
1710 2495 1749 2525 Et
1765 2494 1791 2524 si
1815 2495 2033 2526 consideretur
2053 2497 2228 2526 secundum
2246 2507 2288 2533 se,
2305 2497 2358 2533 sic,
2376 2508 2450 2528 cum

257 2541 306 2572 nis
330 2548 378 2572 est
400 2540 519 2580 angelis
543 2547 574 2571 et
596 2540 793 2576 hominibus,
818 2546 850 2570 et
871 2549 980 2570 rursus
1008 2538 1329 2579 comprehensoribus
1383 2545 1507 2569 constet
1529 2538 1619 2579 quod
1643 2545 1690 2569 est
1713 2538 1809 2568 divini
1834 2539 1970 2576 ordinis,
1996 2547 2026 2570 et
2049 2540 2176 2580 propria
2209 2541 2276 2570 eius
2303 2551 2451 2572 mensura

257 2593 288 2617 et
310 2585 503 2621 viatoribus,
527 2585 600 2615 ideo
630 2594 697 2615 non
727 2590 834 2624 potest
863 2584 960 2614 unico
991 2584 1138 2624 exemplo
1162 2583 1329 2624 quodlibet
1383 2590 1431 2613 est
1454 2593 1520 2613 non
1544 2589 1671 2623 tempus
1695 2584 1943 2624 quodcumque,
1968 2594 2025 2614 nec
2048 2594 2172 2621 aevum,
2197 2585 2251 2615 sed
2275 2586 2449 2623 aeternitas,

258 2630 439 2661 membrum
463 2629 622 2660 declarari.
646 2629 709 2660 Sed
732 2639 769 2659 ex
790 2628 893 2658 littera
907 2628 924 2647 *
947 2628 1038 2658 facile
1061 2637 1234 2659 commune
1250 2627 1329 2667 quid
1383 2626 1568 2667 participata
1591 2634 1707 2664 tamen,
1727 2634 1764 2658 ut
1785 2628 1818 2657 in
1842 2638 1897 2668 qu.
1914 2638 1933 2658 x
1947 2628 1965 2647 *
1987 2628 2084 2658 Primi
2107 2628 2193 2658 Libri
2217 2629 2311 2659 huius
2336 2630 2450 2670 Operis

258 2674 365 2715 colligi
392 2681 516 2715 potest:
549 2680 584 2704 ut
612 2680 721 2704 motus
751 2672 910 2703 circularis
941 2672 980 2703 sit
1006 2672 1075 2712 ipsa
1107 2672 1240 2711 simplex
1269 2671 1329 2702 Dei
1383 2678 1484 2712 patet;
1509 2679 1539 2703 et
1555 2672 1729 2702 aeternitati
1753 2672 1955 2712 participatae
1977 2673 2097 2703 accidat
2119 2673 2233 2703 habere
2248 2674 2298 2703 vel
2314 2683 2379 2703 non
2394 2674 2449 2705 ha-

258 2718 506 2759 contemplatam
534 2724 638 2748 rectus
661 2727 737 2748 vero
761 2717 794 2747 in
817 2716 910 2747 nobis
934 2716 1065 2757 quidem
1089 2716 1249 2747 discursus
1273 2725 1328 2746 na·
1382 2716 1455 2746 bere
1479 2716 1673 2757 principium
1697 2716 1873 2746 durationis
1895 2715 2016 2759 (potest
2039 2727 2178 2758 namque
2201 2725 2366 2748 coaeterna
2382 2728 2449 2750 esse

258 2763 385 2800 turalis,
409 2763 442 2793 in
466 2762 584 2803 angelis
608 2771 683 2792 vero
706 2761 898 2792 illuminatio
923 2771 987 2801 qua
1011 2761 1188 2801 superiores
1211 2759 1329 2790 illumi-
1382 2760 1556 2792 aeternitati
1581 2771 1636 2801 per
1660 2760 1843 2791 essentiam:
1869 2767 1904 2792 ut
1927 2768 2013 2801 patet
2037 2761 2062 2791 si
2077 2762 2164 2791 Deus
2189 2769 2322 2793 creasset
2346 2773 2448 2793 unum

258 2814 336 2839 nant
358 2806 522 2838 inferiores
553 2806 643 2847 quasi
667 2806 865 2840 naturaliter;
900 2805 1051 2846 obliquus
1078 2812 1186 2835 autem
1213 2804 1328 2835 divinis
1382 2805 1532 2844 angelum
1555 2805 1685 2836 beatum
1704 2805 1742 2835 ab
1763 2803 1923 2848 aeterno):
1948 2805 2020 2835 ideo
2040 2805 2121 2835 visio
2146 2806 2235 2836 beata
2259 2806 2360 2846 angeli
2376 2817 2448 2838 vere

259 2853 359 2885 utitur
381 2858 417 2883 ut
440 2851 613 2892 principiis,
630 2858 661 2881 et
684 2851 827 2881 discursu
851 2849 884 2879 in
908 2850 1012 2886 nobis,
1029 2850 1079 2880 vel
1095 2849 1329 2880 illuminatione
1382 2849 1560 2880 secundum
1584 2859 1617 2879 se
1641 2849 1755 2879 dicitur
1778 2850 1896 2890 absque
1921 2849 2077 2889 principio
2098 2857 2128 2880 et
2142 2849 2214 2886 fine,
2232 2850 2396 2890 quoniam,
2414 2858 2450 2882 ut

258 2897 292 2929 in
315 2897 450 2937 angelis,
475 2903 511 2926 ut
534 2903 605 2926 actu
630 2905 685 2925 seu
715 2894 843 2931 effectu,
868 2900 904 2924 ut
927 2894 970 2924 sic
999 2894 1039 2925 sit
1069 2893 1268 2934 compositus
1292 2903 1329 2924 ex
1382 2893 1504 2924 dictum
1519 2901 1575 2927 est,
1593 2893 1705 2924 accidit
1724 2893 1782 2924 sibi
1801 2893 1917 2924 habere
1939 2894 2131 2934 principium
2149 2904 2186 2924 ex
2201 2901 2288 2934 parte
2304 2895 2447 2932 videntis,

259 2948 345 2973 recto
370 2948 401 2972 et
423 2940 577 2972 circulari.
1382 2938 1471 2978 quod
1488 2945 1535 2968 est
1551 2938 1728 2968 secundum
1748 2939 1940 2969 membrum.
1965 2939 2063 2975 Quod
2079 2945 2126 2969 est
2142 2938 2338 2969 considerare
2355 2940 2448 2970 visio-

315 2985 356 3016 Et
377 2985 458 3017 scias
481 2985 571 3026 quod
594 2984 652 3014 iste
676 2994 780 3014 sermo
805 2990 851 3014 est
875 2983 1088 3023 parabolicus:
1118 2982 1158 3012 ad
1183 2981 1328 3012 similitu·
1382 2992 1457 3012 nem
1480 2983 1606 3013 beatam
1629 2983 1771 3013 secundo
1795 2983 1911 3013 modo:
1937 2983 1981 3013 sic
2005 2982 2088 3013 enirn
2113 2983 2318 3019 considerata,
2336 2984 2448 3022 princi-

261 3029 368 3060 dinem
386 3033 499 3061 'motus
523 3028 691 3064 circularis,
716 3028 771 3069 qui
795 3027 945 3068 proprius
969 3034 1014 3057 est
1039 3026 1141 3063 caelo;
1166 3033 1197 3057 et
1220 3033 1328 3057 motus
1382 3026 1473 3066 pium
1496 3026 1590 3057 habet
1614 3026 1798 3058 durationis.
1823 3027 1910 3058 Sicut
1926 3027 1951 3057 si
1968 3027 2143 3057 diceremus
2159 3028 2248 3068 quod
2268 3034 2374 3058 motus
2392 3028 2449 3059 cir-

261 3073 353 3110 recti,
377 3073 495 3104 scilicet
517 3083 535 3104 a
558 3073 666 3105 medio
689 3073 740 3103 vel
764 3073 803 3103 ad
834 3071 992 3107 medium,
1018 3071 1074 3111 qui
1103 3070 1251 3111 proprius
1283 3077 1329 3101 est
1383 3071 1495 3101 cularis
1512 3078 1595 3101 caret
1610 3071 1767 3111 principio
1784 3077 1815 3101 et
1829 3070 1891 3102 fine
1908 3071 2084 3101 secundum
2099 3079 2147 3101 se:
2172 3081 2228 3111 per
2243 3071 2385 3102 accidens
2402 3078 2448 3102 ta-

261 3117 442 3154 elementis;
466 3125 497 3149 et
519 3124 628 3148 motus
652 3117 785 3158 obliqui,
806 3126 903 3157 quem
927 3115 1106 3156 experimur
1129 3115 1279 3146 continue
1295 3114 1328 3145 in
1383 3125 1466 3151 men,
1484 3115 1509 3145 si
1531 3116 1726 3156 quandoque
1747 3115 1917 3151 inchoavit,
1934 3115 2088 3146 diceretur
2110 3116 2223 3146 habere
2245 3115 2446 3155 principium.

261 2418 309 2483 lu
331 2407 465 2439 articulo
481 2414 570 2438 sexto
595 2406 739 2437 eiusdem
761 2405 968 2447 quaestionis,
986 2406 1066 2437 circa
1090 2404 1329 2436 distinctionem
1353 2402 1358 2587 l
1383 2404 1563 2445 dupliciter:
1595 2415 1660 2435 uno
1690 2405 1807 2441 modo,
1832 2405 2009 2436 secundum
2033 2416 2082 2443 se,
2107 2407 2169 2438 hoc
2198 2415 2244 2439 est
2275 2409 2450 2439 secundum

262 3161 432 3201 agitatione
458 3169 645 3200 ventorum,
677 3169 707 3192 et
735 3161 883 3202 proprius
916 3167 963 3191 est
993 3160 1107 3190 mixtis.
1139 3159 1231 3190 Unde
1261 3169 1328 3189 non
1438 3159 1491 3190 111.
1516 3159 1551 3189 In
1575 3160 1686 3190 eadem
1703 3160 1920 3200 responsione,
1938 3160 2018 3190 circa
2041 3166 2168 3190 motum
2184 3159 2366 3190 circularem
2383 3160 2448 3190 ani-

262 3211 391 3246 oportet
411 3206 633 3237 omnimodam
650 3206 890 3237 similitudinem
905 3205 937 3235 in
956 3204 1143 3245 metaphora
1157 3204 1216 3234 hac
1231 3213 1327 3244 quae·
1382 3213 1453 3234 mae
1477 3210 1611 3239 nostrae,
1629 3210 1705 3234 nota
1721 3214 1925 3244 progressum
1948 3203 2068 3234 litterae
2084 3213 2150 3234 esse
2167 3204 2262 3234 talem
2285 3210 2321 3234 ut
2342 3203 2448 3244 primo

263 3258 344 3280 rere:
369 3249 424 3280 sed
447 3256 494 3280 sat
516 3257 563 3281 est
585 3250 758 3291 intelligere
781 3251 870 3291 quod
894 3249 1016 3280 dicitur.
1382 3247 1488 3278 anima
1511 3247 1612 3278 aciem
1642 3248 1862 3279 intellectionis
1886 3258 1904 3277 a
1933 3247 2119 3287 compositis
2149 3248 2188 3278 ad
2218 3247 2373 3288 simplicia
2402 3258 2448 3279 re-

319 3294 356 3324 11.
382 3293 418 3323 In
450 3293 564 3324 eodem
594 3294 747 3332 articulo,
771 3295 804 3325 in
837 3293 1044 3335 responsione
1072 3293 1111 3325 ad
1140 3292 1327 3328 secundum,
1383 3292 1491 3322 ducat:
1515 3292 1579 3322 hoc
1595 3298 1651 3328 est,
1668 3303 1684 3322 a
1709 3292 1919 3328 sensibilibus,
1936 3302 2018 3332 quae
2034 3298 2157 3322 constat
2173 3302 2239 3322 esse
2258 3292 2447 3332 composita,

264 3337 398 3368 dubium
423 3337 560 3368 occurrit
575 3337 656 3368 circa
671 3338 726 3370 illa
747 3340 852 3376 verba,
870 3339 959 3380 quod
974 3337 1076 3378 angeli
1101 3336 1328 3374 indesinenter,
1383 3336 1422 3366 ad
1446 3335 1584 3376 seipsam
1606 3336 1693 3367 intus
1717 3336 2013 3375 contemplandam,
2037 3345 2119 3376 quae
2142 3343 2188 3366 est
2211 3335 2354 3376 simplex,
2379 3346 2448 3376 per-

264 3382 383 3422 absque
398 3382 561 3422 principio
583 3386 615 3412 et
625 3382 711 3423 fine,
735 3385 903 3415 intuentur
925 3384 1040 3414 Deum.
1069 3382 1152 3412 Nam
1177 3391 1251 3411 cum
1275 3391 1328 3410 an·
1382 3380 1496 3411 veniat.
1521 3380 1561 3410 Et
1576 3380 1627 3410 hic
1651 3387 1697 3412 est
1713 3380 1834 3420 primus
1851 3380 1975 3419 gradus.
2000 3397 2022 3402 -
2044 3379 2167 3410 Deinde
2183 3390 2200 3410 a
2216 3380 2318 3420 seipsa
2342 3390 2448 3411 ascen-

264 3427 326 3467 geli
349 3436 416 3456 non
439 3425 556 3456 fuerint
571 3426 665 3456 creati
688 3427 727 3457 ab
750 3434 892 3464 aeterum
917 3437 974 3458 nec
990 3427 1085 3458 etiam
1109 3426 1225 3456 fuerint
1247 3425 1329 3456 beati
1383 3424 1436 3454 dat
1459 3425 1664 3455 discurrendo
1688 3425 1727 3454 ad
1752 3424 2056 3464 contemplationem
2078 3423 2262 3464 quidditatis
2285 3424 2447 3465 simplicis,

265 3472 303 3501 ab
328 3477 472 3501 aeterno:
498 3476 620 3500 constat
642 3470 731 3511 quod
755 3481 821 3502 non
845 3473 964 3512 absque
988 3471 1144 3512 principio
1169 3469 1330 3510 coeperint
1383 3468 1426 3499 ita
1455 3469 1544 3509 quod
1573 3468 1635 3499 hoc
1658 3467 1711 3499 fiet
1740 3468 1773 3498 in
1797 3468 1933 3499 termino
1962 3468 2121 3498 discursus
2153 3468 2272 3509 absque
2305 3468 2446 3499 discursu

265 3515 370 3546 videre
393 3515 508 3545 Deum.
1384 3513 1508 3553 aliquo:
1534 3520 1687 3553 tanquam
1709 3513 1733 3542 si
1758 3512 1991 3553 contempletur
2011 3522 2109 3542 unam
2133 3512 2341 3543 substantiam
2358 3523 2445 3552 sepa-

321 3559 372 3590 Ad
396 3558 458 3589 hoc
489 3557 603 3589 dicitur
632 3557 720 3599 quod
744 3557 824 3588 visio
856 3559 964 3598 beata,
988 3559 1027 3590 de
1051 3570 1114 3600 qua
1145 3566 1191 3590 est
1215 3568 1329 3595 sermo,
1382 3564 1494 3588 ratam.
1526 3557 1566 3587 Et
1597 3557 1647 3588 hic
1676 3556 1793 3587 modus
1815 3556 1939 3588 videtur
1971 3566 2038 3587 esse
2061 3566 2245 3597 progressus
2274 3556 2327 3587 ille
2350 3567 2446 3597 quem

2472 1223 2545 1245 ⁸Loc.
2554 1224 2593 1245 cit.
2604 1224 2626 1245 in
2637 1230 2684 1252 arg.

2476 1808 2566 1837 ’ἷζε-,ομ
2583 1809 2611 1831 ad
2625 1816 2645 1831 2.

2475 2637 2550 2686 {dAff'
2567 2644 2591 2666 3·
2611 2641 2652 2659 m
2667 2643 2687 2666 5,

2476 3505 2534 3527 Cf.
2588 3505 2632 3526 Th.
2652 3505 2683 3526 lV

2473 3532 2545 3558 Seni„
2556 3532 2608 3553 dist.
2621 3537 2675 3552 xux

2490 3547 2683 3584 u.u‚n.n1;11l

266 3614 329 3645 qua
360 3603 463 3643 angeli
486 3602 593 3634 vident
616 3603 742 3641 Deum,
765 3609 871 3642 potest
899 3603 1031 3634 iudicari
1061 3614 1116 3634 seu
1141 3602 1331 3634 considerari
1385 3601 1492 3642 posuit
1515 3601 1728 3642 Avempace*
1750 3602 1783 3631 in
1799 3611 1929 3632 ascensu
1947 3601 1987 3631 ad
2002 3600 2191 3632 substantias
2214 3608 2379 3640 separatas,
2397 3610 2446 3630 ex·
2472 3565 2552 3632 Ξιῖιῗι,
2550 3584 2624 3610 6⁰¹³
2632 3590 2682 3611 ⁶⁸⁹
