2768 4198
79 553 88 562 ³
104 551 172 573 Num.
190 558 210 573 v.

326 296 371 332 56
889 292 1158 341 QUAESTIO
1189 291 1401 338 CXXVIII,
1431 291 1730 329 ARTICULUS
1761 292 1953 329 UNICUS

322 381 368 405 est
399 384 470 414 pars
502 373 683 415 potentialis
708 374 892 414 praecepti,
925 372 979 402 sed
1010 370 1209 410 prudentiae,
1235 379 1318 410 quae
1347 376 1393 400 est

321 419 528 459 praeceptiva.
558 419 599 449 Et
620 426 788 459 propterea
812 427 877 447 non
902 422 1045 455 respectu
1069 421 1157 445 actus
1185 414 1391 454 intelligendi,

321 464 376 493 sed
399 463 524 493 animae
550 462 773 498 intellectivae,
798 460 984 491 sensitivum
1016 458 1147 498 ponitur
1177 468 1250 498 pars
1278 466 1392 499 poten-

320 507 412 538 tialis.

376 552 413 582 X.
431 551 481 581 Ad
501 550 651 591 quintum
666 550 801 580 dubium
816 549 847 585 *,
872 546 1054 587 de=duplici
1077 546 1228 587 patientia
1252 554 1321 583 etc„
1346 557 1392 578 re-

321 596 496 636 spondetur
510 595 600 636 quod
619 594 686 624 sine
710 593 808 624 dubio
826 593 912 633 apud
941 594 1117 622 Auctorem
1133 592 1302 632 ponendae
1318 599 1394 623 sunt

321 641 400 671 duae
424 639 601 680 patientiae,
620 639 701 668 duae
717 636 981 678 perseverantiae,
1002 636 1083 666 duae
1105 635 1391 676 magnanimitates‚

320 685 400 715 duae
416 682 676 723 magnificentiae,
693 691 775 722 quae
790 681 871 711 inter
890 691 922 711 se
946 680 1050 721 specie
1067 680 1307 720 distinguuntur
1326 691 1392 711 non

320 729 400 759 sicut
422 727 542 768 species
564 726 729 767 perfectae,
747 726 801 756 sed
818 735 882 756 una
902 725 1058 766 cuiusque
1081 724 1328 755 combinationis
1346 732 1393 756 est

318 782 389 803 vere
411 772 521 807 virtus,
538 771 633 801 altera
657 771 774 800 modus
791 779 846 800 seu
867 769 1010 800 conditio
1034 770 1169 806 virtutis,
1187 776 1218 800 et
1234 779 1300 799 non
1317 780 1392 810 pro—

319 817 384 856 prie
400 817 513 846 virtus:
540 821 575 845 ut
591 817 712 846 Auctor
727 824 872 854 expresse
889 814 964 845 dicit
978 814 1011 845 in
1031 814 1176 855 sequenti
1192 814 1391 855 quaestione,

318 868 374 892 art.
392 861 422 896 6,
440 861 479 890 ad
505 860 533 895 3,
558 859 597 889 de
611 858 738 896 fiducia,
762 869 861 901 quam
877 858 1174 900 magnanimitatem
1195 859 1336 895 vocavit;
1361 866 1392 890 et

317 905 401 935 idem
425 910 471 934 est
494 903 533 933 de
556 903 624 933 aliis
647 903 812 935 iudicium.
845 903 1094 945 Distinguuntur
1121 909 1230 934 autem
1253 903 1335 934 inter
1358 914 1391 935 se

317 949 374 979 ista
397 955 535 989 quatuor
559 955 594 978 ut
616 948 747 979 virtutes
771 955 855 985 sunt,
879 955 910 979 et
934 956 969 980 ut
992 955 1097 990 partes
1126 947 1260 984 virtutis,
1286 955 1323 979 ut
1345 949 1390 979 di-

317 1000 403 1024 ctum
427 999 483 1028 est,
500 999 660 1033 quantum
681 994 721 1024 ad
750 993 889 1024 formam
905 1000 936 1024 et
959 1000 1119 1034 quantum
1149 993 1188 1023 ad
1212 993 1390 1024 materiam.

316 1037 400 1074 Quia
416 1043 452 1068 ut
474 1043 578 1077 partes
593 1037 728 1075 vinutis,
745 1038 864 1069 habent
878 1048 938 1078 pro
957 1038 1089 1069 materia
1105 1038 1207 1068 solam
1225 1037 1390 1068 materiam

316 1081 526 1112 fortitudinis:
557 1088 594 1113 ut
616 1082 748 1114 virtutes
778 1093 870 1120 vero,
895 1083 1013 1114 habent
1035 1093 1108 1114 suas
1133 1081 1277 1124 proprias
1293 1089 1390 1114 mate·

316 1126 375 1156 rias
391 1126 564 1166 disparatas
578 1137 596 1157 a
611 1127 741 1158 materia
761 1127 967 1159 fortitudinis.
989 1128 1034 1158 lta
1050 1128 1141 1169 quod
1156 1127 1255 1158 virtus
1270 1127 1392 1167 patien-

314 1170 375 1201 tiae
392 1177 439 1202 est
462 1180 529 1201 non
552 1171 633 1202 circa
657 1182 770 1203 omnes
789 1172 939 1209 tristitias,
956 1172 1032 1214 quia
1057 1182 1123 1203 non
1148 1172 1229 1203 circa
1252 1172 1390 1204 tristitias

315 1225 397 1256 quae
413 1215 536 1246 suntin
560 1216 708 1257 periculis
723 1216 870 1248 maximis
894 1224 925 1248 et
947 1217 1088 1258 optimis.
1105 1227 1188 1259 quae
1212 1225 1286 1250 sunt
1302 1217 1389 1249 forti-

315 1260 434 1291 tudinis
457 1261 603 1291 materia:
629 1262 684 1292 sed
707 1261 788 1292 circa
812 1262 888 1292 alias
903 1262 1060 1300 tristitias,
1087 1268 1123 1293 ut
1146 1265 1269 1295 Auctor
1288 1263 1319 1293 in
1345 1273 1390 1294 re—

315 1304 490 1345 sponsione
512 1306 551 1336 ad
576 1313 728 1347 quartum
752 1305 837 1337 dicit.
862 1307 904 1337 Et
927 1307 1030 1338 simile
1054 1313 1100 1338 est
1125 1307 1163 1338 de
1190 1317 1390 1349 perseveran-

314 1349 356 1380 tia
373 1356 432 1380 etc.

372 1394 455 1425 Inter
478 1404 511 1425 se
526 1404 603 1425 vero
626 1395 705 1426 istae
721 1402 861 1436 quatuor
879 1403 984 1437 partes
1007 1396 1175 1437 integrales
1195 1397 1391 1429 fortitudinis

315 1438 359 1470 sic
383 1438 622 1480 distinguuntur
636 1440 725 1481 quod
750 1441 832 1471 duae
855 1450 967 1472 earum
990 1447 1065 1473 sunt
1088 1449 1232 1482 respectu
1257 1442 1344 1479 boni,
1362 1449 1392 1473 et

315 1483 396 1514 duae
419 1490 564 1525 respectu
588 1484 674 1515 mali.
700 1484 831 1516 Fiducia
855 1485 1014 1527 siquidem
1038 1493 1069 1517 et
1092 1486 1336 1528 magnificentia,
1356 1494 1393 1518 ut

315 1535 418 1569 partes
435 1528 731 1567 suntrfortitudinis,
747 1537 822 1561 sunt
838 1537 983 1571 respectu
998 1530 1088 1562 boni:
1106 1531 1161 1562 sed
1176 1531 1230 1563 illa
1246 1539 1390 1573 respectu

1447 370 1525 400 boni
1541 377 1577 401 ut
1592 371 1724 411 praemii
1745 380 1800 401 seu
1817 370 1888 401 finis
1908 371 2038 411 sperati;
2063 371 2123 402 ista
2138 379 2283 412 respectu
2303 371 2381 402 boni
2398 378 2434 402 ut
2448 381 2524 412 ope-

1447 414 1489 445 ris
1513 416 1602 456 quod
1625 415 1671 446 fit.
1707 415 1844 456 Oportet
1868 416 1954 446 enirn
1977 416 2083 446 virum
2109 415 2227 446 fortem
2254 417 2287 447 in
2312 416 2525 457 aggrediendo

1448 459 1562 490 habere
1586 470 1678 500 spem
1701 459 1837 496 firmam,
1863 470 1962 501 quam
1985 459 2102 491 fiducia
2125 460 2200 492 facit
2223 460 2348 497 habere,
2373 461 2413 491 de
2436 461 2525 491 bono

1447 510 1592 544 sperato:
1617 505 1661 535 sic
1676 505 1763 535 enim
1779 515 1934 545 magnum
1958 505 2100 536 causabit
2119 514 2317 547 aggressum3
2342 515 2414 546 spes
2438 505 2526 536 enirn

1447 555 1493 579 est
1517 558 1612 579 causa
1635 549 1785 580 audaciae
1809 549 2027 590 aggredientis.
2062 550 2103 581 Et
2127 557 2255 590 oportet
2278 560 2401 587 rursus,
2426 559 2526 591 quam

1446 593 1534 633 prius
1551 593 1698 633 concepit
1712 603 1804 634 spem
1820 594 1859 624 de
1877 593 1999 625 fortiter
2014 595 2189 634 operando,
2205 594 2399 626 indeficienti
2415 594 2525 625 animo

1446 647 1569 668 servare
1586 638 1665 668 dum
1681 637 1804 668 fortiter
1819 638 1897 678 agit:
1915 639 2006 680 quod
2021 638 2255 679 magnificentia
2272 639 2356 670 facit.
2374 639 2420 670 Ita
2436 639 2526 680 quod

1446 688 1581 723 utraque
1605 682 1686 712 circa
1708 681 1801 722 spem
1823 683 1975 723 ponenda
1996 683 2123 715 videtur
2144 690 2290 724 respectu
2314 684 2402 721 boni,
2423 684 2524 714 diver—

1446 726 1587 757 simode:
1617 733 1654 757 ut
1677 725 1799 757 dictum
1815 734 1871 764 est,
1887 733 1919 758 et
1934 735 2093 759 consonat
2114 728 2235 759 litterae
2257 729 2392 769 ponenti
2415 729 2525 759 ambas

1446 771 1528 802 circa
1551 780 1752 811 aggressum,
1777 770 1909 801 alteram
1931 778 2075 812 respectu
2099 773 2367 814 praeparationis,
2391 773 2525 804 alteram

1446 822 1591 856 respectu
1616 815 1821 846 executionis.
1846 832 1866 838 -
1888 815 2042 847 Patientia
2063 827 2141 848 vero
2165 824 2197 848 et
2219 818 2451 858 perseverantia
2479 827 2525 848 re-

1446 866 1557 901 spectu
1582 859 1667 896 mali,
1683 859 1774 901 quod
1798 859 1923 890 tristitia
1945 860 2108 901 importat,
2126 868 2215 892 sunt:
2239 862 2294 892 illa
2312 862 2459 904 quidem,
2485 872 2525 893 ne

1445 905 1573 936 animus
1590 904 1754 945 frangatur
1768 903 1901 935 tristitiis
1913 913 1996 946 quae
2012 911 2087 935 sunt
2101 905 2134 936 in
2149 906 2300 946 periculis
2311 907 2435 944 mortis,
2449 913 2524 943 etc.;

1445 950 1504 981 ista
1526 959 1621 986 vero,
1647 959 1686 980 ne
1709 949 1818 989 ipsum
1846 948 1901 979 diu
1933 949 2087 980 sustinere
2109 950 2184 981 talia
2213 950 2313 982 tn'stia
2344 961 2427 992 quae
2451 958 2526 982 sunt

1444 994 1478 1025 in
1502 994 1652 1035 periculis
1679 994 1801 1028 mortis.
1826 999 1897 1030 etc„
1914 993 2061 1024 animum
2077 993 2196 1035 fatiget.
2221 995 2263 1026 Et
2280 1002 2451 1036 propterea
2466 996 2525 1027 hae

1444 1046 1549 1080 partes
1573 1039 1606 1069 in
1631 1037 1873 1079 concupiscibili
1890 1039 2059 1080 ponendae
2078 1045 2164 1075 sunt,
2179 1039 2214 1069 in
2235 1048 2302 1080 qua
2324 1047 2372 1072 est
2389 1040 2524 1072 tristitia.

1501 1084 1595 1115 Unde
1619 1083 1786 1120 fortitudo,
1810 1082 1884 1114 licet
1905 1083 1946 1114 sit
1964 1082 1997 1114 in
2020 1082 2179 1120 irascibili,
2195 1083 2229 1114 in
2246 1093 2313 1125 qua
2331 1091 2407 1116 sunt
2429 1085 2526 1116 timor

1445 1135 1476 1160 et
1499 1128 1641 1165 audacia,
1666 1127 1761 1168 exigit
1783 1134 1891 1158 tamen
1907 1126 2126 1159 modificatam
2149 1138 2241 1169 spem
2257 1134 2289 1160 et
2301 1128 2462 1160 tristitiam
2486 1131 2526 1161 ad

1444 1181 1575 1205 actuum
1600 1183 1735 1204 suorum
1759 1172 1999 1213 perfectionem.
2025 1173 2066 1203 Et
2089 1180 2258 1213 propterea
2275 1179 2433 1204 vocantur
2454 1183 2525 1207 mo-

1445 1218 1605 1249 dificantia
1628 1218 1706 1249 haec
1729 1225 1834 1259 partes
1857 1217 2034 1258 integrales.
2073 1218 2114 1249 Et
2137 1227 2194 1258 per
2216 1218 2294 1249 haec
2322 1224 2410 1259 patet
2435 1220 2526 1260 quod

1445 1273 1511 1294 non
1528 1262 1700 1304 superflue,
1717 1262 1773 1293 sed
1789 1262 1966 1294 necessario
1981 1262 2237 1304 multiplicantur
2251 1262 2440 1294 huiusmodi
2456 1273 2526 1294 mo-

1446 1308 1526 1339 rales
1549 1308 1775 1349 dispositiones
1799 1314 1830 1338 et
1853 1307 1994 1338 habitus:
2028 1314 2065 1338 ut
2088 1307 2207 1339 scilicet
2230 1307 2263 1338 in
2293 1307 2436 1348 qualibet
2458 1318 2525 1339 ma-

1445 1353 1522 1384 teria
1546 1353 1675 1394 propria
1689 1352 1788 1384 virtus
1806 1362 1881 1383 cum
1901 1351 2141 1383 conditionibus
2157 1352 2317 1393 requisitis
2336 1352 2525 1390 inveniatur,

1446 1397 1536 1439 quasi
1561 1404 1667 1429 totum
1699 1407 1774 1428 cum
1798 1397 1864 1428 suis
1893 1397 2036 1438 partibus
2066 1397 2302 1438 heterogeneis;
2333 1404 2364 1429 et
2393 1397 2527 1429 evitetur

1446 1442 1595 1474 confusio
1625 1442 1823 1474 indistinctas
1853 1442 2035 1484 relinquens
2065 1447 2195 1474 naturas
2222 1448 2369 1474 totorum
2399 1449 2430 1473 et
2454 1452 2526 1484 par-

1445 1487 1544 1524 tium3
1569 1497 1605 1518 ac
1628 1497 1685 1528 per
1708 1487 1770 1518 hoc
1794 1487 1945 1528 patientia
1969 1497 2052 1528 quae
2076 1494 2124 1518 est
2146 1479 2275 1543 toflffJ
2289 1486 2345 1518 fiat
2367 1497 2450 1528 pars,
2471 1493 2527 1519 aut

1446 1542 1463 1563 e
1488 1539 1607 1563 contra.
2218 1546 2240 1560 a
