<?xml version="1.0" encoding="UTF-8"?>
<!DOCTYPE html PUBLIC "-//W3C//DTD XHTML 1.0 Transitional//EN"
    "http://www.w3.org/TR/xhtml1/DTD/xhtml1-transitional.dtd">
<html xmlns="http://www.w3.org/1999/xhtml" xml:lang="en" lang="en">
 <head>
  <title>
</title>
<meta http-equiv="Content-Type" content="text/html;charset=utf-8" />
  <meta name='ocr-system' content='tesseract 3.04.00' />
  <meta name='ocr-capabilities' content='ocr_page ocr_carea ocr_par ocr_line ocrx_word'/>
</head>
<body>
  <div class='ocr_page' id='page_1' title='image "./operaomniaiussui10thom/operaomniaiussui10thom_0173.png"; bbox 0 0 2768 4198; ppageno 0'>
   <div class='ocr_carea' id='block_1_1' title="bbox 0 866 3 896">
    <p class='ocr_par' dir='ltr' id='par_1_1' title="bbox 0 866 3 896">
     <span class='ocr_line' id='line_1_1' title="bbox 0 866 3 896; baseline 0 0"><span class='ocrx_word' id='word_1_1' title='bbox 0 866 3 896; x_wconf 74' lang='grc' dir='ltr'><strong>ἱ</strong></span> 
     </span>
    </p>
   </div>
   <div class='ocr_carea' id='block_1_2' title="bbox 0 909 56 4198">
    <p class='ocr_par' dir='ltr' id='par_1_2' title="bbox 0 909 56 4198">
     <span class='ocr_line' id='line_1_2' title="bbox 0 909 56 4198; baseline 0 0"><span class='ocrx_word' id='word_1_2' title='bbox 0 909 56 4198; x_wconf 95' lang='lat' dir='ltr'> </span> 
     </span>
    </p>
   </div>
   <div class='ocr_carea' id='block_1_3' title="bbox 53 899 270 1004">
    <p class='ocr_par' dir='ltr' id='par_1_3' title="bbox 53 899 270 1004">
     <span class='ocr_line' id='line_1_3' title="bbox 54 899 268 928; baseline -0.019 -5"><span class='ocrx_word' id='word_1_3' title='bbox 54 902 66 913; x_wconf 80' lang='grc'><em>·</em></span> <span class='ocrx_word' id='word_1_4' title='bbox 71 900 108 923; x_wconf 79' lang='lat' dir='ltr'>De</span> <span class='ocrx_word' id='word_1_5' title='bbox 120 899 268 928; x_wconf 60' lang='lat' dir='ltr'>Tmarii.</span> 
     </span>
     <span class='ocr_line' id='line_1_4' title="bbox 53 925 270 976; baseline -0.014 0"><span class='ocrx_word' id='word_1_6' title='bbox 53 925 270 976; x_wconf 53' lang='grc' dir='ltr'>ζῃττηῖἐκεεῑ</span> 
     </span>
     <span class='ocr_line' id='line_1_5' title="bbox 55 981 113 1004; baseline -0.017 0"><span class='ocrx_word' id='word_1_7' title='bbox 55 981 113 1004; x_wconf 72' lang='lat' dir='ltr'>clun.</span> 
     </span>
    </p>
   </div>
   <div class='ocr_carea' id='block_1_4' title="bbox 59 1428 173 1453">
    <p class='ocr_par' dir='ltr' id='par_1_4' title="bbox 59 1428 173 1453">
     <span class='ocr_line' id='line_1_6' title="bbox 59 1428 173 1453; baseline 0.009 -1"><span class='ocrx_word' id='word_1_8' title='bbox 59 1429 136 1452; x_wconf 66' lang='lat' dir='ltr'>‘Am</span> <span class='ocrx_word' id='word_1_9' title='bbox 150 1428 173 1453; x_wconf 70' lang='grc'>8.</span> 
     </span>
    </p>
   </div>
   <div class='ocr_carea' id='block_1_5' title="bbox 23 1749 1408 1870">
    <p class='ocr_par' dir='ltr' id='par_1_5' title="bbox 23 1749 1408 1870">
     <span class='ocr_line' id='line_1_7' title="bbox 61 1749 278 1779; baseline -0.014 -6"><span class='ocrx_word' id='word_1_10' title='bbox 61 1749 278 1779; x_wconf 60' lang='lat' dir='ltr'>‘Qu-mum.</span> 
     </span>
     <span class='ocr_line' id='line_1_8' title="bbox 23 1782 864 1827; baseline -0.007 -7"><span class='ocrx_word' id='word_1_11' title='bbox 23 1790 26 1795; x_wconf 89' lang='lat'>&#39;</span> <span class='ocrx_word' id='word_1_12' title='bbox 246 1794 251 1797; x_wconf 86' lang='lat'>&#39;</span> <span class='ocrx_word' id='word_1_13' title='bbox 303 1795 380 1827; x_wconf 83' lang='lat' dir='ltr'>ergo</span> <span class='ocrx_word' id='word_1_14' title='bbox 404 1784 602 1816; x_wconf 84' lang='lat' dir='ltr'>fortitudinis</span> <span class='ocrx_word' id='word_1_15' title='bbox 626 1792 672 1816; x_wconf 91' lang='lat' dir='ltr'>est</span> <span class='ocrx_word' id='word_1_16' title='bbox 696 1782 864 1814; x_wconf 85' lang='lat' dir='ltr'>difficilior.</span> 
     </span>
     <span class='ocr_line' id='line_1_9' title="bbox 361 1827 1408 1870; baseline -0.004 -9"><span class='ocrx_word' id='word_1_17' title='bbox 361 1830 400 1861; x_wconf 85' lang='lat' dir='ltr'>ll.</span> <span class='ocrx_word' id='word_1_18' title='bbox 424 1830 475 1861; x_wconf 91' lang='lat' dir='ltr'>Ad</span> <span class='ocrx_word' id='word_1_19' title='bbox 493 1830 638 1870; x_wconf 81' lang='lat' dir='ltr'>primum</span> <span class='ocrx_word' id='word_1_20' title='bbox 657 1829 774 1859; x_wconf 90' lang='lat' dir='ltr'>horum</span> <span class='ocrx_word' id='word_1_21' title='bbox 792 1827 906 1858; x_wconf 87' lang='lat' dir='ltr'>dicitur</span> <span class='ocrx_word' id='word_1_22' title='bbox 920 1827 1010 1868; x_wconf 90' lang='lat' dir='ltr'>quod</span> <span class='ocrx_word' id='word_1_23' title='bbox 1026 1827 1129 1858; x_wconf 87' lang='lat' dir='ltr'>maior</span> <span class='ocrx_word' id='word_1_24' title='bbox 1145 1834 1191 1858; x_wconf 91' lang='lat' dir='ltr'>est</span> <span class='ocrx_word' id='word_1_25' title='bbox 1207 1837 1279 1857; x_wconf 81' lang='lat' dir='ltr'>vera</span> <span class='ocrx_word' id='word_1_26' title='bbox 1299 1833 1379 1858; x_wconf 90' lang='lat' dir='ltr'>cete·</span> <span class='ocrx_word' id='word_1_27' title='bbox 1407 1827 1408 1834; x_wconf 61' lang='lat'>¹</span> 
     </span>
    </p>
   </div>
   <div class='ocr_carea' id='block_1_6' title="bbox 69 2538 232 2567">
    <p class='ocr_par' dir='ltr' id='par_1_6' title="bbox 69 2538 232 2567">
     <span class='ocr_line' id='line_1_10' title="bbox 69 2538 232 2567; baseline -0.018 -5"><span class='ocrx_word' id='word_1_28' title='bbox 69 2538 81 2552; x_wconf 76' lang='lat'>⁸</span> <span class='ocrx_word' id='word_1_29' title='bbox 93 2538 151 2567; x_wconf 73' lang='lat' dir='ltr'>Cap.</span> <span class='ocrx_word' id='word_1_30' title='bbox 165 2543 232 2561; x_wconf 68' lang='lat' dir='ltr'>nni.</span> 
     </span>
    </p>
   </div>
   <div class='ocr_carea' id='block_1_7' title="bbox 950 266 1391 314">
    <p class='ocr_par' dir='ltr' id='par_1_7' title="bbox 950 266 1391 314">
     <span class='ocr_line' id='line_1_11' title="bbox 950 266 1391 314; baseline -0.007 -10"><span class='ocrx_word' id='word_1_31' title='bbox 950 266 1220 314; x_wconf 91' lang='lat' dir='ltr'>QUAESTlO</span> <span class='ocrx_word' id='word_1_32' title='bbox 1250 266 1369 302; x_wconf 91' lang='lat' dir='ltr'>CXLI</span> <span class='ocrx_word' id='word_1_33' title='bbox 1382 295 1391 312; x_wconf 90' lang='lat'>‚</span> 
     </span>
    </p>
   </div>
   <div class='ocr_carea' id='block_1_8' title="bbox 290 344 1390 398">
    <p class='ocr_par' dir='ltr' id='par_1_8' title="bbox 290 344 1390 398">
     <span class='ocr_line' id='line_1_12' title="bbox 290 344 1390 398; baseline -0.008 -9"><span class='ocrx_word' id='word_1_34' title='bbox 290 359 392 389; x_wconf 83' lang='lat' dir='ltr'>satur</span> <span class='ocrx_word' id='word_1_35' title='bbox 421 362 466 388; x_wconf 92' lang='lat' dir='ltr'>ex</span> <span class='ocrx_word' id='word_1_36' title='bbox 494 349 666 398; x_wconf 90' lang='lat' dir='ltr'>quodam</span> <span class='ocrx_word' id='word_1_37' title='bbox 696 347 908 394; x_wconf 90' lang='lat' dir='ltr'>accidente,</span> <span class='ocrx_word' id='word_1_38' title='bbox 937 353 1029 395; x_wconf 89' lang='lat' dir='ltr'>puta</span> <span class='ocrx_word' id='word_1_39' title='bbox 1058 358 1103 382; x_wconf 86' lang='lat' dir='ltr'>ex</span> <span class='ocrx_word' id='word_1_40' title='bbox 1132 345 1258 394; x_wconf 89' lang='lat' dir='ltr'>aliqua</span> <span class='ocrx_word' id='word_1_41' title='bbox 1286 345 1360 380; x_wconf 91' lang='lat' dir='ltr'>lae-</span> <span class='ocrx_word' id='word_1_42' title='bbox 1388 344 1390 381; x_wconf 67' lang='grc' dir='ltr'>ᾗ</span> 
     </span>
    </p>
   </div>
   <div class='ocr_carea' id='block_1_9' title="bbox 290 397 1367 709">
    <p class='ocr_par' dir='ltr' id='par_1_9' title="bbox 290 397 1367 709">
     <span class='ocr_line' id='line_1_13' title="bbox 291 397 1363 447; baseline -0.007 -5"><span class='ocrx_word' id='word_1_43' title='bbox 291 405 397 442; x_wconf 83' lang='lat' dir='ltr'>sione</span> <span class='ocrx_word' id='word_1_44' title='bbox 427 403 690 440; x_wconf 75' lang='lat' dir='ltr'>contristante:</span> <span class='ocrx_word' id='word_1_45' title='bbox 720 409 757 438; x_wconf 89' lang='lat' dir='ltr'>et</span> <span class='ocrx_word' id='word_1_46' title='bbox 784 400 872 438; x_wconf 92' lang='lat' dir='ltr'>ideo</span> <span class='ocrx_word' id='word_1_47' title='bbox 902 400 976 436; x_wconf 90' lang='lat' dir='ltr'>cito</span> <span class='ocrx_word' id='word_1_48' title='bbox 1005 399 1154 445; x_wconf 83' lang='lat' dir='ltr'>transit,</span> <span class='ocrx_word' id='word_1_49' title='bbox 1185 397 1363 447; x_wconf 89' lang='lat' dir='ltr'>quamvis</span> 
     </span>
     <span class='ocr_line' id='line_1_14' title="bbox 291 453 1362 505; baseline -0.008 -9"><span class='ocrx_word' id='word_1_50' title='bbox 291 469 475 505; x_wconf 87' lang='lat' dir='ltr'>magnum</span> <span class='ocrx_word' id='word_1_51' title='bbox 504 456 692 504; x_wconf 89' lang='lat' dir='ltr'>impetum</span> <span class='ocrx_word' id='word_1_52' title='bbox 720 454 872 491; x_wconf 87' lang='lat' dir='ltr'>habeat.</span> <span class='ocrx_word' id='word_1_53' title='bbox 912 453 991 490; x_wconf 90' lang='lat' dir='ltr'>Sed</span> <span class='ocrx_word' id='word_1_54' title='bbox 1024 453 1187 501; x_wconf 90' lang='lat' dir='ltr'>impetus</span> <span class='ocrx_word' id='word_1_55' title='bbox 1224 463 1362 488; x_wconf 90' lang='lat' dir='ltr'>concu-</span> 
     </span>
     <span class='ocr_line' id='line_1_15' title="bbox 290 506 1365 560; baseline -0.007 -12"><span class='ocrx_word' id='word_1_56' title='bbox 290 510 497 560; x_wconf 86' lang='lat' dir='ltr'>piscentiae</span> <span class='ocrx_word' id='word_1_57' title='bbox 527 507 808 547; x_wconf 81' lang='lat' dir='ltr'><strong>delectabilium</strong></span> <span class='ocrx_word' id='word_1_58' title='bbox 837 514 958 544; x_wconf 88' lang='lat' dir='ltr'>tactus</span> <span class='ocrx_word' id='word_1_59' title='bbox 986 506 1158 556; x_wconf 88' lang='lat' dir='ltr'>procedit</span> <span class='ocrx_word' id='word_1_60' title='bbox 1184 517 1230 542; x_wconf 88' lang='lat' dir='ltr'>ex</span> <span class='ocrx_word' id='word_1_61' title='bbox 1250 517 1365 542; x_wconf 90' lang='lat' dir='ltr'>causa</span> 
     </span>
     <span class='ocr_line' id='line_1_16' title="bbox 292 558 1367 602; baseline -0.007 0"><span class='ocrx_word' id='word_1_62' title='bbox 292 564 470 602; x_wconf 88' lang='lat' dir='ltr'>naturali:</span> <span class='ocrx_word' id='word_1_63' title='bbox 501 562 603 600; x_wconf 91' lang='lat' dir='ltr'>unde</span> <span class='ocrx_word' id='word_1_64' title='bbox 632 569 689 599; x_wconf 91' lang='lat' dir='ltr'>est</span> <span class='ocrx_word' id='word_1_65' title='bbox 717 560 930 599; x_wconf 81' lang='lat' dir='ltr'>diuturnior</span> <span class='ocrx_word' id='word_1_66' title='bbox 958 568 994 596; x_wconf 92' lang='lat' dir='ltr'>et</span> <span class='ocrx_word' id='word_1_67' title='bbox 1023 558 1280 597; x_wconf 89' lang='lat' dir='ltr'>communior.</span> <span class='ocrx_word' id='word_1_68' title='bbox 1319 558 1367 594; x_wconf 86' lang='lat' dir='ltr'>Et</span> 
     </span>
     <span class='ocr_line' id='line_1_17' title="bbox 292 612 1366 665; baseline -0.007 -10"><span class='ocrx_word' id='word_1_69' title='bbox 292 617 380 655; x_wconf 91' lang='lat' dir='ltr'>ideo</span> <span class='ocrx_word' id='word_1_70' title='bbox 419 618 468 654; x_wconf 87' lang='lat' dir='ltr'>ad</span> <span class='ocrx_word' id='word_1_71' title='bbox 495 615 804 665; x_wconf 83' lang='lat' dir='ltr'>principaliorem</span> <span class='ocrx_word' id='word_1_72' title='bbox 832 614 1015 651; x_wconf 89' lang='lat' dir='ltr'>virtutem</span> <span class='ocrx_word' id='word_1_73' title='bbox 1050 613 1213 662; x_wconf 82' lang='lat' dir='ltr'>pertinet</span> <span class='ocrx_word' id='word_1_74' title='bbox 1241 612 1366 660; x_wconf 90' lang='lat' dir='ltr'>ipsum</span> 
     </span>
     <span class='ocr_line' id='line_1_18' title="bbox 294 671 497 709; baseline -0.01 0"><span class='ocrx_word' id='word_1_75' title='bbox 294 671 497 709; x_wconf 87' lang='lat' dir='ltr'>refrenare.</span> 
     </span>
    </p>
   </div>
   <div class='ocr_carea' id='block_1_10' title="bbox 1419 262 2482 302">
    <p class='ocr_par' dir='ltr' id='par_1_10' title="bbox 1419 262 2482 302">
     <span class='ocr_line' id='line_1_19' title="bbox 1419 262 2482 302; baseline -0.006 1"><span class='ocrx_word' id='word_1_76' title='bbox 1419 265 1719 302; x_wconf 88' lang='lat' dir='ltr'>ARTICULUS</span> <span class='ocrx_word' id='word_1_77' title='bbox 1748 264 1835 301; x_wconf 89' lang='lat' dir='ltr'>VIII</span> <span class='ocrx_word' id='word_1_78' title='bbox 2416 262 2457 297; x_wconf 85' lang='lat'>13</span> <span class='ocrx_word' id='word_1_79' title='bbox 2470 275 2482 298; x_wconf 91' lang='lat'>1</span> 
     </span>
    </p>
   </div>
   <div class='ocr_carea' id='block_1_11' title="bbox 1418 341 2493 712">
    <p class='ocr_par' dir='ltr' id='par_1_11' title="bbox 1418 341 2493 712">
     <span class='ocr_line' id='line_1_20' title="bbox 1470 341 2487 391; baseline -0.004 -10"><span class='ocrx_word' id='word_1_80' title='bbox 1470 347 1528 381; x_wconf 85' lang='lat' dir='ltr'>AD</span> <span class='ocrx_word' id='word_1_81' title='bbox 1566 356 1727 381; x_wconf 80' lang='lat' dir='ltr'>TERTlUM</span> <span class='ocrx_word' id='word_1_82' title='bbox 1769 354 1954 380; x_wconf 61' lang='lat' dir='ltr'>menapum</span> <span class='ocrx_word' id='word_1_83' title='bbox 1997 341 2104 391; x_wconf 90' lang='lat' dir='ltr'>quod</span> <span class='ocrx_word' id='word_1_84' title='bbox 2143 353 2188 378; x_wconf 90' lang='lat' dir='ltr'>ea</span> <span class='ocrx_word' id='word_1_85' title='bbox 2226 352 2392 389; x_wconf 91' lang='lat' dir='ltr'>quorum</span> <span class='ocrx_word' id='word_1_86' title='bbox 2433 348 2487 377; x_wconf 85' lang='lat' dir='ltr'>est</span> 
     </span>
     <span class='ocr_line' id='line_1_21' title="bbox 1418 393 2488 445; baseline -0.005 -11"><span class='ocrx_word' id='word_1_87' title='bbox 1418 409 1517 445; x_wconf 84' lang='lat' dir='ltr'>speS,</span> <span class='ocrx_word' id='word_1_88' title='bbox 1539 406 1625 434; x_wconf 90' lang='lat' dir='ltr'>sunt</span> <span class='ocrx_word' id='word_1_89' title='bbox 1653 397 1785 434; x_wconf 89' lang='lat' dir='ltr'>altiora</span> <span class='ocrx_word' id='word_1_90' title='bbox 1814 397 1873 434; x_wconf 90' lang='lat' dir='ltr'>his</span> <span class='ocrx_word' id='word_1_91' title='bbox 1897 407 2065 444; x_wconf 90' lang='lat' dir='ltr'>quorum</span> <span class='ocrx_word' id='word_1_92' title='bbox 2087 402 2143 432; x_wconf 90' lang='lat' dir='ltr'>est</span> <span class='ocrx_word' id='word_1_93' title='bbox 2162 393 2488 443; x_wconf 89' lang='lat' dir='ltr'>concupiscentia:</span> 
     </span>
     <span class='ocr_line' id='line_1_22' title="bbox 1420 447 2491 499; baseline -0.004 -12"><span class='ocrx_word' id='word_1_94' title='bbox 1420 458 1456 486; x_wconf 92' lang='lat' dir='ltr'>et</span> <span class='ocrx_word' id='word_1_95' title='bbox 1476 459 1632 498; x_wconf 91' lang='lat' dir='ltr'>propter</span> <span class='ocrx_word' id='word_1_96' title='bbox 1656 452 1731 487; x_wconf 87' lang='lat' dir='ltr'>hoe</span> <span class='ocrx_word' id='word_1_97' title='bbox 1760 463 1847 499; x_wconf 90' lang='lat' dir='ltr'>spes</span> <span class='ocrx_word' id='word_1_98' title='bbox 1875 449 2031 498; x_wconf 92' lang='lat' dir='ltr'>ponitur</span> <span class='ocrx_word' id='word_1_99' title='bbox 2059 448 2186 497; x_wconf 85' lang='lat' dir='ltr'>passio</span> <span class='ocrx_word' id='word_1_100' title='bbox 2215 447 2433 496; x_wconf 90' lang='lat' dir='ltr'>principalis</span> <span class='ocrx_word' id='word_1_101' title='bbox 2453 447 2491 483; x_wconf 90' lang='lat' dir='ltr'>in</span> 
     </span>
     <span class='ocr_line' id='line_1_23' title="bbox 1420 500 2493 552; baseline -0.003 -13"><span class='ocrx_word' id='word_1_102' title='bbox 1420 503 1608 540; x_wconf 86' lang='lat' dir='ltr'>irascibili.</span> <span class='ocrx_word' id='word_1_103' title='bbox 1646 504 1724 540; x_wconf 87' lang='lat' dir='ltr'>Sed</span> <span class='ocrx_word' id='word_1_104' title='bbox 1754 516 1798 541; x_wconf 90' lang='lat' dir='ltr'>ea</span> <span class='ocrx_word' id='word_1_105' title='bbox 1827 515 1993 552; x_wconf 90' lang='lat' dir='ltr'>quorum</span> <span class='ocrx_word' id='word_1_106' title='bbox 2030 510 2085 539; x_wconf 91' lang='lat' dir='ltr'>est</span> <span class='ocrx_word' id='word_1_107' title='bbox 2120 500 2428 550; x_wconf 88' lang='lat' dir='ltr'>concupiscentia</span> <span class='ocrx_word' id='word_1_108' title='bbox 2458 509 2493 537; x_wconf 93' lang='lat' dir='ltr'>et</span> 
     </span>
     <span class='ocr_line' id='line_1_24' title="bbox 1422 554 2491 603; baseline -0.004 -9"><span class='ocrx_word' id='word_1_109' title='bbox 1422 556 1621 594; x_wconf 87' lang='lat' dir='ltr'>delectatio</span> <span class='ocrx_word' id='word_1_110' title='bbox 1641 565 1774 603; x_wconf 82' lang='lat' dir='ltr'>tactuS,</span> <span class='ocrx_word' id='word_1_111' title='bbox 1795 556 2063 594; x_wconf 89' lang='lat' dir='ltr'>vehementius</span> <span class='ocrx_word' id='word_1_112' title='bbox 2091 563 2250 593; x_wconf 89' lang='lat' dir='ltr'>movent</span> <span class='ocrx_word' id='word_1_113' title='bbox 2270 554 2491 603; x_wconf 86' lang='lat' dir='ltr'>appetitum,</span> 
     </span>
     <span class='ocr_line' id='line_1_25' title="bbox 1422 608 2492 658; baseline -0.002 -12"><span class='ocrx_word' id='word_1_114' title='bbox 1422 609 1512 657; x_wconf 92' lang='lat' dir='ltr'>quia</span> <span class='ocrx_word' id='word_1_115' title='bbox 1541 618 1629 646; x_wconf 90' lang='lat' dir='ltr'>sunt</span> <span class='ocrx_word' id='word_1_116' title='bbox 1657 611 1776 658; x_wconf 84' lang='lat' dir='ltr'>magis</span> <span class='ocrx_word' id='word_1_117' title='bbox 1805 611 2000 648; x_wconf 85' lang='lat' dir='ltr'>naturalia.</span> <span class='ocrx_word' id='word_1_118' title='bbox 2035 611 2084 647; x_wconf 90' lang='lat' dir='ltr'>Et</span> <span class='ocrx_word' id='word_1_119' title='bbox 2113 609 2200 646; x_wconf 90' lang='lat' dir='ltr'>ideo</span> <span class='ocrx_word' id='word_1_120' title='bbox 2228 608 2492 658; x_wconf 82' lang='lat' dir='ltr'>temperantia,</span> 
     </span>
     <span class='ocr_line' id='line_1_26' title="bbox 1422 661 2490 712; baseline -0.001 -13"><span class='ocrx_word' id='word_1_121' title='bbox 1422 675 1521 712; x_wconf 89' lang='lat' dir='ltr'>quae</span> <span class='ocrx_word' id='word_1_122' title='bbox 1551 663 1589 699; x_wconf 92' lang='lat' dir='ltr'>in</span> <span class='ocrx_word' id='word_1_123' title='bbox 1617 663 1675 700; x_wconf 92' lang='lat' dir='ltr'>his</span> <span class='ocrx_word' id='word_1_124' title='bbox 1698 665 1859 701; x_wconf 89' lang='lat' dir='ltr'>modum</span> <span class='ocrx_word' id='word_1_125' title='bbox 1891 663 2028 710; x_wconf 87' lang='lat' dir='ltr'>statuit,</span> <span class='ocrx_word' id='word_1_126' title='bbox 2050 671 2105 700; x_wconf 88' lang='lat' dir='ltr'>est</span> <span class='ocrx_word' id='word_1_127' title='bbox 2125 663 2242 700; x_wconf 88' lang='lat' dir='ltr'>virtus</span> <span class='ocrx_word' id='word_1_128' title='bbox 2263 661 2490 711; x_wconf 88' lang='lat' dir='ltr'>principalis.</span> 
     </span>
    </p>
   </div>
   <div class='ocr_carea' id='block_1_12' title="bbox 976 759 1812 796">
    <p class='ocr_par' dir='ltr' id='par_1_12' title="bbox 976 759 1812 796">
     <span class='ocr_line' id='line_1_27' title="bbox 976 759 1812 796; baseline -0.006 0"><span class='ocrx_word' id='word_1_129' title='bbox 976 762 1311 796; x_wconf 67' lang='lat' dir='ltr'>Commentario.</span> <span class='ocrx_word' id='word_1_130' title='bbox 1335 759 1587 793; x_wconf 71' lang='lat' dir='ltr'>Garamans</span> <span class='ocrx_word' id='word_1_131' title='bbox 1611 759 1812 792; x_wconf 71' lang='lat' dir='ltr'>Caietam</span> 
     </span>
    </p>
   </div>
   <div class='ocr_carea' id='block_1_13' title="bbox 326 842 1398 887">
    <p class='ocr_par' dir='ltr' id='par_1_13' title="bbox 326 842 1398 887">
     <span class='ocr_line' id='line_1_28' title="bbox 326 842 1398 887; baseline -0.004 -9"><span class='ocrx_word' id='word_1_132' title='bbox 326 858 346 879; x_wconf 68' lang='lat' dir='ltr'>n</span> <span class='ocrx_word' id='word_1_133' title='bbox 370 847 505 878; x_wconf 89' lang='lat' dir='ltr'>articulo</span> <span class='ocrx_word' id='word_1_134' title='bbox 530 846 669 887; x_wconf 88' lang='lat' dir='ltr'>septimo</span> <span class='ocrx_word' id='word_1_135' title='bbox 694 845 838 876; x_wconf 87' lang='lat' dir='ltr'>eiusdem</span> <span class='ocrx_word' id='word_1_136' title='bbox 862 844 1058 885; x_wconf 84' lang='lat' dir='ltr'>quaestionis</span> <span class='ocrx_word' id='word_1_137' title='bbox 1083 843 1220 874; x_wconf 88' lang='lat' dir='ltr'>dubium</span> <span class='ocrx_word' id='word_1_138' title='bbox 1237 853 1274 874; x_wconf 89' lang='lat' dir='ltr'>ex</span> <span class='ocrx_word' id='word_1_139' title='bbox 1290 842 1372 872; x_wconf 90' lang='lat' dir='ltr'>Mar·</span> <span class='ocrx_word' id='word_1_140' title='bbox 1396 872 1398 874; x_wconf 14' lang='lat' dir='ltr'>i</span> 
     </span>
    </p>
   </div>
   <div class='ocr_carea' id='block_1_14' title="bbox 298 888 1373 1022">
    <p class='ocr_par' dir='ltr' id='par_1_14' title="bbox 298 888 1373 1022">
     <span class='ocr_line' id='line_1_29' title="bbox 327 888 1371 930; baseline -0.006 -7"><span class='ocrx_word' id='word_1_141' title='bbox 327 892 414 928; x_wconf 90' lang='lat' dir='ltr'>tino,</span> <span class='ocrx_word' id='word_1_142' title='bbox 438 892 471 922; x_wconf 92' lang='lat' dir='ltr'>in</span> <span class='ocrx_word' id='word_1_143' title='bbox 496 891 613 922; x_wconf 90' lang='lat' dir='ltr'>eodem</span> <span class='ocrx_word' id='word_1_144' title='bbox 643 897 776 921; x_wconf 87' lang='lat' dir='ltr'>tractatu</span> <span class='ocrx_word' id='word_1_145' title='bbox 795 890 822 925; x_wconf 88' lang='lat'>*‚</span> <span class='ocrx_word' id='word_1_146' title='bbox 847 900 901 930; x_wconf 89' lang='lat' dir='ltr'>qu.</span> <span class='ocrx_word' id='word_1_147' title='bbox 926 899 949 919; x_wconf 88' lang='lat'>11</span> <span class='ocrx_word' id='word_1_148' title='bbox 969 889 1018 925; x_wconf 82' lang='lat'>**,</span> <span class='ocrx_word' id='word_1_149' title='bbox 1043 888 1195 924; x_wconf 89' lang='lat' dir='ltr'>occurrit,</span> <span class='ocrx_word' id='word_1_150' title='bbox 1220 893 1371 927; x_wconf 84' lang='lat' dir='ltr'>arguente</span> 
     </span>
     <span class='ocr_line' id='line_1_30' title="bbox 298 931 1373 975; baseline -0.007 -7"><span class='ocrx_word' id='word_1_151' title='bbox 298 945 408 969; x_wconf 84' lang='lat' dir='ltr'>contra</span> <span class='ocrx_word' id='word_1_152' title='bbox 440 935 598 967; x_wconf 88' lang='lat' dir='ltr'>rationem</span> <span class='ocrx_word' id='word_1_153' title='bbox 622 935 752 971; x_wconf 84' lang='lat' dir='ltr'>litterae,</span> <span class='ocrx_word' id='word_1_154' title='bbox 777 944 841 975; x_wconf 92' lang='lat' dir='ltr'>qua</span> <span class='ocrx_word' id='word_1_155' title='bbox 870 933 1078 975; x_wconf 83' lang='lat' dir='ltr'>temperantia</span> <span class='ocrx_word' id='word_1_156' title='bbox 1110 932 1242 973; x_wconf 85' lang='lat' dir='ltr'>ponitur</span> <span class='ocrx_word' id='word_1_157' title='bbox 1273 931 1373 962; x_wconf 89' lang='lat' dir='ltr'>virtus</span> 
     </span>
     <span class='ocr_line' id='line_1_31' title="bbox 298 976 1372 1022; baseline -0.007 -9"><span class='ocrx_word' id='word_1_158' title='bbox 298 981 464 1014; x_wconf 86' lang='lat' dir='ltr'>cardinalis</span> <span class='ocrx_word' id='word_1_159' title='bbox 494 981 570 1022; x_wconf 84' lang='lat' dir='ltr'>quia</span> <span class='ocrx_word' id='word_1_160' title='bbox 604 979 800 1017; x_wconf 83' lang='lat' dir='ltr'>moderatio,</span> <span class='ocrx_word' id='word_1_161' title='bbox 825 988 908 1020; x_wconf 84' lang='lat' dir='ltr'>quae</span> <span class='ocrx_word' id='word_1_162' title='bbox 939 979 971 1008; x_wconf 88' lang='lat' dir='ltr'>in</span> <span class='ocrx_word' id='word_1_163' title='bbox 1002 978 1090 1008; x_wconf 87' lang='lat' dir='ltr'>omni</span> <span class='ocrx_word' id='word_1_164' title='bbox 1117 978 1235 1008; x_wconf 84' lang='lat' dir='ltr'>virtute</span> <span class='ocrx_word' id='word_1_165' title='bbox 1266 976 1372 1017; x_wconf 86' lang='lat' dir='ltr'>requi-</span> 
     </span>
    </p>
   </div>
   <div class='ocr_carea' id='block_1_15' title="bbox 1424 840 2498 969">
    <p class='ocr_par' dir='ltr' id='par_1_15' title="bbox 1424 840 2498 969">
     <span class='ocr_line' id='line_1_32' title="bbox 1424 840 2498 881; baseline 0.001 -11"><span class='ocrx_word' id='word_1_166' title='bbox 1424 840 1557 870; x_wconf 82' lang='lat' dir='ltr'>materia</span> <span class='ocrx_word' id='word_1_167' title='bbox 1583 840 1826 880; x_wconf 87' lang='lat' dir='ltr'>temperantiae:</span> <span class='ocrx_word' id='word_1_168' title='bbox 1852 848 1887 871; x_wconf 93' lang='lat' dir='ltr'>ut</span> <span class='ocrx_word' id='word_1_169' title='bbox 1910 840 1942 870; x_wconf 91' lang='lat' dir='ltr'>in</span> <span class='ocrx_word' id='word_1_170' title='bbox 1966 841 2068 871; x_wconf 90' lang='lat' dir='ltr'>littera</span> <span class='ocrx_word' id='word_1_171' title='bbox 2092 848 2186 881; x_wconf 89' lang='lat' dir='ltr'>patet,</span> <span class='ocrx_word' id='word_1_172' title='bbox 2211 841 2244 871; x_wconf 89' lang='lat' dir='ltr'>in</span> <span class='ocrx_word' id='word_1_173' title='bbox 2269 851 2404 881; x_wconf 90' lang='lat' dir='ltr'>corpore</span> <span class='ocrx_word' id='word_1_174' title='bbox 2429 840 2498 871; x_wconf 85' lang='lat' dir='ltr'>arti-</span> 
     </span>
     <span class='ocr_line' id='line_1_33' title="bbox 1426 885 2126 925; baseline 0.001 -10"><span class='ocrx_word' id='word_1_175' title='bbox 1426 885 1489 916; x_wconf 88' lang='lat' dir='ltr'>culi</span> <span class='ocrx_word' id='word_1_176' title='bbox 1515 892 1544 914; x_wconf 94' lang='lat' dir='ltr'>et</span> <span class='ocrx_word' id='word_1_177' title='bbox 1569 885 1831 924; x_wconf 87' lang='lat' dir='ltr'>responsionibus</span> <span class='ocrx_word' id='word_1_178' title='bbox 1852 892 2126 925; x_wconf 85' lang='lat' dir='ltr'>argumentorum.</span> 
     </span>
     <span class='ocr_line' id='line_1_34' title="bbox 1486 929 2497 969; baseline 0 -10"><span class='ocrx_word' id='word_1_179' title='bbox 1486 929 1537 959; x_wconf 91' lang='lat' dir='ltr'>Ad</span> <span class='ocrx_word' id='word_1_180' title='bbox 1560 929 1748 966; x_wconf 84' lang='lat' dir='ltr'>secundum,</span> <span class='ocrx_word' id='word_1_181' title='bbox 1766 937 1899 969; x_wconf 87' lang='lat' dir='ltr'>negatur</span> <span class='ocrx_word' id='word_1_182' title='bbox 1914 930 2112 961; x_wconf 88' lang='lat' dir='ltr'>antecedens.</span> <span class='ocrx_word' id='word_1_183' title='bbox 2138 930 2302 967; x_wconf 86' lang='lat' dir='ltr'>Quoniam</span> <span class='ocrx_word' id='word_1_184' title='bbox 2319 929 2497 960; x_wconf 87' lang='lat' dir='ltr'>moderatio</span> 
     </span>
    </p>
   </div>
   <div class='ocr_carea' id='block_1_16' title="bbox 1398 973 2498 1015">
    <p class='ocr_par' dir='ltr' id='par_1_16' title="bbox 1398 973 2498 1018">
     <span class='ocr_line' id='line_1_35' title="bbox 1398 973 2498 1015; baseline 0.002 -12"><span class='ocrx_word' id='word_1_185' title='bbox 1398 985 1401 997; x_wconf 81' lang='grc'>·</span> <span class='ocrx_word' id='word_1_186' title='bbox 1428 973 1566 1015; x_wconf 83' lang='lat' dir='ltr'>proprie,</span> <span class='ocrx_word' id='word_1_187' title='bbox 1592 980 1626 1004; x_wconf 92' lang='lat' dir='ltr'>ut</span> <span class='ocrx_word' id='word_1_188' title='bbox 1650 973 1854 1014; x_wconf 83' lang='lat' dir='ltr'>distinguitur</span> <span class='ocrx_word' id='word_1_189' title='bbox 1878 981 1987 1004; x_wconf 89' lang='lat' dir='ltr'>contra</span> <span class='ocrx_word' id='word_1_190' title='bbox 2011 974 2086 1004; x_wconf 88' lang='lat' dir='ltr'>alias</span> <span class='ocrx_word' id='word_1_191' title='bbox 2111 974 2310 1005; x_wconf 90' lang='lat' dir='ltr'>conditiones</span> <span class='ocrx_word' id='word_1_192' title='bbox 2333 974 2498 1010; x_wconf 85' lang='lat' dir='ltr'>virtutum,</span> 
     </span>
    </p>
   </div>
   <div class='ocr_carea' id='block_1_17' title="bbox 297 1018 2500 1110">
    <p class='ocr_par' dir='ltr' id='par_1_17' title="bbox 297 1018 2500 1110">
     <span class='ocr_line' id='line_1_36' title="bbox 298 1018 2500 1066; baseline -0.004 -9"><span class='ocrx_word' id='word_1_193' title='bbox 298 1028 395 1064; x_wconf 86' lang='lat' dir='ltr'>ritur,</span> <span class='ocrx_word' id='word_1_194' title='bbox 413 1026 593 1066; x_wconf 83' lang='lat' dir='ltr'>praecipue</span> <span class='ocrx_word' id='word_1_195' title='bbox 623 1025 779 1055; x_wconf 86' lang='lat' dir='ltr'>laudatur</span> <span class='ocrx_word' id='word_1_196' title='bbox 802 1024 835 1054; x_wconf 88' lang='lat' dir='ltr'>in</span> <span class='ocrx_word' id='word_1_197' title='bbox 859 1022 1123 1054; x_wconf 80' lang='lat' dir='ltr'>delectationibus</span> <span class='ocrx_word' id='word_1_198' title='bbox 1146 1027 1265 1058; x_wconf 82' lang='lat' dir='ltr'>tactus,</span> <span class='ocrx_word' id='word_1_199' title='bbox 1290 1030 1374 1061; x_wconf 86' lang='lat' dir='ltr'>quae</span> <span class='ocrx_word' id='word_1_200' title='bbox 1399 1019 1402 1048; x_wconf 76' lang='lat' dir='ltr'>i</span> <span class='ocrx_word' id='word_1_201' title='bbox 1428 1029 1493 1049; x_wconf 91' lang='lat' dir='ltr'>non</span> <span class='ocrx_word' id='word_1_202' title='bbox 1519 1025 1565 1048; x_wconf 91' lang='lat' dir='ltr'>est</span> <span class='ocrx_word' id='word_1_203' title='bbox 1589 1018 1765 1058; x_wconf 88' lang='lat' dir='ltr'>potissima.</span> <span class='ocrx_word' id='word_1_204' title='bbox 1790 1019 1856 1048; x_wconf 89' lang='lat' dir='ltr'>Nec</span> <span class='ocrx_word' id='word_1_205' title='bbox 1873 1026 1918 1048; x_wconf 85' lang='lat' dir='ltr'>est</span> <span class='ocrx_word' id='word_1_206' title='bbox 1937 1028 2049 1048; x_wconf 87' lang='lat' dir='ltr'>verum</span> <span class='ocrx_word' id='word_1_207' title='bbox 2073 1019 2162 1059; x_wconf 92' lang='lat' dir='ltr'>quod</span> <span class='ocrx_word' id='word_1_208' title='bbox 2186 1029 2409 1060; x_wconf 86' lang='lat' dir='ltr'>quaecumque</span> <span class='ocrx_word' id='word_1_209' title='bbox 2426 1026 2500 1049; x_wconf 91' lang='lat' dir='ltr'>sunt</span> 
     </span>
     <span class='ocr_line' id='line_1_37' title="bbox 297 1062 2499 1110; baseline -0.004 -8"><span class='ocrx_word' id='word_1_210' title='bbox 297 1077 374 1103; x_wconf 87' lang='lat' dir='ltr'>sunt</span> <span class='ocrx_word' id='word_1_211' title='bbox 397 1071 535 1101; x_wconf 88' lang='lat' dir='ltr'>materia</span> <span class='ocrx_word' id='word_1_212' title='bbox 564 1069 808 1110; x_wconf 81' lang='lat' dir='ltr'>temperantiae.</span> <span class='ocrx_word' id='word_1_213' title='bbox 831 1068 949 1098; x_wconf 86' lang='lat' dir='ltr'>Probat</span> <span class='ocrx_word' id='word_1_214' title='bbox 978 1076 1054 1106; x_wconf 85' lang='lat' dir='ltr'>ergo</span> <span class='ocrx_word' id='word_1_215' title='bbox 1082 1067 1171 1107; x_wconf 90' lang='lat' dir='ltr'>quod</span> <span class='ocrx_word' id='word_1_216' title='bbox 1196 1064 1374 1096; x_wconf 81' lang='lat' dir='ltr'>moderatio</span> <span class='ocrx_word' id='word_1_217' title='bbox 1400 1072 1402 1096; x_wconf 68' lang='lat'>¹,</span> <span class='ocrx_word' id='word_1_218' title='bbox 1428 1062 1599 1094; x_wconf 83' lang='lat' dir='ltr'>laudabilia</span> <span class='ocrx_word' id='word_1_219' title='bbox 1634 1062 1666 1092; x_wconf 90' lang='lat' dir='ltr'>in</span> <span class='ocrx_word' id='word_1_220' title='bbox 1702 1062 1834 1099; x_wconf 91' lang='lat' dir='ltr'>virtute,</span> <span class='ocrx_word' id='word_1_221' title='bbox 1867 1063 2036 1093; x_wconf 82' lang='lat' dir='ltr'>laudentur</span> <span class='ocrx_word' id='word_1_222' title='bbox 2067 1063 2099 1092; x_wconf 89' lang='lat' dir='ltr'>in</span> <span class='ocrx_word' id='word_1_223' title='bbox 2133 1063 2243 1093; x_wconf 87' lang='lat' dir='ltr'>ordine</span> <span class='ocrx_word' id='word_1_224' title='bbox 2273 1064 2311 1094; x_wconf 91' lang='lat' dir='ltr'>ad</span> <span class='ocrx_word' id='word_1_225' title='bbox 2344 1064 2499 1094; x_wconf 84' lang='lat' dir='ltr'>modum:</span> 
     </span>
    </p>
   </div>
   <div class='ocr_carea' id='block_1_18' title="bbox 299 1111 1374 1155">
    <p class='ocr_par' dir='ltr' id='par_1_18' title="bbox 299 1111 1374 1155">
     <span class='ocr_line' id='line_1_38' title="bbox 299 1111 1374 1155; baseline -0.007 -8"><span class='ocrx_word' id='word_1_226' title='bbox 299 1127 365 1147; x_wconf 91' lang='lat' dir='ltr'>non</span> <span class='ocrx_word' id='word_1_227' title='bbox 401 1122 448 1146; x_wconf 88' lang='lat' dir='ltr'>est</span> <span class='ocrx_word' id='word_1_228' title='bbox 482 1114 652 1155; x_wconf 84' lang='lat' dir='ltr'>praecipue</span> <span class='ocrx_word' id='word_1_229' title='bbox 692 1112 860 1144; x_wconf 88' lang='lat' dir='ltr'>laudabilis</span> <span class='ocrx_word' id='word_1_230' title='bbox 894 1112 927 1142; x_wconf 93' lang='lat' dir='ltr'>in</span> <span class='ocrx_word' id='word_1_231' title='bbox 962 1111 1226 1142; x_wconf 86' lang='lat' dir='ltr'>delectationibus</span> <span class='ocrx_word' id='word_1_232' title='bbox 1262 1116 1374 1141; x_wconf 81' lang='lat' dir='ltr'>tactus.</span> 
     </span>
    </p>
   </div>
   <div class='ocr_carea' id='block_1_19' title="bbox 1429 1107 2500 1149">
    <p class='ocr_par' dir='ltr' id='par_1_19' title="bbox 1429 1107 2500 1149">
     <span class='ocr_line' id='line_1_39' title="bbox 1429 1107 2500 1149; baseline 0 -11"><span class='ocrx_word' id='word_1_233' title='bbox 1429 1107 1576 1149; x_wconf 84' lang='lat' dir='ltr'>quamvis</span> <span class='ocrx_word' id='word_1_234' title='bbox 1601 1107 1668 1137; x_wconf 91' lang='lat' dir='ltr'>sine</span> <span class='ocrx_word' id='word_1_235' title='bbox 1693 1108 1792 1138; x_wconf 91' lang='lat' dir='ltr'>modo</span> <span class='ocrx_word' id='word_1_236' title='bbox 1817 1118 1883 1138; x_wconf 90' lang='lat' dir='ltr'>non</span> <span class='ocrx_word' id='word_1_237' title='bbox 1907 1107 2077 1137; x_wconf 89' lang='lat' dir='ltr'>laudabilia</span> <span class='ocrx_word' id='word_1_238' title='bbox 2094 1108 2165 1139; x_wconf 90' lang='lat' dir='ltr'>sint.</span> <span class='ocrx_word' id='word_1_239' title='bbox 2184 1108 2323 1138; x_wconf 86' lang='lat' dir='ltr'>Discrete</span> <span class='ocrx_word' id='word_1_240' title='bbox 2343 1109 2500 1149; x_wconf 89' lang='lat' dir='ltr'>siquidem</span> 
     </span>
    </p>
   </div>
   <div class='ocr_carea' id='block_1_20' title="bbox 298 1152 2502 1201">
    <p class='ocr_par' dir='ltr' id='par_1_20' title="bbox 298 1152 2502 1201">
     <span class='ocr_line' id='line_1_40' title="bbox 298 1152 2502 1201; baseline -0.004 -9"><span class='ocrx_word' id='word_1_241' title='bbox 298 1162 420 1198; x_wconf 83' lang='lat' dir='ltr'>Primo,</span> <span class='ocrx_word' id='word_1_242' title='bbox 445 1159 521 1201; x_wconf 88' lang='lat' dir='ltr'>quia</span> <span class='ocrx_word' id='word_1_243' title='bbox 551 1158 730 1189; x_wconf 86' lang='lat' dir='ltr'>moderatio</span> <span class='ocrx_word' id='word_1_244' title='bbox 755 1157 854 1188; x_wconf 91' lang='lat' dir='ltr'>ardua</span> <span class='ocrx_word' id='word_1_245' title='bbox 881 1155 1071 1186; x_wconf 87' lang='lat' dir='ltr'>laudabilior</span> <span class='ocrx_word' id='word_1_246' title='bbox 1099 1163 1146 1186; x_wconf 88' lang='lat' dir='ltr'>est</span> <span class='ocrx_word' id='word_1_247' title='bbox 1175 1166 1239 1186; x_wconf 91' lang='lat' dir='ltr'>non</span> <span class='ocrx_word' id='word_1_248' title='bbox 1266 1155 1374 1185; x_wconf 88' lang='lat' dir='ltr'>ardua.</span> <span class='ocrx_word' id='word_1_249' title='bbox 1402 1192 1404 1199; x_wconf 27' lang='lat' dir='ltr'><em>A</em></span> <span class='ocrx_word' id='word_1_250' title='bbox 1430 1163 1521 1193; x_wconf 87' lang='lat' dir='ltr'>agere</span> <span class='ocrx_word' id='word_1_251' title='bbox 1546 1152 1653 1192; x_wconf 90' lang='lat' dir='ltr'>potior</span> <span class='ocrx_word' id='word_1_252' title='bbox 1677 1159 1723 1182; x_wconf 91' lang='lat' dir='ltr'>est</span> <span class='ocrx_word' id='word_1_253' title='bbox 1747 1152 1890 1183; x_wconf 89' lang='lat' dir='ltr'>conditio</span> <span class='ocrx_word' id='word_1_254' title='bbox 1914 1162 2012 1192; x_wconf 87' lang='lat' dir='ltr'>quam</span> <span class='ocrx_word' id='word_1_255' title='bbox 2037 1153 2214 1188; x_wconf 79' lang='lat' dir='ltr'>moderate,</span> <span class='ocrx_word' id='word_1_256' title='bbox 2240 1160 2270 1183; x_wconf 93' lang='lat' dir='ltr'>et</span> <span class='ocrx_word' id='word_1_257' title='bbox 2293 1153 2435 1183; x_wconf 88' lang='lat' dir='ltr'>similiter</span> <span class='ocrx_word' id='word_1_258' title='bbox 2458 1162 2502 1182; x_wconf 88' lang='lat' dir='ltr'>re-</span> 
     </span>
    </p>
   </div>
   <div class='ocr_carea' id='block_1_21' title="bbox 300 1200 1378 1376">
    <p class='ocr_par' dir='ltr' id='par_1_21' title="bbox 300 1200 1375 1281">
     <span class='ocr_line' id='line_1_41' title="bbox 300 1200 1375 1237; baseline -0.007 0"><span class='ocrx_word' id='word_1_259' title='bbox 300 1206 362 1237; x_wconf 87' lang='lat' dir='ltr'>Sed</span> <span class='ocrx_word' id='word_1_260' title='bbox 393 1204 572 1235; x_wconf 87' lang='lat' dir='ltr'>moderatio</span> <span class='ocrx_word' id='word_1_261' title='bbox 606 1204 639 1233; x_wconf 89' lang='lat' dir='ltr'>in</span> <span class='ocrx_word' id='word_1_262' title='bbox 670 1201 933 1233; x_wconf 87' lang='lat' dir='ltr'>delectationibus</span> <span class='ocrx_word' id='word_1_263' title='bbox 968 1208 1070 1231; x_wconf 88' lang='lat' dir='ltr'>tactus</span> <span class='ocrx_word' id='word_1_264' title='bbox 1094 1210 1161 1231; x_wconf 90' lang='lat' dir='ltr'>non</span> <span class='ocrx_word' id='word_1_265' title='bbox 1192 1207 1239 1231; x_wconf 90' lang='lat' dir='ltr'>est</span> <span class='ocrx_word' id='word_1_266' title='bbox 1265 1200 1375 1230; x_wconf 88' lang='lat' dir='ltr'>ardua.</span> 
     </span>
     <span class='ocr_line' id='line_1_42' title="bbox 301 1251 397 1281; baseline -0.01 0"><span class='ocrx_word' id='word_1_267' title='bbox 301 1251 343 1281; x_wconf 88' lang='lat' dir='ltr'>Er</span> <span class='ocrx_word' id='word_1_268' title='bbox 366 1260 397 1280; x_wconf 94' lang='lat' dir='ltr'>o.</span> 
     </span>
    </p>

    <p class='ocr_par' dir='ltr' id='par_1_22' title="bbox 301 1260 1378 1376">
     <span class='ocr_line' id='line_1_43' title="bbox 344 1260 1378 1331; baseline -0.006 -6"><span class='ocrx_word' id='word_1_269' title='bbox 344 1260 516 1327; x_wconf 75' lang='lat' dir='ltr'>gSecundo.</span> <span class='ocrx_word' id='word_1_270' title='bbox 548 1291 728 1323; x_wconf 88' lang='lat' dir='ltr'>Moderatio</span> <span class='ocrx_word' id='word_1_271' title='bbox 751 1291 784 1321; x_wconf 91' lang='lat' dir='ltr'>in</span> <span class='ocrx_word' id='word_1_272' title='bbox 809 1290 900 1321; x_wconf 89' lang='lat' dir='ltr'>omni</span> <span class='ocrx_word' id='word_1_273' title='bbox 928 1289 1045 1320; x_wconf 91' lang='lat' dir='ltr'>virtute</span> <span class='ocrx_word' id='word_1_274' title='bbox 1073 1296 1120 1320; x_wconf 89' lang='lat' dir='ltr'>est</span> <span class='ocrx_word' id='word_1_275' title='bbox 1143 1289 1175 1319; x_wconf 92' lang='lat' dir='ltr'>id</span> <span class='ocrx_word' id='word_1_276' title='bbox 1199 1289 1289 1331; x_wconf 91' lang='lat' dir='ltr'>quod</span> <span class='ocrx_word' id='word_1_277' title='bbox 1319 1299 1378 1329; x_wconf 92' lang='lat' dir='ltr'>po-</span> 
     </span>
     <span class='ocr_line' id='line_1_44' title="bbox 301 1334 1378 1376; baseline -0.006 -6"><span class='ocrx_word' id='word_1_278' title='bbox 301 1339 422 1370; x_wconf 84' lang='lat' dir='ltr'>tissime</span> <span class='ocrx_word' id='word_1_279' title='bbox 446 1338 603 1368; x_wconf 88' lang='lat' dir='ltr'>laudatur.</span> <span class='ocrx_word' id='word_1_280' title='bbox 628 1337 724 1376; x_wconf 84' lang='lat' dir='ltr'>Ergo,</span> <span class='ocrx_word' id='word_1_281' title='bbox 745 1335 771 1366; x_wconf 90' lang='lat' dir='ltr'>si</span> <span class='ocrx_word' id='word_1_282' title='bbox 794 1334 1021 1376; x_wconf 85' lang='lat' dir='ltr'>temperantiae</span> <span class='ocrx_word' id='word_1_283' title='bbox 1045 1334 1174 1375; x_wconf 90' lang='lat' dir='ltr'>propria</span> <span class='ocrx_word' id='word_1_284' title='bbox 1197 1340 1244 1364; x_wconf 89' lang='lat' dir='ltr'>est</span> <span class='ocrx_word' id='word_1_285' title='bbox 1268 1334 1378 1364; x_wconf 84' lang='lat' dir='ltr'>mode-</span> 
     </span>
    </p>
   </div>
   <div class='ocr_carea' id='block_1_22' title="bbox 301 1378 1406 1465">
    <p class='ocr_par' dir='ltr' id='par_1_23' title="bbox 301 1378 1406 1465">
     <span class='ocr_line' id='line_1_45' title="bbox 301 1378 1406 1423; baseline -0.005 -8"><span class='ocrx_word' id='word_1_286' title='bbox 301 1384 392 1420; x_wconf 89' lang='lat' dir='ltr'>ratio,</span> <span class='ocrx_word' id='word_1_287' title='bbox 409 1384 479 1423; x_wconf 84' lang='lat' dir='ltr'>ipsa</span> <span class='ocrx_word' id='word_1_288' title='bbox 495 1390 576 1414; x_wconf 89' lang='lat' dir='ltr'>esset</span> <span class='ocrx_word' id='word_1_289' title='bbox 591 1380 853 1412; x_wconf 83' lang='lat' dir='ltr'>excellentissima</span> <span class='ocrx_word' id='word_1_290' title='bbox 875 1380 1041 1410; x_wconf 87' lang='lat' dir='ltr'>virtutum.</span> <span class='ocrx_word' id='word_1_291' title='bbox 1068 1378 1170 1410; x_wconf 89' lang='lat' dir='ltr'>Cuius</span> <span class='ocrx_word' id='word_1_292' title='bbox 1188 1379 1378 1420; x_wconf 89' lang='lat' dir='ltr'>oppositum</span> <span class='ocrx_word' id='word_1_293' title='bbox 1405 1380 1406 1401; x_wconf 61' lang='lat'><strong>³</strong></span> 
     </span>
     <span class='ocr_line' id='line_1_46' title="bbox 302 1418 1406 1465; baseline -0.006 -5"><span class='ocrx_word' id='word_1_294' title='bbox 302 1428 398 1460; x_wconf 88' lang='lat' dir='ltr'>sentit</span> <span class='ocrx_word' id='word_1_295' title='bbox 419 1430 543 1458; x_wconf 90' lang='lat' dir='ltr'>Auctor</span> <span class='ocrx_word' id='word_1_296' title='bbox 557 1426 585 1457; x_wconf 83' lang='lat'>*.</span> <span class='ocrx_word' id='word_1_297' title='bbox 609 1444 629 1448; x_wconf 98' lang='lat'><em>-</em></span> <span class='ocrx_word' id='word_1_298' title='bbox 653 1426 852 1456; x_wconf 89' lang='lat' dir='ltr'>Antecedens</span> <span class='ocrx_word' id='word_1_299' title='bbox 876 1425 1039 1465; x_wconf 87' lang='lat' dir='ltr'>probatur.</span> <span class='ocrx_word' id='word_1_300' title='bbox 1065 1423 1150 1461; x_wconf 86' lang='lat' dir='ltr'>Quia</span> <span class='ocrx_word' id='word_1_301' title='bbox 1167 1424 1276 1454; x_wconf 89' lang='lat' dir='ltr'>omnia</span> <span class='ocrx_word' id='word_1_302' title='bbox 1297 1434 1379 1464; x_wconf 88' lang='lat' dir='ltr'>quae</span> <span class='ocrx_word' id='word_1_303' title='bbox 1405 1418 1406 1429; x_wconf 62' lang='lat'>¹</span> 
     </span>
    </p>
   </div>
   <div class='ocr_carea' id='block_1_23' title="bbox 301 1468 1380 1593">
    <p class='ocr_par' dir='ltr' id='par_1_24' title="bbox 301 1468 1380 1593">
     <span class='ocr_line' id='line_1_47' title="bbox 301 1468 1378 1509; baseline -0.005 -5"><span class='ocrx_word' id='word_1_304' title='bbox 301 1472 473 1504; x_wconf 84' lang='lat' dir='ltr'>laudabilia</span> <span class='ocrx_word' id='word_1_305' title='bbox 501 1478 576 1503; x_wconf 91' lang='lat' dir='ltr'>sunt</span> <span class='ocrx_word' id='word_1_306' title='bbox 599 1471 632 1502; x_wconf 91' lang='lat' dir='ltr'>in</span> <span class='ocrx_word' id='word_1_307' title='bbox 655 1470 787 1506; x_wconf 90' lang='lat' dir='ltr'>virtute,</span> <span class='ocrx_word' id='word_1_308' title='bbox 812 1469 885 1500; x_wconf 89' lang='lat' dir='ltr'>ideo</span> <span class='ocrx_word' id='word_1_309' title='bbox 909 1469 1080 1500; x_wconf 88' lang='lat' dir='ltr'>laudantur</span> <span class='ocrx_word' id='word_1_310' title='bbox 1104 1468 1180 1509; x_wconf 86' lang='lat' dir='ltr'>quia</span> <span class='ocrx_word' id='word_1_311' title='bbox 1204 1469 1244 1499; x_wconf 88' lang='lat' dir='ltr'>ad</span> <span class='ocrx_word' id='word_1_312' title='bbox 1268 1469 1378 1500; x_wconf 90' lang='lat' dir='ltr'>mode-</span> 
     </span>
     <span class='ocr_line' id='line_1_48' title="bbox 302 1516 738 1550; baseline -0.007 -1"><span class='ocrx_word' id='word_1_313' title='bbox 302 1517 460 1550; x_wconf 84' lang='lat' dir='ltr'>rationem</span> <span class='ocrx_word' id='word_1_314' title='bbox 483 1516 629 1547; x_wconf 88' lang='lat' dir='ltr'>ordinata</span> <span class='ocrx_word' id='word_1_315' title='bbox 653 1522 738 1546; x_wconf 88' lang='lat' dir='ltr'>sunt.</span> 
     </span>
     <span class='ocr_line' id='line_1_49' title="bbox 363 1557 1380 1593; baseline -0.005 0"><span class='ocrx_word' id='word_1_316' title='bbox 363 1562 480 1593; x_wconf 80' lang='lat' dir='ltr'>Tertio.</span> <span class='ocrx_word' id='word_1_317' title='bbox 504 1560 685 1592; x_wconf 89' lang='lat' dir='ltr'>Moderatio</span> <span class='ocrx_word' id='word_1_318' title='bbox 710 1558 962 1590; x_wconf 86' lang='lat' dir='ltr'>delectationum</span> <span class='ocrx_word' id='word_1_319' title='bbox 985 1565 1087 1589; x_wconf 88' lang='lat' dir='ltr'>tactus</span> <span class='ocrx_word' id='word_1_320' title='bbox 1112 1568 1178 1589; x_wconf 87' lang='lat' dir='ltr'>non</span> <span class='ocrx_word' id='word_1_321' title='bbox 1203 1565 1250 1589; x_wconf 90' lang='lat' dir='ltr'>est</span> <span class='ocrx_word' id='word_1_322' title='bbox 1269 1557 1380 1589; x_wconf 90' lang='lat' dir='ltr'>diffici-</span> 
     </span>
    </p>
   </div>
   <div class='ocr_carea' id='block_1_24' title="bbox 302 1603 1407 1646">
    <p class='ocr_par' dir='ltr' id='par_1_25' title="bbox 302 1603 1407 1646">
     <span class='ocr_line' id='line_1_50' title="bbox 302 1603 1407 1646; baseline -0.005 -8"><span class='ocrx_word' id='word_1_323' title='bbox 302 1606 364 1638; x_wconf 88' lang='lat' dir='ltr'>lior</span> <span class='ocrx_word' id='word_1_324' title='bbox 388 1605 508 1638; x_wconf 82' lang='lat' dir='ltr'>ceteris.</span> <span class='ocrx_word' id='word_1_325' title='bbox 540 1605 626 1646; x_wconf 78' lang='lat' dir='ltr'>Ergo</span> <span class='ocrx_word' id='word_1_326' title='bbox 651 1614 717 1635; x_wconf 88' lang='lat' dir='ltr'>non</span> <span class='ocrx_word' id='word_1_327' title='bbox 741 1612 788 1636; x_wconf 87' lang='lat' dir='ltr'>est</span> <span class='ocrx_word' id='word_1_328' title='bbox 812 1603 982 1644; x_wconf 85' lang='lat' dir='ltr'>praecipue</span> <span class='ocrx_word' id='word_1_329' title='bbox 1009 1603 1188 1635; x_wconf 88' lang='lat' dir='ltr'>laudabilis.</span> <span class='ocrx_word' id='word_1_330' title='bbox 1212 1621 1232 1627; x_wconf 93' lang='lat'>-</span> <span class='ocrx_word' id='word_1_331' title='bbox 1258 1603 1379 1634; x_wconf 90' lang='lat' dir='ltr'>Conse·</span> <span class='ocrx_word' id='word_1_332' title='bbox 1406 1610 1407 1615; x_wconf 60' lang='lat'>¹</span> 
     </span>
    </p>
   </div>
   <div class='ocr_carea' id='block_1_25' title="bbox 303 1648 1382 1779">
    <p class='ocr_par' dir='ltr' id='par_1_26' title="bbox 303 1648 1382 1779">
     <span class='ocr_line' id='line_1_51' title="bbox 303 1648 1382 1694; baseline -0.005 -11"><span class='ocrx_word' id='word_1_333' title='bbox 303 1651 434 1694; x_wconf 86' lang='lat' dir='ltr'>quentia</span> <span class='ocrx_word' id='word_1_334' title='bbox 457 1657 543 1681; x_wconf 91' lang='lat' dir='ltr'>tenet</span> <span class='ocrx_word' id='word_1_335' title='bbox 557 1659 594 1680; x_wconf 85' lang='lat' dir='ltr'>ex</span> <span class='ocrx_word' id='word_1_336' title='bbox 609 1649 702 1680; x_wconf 88' lang='lat' dir='ltr'>dictis</span> <span class='ocrx_word' id='word_1_337' title='bbox 722 1649 881 1680; x_wconf 84' lang='lat' dir='ltr'>Auctoris.</span> <span class='ocrx_word' id='word_1_338' title='bbox 905 1666 924 1671; x_wconf 98' lang='lat'>-</span> <span class='ocrx_word' id='word_1_339' title='bbox 948 1649 1149 1680; x_wconf 88' lang='lat' dir='ltr'>Antecedens</span> <span class='ocrx_word' id='word_1_340' title='bbox 1173 1658 1249 1679; x_wconf 89' lang='lat' dir='ltr'>vero</span> <span class='ocrx_word' id='word_1_341' title='bbox 1265 1648 1382 1688; x_wconf 83' lang='lat' dir='ltr'>proba-</span> 
     </span>
     <span class='ocr_line' id='line_1_52' title="bbox 303 1693 1381 1734; baseline -0.005 -6"><span class='ocrx_word' id='word_1_342' title='bbox 303 1704 366 1729; x_wconf 88' lang='lat' dir='ltr'>tur.</span> <span class='ocrx_word' id='word_1_343' title='bbox 390 1695 476 1734; x_wconf 84' lang='lat' dir='ltr'>Quia</span> <span class='ocrx_word' id='word_1_344' title='bbox 499 1694 659 1726; x_wconf 88' lang='lat' dir='ltr'>difficilius</span> <span class='ocrx_word' id='word_1_345' title='bbox 683 1701 730 1725; x_wconf 87' lang='lat' dir='ltr'>est</span> <span class='ocrx_word' id='word_1_346' title='bbox 751 1693 876 1724; x_wconf 84' lang='lat' dir='ltr'>vincere</span> <span class='ocrx_word' id='word_1_347' title='bbox 900 1693 1089 1724; x_wconf 87' lang='lat' dir='ltr'>retrahentia</span> <span class='ocrx_word' id='word_1_348' title='bbox 1113 1703 1130 1723; x_wconf 93' lang='lat' dir='ltr'>a</span> <span class='ocrx_word' id='word_1_349' title='bbox 1153 1694 1242 1724; x_wconf 89' lang='lat' dir='ltr'>bono</span> <span class='ocrx_word' id='word_1_350' title='bbox 1265 1693 1298 1723; x_wconf 91' lang='lat' dir='ltr'>in</span> <span class='ocrx_word' id='word_1_351' title='bbox 1315 1703 1381 1723; x_wconf 91' lang='lat' dir='ltr'>ma-</span> 
     </span>
     <span class='ocr_line' id='line_1_53' title="bbox 304 1737 1380 1779; baseline -0.004 -7"><span class='ocrx_word' id='word_1_352' title='bbox 304 1741 382 1773; x_wconf 87' lang='lat' dir='ltr'>teria</span> <span class='ocrx_word' id='word_1_353' title='bbox 410 1739 615 1776; x_wconf 83' lang='lat' dir='ltr'>fortitudinis,</span> <span class='ocrx_word' id='word_1_354' title='bbox 641 1747 676 1770; x_wconf 89' lang='lat' dir='ltr'>ut</span> <span class='ocrx_word' id='word_1_355' title='bbox 699 1739 835 1779; x_wconf 87' lang='lat' dir='ltr'>ipsemet</span> <span class='ocrx_word' id='word_1_356' title='bbox 865 1741 988 1769; x_wconf 89' lang='lat' dir='ltr'>Auctor</span> <span class='ocrx_word' id='word_1_357' title='bbox 1018 1737 1133 1769; x_wconf 85' lang='lat' dir='ltr'>fatetur</span> <span class='ocrx_word' id='word_1_358' title='bbox 1147 1738 1174 1769; x_wconf 77' lang='lat'>¹⁸².</span> <span class='ocrx_word' id='word_1_359' title='bbox 1200 1738 1380 1769; x_wconf 88' lang='lat' dir='ltr'>Moderatio</span> 
     </span>
    </p>
   </div>
   <div class='ocr_carea' id='block_1_26' title="bbox 305 1871 1383 2047">
    <p class='ocr_par' dir='ltr' id='par_1_27' title="bbox 305 1871 1383 2047">
     <span class='ocr_line' id='line_1_54' title="bbox 305 1871 1381 1915; baseline -0.005 -9"><span class='ocrx_word' id='word_1_360' title='bbox 305 1874 347 1906; x_wconf 85' lang='lat' dir='ltr'>ris</span> <span class='ocrx_word' id='word_1_361' title='bbox 370 1875 511 1915; x_wconf 88' lang='lat' dir='ltr'>paribus.</span> <span class='ocrx_word' id='word_1_362' title='bbox 535 1873 597 1905; x_wconf 90' lang='lat' dir='ltr'>Sed</span> <span class='ocrx_word' id='word_1_363' title='bbox 621 1873 653 1904; x_wconf 88' lang='lat' dir='ltr'>in</span> <span class='ocrx_word' id='word_1_364' title='bbox 678 1872 847 1914; x_wconf 88' lang='lat' dir='ltr'>proposito</span> <span class='ocrx_word' id='word_1_365' title='bbox 875 1882 942 1902; x_wconf 90' lang='lat' dir='ltr'>non</span> <span class='ocrx_word' id='word_1_366' title='bbox 971 1879 1046 1903; x_wconf 87' lang='lat' dir='ltr'>sunt</span> <span class='ocrx_word' id='word_1_367' title='bbox 1074 1871 1170 1912; x_wconf 85' lang='lat' dir='ltr'>paria.</span> <span class='ocrx_word' id='word_1_368' title='bbox 1202 1871 1381 1902; x_wconf 89' lang='lat' dir='ltr'>Moderatio</span> 
     </span>
     <span class='ocr_line' id='line_1_55' title="bbox 306 1916 1381 1960; baseline -0.004 -10"><span class='ocrx_word' id='word_1_369' title='bbox 306 1929 447 1960; x_wconf 87' lang='lat' dir='ltr'>namque</span> <span class='ocrx_word' id='word_1_370' title='bbox 470 1917 725 1949; x_wconf 86' lang='lat' dir='ltr'>mansuetudinis</span> <span class='ocrx_word' id='word_1_371' title='bbox 749 1924 780 1948; x_wconf 93' lang='lat' dir='ltr'>et</span> <span class='ocrx_word' id='word_1_372' title='bbox 803 1916 1000 1952; x_wconf 87' lang='lat' dir='ltr'>humilitatis,</span> <span class='ocrx_word' id='word_1_373' title='bbox 1024 1917 1096 1947; x_wconf 87' lang='lat' dir='ltr'>licet</span> <span class='ocrx_word' id='word_1_374' title='bbox 1120 1916 1159 1947; x_wconf 92' lang='lat' dir='ltr'>sit</span> <span class='ocrx_word' id='word_1_375' title='bbox 1182 1916 1290 1952; x_wconf 88' lang='lat' dir='ltr'>ardua,</span> <span class='ocrx_word' id='word_1_376' title='bbox 1315 1925 1381 1946; x_wconf 89' lang='lat' dir='ltr'>non</span> 
     </span>
     <span class='ocr_line' id='line_1_56' title="bbox 306 1958 1381 1998; baseline -0.004 -3"><span class='ocrx_word' id='word_1_377' title='bbox 306 1972 415 1995; x_wconf 89' lang='lat' dir='ltr'>tamen</span> <span class='ocrx_word' id='word_1_378' title='bbox 444 1971 491 1994; x_wconf 90' lang='lat' dir='ltr'>est</span> <span class='ocrx_word' id='word_1_379' title='bbox 519 1963 552 1993; x_wconf 90' lang='lat' dir='ltr'>in</span> <span class='ocrx_word' id='word_1_380' title='bbox 583 1962 714 1993; x_wconf 84' lang='lat' dir='ltr'>materia</span> <span class='ocrx_word' id='word_1_381' title='bbox 741 1962 783 1992; x_wconf 88' lang='lat' dir='ltr'>ita</span> <span class='ocrx_word' id='word_1_382' title='bbox 812 1961 964 1997; x_wconf 84' lang='lat' dir='ltr'>naturali,</span> <span class='ocrx_word' id='word_1_383' title='bbox 990 1958 1178 1997; x_wconf 75' lang='lat' dir='ltr'>necessaria,</span> <span class='ocrx_word' id='word_1_384' title='bbox 1204 1960 1381 1998; x_wconf 85' lang='lat' dir='ltr'>communi,</span> 
     </span>
     <span class='ocr_line' id='line_1_57' title="bbox 306 2005 1383 2047; baseline -0.003 -8"><span class='ocrx_word' id='word_1_385' title='bbox 306 2009 458 2039; x_wconf 86' lang='lat' dir='ltr'>diuturna</span> <span class='ocrx_word' id='word_1_386' title='bbox 482 2017 517 2038; x_wconf 85' lang='lat' dir='ltr'>ac</span> <span class='ocrx_word' id='word_1_387' title='bbox 540 2007 743 2038; x_wconf 88' lang='lat' dir='ltr'>vehementer</span> <span class='ocrx_word' id='word_1_388' title='bbox 767 2006 888 2037; x_wconf 87' lang='lat' dir='ltr'>motiva</span> <span class='ocrx_word' id='word_1_389' title='bbox 911 2005 1072 2046; x_wconf 87' lang='lat' dir='ltr'>appetitus</span> <span class='ocrx_word' id='word_1_390' title='bbox 1091 2005 1200 2042; x_wconf 86' lang='lat' dir='ltr'>nostri,</span> <span class='ocrx_word' id='word_1_391' title='bbox 1218 2005 1321 2047; x_wconf 89' lang='lat' dir='ltr'>qualis</span> <span class='ocrx_word' id='word_1_392' title='bbox 1335 2011 1383 2036; x_wconf 86' lang='lat' dir='ltr'>est</span> 
     </span>
    </p>
   </div>
   <div class='ocr_carea' id='block_1_27' title="bbox 1402 1196 2509 1551">
    <p class='ocr_par' dir='ltr' id='par_1_28' title="bbox 1402 1196 2509 1551">
     <span class='ocr_line' id='line_1_58' title="bbox 1402 1196 2503 1237; baseline -0.003 -8"><span class='ocrx_word' id='word_1_393' title='bbox 1402 1216 1405 1231; x_wconf 76' lang='grc'><strong>.</strong></span> <span class='ocrx_word' id='word_1_394' title='bbox 1431 1197 1553 1229; x_wconf 85' lang='lat' dir='ltr'>ctitudo</span> <span class='ocrx_word' id='word_1_395' title='bbox 1578 1197 1686 1237; x_wconf 90' lang='lat' dir='ltr'>potior</span> <span class='ocrx_word' id='word_1_396' title='bbox 1710 1203 1770 1227; x_wconf 91' lang='lat' dir='ltr'>est:</span> <span class='ocrx_word' id='word_1_397' title='bbox 1797 1207 1871 1227; x_wconf 90' lang='lat' dir='ltr'>cum</span> <span class='ocrx_word' id='word_1_398' title='bbox 1895 1204 2001 1227; x_wconf 88' lang='lat' dir='ltr'>tamen</span> <span class='ocrx_word' id='word_1_399' title='bbox 2026 1196 2127 1237; x_wconf 89' lang='lat' dir='ltr'>prima</span> <span class='ocrx_word' id='word_1_400' title='bbox 2152 1197 2347 1236; x_wconf 85' lang='lat' dir='ltr'>prudentiae,</span> <span class='ocrx_word' id='word_1_401' title='bbox 2365 1198 2503 1228; x_wconf 89' lang='lat' dir='ltr'>secunda</span> 
     </span>
     <span class='ocr_line' id='line_1_59' title="bbox 1403 1241 1758 1274; baseline -0.006 0"><span class='ocrx_word' id='word_1_402' title='bbox 1403 1255 1405 1274; x_wconf 72' lang='lat'>÷</span> <span class='ocrx_word' id='word_1_403' title='bbox 1431 1242 1568 1273; x_wconf 85' lang='lat' dir='ltr'>iustitiae</span> <span class='ocrx_word' id='word_1_404' title='bbox 1593 1241 1758 1272; x_wconf 83' lang='lat' dir='ltr'>tribuatur.</span> 
     </span>
     <span class='ocr_line' id='line_1_60' title="bbox 1404 1285 2504 1326; baseline -0.002 -9"><span class='ocrx_word' id='word_1_405' title='bbox 1404 1285 1405 1326; x_wconf 53' lang='grc' dir='ltr'><strong>ξ</strong></span> <span class='ocrx_word' id='word_1_406' title='bbox 1488 1287 1540 1318; x_wconf 93' lang='lat' dir='ltr'>Ad</span> <span class='ocrx_word' id='word_1_407' title='bbox 1563 1287 1709 1324; x_wconf 89' lang='lat' dir='ltr'>tertium,</span> <span class='ocrx_word' id='word_1_408' title='bbox 1735 1293 1868 1326; x_wconf 84' lang='lat' dir='ltr'>negatur</span> <span class='ocrx_word' id='word_1_409' title='bbox 1899 1292 2112 1326; x_wconf 88' lang='lat' dir='ltr'>assumptum.</span> <span class='ocrx_word' id='word_1_410' title='bbox 2145 1286 2184 1316; x_wconf 82' lang='lat' dir='ltr'>Et</span> <span class='ocrx_word' id='word_1_411' title='bbox 2213 1286 2251 1316; x_wconf 91' lang='lat' dir='ltr'>ad</span> <span class='ocrx_word' id='word_1_412' title='bbox 2280 1285 2504 1325; x_wconf 88' lang='lat' dir='ltr'>probationem</span> 
     </span>
     <span class='ocr_line' id='line_1_61' title="bbox 1404 1330 2505 1372; baseline -0.003 -9"><span class='ocrx_word' id='word_1_413' title='bbox 1404 1330 1406 1336; x_wconf 44' lang='lat'>⁸</span> <span class='ocrx_word' id='word_1_414' title='bbox 1433 1332 1549 1363; x_wconf 90' lang='lat' dir='ltr'>dicitur</span> <span class='ocrx_word' id='word_1_415' title='bbox 1572 1332 1661 1372; x_wconf 87' lang='lat' dir='ltr'>quod</span> <span class='ocrx_word' id='word_1_416' title='bbox 1686 1331 1816 1361; x_wconf 88' lang='lat' dir='ltr'>materia</span> <span class='ocrx_word' id='word_1_417' title='bbox 1840 1330 2017 1370; x_wconf 89' lang='lat' dir='ltr'>impediens</span> <span class='ocrx_word' id='word_1_418' title='bbox 2042 1331 2165 1361; x_wconf 89' lang='lat' dir='ltr'>bonum</span> <span class='ocrx_word' id='word_1_419' title='bbox 2183 1330 2216 1360; x_wconf 92' lang='lat' dir='ltr'>in</span> <span class='ocrx_word' id='word_1_420' title='bbox 2236 1330 2422 1361; x_wconf 89' lang='lat' dir='ltr'>fortitudine</span> <span class='ocrx_word' id='word_1_421' title='bbox 2440 1340 2505 1360; x_wconf 91' lang='lat' dir='ltr'>non</span> 
     </span>
     <span class='ocr_line' id='line_1_62' title="bbox 1433 1374 2507 1418; baseline -0.002 -11"><span class='ocrx_word' id='word_1_422' title='bbox 1433 1384 1504 1418; x_wconf 85' lang='lat' dir='ltr'>eget</span> <span class='ocrx_word' id='word_1_423' title='bbox 1540 1376 1755 1417; x_wconf 83' lang='lat' dir='ltr'>principaliter</span> <span class='ocrx_word' id='word_1_424' title='bbox 1787 1375 2019 1411; x_wconf 89' lang='lat' dir='ltr'>moderatione,</span> <span class='ocrx_word' id='word_1_425' title='bbox 2053 1375 2107 1405; x_wconf 91' lang='lat' dir='ltr'>sed</span> <span class='ocrx_word' id='word_1_426' title='bbox 2141 1374 2287 1406; x_wconf 86' lang='lat' dir='ltr'>firmitate</span> <span class='ocrx_word' id='word_1_427' title='bbox 2321 1375 2429 1406; x_wconf 87' lang='lat' dir='ltr'>animi.</span> <span class='ocrx_word' id='word_1_428' title='bbox 2466 1375 2507 1405; x_wconf 92' lang='lat' dir='ltr'>Et</span> 
     </span>
     <span class='ocr_line' id='line_1_63' title="bbox 1433 1419 2508 1463; baseline -0.003 -11"><span class='ocrx_word' id='word_1_429' title='bbox 1433 1429 1611 1463; x_wconf 85' lang='lat' dir='ltr'>propterea,</span> <span class='ocrx_word' id='word_1_430' title='bbox 1630 1421 1836 1452; x_wconf 89' lang='lat' dir='ltr'>concedendo</span> <span class='ocrx_word' id='word_1_431' title='bbox 1861 1421 1951 1461; x_wconf 92' lang='lat' dir='ltr'>quod</span> <span class='ocrx_word' id='word_1_432' title='bbox 1975 1419 2133 1451; x_wconf 87' lang='lat' dir='ltr'>difficilius</span> <span class='ocrx_word' id='word_1_433' title='bbox 2156 1420 2328 1450; x_wconf 88' lang='lat' dir='ltr'>vincuntur</span> <span class='ocrx_word' id='word_1_434' title='bbox 2352 1419 2508 1450; x_wconf 89' lang='lat' dir='ltr'>retrahen—</span> 
     </span>
     <span class='ocr_line' id='line_1_64' title="bbox 1405 1461 2508 1517; baseline -0.004 -19"><span class='ocrx_word' id='word_1_435' title='bbox 1405 1492 1407 1517; x_wconf 34' lang='grc' dir='ltr'>ἱ</span> <span class='ocrx_word' id='word_1_436' title='bbox 1434 1467 1477 1498; x_wconf 88' lang='lat' dir='ltr'>tia</span> <span class='ocrx_word' id='word_1_437' title='bbox 1501 1477 1518 1497; x_wconf 92' lang='lat' dir='ltr'>a</span> <span class='ocrx_word' id='word_1_438' title='bbox 1542 1467 1631 1498; x_wconf 92' lang='lat' dir='ltr'>bono</span> <span class='ocrx_word' id='word_1_439' title='bbox 1659 1466 1692 1496; x_wconf 92' lang='lat' dir='ltr'>in</span> <span class='ocrx_word' id='word_1_440' title='bbox 1722 1461 1925 1501; x_wconf 87' lang='lat' dir='ltr'>fortitudine,</span> <span class='ocrx_word' id='word_1_441' title='bbox 1950 1475 2016 1496; x_wconf 87' lang='lat' dir='ltr'>non</span> <span class='ocrx_word' id='word_1_442' title='bbox 2048 1465 2207 1506; x_wconf 89' lang='lat' dir='ltr'>sequitur,</span> <span class='ocrx_word' id='word_1_443' title='bbox 2233 1465 2317 1505; x_wconf 87' lang='lat' dir='ltr'>Ergo</span> <span class='ocrx_word' id='word_1_444' title='bbox 2349 1464 2508 1495; x_wconf 85' lang='lat' dir='ltr'>difficilius</span> 
     </span>
     <span class='ocr_line' id='line_1_65' title="bbox 1435 1508 2509 1551; baseline -0.004 -8"><span class='ocrx_word' id='word_1_445' title='bbox 1435 1520 1481 1543; x_wconf 88' lang='lat' dir='ltr'>est</span> <span class='ocrx_word' id='word_1_446' title='bbox 1504 1512 1557 1543; x_wconf 88' lang='lat' dir='ltr'>illa</span> <span class='ocrx_word' id='word_1_447' title='bbox 1581 1511 1756 1541; x_wconf 84' lang='lat' dir='ltr'>moderari:</span> <span class='ocrx_word' id='word_1_448' title='bbox 1782 1510 1837 1541; x_wconf 91' lang='lat' dir='ltr'>sed</span> <span class='ocrx_word' id='word_1_449' title='bbox 1862 1510 2014 1551; x_wconf 89' lang='lat' dir='ltr'>sequitur,</span> <span class='ocrx_word' id='word_1_450' title='bbox 2040 1510 2125 1551; x_wconf 86' lang='lat' dir='ltr'>Ergo</span> <span class='ocrx_word' id='word_1_451' title='bbox 2151 1508 2309 1540; x_wconf 86' lang='lat' dir='ltr'>difficilius</span> <span class='ocrx_word' id='word_1_452' title='bbox 2333 1517 2379 1540; x_wconf 92' lang='lat' dir='ltr'>est</span> <span class='ocrx_word' id='word_1_453' title='bbox 2395 1509 2437 1539; x_wconf 90' lang='lat' dir='ltr'>ibi</span> <span class='ocrx_word' id='word_1_454' title='bbox 2455 1510 2509 1539; x_wconf 93' lang='lat' dir='ltr'>bo-</span> 
     </span>
    </p>
   </div>
   <div class='ocr_carea' id='block_1_28' title="bbox 1435 1554 2509 1595">
    <p class='ocr_par' dir='ltr' id='par_1_29' title="bbox 1435 1554 2509 1595">
     <span class='ocr_line' id='line_1_66' title="bbox 1435 1554 2509 1595; baseline -0.004 -8"><span class='ocrx_word' id='word_1_455' title='bbox 1435 1567 1515 1587; x_wconf 89' lang='lat' dir='ltr'>num</span> <span class='ocrx_word' id='word_1_456' title='bbox 1548 1556 1679 1587; x_wconf 90' lang='lat' dir='ltr'>rationis</span> <span class='ocrx_word' id='word_1_457' title='bbox 1713 1556 1837 1586; x_wconf 88' lang='lat' dir='ltr'>habere.</span> <span class='ocrx_word' id='word_1_458' title='bbox 1874 1555 1971 1592; x_wconf 94' lang='lat' dir='ltr'>Quod</span> <span class='ocrx_word' id='word_1_459' title='bbox 2003 1554 2097 1595; x_wconf 87' lang='lat' dir='ltr'>gratis</span> <span class='ocrx_word' id='word_1_460' title='bbox 2128 1554 2327 1585; x_wconf 85' lang='lat' dir='ltr'>conceditur:</span> <span class='ocrx_word' id='word_1_461' title='bbox 2359 1555 2413 1584; x_wconf 90' lang='lat' dir='ltr'>sed</span> <span class='ocrx_word' id='word_1_462' title='bbox 2443 1563 2509 1584; x_wconf 90' lang='lat' dir='ltr'>non</span> 
     </span>
    </p>
   </div>
   <div class='ocr_carea' id='block_1_29' title="bbox 1407 1644 2513 2040">
    <p class='ocr_par' dir='ltr' id='par_1_30' title="bbox 1407 1644 2513 2040">
     <span class='ocr_line' id='line_1_67' title="bbox 1434 1644 2510 1686; baseline -0.004 -9"><span class='ocrx_word' id='word_1_463' title='bbox 1434 1647 1460 1677; x_wconf 91' lang='lat' dir='ltr'>si</span> <span class='ocrx_word' id='word_1_464' title='bbox 1483 1647 1662 1681; x_wconf 89' lang='lat' dir='ltr'>instaretur,</span> <span class='ocrx_word' id='word_1_465' title='bbox 1688 1645 1763 1686; x_wconf 89' lang='lat' dir='ltr'>quia</span> <span class='ocrx_word' id='word_1_466' title='bbox 1788 1645 1920 1676; x_wconf 88' lang='lat' dir='ltr'>audacia</span> <span class='ocrx_word' id='word_1_467' title='bbox 1944 1645 1976 1675; x_wconf 92' lang='lat' dir='ltr'>in</span> <span class='ocrx_word' id='word_1_468' title='bbox 2009 1644 2194 1675; x_wconf 89' lang='lat' dir='ltr'>fortitudine</span> <span class='ocrx_word' id='word_1_469' title='bbox 2219 1651 2265 1675; x_wconf 88' lang='lat' dir='ltr'>est</span> <span class='ocrx_word' id='word_1_470' title='bbox 2289 1644 2416 1684; x_wconf 91' lang='lat' dir='ltr'>proprie</span> <span class='ocrx_word' id='word_1_471' title='bbox 2441 1653 2510 1673; x_wconf 90' lang='lat' dir='ltr'>mo-</span> 
     </span>
     <span class='ocr_line' id='line_1_68' title="bbox 1407 1689 2511 1731; baseline -0.004 -9"><span class='ocrx_word' id='word_1_472' title='bbox 1407 1715 1408 1726; x_wconf 53' lang='lat'>2</span> <span class='ocrx_word' id='word_1_473' title='bbox 1435 1691 1590 1722; x_wconf 86' lang='lat' dir='ltr'>deranda:</span> <span class='ocrx_word' id='word_1_474' title='bbox 1615 1691 1828 1731; x_wconf 89' lang='lat' dir='ltr'>respondetur</span> <span class='ocrx_word' id='word_1_475' title='bbox 1842 1690 1932 1731; x_wconf 93' lang='lat' dir='ltr'>quod</span> <span class='ocrx_word' id='word_1_476' title='bbox 1947 1690 2079 1720; x_wconf 90' lang='lat' dir='ltr'>virtutes</span> <span class='ocrx_word' id='word_1_477' title='bbox 2095 1689 2276 1720; x_wconf 89' lang='lat' dir='ltr'>iudicantur</span> <span class='ocrx_word' id='word_1_478' title='bbox 2292 1696 2323 1719; x_wconf 92' lang='lat' dir='ltr'>et</span> <span class='ocrx_word' id='word_1_479' title='bbox 2338 1695 2511 1729; x_wconf 84' lang='lat' dir='ltr'>pensantur</span> 
     </span>
     <span class='ocr_line' id='line_1_69' title="bbox 1435 1733 2512 1776; baseline -0.004 -9"><span class='ocrx_word' id='word_1_480' title='bbox 1435 1737 1613 1767; x_wconf 88' lang='lat' dir='ltr'>secundum</span> <span class='ocrx_word' id='word_1_481' title='bbox 1631 1735 1820 1776; x_wconf 86' lang='lat' dir='ltr'>principales</span> <span class='ocrx_word' id='word_1_482' title='bbox 1837 1745 1914 1765; x_wconf 90' lang='lat' dir='ltr'>suos</span> <span class='ocrx_word' id='word_1_483' title='bbox 1935 1742 2033 1765; x_wconf 78' lang='lat' dir='ltr'>actus,</span> <span class='ocrx_word' id='word_1_484' title='bbox 2055 1733 2230 1774; x_wconf 85' lang='lat' dir='ltr'>Principale</span> <span class='ocrx_word' id='word_1_485' title='bbox 2247 1741 2354 1764; x_wconf 89' lang='lat' dir='ltr'>autem</span> <span class='ocrx_word' id='word_1_486' title='bbox 2377 1733 2408 1763; x_wconf 91' lang='lat' dir='ltr'>in</span> <span class='ocrx_word' id='word_1_487' title='bbox 2426 1733 2512 1763; x_wconf 85' lang='lat' dir='ltr'>forti-</span> 
     </span>
     <span class='ocr_line' id='line_1_70' title="bbox 1434 1779 2511 1814; baseline -0.004 -2"><span class='ocrx_word' id='word_1_488' title='bbox 1434 1781 1546 1812; x_wconf 91' lang='lat' dir='ltr'>tudine</span> <span class='ocrx_word' id='word_1_489' title='bbox 1559 1787 1605 1811; x_wconf 91' lang='lat' dir='ltr'>est</span> <span class='ocrx_word' id='word_1_490' title='bbox 1617 1780 1759 1811; x_wconf 85' lang='lat' dir='ltr'>firmare:</span> <span class='ocrx_word' id='word_1_491' title='bbox 1777 1780 1934 1810; x_wconf 86' lang='lat' dir='ltr'>moderari</span> <span class='ocrx_word' id='word_1_492' title='bbox 1947 1786 2056 1810; x_wconf 88' lang='lat' dir='ltr'>autem</span> <span class='ocrx_word' id='word_1_493' title='bbox 2069 1779 2245 1814; x_wconf 84' lang='lat' dir='ltr'>audaciam,</span> <span class='ocrx_word' id='word_1_494' title='bbox 2260 1786 2328 1814; x_wconf 68' lang='lat' dir='ltr'>etc„</span> <span class='ocrx_word' id='word_1_495' title='bbox 2343 1785 2388 1809; x_wconf 91' lang='lat' dir='ltr'>est</span> <span class='ocrx_word' id='word_1_496' title='bbox 2401 1788 2511 1808; x_wconf 89' lang='lat' dir='ltr'>secun—</span> 
     </span>
     <span class='ocr_line' id='line_1_71' title="bbox 1435 1822 2513 1865; baseline -0.004 -9"><span class='ocrx_word' id='word_1_497' title='bbox 1435 1826 1570 1856; x_wconf 90' lang='lat' dir='ltr'>darium.</span> <span class='ocrx_word' id='word_1_498' title='bbox 1589 1825 1629 1856; x_wconf 92' lang='lat' dir='ltr'>Et</span> <span class='ocrx_word' id='word_1_499' title='bbox 1643 1832 1810 1865; x_wconf 89' lang='lat' dir='ltr'>propterea</span> <span class='ocrx_word' id='word_1_500' title='bbox 1827 1824 1896 1855; x_wconf 89' lang='lat' dir='ltr'>laus</span> <span class='ocrx_word' id='word_1_501' title='bbox 1911 1823 2139 1854; x_wconf 91' lang='lat' dir='ltr'>moderaminis</span> <span class='ocrx_word' id='word_1_502' title='bbox 2155 1822 2381 1863; x_wconf 89' lang='lat' dir='ltr'>temperantiae</span> <span class='ocrx_word' id='word_1_503' title='bbox 2397 1822 2513 1862; x_wconf 89' lang='lat' dir='ltr'>praeci-</span> 
     </span>
     <span class='ocr_line' id='line_1_72' title="bbox 1436 1867 2510 1911; baseline -0.003 -11"><span class='ocrx_word' id='word_1_504' title='bbox 1436 1881 1498 1911; x_wconf 87' lang='lat' dir='ltr'>pue</span> <span class='ocrx_word' id='word_1_505' title='bbox 1515 1870 1679 1900; x_wconf 85' lang='lat' dir='ltr'>tribuitur:</span> <span class='ocrx_word' id='word_1_506' title='bbox 1701 1869 1776 1910; x_wconf 88' lang='lat' dir='ltr'>quia</span> <span class='ocrx_word' id='word_1_507' title='bbox 1792 1869 1861 1909; x_wconf 85' lang='lat' dir='ltr'>ipsa</span> <span class='ocrx_word' id='word_1_508' title='bbox 1876 1879 1935 1909; x_wconf 91' lang='lat' dir='ltr'>pro</span> <span class='ocrx_word' id='word_1_509' title='bbox 1951 1868 2118 1908; x_wconf 89' lang='lat' dir='ltr'>principali</span> <span class='ocrx_word' id='word_1_510' title='bbox 2134 1875 2205 1898; x_wconf 78' lang='lat' dir='ltr'>actu</span> <span class='ocrx_word' id='word_1_511' title='bbox 2228 1867 2385 1898; x_wconf 89' lang='lat' dir='ltr'>moderari</span> <span class='ocrx_word' id='word_1_512' title='bbox 2402 1867 2510 1903; x_wconf 87' lang='lat' dir='ltr'>habet;</span> 
     </span>
     <span class='ocr_line' id='line_1_73' title="bbox 1435 1911 2510 1953; baseline -0.004 -8"><span class='ocrx_word' id='word_1_513' title='bbox 1435 1922 1466 1946; x_wconf 92' lang='lat' dir='ltr'>et</span> <span class='ocrx_word' id='word_1_514' title='bbox 1489 1915 1570 1946; x_wconf 89' lang='lat' dir='ltr'>inter</span> <span class='ocrx_word' id='word_1_515' title='bbox 1586 1924 1699 1945; x_wconf 90' lang='lat' dir='ltr'>omnes</span> <span class='ocrx_word' id='word_1_516' title='bbox 1724 1914 1874 1944; x_wconf 88' lang='lat' dir='ltr'>habentes</span> <span class='ocrx_word' id='word_1_517' title='bbox 1891 1913 2146 1944; x_wconf 89' lang='lat' dir='ltr'>moderationem</span> <span class='ocrx_word' id='word_1_518' title='bbox 2163 1923 2221 1953; x_wconf 92' lang='lat' dir='ltr'>pro</span> <span class='ocrx_word' id='word_1_519' title='bbox 2240 1911 2404 1952; x_wconf 89' lang='lat' dir='ltr'>principali</span> <span class='ocrx_word' id='word_1_520' title='bbox 2428 1919 2510 1947; x_wconf 89' lang='lat' dir='ltr'>actu,</span> 
     </span>
     <span class='ocr_line' id='line_1_74' title="bbox 1434 1956 2510 2006; baseline -0.004 -16"><span class='ocrx_word' id='word_1_521' title='bbox 1434 1959 1504 2001; x_wconf 88' lang='lat' dir='ltr'>ipsa</span> <span class='ocrx_word' id='word_1_522' title='bbox 1527 1959 1651 1990; x_wconf 88' lang='lat' dir='ltr'>obtinet</span> <span class='ocrx_word' id='word_1_523' title='bbox 1672 1959 1895 2006; x_wconf 55' lang='lat' dir='ltr'>principatum,</span> <span class='ocrx_word' id='word_1_524' title='bbox 1913 1958 2035 1989; x_wconf 88' lang='lat' dir='ltr'>ratione</span> <span class='ocrx_word' id='word_1_525' title='bbox 2059 1957 2207 1988; x_wconf 89' lang='lat' dir='ltr'>materiae</span> <span class='ocrx_word' id='word_1_526' title='bbox 2232 1964 2298 1988; x_wconf 88' lang='lat' dir='ltr'>tam</span> <span class='ocrx_word' id='word_1_527' title='bbox 2318 1956 2510 1993; x_wconf 86' lang='lat' dir='ltr'>communis,</span> 
     </span>
     <span class='ocr_line' id='line_1_75' title="bbox 1435 2001 2465 2040; baseline -0.005 -5"><span class='ocrx_word' id='word_1_528' title='bbox 1435 2004 1615 2040; x_wconf 89' lang='lat' dir='ltr'>diuturnae,</span> <span class='ocrx_word' id='word_1_529' title='bbox 1631 2004 1834 2040; x_wconf 87' lang='lat' dir='ltr'>necessariae,</span> <span class='ocrx_word' id='word_1_530' title='bbox 1851 2003 2002 2034; x_wconf 89' lang='lat' dir='ltr'>naturalis</span> <span class='ocrx_word' id='word_1_531' title='bbox 2026 2013 2062 2033; x_wconf 88' lang='lat' dir='ltr'>ac</span> <span class='ocrx_word' id='word_1_532' title='bbox 2089 2002 2292 2033; x_wconf 85' lang='lat' dir='ltr'>vehementer</span> <span class='ocrx_word' id='word_1_533' title='bbox 2316 2001 2465 2031; x_wconf 87' lang='lat' dir='ltr'>motivae.</span> 
     </span>
    </p>
   </div>
   <div class='ocr_carea' id='block_1_30' title="bbox 888 2159 1933 2286">
    <p class='ocr_par' dir='ltr' id='par_1_31' title="bbox 888 2159 1933 2286">
     <span class='ocr_line' id='line_1_76' title="bbox 1097 2159 1723 2204; baseline -0.002 -2"><span class='ocrx_word' id='word_1_534' title='bbox 1097 2160 1418 2204; x_wconf 84' lang='lat' dir='ltr'>ARTICULUS</span> <span class='ocrx_word' id='word_1_535' title='bbox 1448 2159 1723 2203; x_wconf 87' lang='lat' dir='ltr'>OCTAVUS</span> 
     </span>
     <span class='ocr_line' id='line_1_77' title="bbox 888 2252 1933 2286; baseline -0.003 -1"><span class='ocrx_word' id='word_1_536' title='bbox 888 2255 1046 2286; x_wconf 88' lang='lat' dir='ltr'>UTRUM</span> <span class='ocrx_word' id='word_1_537' title='bbox 1069 2254 1387 2285; x_wconf 80' lang='lat' dir='ltr'>TEMPERANTIA</span> <span class='ocrx_word' id='word_1_538' title='bbox 1409 2253 1476 2285; x_wconf 78' lang='lat' dir='ltr'>srr</span> <span class='ocrx_word' id='word_1_539' title='bbox 1502 2253 1675 2284; x_wconf 78' lang='lat' dir='ltr'>MAXIMA</span> <span class='ocrx_word' id='word_1_540' title='bbox 1700 2252 1933 2283; x_wconf 83' lang='lat' dir='ltr'>VlRTUTUM</span> 
     </span>
    </p>
   </div>
   <div class='ocr_carea' id='block_1_31' title="bbox 526 2330 2302 2368">
    <p class='ocr_par' dir='ltr' id='par_1_32' title="bbox 526 2330 2302 2368">
     <span class='ocr_line' id='line_1_78' title="bbox 526 2330 2302 2368; baseline -0.003 -8"><span class='ocrx_word' id='word_1_541' title='bbox 526 2335 617 2368; x_wconf 84' lang='lat' dir='ltr'>Supra,</span> <span class='ocrx_word' id='word_1_542' title='bbox 637 2343 684 2368; x_wconf 86' lang='lat' dir='ltr'>qu.</span> <span class='ocrx_word' id='word_1_543' title='bbox 702 2342 789 2366; x_wconf 83' lang='lat' dir='ltr'>cmu,</span> <span class='ocrx_word' id='word_1_544' title='bbox 810 2340 858 2360; x_wconf 87' lang='lat' dir='ltr'>art.</span> <span class='ocrx_word' id='word_1_545' title='bbox 880 2341 924 2364; x_wconf 75' lang='lat'>¹23</span> <span class='ocrx_word' id='word_1_546' title='bbox 943 2333 969 2358; x_wconf 68' lang='lat'>1⁸</span> <span class='ocrx_word' id='word_1_547' title='bbox 987 2333 1044 2364; x_wconf 73' lang='lat'>11¹⁸,</span> <span class='ocrx_word' id='word_1_548' title='bbox 1063 2341 1110 2366; x_wconf 87' lang='lat' dir='ltr'>qu.</span> <span class='ocrx_word' id='word_1_549' title='bbox 1129 2341 1196 2363; x_wconf 66' lang='lat' dir='ltr'>axvi,</span> <span class='ocrx_word' id='word_1_550' title='bbox 1215 2338 1262 2358; x_wconf 82' lang='lat' dir='ltr'>art.</span> <span class='ocrx_word' id='word_1_551' title='bbox 1283 2340 1314 2365; x_wconf 80' lang='lat'>4;</span> <span class='ocrx_word' id='word_1_552' title='bbox 1333 2333 1368 2358; x_wconf 91' lang='lat' dir='ltr'>lv</span> <span class='ocrx_word' id='word_1_553' title='bbox 1381 2332 1466 2363; x_wconf 69' lang='lat' dir='ltr'>Sent„</span> <span class='ocrx_word' id='word_1_554' title='bbox 1486 2332 1546 2357; x_wconf 89' lang='lat' dir='ltr'>dist.</span> <span class='ocrx_word' id='word_1_555' title='bbox 1566 2339 1653 2361; x_wconf 84' lang='lat' dir='ltr'>xxxm,</span> <span class='ocrx_word' id='word_1_556' title='bbox 1672 2339 1717 2364; x_wconf 90' lang='lat' dir='ltr'>qu.</span> <span class='ocrx_word' id='word_1_557' title='bbox 1736 2339 1774 2361; x_wconf 80' lang='lat' dir='ltr'>in,</span> <span class='ocrx_word' id='word_1_558' title='bbox 1794 2337 1840 2356; x_wconf 87' lang='lat' dir='ltr'>art.</span> <span class='ocrx_word' id='word_1_559' title='bbox 1862 2331 1893 2362; x_wconf 82' lang='lat'>33</span> <span class='ocrx_word' id='word_1_560' title='bbox 1913 2331 1955 2356; x_wconf 90' lang='lat' dir='ltr'>De</span> <span class='ocrx_word' id='word_1_561' title='bbox 1974 2330 2081 2360; x_wconf 67' lang='lat' dir='ltr'>Vir-tut..</span> <span class='ocrx_word' id='word_1_562' title='bbox 2102 2339 2147 2364; x_wconf 87' lang='lat' dir='ltr'>qu.</span> <span class='ocrx_word' id='word_1_563' title='bbox 2166 2338 2190 2362; x_wconf 90' lang='lat' dir='ltr'>v,</span> <span class='ocrx_word' id='word_1_564' title='bbox 2210 2336 2258 2356; x_wconf 88' lang='lat' dir='ltr'>art.</span> <span class='ocrx_word' id='word_1_565' title='bbox 2279 2331 2302 2355; x_wconf 86' lang='lat'>3.</span> 
     </span>
    </p>
   </div>
   <div class='ocr_carea' id='block_1_32' title="bbox 320 2418 524 2545">
    <p class='ocr_par' dir='ltr' id='par_1_33' title="bbox 320 2418 524 2545">
     <span class='ocr_line' id='line_1_79' title="bbox 325 2418 524 2484; baseline 0 -43"><span class='ocrx_word' id='word_1_566' title='bbox 325 2418 524 2484; x_wconf 95' lang='lat' dir='ltr'>  </span> 
     </span>
     <span class='ocr_line' id='line_1_80' title="bbox 320 2484 487 2545; baseline 0 0"><span class='ocrx_word' id='word_1_567' title='bbox 320 2484 487 2545; x_wconf 95' lang='lat' dir='ltr'>    </span> 
     </span>
    </p>
   </div>
   <div class='ocr_carea' id='block_1_33' title="bbox 313 2414 1388 2680">
    <p class='ocr_par' dir='ltr' id='par_1_34' title="bbox 313 2414 1388 2680">
     <span class='ocr_line' id='line_1_81' title="bbox 451 2414 1385 2462; baseline -0.003 -7"><span class='ocrx_word' id='word_1_568' title='bbox 451 2446 462 2456; x_wconf 49' lang='lat'><em>1</em></span> <span class='ocrx_word' id='word_1_569' title='bbox 497 2438 501 2448; x_wconf 47' lang='lat' dir='ltr'><em>v</em></span> <span class='ocrx_word' id='word_1_570' title='bbox 526 2427 548 2453; x_wconf 83' lang='lat' dir='ltr'>D</span> <span class='ocrx_word' id='word_1_571' title='bbox 569 2427 742 2454; x_wconf 79' lang='lat' dir='ltr'>ocTAthM</span> <span class='ocrx_word' id='word_1_572' title='bbox 761 2427 816 2452; x_wconf 82' lang='lat' dir='ltr'>sic</span> <span class='ocrx_word' id='word_1_573' title='bbox 835 2426 1078 2452; x_wconf 74' lang='lat' dir='ltr'>Paocamrua.</span> <span class='ocrx_word' id='word_1_574' title='bbox 1098 2414 1258 2451; x_wconf 92' lang='lat' dir='ltr'>Videtur</span> <span class='ocrx_word' id='word_1_575' title='bbox 1278 2414 1385 2462; x_wconf 90' lang='lat' dir='ltr'>quod</span> 
     </span>
     <span class='ocr_line' id='line_1_82' title="bbox 454 2468 1387 2531; baseline -0.003 -24"><span class='ocrx_word' id='word_1_576' title='bbox 454 2502 487 2531; x_wconf 26' lang='lat' dir='ltr'>,vs</span> <span class='ocrx_word' id='word_1_577' title='bbox 525 2469 778 2519; x_wconf 88' lang='lat' dir='ltr'>temperantia</span> <span class='ocrx_word' id='word_1_578' title='bbox 798 2469 844 2506; x_wconf 89' lang='lat' dir='ltr'>sit</span> <span class='ocrx_word' id='word_1_579' title='bbox 863 2469 1032 2506; x_wconf 90' lang='lat' dir='ltr'>maxima</span> <span class='ocrx_word' id='word_1_580' title='bbox 1057 2468 1255 2506; x_wconf 89' lang='lat' dir='ltr'>virtutum.</span> <span class='ocrx_word' id='word_1_581' title='bbox 1286 2468 1387 2505; x_wconf 90' lang='lat' dir='ltr'>Dicit</span> 
     </span>
     <span class='ocr_line' id='line_1_83' title="bbox 332 2521 1387 2576; baseline 0.003 -20"><span class='ocrx_word' id='word_1_582' title='bbox 332 2555 353 2570; x_wconf 18' lang='grc' dir='ltr'>,Α</span> <span class='ocrx_word' id='word_1_583' title='bbox 393 2529 494 2576; x_wconf 47' lang='lat'>123⁴,</span> <span class='ocrx_word' id='word_1_584' title='bbox 511 2521 630 2560; x_wconf 92' lang='lat' dir='ltr'>enim</span> <span class='ocrx_word' id='word_1_585' title='bbox 656 2523 897 2571; x_wconf 89' lang='lat' dir='ltr'>Ambrosius,</span> <span class='ocrx_word' id='word_1_586' title='bbox 923 2523 961 2560; x_wconf 90' lang='lat' dir='ltr'>in</span> <span class='ocrx_word' id='word_1_587' title='bbox 991 2523 1004 2559; x_wconf 98' lang='lat' dir='ltr'>I</span> <span class='ocrx_word' id='word_1_588' title='bbox 1025 2523 1071 2560; x_wconf 89' lang='lat' dir='ltr'>de</span> <span class='ocrx_word' id='word_1_589' title='bbox 1094 2522 1203 2570; x_wconf 82' lang='lat' dir='ltr'>Offic.</span> <span class='ocrx_word' id='word_1_590' title='bbox 1223 2521 1254 2569; x_wconf 72' lang='lat'>²¹⁶,</span> <span class='ocrx_word' id='word_1_591' title='bbox 1281 2521 1387 2571; x_wconf 88' lang='lat' dir='ltr'>quod</span> 
     </span>
     <span class='ocr_line' id='line_1_84' title="bbox 336 2570 1386 2626; baseline -0.002 -12"><span class='ocrx_word' id='word_1_592' title='bbox 336 2572 341 2579; x_wconf 62' lang='grc'><strong>”</strong></span> <span class='ocrx_word' id='word_1_593' title='bbox 371 2571 469 2610; x_wconf 45' lang='grc' dir='ltr'>Ψ)</span> <span class='ocrx_word' id='word_1_594' title='bbox 485 2570 517 2613; x_wconf 47' lang='lat' dir='ltr'>s</span> <span class='ocrx_word' id='word_1_595' title='bbox 527 2577 564 2614; x_wconf 89' lang='lat' dir='ltr'>in</span> <span class='ocrx_word' id='word_1_596' title='bbox 603 2578 851 2626; x_wconf 88' lang='lat' dir='ltr'>temperantia</span> <span class='ocrx_word' id='word_1_597' title='bbox 890 2577 1061 2614; x_wconf 88' lang='lat' dir='ltr'>maxime</span> <span class='ocrx_word' id='word_1_598' title='bbox 1097 2576 1244 2613; x_wconf 84' lang='lat' dir='ltr'>honesti</span> <span class='ocrx_word' id='word_1_599' title='bbox 1279 2588 1386 2622; x_wconf 87' lang='lat' dir='ltr'>cura,</span> 
     </span>
     <span class='ocr_line' id='line_1_85' title="bbox 313 2630 1388 2680; baseline -0.002 -12"><span class='ocrx_word' id='word_1_600' title='bbox 313 2631 459 2668; x_wconf 83' lang='lat' dir='ltr'>decoris</span> <span class='ocrx_word' id='word_1_601' title='bbox 494 2631 743 2668; x_wconf 84' lang='lat' dir='ltr'>consideratio</span> <span class='ocrx_word' id='word_1_602' title='bbox 776 2636 965 2680; x_wconf 83' lang='lat' dir='ltr'>spectatur</span> <span class='ocrx_word' id='word_1_603' title='bbox 997 2636 1034 2667; x_wconf 87' lang='lat' dir='ltr'>et</span> <span class='ocrx_word' id='word_1_604' title='bbox 1063 2630 1270 2679; x_wconf 87' lang='lat' dir='ltr'>quaeritur.</span> <span class='ocrx_word' id='word_1_605' title='bbox 1311 2630 1388 2667; x_wconf 92' lang='lat' dir='ltr'>Sed</span> 
     </span>
    </p>
   </div>
   <div class='ocr_carea' id='block_1_34' title="bbox 313 2684 1389 2734">
    <p class='ocr_par' dir='ltr' id='par_1_35' title="bbox 313 2684 1389 2734">
     <span class='ocr_line' id='line_1_86' title="bbox 313 2684 1389 2734; baseline -0.002 -12"><span class='ocrx_word' id='word_1_606' title='bbox 313 2684 432 2722; x_wconf 87' lang='lat' dir='ltr'>virtus</span> <span class='ocrx_word' id='word_1_607' title='bbox 461 2684 661 2722; x_wconf 89' lang='lat' dir='ltr'>laudabilis</span> <span class='ocrx_word' id='word_1_608' title='bbox 681 2692 738 2721; x_wconf 90' lang='lat' dir='ltr'>est</span> <span class='ocrx_word' id='word_1_609' title='bbox 757 2684 983 2734; x_wconf 91' lang='lat' dir='ltr'>inquantum</span> <span class='ocrx_word' id='word_1_610' title='bbox 1005 2692 1061 2721; x_wconf 91' lang='lat' dir='ltr'>est</span> <span class='ocrx_word' id='word_1_611' title='bbox 1083 2684 1245 2728; x_wconf 77' lang='lat' dir='ltr'>honesta</span> <span class='ocrx_word' id='word_1_612' title='bbox 1265 2691 1302 2720; x_wconf 91' lang='lat' dir='ltr'>et</span> <span class='ocrx_word' id='word_1_613' title='bbox 1325 2684 1389 2721; x_wconf 92' lang='lat' dir='ltr'>de-</span> 
     </span>
    </p>
   </div>
   <div class='ocr_carea' id='block_1_35' title="bbox 310 2526 485 2600">
    <p class='ocr_par' dir='ltr' id='par_1_36' title="bbox 310 2526 485 2600">
     <span class='ocr_line' id='line_1_87' title="bbox 320 2526 464 2545; baseline 0 0"><span class='ocrx_word' id='word_1_614' title='bbox 320 2533 393 2545; x_wconf 95' lang='lat' dir='ltr'> </span> <span class='ocrx_word' id='word_1_615' title='bbox 453 2526 464 2545; x_wconf 95' lang='lat' dir='ltr'>  </span> 
     </span>
     <span class='ocr_line' id='line_1_88' title="bbox 310 2545 485 2600; baseline 0 -38"><span class='ocrx_word' id='word_1_616' title='bbox 310 2545 383 2600; x_wconf 95' lang='lat' dir='ltr'>    </span> <span class='ocrx_word' id='word_1_617' title='bbox 469 2552 485 2593; x_wconf 95' lang='lat' dir='ltr'>   </span> 
     </span>
    </p>
   </div>
   <div class='ocr_carea' id='block_1_36' title="bbox 315 2737 1418 2787">
    <p class='ocr_par' dir='ltr' id='par_1_37' title="bbox 315 2737 1418 2787">
     <span class='ocr_line' id='line_1_89' title="bbox 315 2737 1418 2787; baseline -0.001 -12"><span class='ocrx_word' id='word_1_618' title='bbox 315 2751 417 2776; x_wconf 91' lang='lat' dir='ltr'>cora.</span> <span class='ocrx_word' id='word_1_619' title='bbox 463 2739 566 2787; x_wconf 87' lang='lat' dir='ltr'>Ergo</span> <span class='ocrx_word' id='word_1_620' title='bbox 605 2738 856 2787; x_wconf 87' lang='lat' dir='ltr'>temperantia</span> <span class='ocrx_word' id='word_1_621' title='bbox 894 2746 950 2775; x_wconf 94' lang='lat' dir='ltr'>est</span> <span class='ocrx_word' id='word_1_622' title='bbox 986 2737 1154 2775; x_wconf 90' lang='lat' dir='ltr'>maxima</span> <span class='ocrx_word' id='word_1_623' title='bbox 1190 2737 1388 2774; x_wconf 83' lang='lat' dir='ltr'>virtutum.</span> <span class='ocrx_word' id='word_1_624' title='bbox 1416 2742 1418 2781; x_wconf 63' lang='grc' dir='ltr'>ξ</span> 
     </span>
    </p>
   </div>
   <div class='ocr_carea' id='block_1_37' title="bbox 371 2790 1390 2840">
    <p class='ocr_par' dir='ltr' id='par_1_38' title="bbox 371 2790 1390 2840">
     <span class='ocr_line' id='line_1_90' title="bbox 371 2790 1390 2840; baseline -0.002 -11"><span class='ocrx_word' id='word_1_625' title='bbox 371 2804 406 2829; x_wconf 83' lang='grc'>2.</span> <span class='ocrx_word' id='word_1_626' title='bbox 437 2793 678 2839; x_wconf 77' lang='lat' dir='ltr'>PRAETEREA,</span> <span class='ocrx_word' id='word_1_627' title='bbox 709 2791 864 2829; x_wconf 91' lang='lat' dir='ltr'>maioris</span> <span class='ocrx_word' id='word_1_628' title='bbox 896 2791 1044 2828; x_wconf 90' lang='lat' dir='ltr'>virtutis</span> <span class='ocrx_word' id='word_1_629' title='bbox 1079 2799 1134 2828; x_wconf 89' lang='lat' dir='ltr'>est</span> <span class='ocrx_word' id='word_1_630' title='bbox 1168 2791 1319 2840; x_wconf 88' lang='lat' dir='ltr'>operari</span> <span class='ocrx_word' id='word_1_631' title='bbox 1352 2790 1390 2828; x_wconf 91' lang='lat' dir='ltr'>id</span> 
     </span>
    </p>
   </div>
   <div class='ocr_carea' id='block_1_38' title="bbox 1413 2411 2517 2839">
    <p class='ocr_par' dir='ltr' id='par_1_39' title="bbox 1412 2411 2517 2620">
     <span class='ocr_line' id='line_1_91' title="bbox 1494 2411 2516 2462; baseline -0.001 -12"><span class='ocrx_word' id='word_1_632' title='bbox 1494 2413 1570 2450; x_wconf 80' lang='lat' dir='ltr'>SED</span> <span class='ocrx_word' id='word_1_633' title='bbox 1606 2425 1754 2450; x_wconf 82' lang='lat' dir='ltr'>CONTRA</span> <span class='ocrx_word' id='word_1_634' title='bbox 1790 2424 1855 2449; x_wconf 78' lang='lat' dir='ltr'>EST</span> <span class='ocrx_word' id='word_1_635' title='bbox 1893 2412 1999 2462; x_wconf 93' lang='lat' dir='ltr'>quod</span> <span class='ocrx_word' id='word_1_636' title='bbox 2035 2411 2292 2461; x_wconf 85' lang='lat' dir='ltr'>Philosophus</span> <span class='ocrx_word' id='word_1_637' title='bbox 2337 2412 2441 2460; x_wconf 86' lang='lat' dir='ltr'>dicit,</span> <span class='ocrx_word' id='word_1_638' title='bbox 2478 2413 2516 2449; x_wconf 91' lang='lat' dir='ltr'>in</span> 
     </span>
     <span class='ocr_line' id='line_1_92' title="bbox 1442 2467 2517 2516; baseline -0.001 -12.027"><span class='ocrx_word' id='word_1_639' title='bbox 1442 2469 1455 2504; x_wconf 96' lang='lat' dir='ltr'>I</span> <span class='ocrx_word' id='word_1_640' title='bbox 1476 2468 1585 2505; x_wconf 83' lang='lat' dir='ltr'>Rhet.</span> <span class='ocrx_word' id='word_1_641' title='bbox 1606 2467 1638 2514; x_wconf 69' lang='lat'>³¹⁵,</span> <span class='ocrx_word' id='word_1_642' title='bbox 1669 2467 1774 2516; x_wconf 93' lang='lat' dir='ltr'>quod</span> <span class='ocrx_word' id='word_1_643' title='bbox 1805 2468 2001 2504; x_wconf 87' lang='lat' dir='ltr'>maximae</span> <span class='ocrx_word' id='word_1_644' title='bbox 2025 2467 2179 2503; x_wconf 79' lang='lat' dir='ltr'>virtutes</span> <span class='ocrx_word' id='word_1_645' title='bbox 2201 2471 2289 2502; x_wconf 88' lang='lat' dir='ltr'>sunt</span> <span class='ocrx_word' id='word_1_646' title='bbox 2312 2478 2409 2515; x_wconf 84' lang='lat' dir='ltr'>quae</span> <span class='ocrx_word' id='word_1_647' title='bbox 2433 2467 2517 2503; x_wconf 88' lang='lat' dir='ltr'>aliis</span> 
     </span>
     <span class='ocr_line' id='line_1_93' title="bbox 1413 2521 2517 2570; baseline -0.003 -11"><span class='ocrx_word' id='word_1_648' title='bbox 1413 2530 1415 2567; x_wconf 51' lang='lat' dir='ltr'>l</span> <span class='ocrx_word' id='word_1_649' title='bbox 1441 2522 1611 2559; x_wconf 91' lang='lat' dir='ltr'>maxime</span> <span class='ocrx_word' id='word_1_650' title='bbox 1629 2526 1715 2558; x_wconf 88' lang='lat' dir='ltr'>sunt</span> <span class='ocrx_word' id='word_1_651' title='bbox 1735 2521 1858 2557; x_wconf 86' lang='lat' dir='ltr'>utiles:</span> <span class='ocrx_word' id='word_1_652' title='bbox 1887 2527 1923 2558; x_wconf 88' lang='lat' dir='ltr'>et</span> <span class='ocrx_word' id='word_1_653' title='bbox 1935 2526 2093 2570; x_wconf 87' lang='lat' dir='ltr'>propter</span> <span class='ocrx_word' id='word_1_654' title='bbox 2111 2521 2193 2566; x_wconf 81' lang='lat' dir='ltr'>hoc,</span> <span class='ocrx_word' id='word_1_655' title='bbox 2202 2521 2331 2568; x_wconf 87' lang='lat' dir='ltr'>fortes</span> <span class='ocrx_word' id='word_1_656' title='bbox 2350 2526 2387 2557; x_wconf 90' lang='lat' dir='ltr'>et</span> <span class='ocrx_word' id='word_1_657' title='bbox 2403 2521 2517 2557; x_wconf 84' lang='lat' dir='ltr'>iustos</span> 
     </span>
     <span class='ocr_line' id='line_1_94' title="bbox 1414 2570 1883 2613; baseline -0.004 0"><span class='ocrx_word' id='word_1_658' title='bbox 1414 2570 1416 2608; x_wconf 66' lang='lat' dir='ltr'>l</span> <span class='ocrx_word' id='word_1_659' title='bbox 1441 2576 1612 2613; x_wconf 89' lang='lat' dir='ltr'>maxime</span> <span class='ocrx_word' id='word_1_660' title='bbox 1638 2575 1883 2612; x_wconf 84' lang='lat' dir='ltr'>honoramus.</span> 
     </span>
    </p>

    <p class='ocr_par' dir='ltr' id='par_1_40' title="bbox 1414 2622 2517 2839">
     <span class='ocr_line' id='line_1_95' title="bbox 1414 2622 2515 2676; baseline -0.003 -10"><span class='ocrx_word' id='word_1_661' title='bbox 1414 2622 1417 2662; x_wconf 73' lang='lat' dir='ltr'>l</span> <span class='ocrx_word' id='word_1_662' title='bbox 1497 2630 1727 2666; x_wconf 65' lang='lat' dir='ltr'>Respouoeo</span> <span class='ocrx_word' id='word_1_663' title='bbox 1765 2639 1951 2666; x_wconf 79' lang='lat' dir='ltr'><strong>DICENDUM</strong></span> <span class='ocrx_word' id='word_1_664' title='bbox 1986 2627 2104 2676; x_wconf 90' lang='lat' dir='ltr'>quod,</span> <span class='ocrx_word' id='word_1_665' title='bbox 2135 2626 2230 2663; x_wconf 91' lang='lat' dir='ltr'>sicut</span> <span class='ocrx_word' id='word_1_666' title='bbox 2259 2626 2515 2675; x_wconf 86' lang='lat' dir='ltr'>Philosophus</span> 
     </span>
     <span class='ocr_line' id='line_1_96' title="bbox 1415 2670 2517 2738; baseline -0.004 -18"><span class='ocrx_word' id='word_1_667' title='bbox 1415 2670 1417 2738; x_wconf 58' lang='lat' dir='ltr'>l</span> <span class='ocrx_word' id='word_1_668' title='bbox 1445 2683 1551 2730; x_wconf 89' lang='lat' dir='ltr'>dicit,</span> <span class='ocrx_word' id='word_1_669' title='bbox 1582 2683 1619 2719; x_wconf 91' lang='lat' dir='ltr'>in</span> <span class='ocrx_word' id='word_1_670' title='bbox 1655 2684 1668 2719; x_wconf 93' lang='lat'><em>1</em></span> <span class='ocrx_word' id='word_1_671' title='bbox 1701 2683 1822 2719; x_wconf 84' lang='lat' dir='ltr'>Ethic.</span> <span class='ocrx_word' id='word_1_672' title='bbox 1843 2681 1874 2728; x_wconf 71' lang='lat'>³¹⁶,</span> <span class='ocrx_word' id='word_1_673' title='bbox 1909 2682 2049 2718; x_wconf 84' lang='lat' dir='ltr'>bonum</span> <span class='ocrx_word' id='word_1_674' title='bbox 2083 2680 2328 2717; x_wconf 81' lang='lat' dir='ltr'>multitudinis</span> <span class='ocrx_word' id='word_1_675' title='bbox 2355 2681 2517 2717; x_wconf 79' lang='lat' dir='ltr'>divinius</span> 
     </span>
     <span class='ocr_line' id='line_1_97' title="bbox 1444 2734 2517 2785; baseline -0.003 -11"><span class='ocrx_word' id='word_1_676' title='bbox 1444 2742 1498 2774; x_wconf 86' lang='lat' dir='ltr'>est</span> <span class='ocrx_word' id='word_1_677' title='bbox 1531 2748 1646 2785; x_wconf 85' lang='lat' dir='ltr'>quam</span> <span class='ocrx_word' id='word_1_678' title='bbox 1681 2737 1822 2773; x_wconf 88' lang='lat' dir='ltr'>bonum</span> <span class='ocrx_word' id='word_1_679' title='bbox 1859 2736 1980 2772; x_wconf 89' lang='lat' dir='ltr'>unius.</span> <span class='ocrx_word' id='word_1_680' title='bbox 2011 2735 2060 2771; x_wconf 91' lang='lat' dir='ltr'>Et</span> <span class='ocrx_word' id='word_1_681' title='bbox 2088 2734 2175 2771; x_wconf 91' lang='lat' dir='ltr'>ideo</span> <span class='ocrx_word' id='word_1_682' title='bbox 2212 2742 2354 2783; x_wconf 90' lang='lat' dir='ltr'>quanto</span> <span class='ocrx_word' id='word_1_683' title='bbox 2391 2735 2517 2782; x_wconf 90' lang='lat' dir='ltr'>aliqua</span> 
     </span>
     <span class='ocr_line' id='line_1_98' title="bbox 1417 2788 2516 2839; baseline -0.003 -12"><span class='ocrx_word' id='word_1_684' title='bbox 1417 2800 1419 2832; x_wconf 42' lang='grc' dir='ltr'>ἦ</span> <span class='ocrx_word' id='word_1_685' title='bbox 1443 2790 1565 2828; x_wconf 90' lang='lat' dir='ltr'>virtus</span> <span class='ocrx_word' id='word_1_686' title='bbox 1586 2789 1707 2838; x_wconf 90' lang='lat' dir='ltr'>magis</span> <span class='ocrx_word' id='word_1_687' title='bbox 1726 2789 1888 2839; x_wconf 91' lang='lat' dir='ltr'>pertinet</span> <span class='ocrx_word' id='word_1_688' title='bbox 1902 2789 1950 2826; x_wconf 91' lang='lat' dir='ltr'>ad</span> <span class='ocrx_word' id='word_1_689' title='bbox 1967 2789 2113 2825; x_wconf 89' lang='lat' dir='ltr'>bonum</span> <span class='ocrx_word' id='word_1_690' title='bbox 2135 2788 2396 2834; x_wconf 88' lang='lat' dir='ltr'>multitudinis,</span> <span class='ocrx_word' id='word_1_691' title='bbox 2413 2796 2516 2825; x_wconf 91' lang='lat' dir='ltr'>tanto</span> 
     </span>
    </p>
   </div>
   <div class='ocr_carea' id='block_1_39' title="bbox 1435 1599 2547 1640">
    <p class='ocr_par' dir='ltr' id='par_1_41' title="bbox 1435 1599 2547 1640">
     <span class='ocr_line' id='line_1_99' title="bbox 1435 1599 2547 1640; baseline -0.004 -8"><span class='ocrx_word' id='word_1_692' title='bbox 1435 1601 1646 1637; x_wconf 86' lang='lat' dir='ltr'>moderando,</span> <span class='ocrx_word' id='word_1_693' title='bbox 1671 1601 1726 1631; x_wconf 90' lang='lat' dir='ltr'>sed</span> <span class='ocrx_word' id='word_1_694' title='bbox 1750 1599 1920 1636; x_wconf 88' lang='lat' dir='ltr'>firmando,</span> <span class='ocrx_word' id='word_1_695' title='bbox 1939 1607 1974 1630; x_wconf 92' lang='lat' dir='ltr'>ut</span> <span class='ocrx_word' id='word_1_696' title='bbox 1997 1607 2084 1640; x_wconf 89' lang='lat' dir='ltr'>patet</span> <span class='ocrx_word' id='word_1_697' title='bbox 2107 1610 2143 1630; x_wconf 89' lang='lat' dir='ltr'>ex</span> <span class='ocrx_word' id='word_1_698' title='bbox 2167 1609 2263 1639; x_wconf 90' lang='lat' dir='ltr'>supra</span> <span class='ocrx_word' id='word_1_699' title='bbox 2277 1599 2294 1618; x_wconf 91' lang='grc'>*</span> <span class='ocrx_word' id='word_1_700' title='bbox 2318 1599 2417 1629; x_wconf 87' lang='lat' dir='ltr'>dictis.</span> <span class='ocrx_word' id='word_1_701' title='bbox 2436 1617 2454 1620; x_wconf 98' lang='lat'><em>-</em></span> <span class='ocrx_word' id='word_1_702' title='bbox 2470 1599 2510 1629; x_wconf 90' lang='lat' dir='ltr'>Et</span> <span class='ocrx_word' id='word_1_703' title='bbox 2538 1603 2547 1611; x_wconf 83' lang='grc'><em>·</em></span> 
     </span>
    </p>
   </div>
   <div class='ocr_carea' id='block_1_40' title="bbox 316 2841 2522 3539">
    <p class='ocr_par' dir='ltr' id='par_1_42' title="bbox 316 2841 2522 3539">
     <span class='ocr_line' id='line_1_100' title="bbox 316 2841 2517 2895; baseline -0.003 -12"><span class='ocrx_word' id='word_1_704' title='bbox 316 2845 423 2895; x_wconf 90' lang='lat' dir='ltr'>quod</span> <span class='ocrx_word' id='word_1_705' title='bbox 453 2855 508 2883; x_wconf 90' lang='lat' dir='ltr'>est</span> <span class='ocrx_word' id='word_1_706' title='bbox 537 2846 738 2883; x_wconf 88' lang='lat' dir='ltr'>difficilius.</span> <span class='ocrx_word' id='word_1_707' title='bbox 776 2845 854 2882; x_wconf 91' lang='lat' dir='ltr'>Sed</span> <span class='ocrx_word' id='word_1_708' title='bbox 884 2845 1072 2882; x_wconf 88' lang='lat' dir='ltr'>difficilius</span> <span class='ocrx_word' id='word_1_709' title='bbox 1110 2853 1166 2881; x_wconf 93' lang='lat' dir='ltr'>est</span> <span class='ocrx_word' id='word_1_710' title='bbox 1201 2845 1391 2881; x_wconf 88' lang='lat' dir='ltr'>refrenare</span> <span class='ocrx_word' id='word_1_711' title='bbox 1418 2877 1419 2894; x_wconf 36' lang='lat'>3</span> <span class='ocrx_word' id='word_1_712' title='bbox 1446 2844 1582 2882; x_wconf 91' lang='lat' dir='ltr'>melior</span> <span class='ocrx_word' id='word_1_713' title='bbox 1611 2851 1677 2880; x_wconf 90' lang='lat' dir='ltr'>est.</span> <span class='ocrx_word' id='word_1_714' title='bbox 1708 2843 1851 2880; x_wconf 91' lang='lat' dir='ltr'>Iustitia</span> <span class='ocrx_word' id='word_1_715' title='bbox 1879 2850 2007 2879; x_wconf 89' lang='lat' dir='ltr'>autem</span> <span class='ocrx_word' id='word_1_716' title='bbox 2029 2850 2065 2879; x_wconf 89' lang='lat' dir='ltr'>et</span> <span class='ocrx_word' id='word_1_717' title='bbox 2085 2842 2264 2878; x_wconf 89' lang='lat' dir='ltr'>fortitudo</span> <span class='ocrx_word' id='word_1_718' title='bbox 2292 2841 2414 2890; x_wconf 87' lang='lat' dir='ltr'>magis</span> <span class='ocrx_word' id='word_1_719' title='bbox 2434 2854 2517 2890; x_wconf 84' lang='lat' dir='ltr'>per-</span> 
     </span>
     <span class='ocr_line' id='line_1_101' title="bbox 317 2895 2516 2949; baseline -0.003 -12"><span class='ocrx_word' id='word_1_720' title='bbox 317 2900 646 2949; x_wconf 86' lang='lat' dir='ltr'>concupiscentias</span> <span class='ocrx_word' id='word_1_721' title='bbox 676 2907 712 2937; x_wconf 91' lang='lat' dir='ltr'>et</span> <span class='ocrx_word' id='word_1_722' title='bbox 741 2899 1011 2936; x_wconf 89' lang='lat' dir='ltr'>delectationes</span> <span class='ocrx_word' id='word_1_723' title='bbox 1040 2906 1160 2935; x_wconf 90' lang='lat' dir='ltr'>tactus</span> <span class='ocrx_word' id='word_1_724' title='bbox 1189 2910 1308 2946; x_wconf 91' lang='lat' dir='ltr'>quam</span> <span class='ocrx_word' id='word_1_725' title='bbox 1338 2911 1393 2934; x_wconf 92' lang='lat' dir='ltr'>re-</span> <span class='ocrx_word' id='word_1_726' title='bbox 1445 2898 1566 2935; x_wconf 92' lang='lat' dir='ltr'>tinent</span> <span class='ocrx_word' id='word_1_727' title='bbox 1585 2898 1634 2934; x_wconf 93' lang='lat' dir='ltr'>ad</span> <span class='ocrx_word' id='word_1_728' title='bbox 1654 2897 1802 2933; x_wconf 91' lang='lat' dir='ltr'>bonum</span> <span class='ocrx_word' id='word_1_729' title='bbox 1830 2895 2081 2933; x_wconf 87' lang='lat' dir='ltr'>multitudinis</span> <span class='ocrx_word' id='word_1_730' title='bbox 2102 2908 2219 2944; x_wconf 91' lang='lat' dir='ltr'>quarn</span> <span class='ocrx_word' id='word_1_731' title='bbox 2248 2895 2516 2944; x_wconf 87' lang='lat' dir='ltr'>temperantia:</span> 
     </span>
     <span class='ocr_line' id='line_1_102' title="bbox 318 2949 2517 3001; baseline -0.003 -10"><span class='ocrx_word' id='word_1_732' title='bbox 318 2953 485 2991; x_wconf 84' lang='lat' dir='ltr'>ctificare</span> <span class='ocrx_word' id='word_1_733' title='bbox 526 2954 697 2991; x_wconf 92' lang='lat' dir='ltr'>actiones</span> <span class='ocrx_word' id='word_1_734' title='bbox 735 2953 965 2990; x_wconf 88' lang='lat' dir='ltr'>exteriores:</span> <span class='ocrx_word' id='word_1_735' title='bbox 1011 2964 1178 3000; x_wconf 90' lang='lat' dir='ltr'>quorum</span> <span class='ocrx_word' id='word_1_736' title='bbox 1222 2951 1392 3000; x_wconf 86' lang='lat' dir='ltr'>primum</span> <span class='ocrx_word' id='word_1_737' title='bbox 1419 2963 1421 2999; x_wconf 48' lang='grc' dir='ltr'>ᾖ</span> <span class='ocrx_word' id='word_1_738' title='bbox 1448 2951 1536 3001; x_wconf 89' lang='lat' dir='ltr'>quia</span> <span class='ocrx_word' id='word_1_739' title='bbox 1556 2950 1694 2987; x_wconf 90' lang='lat' dir='ltr'>iustitia</span> <span class='ocrx_word' id='word_1_740' title='bbox 1714 2950 1883 2987; x_wconf 88' lang='lat' dir='ltr'>consistit</span> <span class='ocrx_word' id='word_1_741' title='bbox 1911 2950 1950 2986; x_wconf 93' lang='lat' dir='ltr'>in</span> <span class='ocrx_word' id='word_1_742' title='bbox 1976 2949 2399 2995; x_wconf 88' lang='lat' dir='ltr'>communicationibus,</span> <span class='ocrx_word' id='word_1_743' title='bbox 2421 2961 2517 2997; x_wconf 89' lang='lat' dir='ltr'>quae</span> 
     </span>
     <span class='ocr_line' id='line_1_103' title="bbox 318 3002 2519 3057; baseline -0.002 -14"><span class='ocrx_word' id='word_1_744' title='bbox 318 3007 481 3057; x_wconf 90' lang='lat' dir='ltr'>pertinet</span> <span class='ocrx_word' id='word_1_745' title='bbox 517 3008 566 3045; x_wconf 91' lang='lat' dir='ltr'>ad</span> <span class='ocrx_word' id='word_1_746' title='bbox 608 3006 920 3057; x_wconf 88' lang='lat' dir='ltr'>temperantiam,</span> <span class='ocrx_word' id='word_1_747' title='bbox 957 3006 1171 3043; x_wconf 90' lang='lat' dir='ltr'>secundum</span> <span class='ocrx_word' id='word_1_748' title='bbox 1206 3005 1255 3042; x_wconf 92' lang='lat' dir='ltr'>ad</span> <span class='ocrx_word' id='word_1_749' title='bbox 1291 3005 1393 3042; x_wconf 90' lang='lat' dir='ltr'>iusti·</span> <span class='ocrx_word' id='word_1_750' title='bbox 1420 3002 1422 3052; x_wconf 60' lang='grc' dir='ltr'>ἱ</span> <span class='ocrx_word' id='word_1_751' title='bbox 1448 3013 1535 3042; x_wconf 90' lang='lat' dir='ltr'>sunt</span> <span class='ocrx_word' id='word_1_752' title='bbox 1573 3004 1622 3041; x_wconf 87' lang='lat' dir='ltr'>ad</span> <span class='ocrx_word' id='word_1_753' title='bbox 1660 3004 1841 3049; x_wconf 87' lang='lat' dir='ltr'>alterum;</span> <span class='ocrx_word' id='word_1_754' title='bbox 1880 3003 2061 3040; x_wconf 88' lang='lat' dir='ltr'>fortitudo</span> <span class='ocrx_word' id='word_1_755' title='bbox 2100 3011 2228 3040; x_wconf 88' lang='lat' dir='ltr'>autem</span> <span class='ocrx_word' id='word_1_756' title='bbox 2267 3003 2305 3040; x_wconf 92' lang='lat' dir='ltr'>in</span> <span class='ocrx_word' id='word_1_757' title='bbox 2343 3002 2519 3051; x_wconf 87' lang='lat' dir='ltr'>periculis</span> 
     </span>
     <span class='ocr_line' id='line_1_104' title="bbox 318 3054 2517 3110; baseline -0.003 -11"><span class='ocrx_word' id='word_1_758' title='bbox 318 3059 422 3098; x_wconf 88' lang='lat' dir='ltr'>tiam.</span> <span class='ocrx_word' id='word_1_759' title='bbox 466 3062 570 3110; x_wconf 91' lang='lat' dir='ltr'>Ergo</span> <span class='ocrx_word' id='word_1_760' title='bbox 599 3060 851 3110; x_wconf 89' lang='lat' dir='ltr'>temperantia</span> <span class='ocrx_word' id='word_1_761' title='bbox 881 3067 937 3097; x_wconf 92' lang='lat' dir='ltr'>est</span> <span class='ocrx_word' id='word_1_762' title='bbox 965 3060 1089 3097; x_wconf 91' lang='lat' dir='ltr'>maior</span> <span class='ocrx_word' id='word_1_763' title='bbox 1120 3059 1240 3096; x_wconf 84' lang='lat' dir='ltr'>virtus</span> <span class='ocrx_word' id='word_1_764' title='bbox 1275 3071 1393 3108; x_wconf 90' lang='lat' dir='ltr'>quam</span> <span class='ocrx_word' id='word_1_765' title='bbox 1420 3054 1422 3106; x_wconf 60' lang='grc' dir='ltr'><strong>ἶ</strong></span> <span class='ocrx_word' id='word_1_766' title='bbox 1448 3059 1650 3104; x_wconf 88' lang='lat' dir='ltr'>bellorum,</span> <span class='ocrx_word' id='word_1_767' title='bbox 1672 3070 1771 3106; x_wconf 89' lang='lat' dir='ltr'>quae</span> <span class='ocrx_word' id='word_1_768' title='bbox 1801 3057 2031 3094; x_wconf 90' lang='lat' dir='ltr'>sustinentur</span> <span class='ocrx_word' id='word_1_769' title='bbox 2058 3069 2129 3105; x_wconf 92' lang='lat' dir='ltr'>pro</span> <span class='ocrx_word' id='word_1_770' title='bbox 2155 3057 2272 3093; x_wconf 91' lang='lat' dir='ltr'>salute</span> <span class='ocrx_word' id='word_1_771' title='bbox 2302 3055 2517 3102; x_wconf 87' lang='lat' dir='ltr'>communi;</span> 
     </span>
     <span class='ocr_line' id='line_1_105' title="bbox 319 3109 2519 3160; baseline -0.002 -9"><span class='ocrx_word' id='word_1_772' title='bbox 319 3113 468 3151; x_wconf 91' lang='lat' dir='ltr'>iustitia.</span> <span class='ocrx_word' id='word_1_773' title='bbox 1421 3122 1423 3137; x_wconf 66' lang='lat'>³</span> <span class='ocrx_word' id='word_1_774' title='bbox 1448 3111 1698 3160; x_wconf 89' lang='lat' dir='ltr'>temperantia</span> <span class='ocrx_word' id='word_1_775' title='bbox 1719 3119 1847 3148; x_wconf 89' lang='lat' dir='ltr'>autem</span> <span class='ocrx_word' id='word_1_776' title='bbox 1869 3111 2091 3148; x_wconf 90' lang='lat' dir='ltr'>moderatur</span> <span class='ocrx_word' id='word_1_777' title='bbox 2106 3110 2231 3146; x_wconf 91' lang='lat' dir='ltr'>solum</span> <span class='ocrx_word' id='word_1_778' title='bbox 2249 3109 2519 3158; x_wconf 91' lang='lat' dir='ltr'>concupiscen-</span> 
     </span>
     <span class='ocr_line' id='line_1_106' title="bbox 377 3163 2518 3216; baseline -0.003 -11"><span class='ocrx_word' id='word_1_779' title='bbox 377 3168 411 3205; x_wconf 90' lang='lat'>3.</span> <span class='ocrx_word' id='word_1_780' title='bbox 441 3168 677 3211; x_wconf 79' lang='lat' dir='ltr'>PRAETEREA,</span> <span class='ocrx_word' id='word_1_781' title='bbox 708 3175 851 3216; x_wconf 88' lang='lat' dir='ltr'>quanto</span> <span class='ocrx_word' id='word_1_782' title='bbox 881 3166 1023 3215; x_wconf 90' lang='lat' dir='ltr'>aliquid</span> <span class='ocrx_word' id='word_1_783' title='bbox 1053 3173 1108 3203; x_wconf 91' lang='lat' dir='ltr'>est</span> <span class='ocrx_word' id='word_1_784' title='bbox 1138 3165 1393 3213; x_wconf 91' lang='lat' dir='ltr'>communius,</span> <span class='ocrx_word' id='word_1_785' title='bbox 1421 3188 1423 3199; x_wconf 34' lang='grc' dir='ltr'>η</span> <span class='ocrx_word' id='word_1_786' title='bbox 1448 3165 1518 3202; x_wconf 88' lang='lat' dir='ltr'>tias</span> <span class='ocrx_word' id='word_1_787' title='bbox 1555 3173 1590 3202; x_wconf 94' lang='lat' dir='ltr'>et</span> <span class='ocrx_word' id='word_1_788' title='bbox 1627 3164 1896 3201; x_wconf 87' lang='lat' dir='ltr'>delectationes</span> <span class='ocrx_word' id='word_1_789' title='bbox 1936 3176 2071 3201; x_wconf 89' lang='lat' dir='ltr'>eorum</span> <span class='ocrx_word' id='word_1_790' title='bbox 2110 3175 2208 3211; x_wconf 88' lang='lat' dir='ltr'>quae</span> <span class='ocrx_word' id='word_1_791' title='bbox 2246 3163 2435 3212; x_wconf 91' lang='lat' dir='ltr'>pertinent</span> <span class='ocrx_word' id='word_1_792' title='bbox 2472 3165 2518 3200; x_wconf 89' lang='lat' dir='ltr'>ad</span> 
     </span>
     <span class='ocr_line' id='line_1_107' title="bbox 322 3206 2519 3274; baseline -0.002 -17"><span class='ocrx_word' id='word_1_793' title='bbox 322 3228 427 3258; x_wconf 89' lang='lat' dir='ltr'>tanto</span> <span class='ocrx_word' id='word_1_794' title='bbox 455 3222 576 3270; x_wconf 87' lang='lat' dir='ltr'>magis</span> <span class='ocrx_word' id='word_1_795' title='bbox 605 3221 863 3259; x_wconf 89' lang='lat' dir='ltr'>necessarium</span> <span class='ocrx_word' id='word_1_796' title='bbox 892 3221 1043 3258; x_wconf 92' lang='lat' dir='ltr'>videtur</span> <span class='ocrx_word' id='word_1_797' title='bbox 1072 3232 1154 3256; x_wconf 91' lang='lat' dir='ltr'>esse</span> <span class='ocrx_word' id='word_1_798' title='bbox 1185 3227 1221 3255; x_wconf 91' lang='lat' dir='ltr'>et</span> <span class='ocrx_word' id='word_1_799' title='bbox 1244 3219 1392 3256; x_wconf 89' lang='lat' dir='ltr'>melius.</span> <span class='ocrx_word' id='word_1_800' title='bbox 1422 3206 1423 3274; x_wconf 43' lang='lat' dir='ltr'><strong>J</strong></span> <span class='ocrx_word' id='word_1_801' title='bbox 1449 3218 1577 3268; x_wconf 90' lang='lat' dir='ltr'>ipsum</span> <span class='ocrx_word' id='word_1_802' title='bbox 1606 3218 1819 3255; x_wconf 90' lang='lat' dir='ltr'>hominem.</span> <span class='ocrx_word' id='word_1_803' title='bbox 1849 3218 1961 3255; x_wconf 92' lang='lat' dir='ltr'>Unde</span> <span class='ocrx_word' id='word_1_804' title='bbox 1990 3216 2234 3254; x_wconf 89' lang='lat' dir='ltr'>manifestum</span> <span class='ocrx_word' id='word_1_805' title='bbox 2265 3224 2319 3253; x_wconf 93' lang='lat' dir='ltr'>est</span> <span class='ocrx_word' id='word_1_806' title='bbox 2341 3217 2446 3266; x_wconf 85' lang='lat' dir='ltr'>quod</span> <span class='ocrx_word' id='word_1_807' title='bbox 2466 3217 2519 3253; x_wconf 91' lang='lat' dir='ltr'>iu-</span> 
     </span>
     <span class='ocr_line' id='line_1_108' title="bbox 324 3270 2519 3324; baseline -0.002 -14"><span class='ocrx_word' id='word_1_808' title='bbox 324 3274 401 3311; x_wconf 85' lang='lat' dir='ltr'>Sed</span> <span class='ocrx_word' id='word_1_809' title='bbox 430 3274 612 3312; x_wconf 89' lang='lat' dir='ltr'>fortitudo</span> <span class='ocrx_word' id='word_1_810' title='bbox 642 3284 698 3313; x_wconf 90' lang='lat' dir='ltr'>est</span> <span class='ocrx_word' id='word_1_811' title='bbox 726 3276 827 3313; x_wconf 89' lang='lat' dir='ltr'>circa</span> <span class='ocrx_word' id='word_1_812' title='bbox 855 3275 1023 3324; x_wconf 90' lang='lat' dir='ltr'>pericula</span> <span class='ocrx_word' id='word_1_813' title='bbox 1051 3273 1195 3319; x_wconf 86' lang='lat' dir='ltr'>mortis,</span> <span class='ocrx_word' id='word_1_814' title='bbox 1217 3285 1315 3321; x_wconf 89' lang='lat' dir='ltr'>quae</span> <span class='ocrx_word' id='word_1_815' title='bbox 1338 3285 1395 3309; x_wconf 92' lang='lat' dir='ltr'>ra-</span> <span class='ocrx_word' id='word_1_816' title='bbox 1422 3299 1423 3302; x_wconf 20' lang='grc' dir='ltr'>η</span> <span class='ocrx_word' id='word_1_817' title='bbox 1449 3271 1547 3308; x_wconf 89' lang='lat' dir='ltr'>stitia</span> <span class='ocrx_word' id='word_1_818' title='bbox 1567 3279 1604 3307; x_wconf 89' lang='lat' dir='ltr'>et</span> <span class='ocrx_word' id='word_1_819' title='bbox 1618 3271 1799 3308; x_wconf 85' lang='lat' dir='ltr'>fortitudo</span> <span class='ocrx_word' id='word_1_820' title='bbox 1821 3279 1908 3308; x_wconf 91' lang='lat' dir='ltr'>sunt</span> <span class='ocrx_word' id='word_1_821' title='bbox 1928 3270 2210 3307; x_wconf 88' lang='lat' dir='ltr'>excellentiores</span> <span class='ocrx_word' id='word_1_822' title='bbox 2228 3270 2386 3307; x_wconf 91' lang='lat' dir='ltr'>virtutes</span> <span class='ocrx_word' id='word_1_823' title='bbox 2402 3283 2519 3319; x_wconf 90' lang='lat' dir='ltr'>quam</span> 
     </span>
     <span class='ocr_line' id='line_1_109' title="bbox 324 3323 2521 3379; baseline -0.002 -15"><span class='ocrx_word' id='word_1_824' title='bbox 324 3327 400 3364; x_wconf 90' lang='lat' dir='ltr'>rius</span> <span class='ocrx_word' id='word_1_825' title='bbox 429 3337 632 3366; x_wconf 90' lang='lat' dir='ltr'>occurrunt</span> <span class='ocrx_word' id='word_1_826' title='bbox 653 3334 670 3351; x_wconf 77' lang='lat'>‘²</span> <span class='ocrx_word' id='word_1_827' title='bbox 699 3342 816 3379; x_wconf 89' lang='lat' dir='ltr'>quam</span> <span class='ocrx_word' id='word_1_828' title='bbox 854 3327 1089 3366; x_wconf 90' lang='lat' dir='ltr'>delectabilia</span> <span class='ocrx_word' id='word_1_829' title='bbox 1122 3334 1262 3373; x_wconf 88' lang='lat' dir='ltr'>tactus,</span> <span class='ocrx_word' id='word_1_830' title='bbox 1297 3338 1395 3374; x_wconf 90' lang='lat' dir='ltr'>quae</span> <span class='ocrx_word' id='word_1_831' title='bbox 1422 3332 1423 3335; x_wconf 76' lang='grc'>’</span> <span class='ocrx_word' id='word_1_832' title='bbox 1450 3324 1721 3373; x_wconf 89' lang='lat' dir='ltr'>temperantia:</span> <span class='ocrx_word' id='word_1_833' title='bbox 1752 3325 1890 3372; x_wconf 91' lang='lat' dir='ltr'>quibus</span> <span class='ocrx_word' id='word_1_834' title='bbox 1919 3323 2120 3373; x_wconf 90' lang='lat' dir='ltr'>prudentia</span> <span class='ocrx_word' id='word_1_835' title='bbox 2141 3331 2177 3360; x_wconf 89' lang='lat' dir='ltr'>et</span> <span class='ocrx_word' id='word_1_836' title='bbox 2195 3323 2353 3361; x_wconf 88' lang='lat' dir='ltr'>virtutes</span> <span class='ocrx_word' id='word_1_837' title='bbox 2375 3325 2521 3361; x_wconf 90' lang='lat' dir='ltr'>theolo-</span> 
     </span>
     <span class='ocr_line' id='line_1_110' title="bbox 324 3374 2265 3436; baseline -0.002 -19"><span class='ocrx_word' id='word_1_838' title='bbox 324 3381 494 3429; x_wconf 91' lang='lat' dir='ltr'>quotidie</span> <span class='ocrx_word' id='word_1_839' title='bbox 523 3390 747 3420; x_wconf 91' lang='lat' dir='ltr'>occurrunt:</span> <span class='ocrx_word' id='word_1_840' title='bbox 778 3391 815 3420; x_wconf 92' lang='lat' dir='ltr'>et</span> <span class='ocrx_word' id='word_1_841' title='bbox 842 3382 896 3419; x_wconf 90' lang='lat' dir='ltr'>sic</span> <span class='ocrx_word' id='word_1_842' title='bbox 924 3395 1016 3420; x_wconf 90' lang='lat' dir='ltr'>usus</span> <span class='ocrx_word' id='word_1_843' title='bbox 1044 3380 1319 3430; x_wconf 89' lang='lat' dir='ltr'>temperantiae</span> <span class='ocrx_word' id='word_1_844' title='bbox 1341 3387 1396 3416; x_wconf 92' lang='lat' dir='ltr'>est</span> <span class='ocrx_word' id='word_1_845' title='bbox 1422 3377 1423 3436; x_wconf 45' lang='grc' dir='ltr'>ᾗ</span> <span class='ocrx_word' id='word_1_846' title='bbox 1449 3378 1555 3427; x_wconf 87' lang='lat' dir='ltr'>gicae</span> <span class='ocrx_word' id='word_1_847' title='bbox 1585 3385 1672 3414; x_wconf 92' lang='lat' dir='ltr'>sunt</span> <span class='ocrx_word' id='word_1_848' title='bbox 1698 3378 1877 3426; x_wconf 91' lang='lat' dir='ltr'>potiores.</span> <span class='ocrx_word' id='word_1_849' title='bbox 2262 3374 2265 3376; x_wconf 64' lang='grc'>’</span> 
     </span>
     <span class='ocr_line' id='line_1_111' title="bbox 325 3431 2522 3484; baseline -0.002 -13"><span class='ocrx_word' id='word_1_850' title='bbox 325 3434 572 3472; x_wconf 90' lang='lat' dir='ltr'>communior</span> <span class='ocrx_word' id='word_1_851' title='bbox 600 3447 717 3484; x_wconf 88' lang='lat' dir='ltr'>quam</span> <span class='ocrx_word' id='word_1_852' title='bbox 746 3436 985 3474; x_wconf 87' lang='lat' dir='ltr'>fortitudinis.</span> <span class='ocrx_word' id='word_1_853' title='bbox 1016 3436 1119 3483; x_wconf 89' lang='lat' dir='ltr'>Ergo</span> <span class='ocrx_word' id='word_1_854' title='bbox 1145 3433 1396 3483; x_wconf 89' lang='lat' dir='ltr'>temperantia</span> <span class='ocrx_word' id='word_1_855' title='bbox 1423 3473 1424 3477; x_wconf 47' lang='lat'>,</span> <span class='ocrx_word' id='word_1_856' title='bbox 1504 3434 1562 3468; x_wconf 83' lang='lat' dir='ltr'>AD</span> <span class='ocrx_word' id='word_1_857' title='bbox 1599 3443 1737 3468; x_wconf 69' lang='lat' dir='ltr'>ramum</span> <span class='ocrx_word' id='word_1_858' title='bbox 1771 3442 1870 3468; x_wconf 82' lang='lat' dir='ltr'>ERGO</span> <span class='ocrx_word' id='word_1_859' title='bbox 1905 3443 2091 3468; x_wconf 85' lang='lat' dir='ltr'>DICENDUM</span> <span class='ocrx_word' id='word_1_860' title='bbox 2130 3431 2236 3480; x_wconf 91' lang='lat' dir='ltr'>quod</span> <span class='ocrx_word' id='word_1_861' title='bbox 2269 3431 2450 3468; x_wconf 89' lang='lat' dir='ltr'>honestas</span> <span class='ocrx_word' id='word_1_862' title='bbox 2486 3439 2522 3467; x_wconf 91' lang='lat' dir='ltr'>et</span> 
     </span>
     <span class='ocr_line' id='line_1_112' title="bbox 326 3484 2522 3539; baseline -0.002 -14"><span class='ocrx_word' id='word_1_863' title='bbox 326 3497 381 3525; x_wconf 93' lang='lat' dir='ltr'>est</span> <span class='ocrx_word' id='word_1_864' title='bbox 410 3488 574 3526; x_wconf 91' lang='lat' dir='ltr'>nobilior</span> <span class='ocrx_word' id='word_1_865' title='bbox 600 3489 720 3526; x_wconf 87' lang='lat' dir='ltr'>virtus</span> <span class='ocrx_word' id='word_1_866' title='bbox 749 3502 867 3539; x_wconf 90' lang='lat' dir='ltr'>quam</span> <span class='ocrx_word' id='word_1_867' title='bbox 896 3489 1088 3527; x_wconf 88' lang='lat' dir='ltr'>fortitudo.</span> <span class='ocrx_word' id='word_1_868' title='bbox 1423 3485 1425 3531; x_wconf 61' lang='grc' dir='ltr'>ζ</span> <span class='ocrx_word' id='word_1_869' title='bbox 1453 3485 1569 3523; x_wconf 92' lang='lat' dir='ltr'>decor</span> <span class='ocrx_word' id='word_1_870' title='bbox 1586 3484 1752 3522; x_wconf 85' lang='lat' dir='ltr'>maxime</span> <span class='ocrx_word' id='word_1_871' title='bbox 1774 3484 2026 3522; x_wconf 88' lang='lat' dir='ltr'>attribuuntur</span> <span class='ocrx_word' id='word_1_872' title='bbox 2040 3484 2325 3533; x_wconf 84' lang='lat' dir='ltr'>temperantiae,</span> <span class='ocrx_word' id='word_1_873' title='bbox 2343 3497 2421 3522; x_wconf 92' lang='lat' dir='ltr'>non</span> <span class='ocrx_word' id='word_1_874' title='bbox 2436 3497 2522 3533; x_wconf 90' lang='lat' dir='ltr'>pro-</span> 
     </span>
    </p>
   </div>
   <div class='ocr_carea' id='block_1_41' title="bbox 380 3611 804 3644">
    <p class='ocr_par' dir='ltr' id='par_1_43' title="bbox 380 3611 804 3644">
     <span class='ocr_line' id='line_1_113' title="bbox 380 3611 804 3644; baseline -0.005 -6"><span class='ocrx_word' id='word_1_875' title='bbox 380 3614 407 3644; x_wconf 76' lang='grc' dir='ltr'>α)</span> <span class='ocrx_word' id='word_1_876' title='bbox 427 3615 581 3638; x_wconf 81' lang='lat' dir='ltr'>occurrunt.</span> <span class='ocrx_word' id='word_1_877' title='bbox 593 3625 612 3631; x_wconf 90' lang='lat'><em>—</em></span> <span class='ocrx_word' id='word_1_878' title='bbox 630 3611 756 3637; x_wconf 82' lang='lat' dir='ltr'>accidunt</span> <span class='ocrx_word' id='word_1_879' title='bbox 775 3611 804 3636; x_wconf 88' lang='grc' dir='ltr'>Ρ.</span> 
     </span>
    </p>
   </div>
   <div class='ocr_carea' id='block_1_42' title="bbox 2546 2479 2626 2506">
    <p class='ocr_par' dir='ltr' id='par_1_44' title="bbox 2546 2479 2626 2506">
     <span class='ocr_line' id='line_1_114' title="bbox 2546 2479 2626 2506; baseline -0.013 -5"><span class='ocrx_word' id='word_1_880' title='bbox 2546 2480 2553 2487; x_wconf 87' lang='grc'><em>·</em></span> <span class='ocrx_word' id='word_1_881' title='bbox 2569 2479 2626 2506; x_wconf 75' lang='lat' dir='ltr'>Cap.</span> 
     </span>
    </p>
   </div>
   <div class='ocr_carea' id='block_1_43' title="bbox 2545 2692 2629 2741">
    <p class='ocr_par' dir='ltr' id='par_1_45' title="bbox 2545 2692 2629 2741">
     <span class='ocr_line' id='line_1_115' title="bbox 2545 2692 2629 2741; baseline -0.012 0"><span class='ocrx_word' id='word_1_882' title='bbox 2545 2692 2629 2741; x_wconf 48' lang='lat' dir='ltr'>§.⁶st</span> 
     </span>
    </p>
   </div>
   <div class='ocr_carea' id='block_1_44' title="bbox 2646 2477 2756 2504">
    <p class='ocr_par' dir='ltr' id='par_1_46' title="bbox 2646 2477 2756 2504">
     <span class='ocr_line' id='line_1_116' title="bbox 2646 2477 2756 2504; baseline -0.009 -5"><span class='ocrx_word' id='word_1_883' title='bbox 2646 2484 2681 2504; x_wconf 77' lang='lat' dir='ltr'>ix,</span> <span class='ocrx_word' id='word_1_884' title='bbox 2697 2483 2718 2499; x_wconf 90' lang='lat' dir='ltr'>n.</span> <span class='ocrx_word' id='word_1_885' title='bbox 2735 2477 2756 2498; x_wconf 74' lang='lat' dir='ltr'>o&#39;.</span> 
     </span>
    </p>
   </div>
   <div class='ocr_carea' id='block_1_45' title="bbox 2639 2692 2758 2740">
    <p class='ocr_par' dir='ltr' id='par_1_47' title="bbox 2639 2692 2758 2740">
     <span class='ocr_line' id='line_1_117' title="bbox 2639 2692 2758 2718; baseline -0.008 -5"><span class='ocrx_word' id='word_1_886' title='bbox 2639 2698 2664 2718; x_wconf 87' lang='grc' dir='ltr'>ιι,</span> <span class='ocrx_word' id='word_1_887' title='bbox 2679 2698 2703 2713; x_wconf 88' lang='lat' dir='ltr'>n.</span> <span class='ocrx_word' id='word_1_888' title='bbox 2718 2692 2758 2713; x_wconf 84' lang='lat'>8.-</span> 
     </span>
     <span class='ocr_line' id='line_1_118' title="bbox 2645 2719 2737 2740; baseline -0.011 0"><span class='ocrx_word' id='word_1_889' title='bbox 2645 2719 2697 2740; x_wconf 82' lang='lat' dir='ltr'>lect.</span> <span class='ocrx_word' id='word_1_890' title='bbox 2712 2724 2737 2740; x_wconf 85' lang='lat' dir='ltr'>n.</span> 
     </span>
    </p>
   </div>
  </div>
 </body>
</html>
