2768 4198
65 370 76 380 ¹·
89 369 124 391 Cf.
145 375 209 391 num.
229 374 279 390 vm.

65 720 76 732 ⁸
91 719 126 741 cf.
142 724 206 740 num.
220 724 251 740 tx.

68 1609 81 1622 ⁸
92 1609 144 1631 Αη.
161 1614 190 1636 4,
209 1607 284 1631 Gom-

69 1639 140 1658 mt.
155 1641 220 1658 num.
234 1641 266 1657 vr.

71 2193 83 2205 ⁸
90 2193 129 2216 aa
139 2193 219 2215 Galat.
234 2199 285 2222 cap.

69 2225 210 2275 maz-..32
221 2253 285 2274 mv,

72 2279 132 2296 vers.
146 2279 180 2302 ²5·

76 3079 87 3090 ⁸
99 3079 198 3102 Aristot.
211 3078 287 3101 Ethic.

74 3105 116 3128 lib.
129 3105 175 3132 m,
190 3111 240 3133 etp.
254 3111 289 3133 in,

75 3138 99 3154 n.
115 3138 142 3159 n,
157 3132 195 3158 16;
210 3139 229 3154 s.
243 3132 288 3154 Th.

75 3159 127 3181 leet.
146 3165 198 3181 vm.
219 3169 234 3176 —
253 3159 288 3181 ef.

75 3185 171 3208 Nemes.
192 3184 223 3207 de
234 3184 289 3207 Nat.

76 3211 184 3239 Hom„oe
202 3218 289 3239 anni,

76 3238 106 3260 ιΙ.
119 3238 159 3260 lib.
193 3255 198 3265 ,
207 3245 257 3266 cap.
267 3245 289 3260 v.

951 284 1219 330 QUAESTIO
1250 284 1420 332 CLVIII,
1450 284 1748 322 ARTICULUS
1777 284 1845 320 VII

360 364 502 394 Dubium
526 364 694 403 septimum
711 362 737 398 *,
763 372 830 393 non
855 372 892 392 ex
914 363 1062 399 Martino,
1087 370 1133 393 est
1157 363 1231 403 quia
1255 366 1376 394 Auctor

305 408 388 438 varie
408 407 440 437 in
464 407 526 437 hoc
550 407 683 437 articulo
706 407 850 447 loquitur
874 407 912 436 de
937 412 1061 437 tumore
1084 409 1208 438 mentis.
1237 408 1321 438 Nam
1343 408 1376 438 in

306 461 440 491 corpore
468 451 592 482 articuli
622 451 698 481 dicit
730 451 819 492 quod
849 451 1002 492 importat
1034 453 1241 492 repletionem
1277 453 1378 483 animi

306 496 553 537 cogitationibus
568 496 771 526 diversarum
789 497 915 526 viarum
934 497 1100 527 vindictae.
1118 496 1154 526 In
1170 497 1377 536 responsione

306 551 382 571 vero
407 541 446 570 ad
469 540 612 576 tertium,
637 540 712 570 dicit
736 541 824 580 quod
848 539 1002 580 significat
1026 546 1175 571 conatum
1199 551 1255 571 seu
1279 541 1378 572 auda-

307 586 389 616 ciam
413 585 551 615 hominis
573 585 761 615 intentantis
784 585 966 616 vindictam.
992 586 1169 622 Quomodo
1195 592 1278 616 stant
1301 586 1377 616 haec

307 680 382 704 sunt
404 673 439 703 in
461 673 583 703 ratione
607 680 662 703 aut
686 674 864 713 cogitativa.

361 718 503 748 Dubium
519 723 665 748 octavum
678 718 696 737 *
721 725 767 749 est
783 729 890 749 rursus
907 719 987 749 circa
1003 719 1279 760 indignationem:
1297 729 1378 759 quo-

307 761 394 792 niam
418 768 464 792 est
492 762 600 802 potius
631 770 730 793 mater
759 773 856 803 quam
881 763 942 793 filia
971 763 1044 794 irae.
1078 764 1176 800 Quod
1209 763 1252 793 sic
1282 770 1378 804 patet.

306 806 480 836 Aestimate
512 816 586 837 eum
611 807 666 847 qui
690 817 742 838 me
773 808 971 848 parvipendit
995 808 1128 848 dignum
1151 818 1265 847 poena,
1291 818 1378 848 prae-

307 850 389 881 cedit
412 850 508 881 iram:
534 851 689 892 quoniam
706 852 778 882 hinc
803 862 862 892 ego
879 852 996 883 irascor
1012 859 1122 883 contra
1141 862 1226 888 eum,
1243 852 1306 882 hoc
1322 859 1378 888 est,

307 901 424 935 appeto
447 895 620 926 vindictam
644 896 739 926 illius.
765 897 826 927 Sed
846 897 962 927 dictam
979 897 1231 927 aestimationem
1256 904 1379 927 antece-

307 939 354 970 dit
376 940 436 970 alia
460 940 655 976 aestimatio,
680 941 798 972 scilicet
824 941 988 972 aestimare
1019 942 1157 972 eundem
1185 942 1274 981 quod
1298 941 1380 971 indi-

307 993 389 1023 gnus
413 990 460 1014 est
483 985 571 1025 quod
595 985 668 1015 talia
693 985 804 1025 egerit:
830 995 903 1016 narn
929 986 1017 1026 prius
1041 985 1223 1016 naturaliter
1246 985 1379 1016 aestimo

307 1027 528 1068 indignitatem
553 1029 620 1060 eius
644 1037 787 1070 respectu
812 1030 945 1060 actionis
969 1040 1054 1066 suae,
1072 1040 1171 1071 quam
1195 1029 1380 1069 dignitatem

308 1073 451 1103 eiusdem
475 1082 619 1114 respectu
646 1074 802 1114 passionis
826 1085 843 1104 a
868 1084 935 1110 me,
962 1074 1117 1114 quoniam
1140 1074 1194 1104 illa
1218 1081 1264 1104 est
1287 1085 1380 1104 causa

307 1117 409 1148 istius.
433 1121 481 1148 Ac
500 1128 556 1158 per
580 1119 651 1155 hoc,
670 1119 846 1149 aestimatio
870 1118 992 1158 indigni
1017 1118 1056 1148 ad
1076 1118 1278 1148 inferendum
1302 1118 1380 1148 mihi

307 1161 466 1198 iniuriam,
491 1169 538 1193 est
561 1170 670 1198 mater,
696 1173 762 1193 non
786 1162 849 1193 filia
872 1162 945 1192 irae.
970 1163 1012 1193 Et
1026 1169 1133 1192 tamen
1150 1162 1182 1192 in
1207 1162 1308 1193 littera
1323 1173 1380 1203 po-

308 1206 393 1237 nitur
417 1206 481 1236 filia
504 1207 578 1237 irae.

364 1251 400 1281 II.
426 1251 476 1281 Ad
492 1252 638 1291 primum
668 1250 818 1287 dubium,
844 1251 882 1280 de
912 1250 1147 1290 indignatione,
1172 1251 1381 1290 respondetur
1407 1257 1408 1274 l

308 1294 541 1335 quodeccidit
568 1301 735 1334 propterea
764 1294 920 1331 defectus,
945 1295 1021 1335 quia
1049 1305 1116 1324 non
1146 1304 1271 1335 semper
1300 1295 1380 1325 iram

308 1338 479 1369 comitatur
500 1338 687 1378 indignatio,
711 1339 795 1369 Nam
815 1346 938 1369 constat
954 1339 1044 1380 quod
1067 1349 1133 1369 non
1154 1349 1278 1379 semper
1301 1339 1380 1370 iram

308 1383 452 1424 sequitur
475 1383 686 1423 blasphemia:
712 1389 743 1413 et
757 1390 864 1414 tamen
888 1390 1069 1424 acceptatur
1086 1383 1172 1414 illius
1195 1383 1270 1415 filia.
1293 1384 1381 1414 Nihil

306 1427 403 1468 igitur
426 1427 531 1458 obstat
553 1427 764 1467 indignationi
781 1428 820 1458 ad
844 1427 906 1458 hoc
922 1428 1011 1469 quod
1035 1428 1075 1458 sit
1097 1427 1160 1458 irae
1183 1427 1256 1464 filia,
1273 1428 1299 1459 si
1314 1438 1381 1459 non

308 1481 434 1512 semper
456 1471 536 1502 iram
560 1472 745 1503 comitetur:
770 1472 845 1513 quia
861 1471 944 1503 filiae
967 1472 1034 1503 vitii
1060 1472 1200 1512 capitalis
1217 1483 1283 1503 non
1308 1480 1382 1504 sunt

308 1516 515 1557 pedissequae
531 1516 754 1556 inseparabiles
778 1527 796 1547 a
819 1523 928 1548 matre.

365 1561 408 1591 Et
429 1570 487 1601 per
509 1561 571 1592 hoc
596 1567 703 1601 potest
728 1561 851 1592 excludi
879 1561 969 1602 quod
994 1561 1108 1592 dicitur
1138 1562 1176 1592 de
1200 1562 1317 1592 sciente
1349 1572 1382 1592 se

308 1605 512 1636 demeruisse.
537 1623 558 1628 —
581 1606 642 1637 Sed
672 1606 787 1636 melius
818 1606 941 1637 excludi
970 1606 1095 1637 videtur
1122 1616 1180 1646 per
1204 1606 1350 1647 superius
1365 1607 1383 1626 *
1408 1607 1410 1624 ‘³

309 1650 410 1681 dicta:
436 1650 553 1681 scilicet
571 1650 660 1691 quod
684 1650 794 1689 nescit,
818 1651 997 1691 ignorantia
1020 1650 1193 1687 electionis,
1218 1661 1251 1682 se
1275 1651 1382 1682 deme-
1408 1650 1410 1661 ⁴

308 1694 408 1726 ruisse
432 1701 557 1726 tantum
581 1695 620 1725 ab
643 1694 711 1731 illo,
736 1705 832 1732 nunc,
857 1702 927 1732 etc.,
948 1695 1004 1736 qui
1027 1695 1186 1732 irascitur;
1211 1695 1284 1726 licet
1307 1696 1383 1726 sciat

307 1739 341 1770 in
365 1737 545 1776 universali,
569 1746 624 1770 aut
646 1739 679 1769 in
703 1739 823 1776 habitu,
849 1746 903 1770 aut
927 1740 1138 1780 speculative,
1162 1740 1251 1781 quod
1275 1740 1382 1770 derne-

309 1784 381 1815 ruit.
411 1785 487 1817 Non
515 1784 601 1814 enim
624 1790 734 1814 contra
758 1791 941 1815 moveretur
963 1794 1019 1824 per
1043 1784 1132 1821 iram,
1158 1784 1183 1814 si
1207 1785 1381 1825 apprehen-

308 1829 395 1860 deret
419 1829 553 1861 omnino
578 1838 610 1858 se
631 1828 833 1865 demeruisse,
851 1829 907 1859 sed
922 1829 1083 1859 toleraret:
1108 1829 1271 1859 irascibilis
1296 1830 1382 1859 enim

309 1875 509 1914 apprehenso
534 1879 692 1903 movetur.

366 1919 465 1956 Quod
487 1927 563 1949 vero
580 1917 721 1948 secundo
737 1917 811 1947 loco
835 1917 993 1953 obiicitur,
1011 1917 1100 1957 quod
1116 1917 1292 1957 indignatio
1316 1928 1383 1949 non

310 1969 358 1993 est
381 1972 506 2003 semper
528 1961 652 1997 vitiosa,
669 1968 811 2001 negatur.
834 1962 919 1992 Nam
940 1961 1022 1992 sicut
1042 1961 1235 1992 contumelia
1259 1972 1384 2002 semper

311 2013 358 2037 est
373 2007 495 2043 vitiosa,
513 2005 687 2036 formaliter
703 2012 840 2046 sumpta,
856 2006 899 2036 ita
915 2005 1091 2046 indignatio
1111 2005 1285 2037 formaliter
1299 2017 1384 2037 sum-

311 2057 380 2091 pta:
405 2051 560 2092 quoniam
584 2051 737 2090 importat
757 2050 973 2081 inordinatam
997 2050 1252 2081 aestimationem
1275 2051 1314 2081 de
1337 2051 1384 2081 in-

313 2095 464 2135 dignitate
487 2094 634 2136 proximi,
652 2094 734 2125 sicut
750 2095 943 2125 contumelia
959 2095 1172 2126 inordinatam
1192 2095 1385 2126 ablationem

312 2140 445 2171 honoris
468 2150 525 2181 per
547 2139 652 2169 verba.
677 2139 832 2177 Quamvis
849 2147 1022 2180 utrumque
1046 2139 1164 2170 horum
1184 2140 1385 2171 materialiter

313 2185 414 2225 possit
437 2184 504 2216 sine
527 2191 657 2224 peccato
682 2192 768 2214 esse:
793 2184 874 2214 sicut
896 2184 1015 2214 Paulus
1029 2183 1065 2213 *z
1093 2183 1122 2214 0
1145 2185 1301 2215 insensati
1321 2185 1385 2215 Ga-
1410 2190 1412 2194 ’

313 2229 422 2260 latae!
444 2237 474 2260 et
497 2227 658 2260 Dominus
674 2228 708 2258 *:
737 2227 766 2259 O
781 2228 881 2266 stulti,
900 2233 931 2259 et
947 2228 1034 2259 tardi
1057 2228 1154 2259 corde
1181 2229 1225 2259 ad
1253 2229 1383 2260 creden-

312 2273 411 2304 dum!
434 2274 507 2304 Hoc
530 2272 616 2304 enim
633 2272 732 2302 modo
757 2278 866 2312 posset
879 2272 946 2302 sine
970 2279 1100 2312 peccato
1125 2273 1197 2313 quis
1220 2274 1385 2304 aestimare

311 2317 514 2348 iniuriantem
538 2317 707 2357 indignum
723 2317 812 2357 quod
835 2316 910 2347 talia
932 2316 1055 2347 fecerit:
1081 2316 1162 2348 sicut
1178 2317 1216 2347 de
1240 2317 1325 2348 facto
1342 2318 1386 2349 sic

311 2361 431 2393 iudicat
454 2361 627 2397 confessor,
642 2367 683 2391 .et
705 2361 841 2401 ipsemet
864 2361 1043 2401 poenitenS.

368 2406 421 2437 III.
445 2406 496 2436 Ad
519 2405 694 2436 secundum
722 2405 852 2437 dubium
883 2405 998 2436 dicitur
1019 2406 1108 2446 quod
1131 2406 1189 2436 iste
1212 2406 1313 2436 homo
1336 2417 1386 2437 ac-

312 2450 388 2491 cipit
411 2450 502 2491 quasi
525 2450 742 2491 impertinens,
767 2457 798 2481 et
821 2450 930 2481 omisit
952 2450 986 2481 id
1009 2451 1100 2491 quod
1125 2450 1259 2481 formale
1283 2458 1330 2482 est
1352 2451 1386 2482 in

259 2525 267 2528 -
312 2495 455 2526 doctrina
478 2495 637 2526 Auctoris.
662 2495 746 2525 Nam
769 2495 846 2536 quia
865 2500 973 2526 tumor
995 2496 1110 2526 mentis
1129 2495 1386 2535 metaphoricum

312 2549 431 2570 nomen
448 2545 504 2575 est,
521 2541 643 2570 Auctor
659 2550 677 2570 a
693 2539 878 2579 repletione,
895 2549 978 2580 quae
1002 2540 1093 2580 quasi
1117 2547 1280 2570 tumorem
1299 2540 1384 2577 facit,

312 2583 460 2624 exposuit
482 2590 644 2614 tumorem
675 2583 807 2620 mentis,
832 2584 968 2614 dicendo
998 2585 1088 2625 quod
1116 2584 1259 2615 consistit
1281 2584 1315 2615 in
1339 2595 1385 2615 re-

311 2629 453 2669 pletione
476 2627 585 2664 animi,
611 2637 686 2658 cum
709 2628 826 2659 scilicet
848 2638 886 2659 ex
908 2628 1052 2669 appetitu
1067 2628 1224 2660 vindictae
1247 2629 1387 2669 repletur

313 2673 440 2704 animus
456 2672 625 2713 superfluis
642 2672 889 2712 cogitationibus
906 2673 1101 2704 diversarum
1123 2673 1247 2703 viarum
1264 2674 1303 2704 ad
1318 2674 1387 2704 vin-

313 2718 439 2749 dictam.
464 2717 505 2747 Et
528 2717 586 2747 iste
609 2717 714 2747 bonus
737 2717 839 2747 homo
863 2717 972 2748 omisit
995 2718 1215 2757 repletionem,
1233 2724 1264 2748 et
1279 2719 1319 2748 ad
1335 2729 1386 2749 so-

312 2762 377 2792 lam
408 2761 673 2801 excogitationem
704 2771 737 2791 se
765 2761 908 2792 contulit.
944 2761 1103 2799 Quocirca
1134 2762 1306 2793 dicendum
1341 2770 1388 2794 est

313 2807 403 2847 quod
426 2806 613 2836 huiusmodi
645 2805 777 2846 repletio
801 2805 900 2836 animi
924 2805 1117 2846 intelligitur·
1139 2817 1196 2846 per
1225 2813 1387 2838 tumorem

313 2850 440 2882 mentis.
456 2868 478 2874 -
493 2851 560 2881 Nec
576 2851 681 2881 obstat
696 2850 785 2891 quod
801 2850 864 2880 hoc
880 2857 1000 2890 spectat
1018 2851 1058 2880 ad
1074 2850 1256 2882 consilium.
1282 2852 1386 2883 Immo

314 2895 377 2926 hoc
401 2895 538 2926 confert:
563 2895 638 2936 quia
661 2905 751 2925 mens
767 2901 890 2935 partem
906 2894 1170 2935 apprehensivam
1193 2895 1318 2926 animae
1335 2907 1386 2927 so-

314 2946 384 2976 nat;
409 2950 446 2970 ac
469 2949 526 2980 per
547 2939 619 2976 hoc,
645 2939 780 2970 dicendo
805 2945 961 2970 tumorem
985 2940 1111 2977 mentis,
1129 2939 1263 2970 dicimus
1287 2941 1386 2981 reple-

314 2984 438 3015 tionem
452 2984 549 3024 partis
565 2984 822 3024 apprehensivae,
840 2984 879 3014 ad
896 2994 994 3024 quam
1012 2990 1135 3014 constat
1155 2991 1294 3023 spectare
1311 2995 1386 3016 con-

315 3028 434 3059 silium.
449 3046 467 3051 -
490 3029 557 3059 Nec
574 3035 620 3059 est
642 3038 756 3058 verum
772 3028 958 3058 huiusmodi
976 3028 1108 3059 consilia
1132 3038 1197 3058 non
1221 3038 1288 3059 esse
1306 3028 1387 3060 filias

314 3073 389 3103 irae.
415 3072 581 3110 Quoniam
596 3073 763 3104 consilium
781 3078 829 3103 est
853 3073 893 3103 de
914 3073 964 3103 his
979 3082 1063 3113 quae
1082 3078 1158 3103 sunt
1178 3073 1221 3103 ad
1233 3073 1339 3113 finem
1358 3074 1385 3111 ²¹¹,

316 3123 347 3148 et
361 3117 462 3148 oritur
478 3127 515 3148 ex
529 3116 602 3153 fine,
627 3117 746 3149 scilicet
768 3117 925 3147 vindictae
946 3117 1099 3157 appetitu.
1114 3134 1136 3139 -
1159 3117 1200 3147 Et
1218 3124 1386 3158 propterea

316 3160 484 3192 falsissima
503 3168 550 3192 est
564 3161 740 3192 similitudo
757 3162 846 3202 quod
863 3161 944 3192 sicut
969 3161 1106 3191 vindicta
1126 3171 1192 3191 non
1211 3168 1331 3201 spectat
1347 3163 1387 3192 ad

315 3204 396 3235 filias
411 3205 485 3242 irae,
502 3205 545 3236 ita
560 3216 619 3236 nec
635 3206 807 3237 consilium
830 3207 868 3236 de
884 3206 943 3236 viis
958 3205 1131 3236 vindictae:
1156 3205 1312 3246 quoniam
1334 3206 1387 3236 illa

318 3255 364 3279 est
378 3248 467 3286 finis,
490 3250 553 3280 hoc
569 3257 615 3281 est
631 3251 671 3280 ad
686 3250 784 3281 finem
790 3259 797 3287 ;
823 3257 854 3281 et
867 3250 940 3280 ideo
955 3250 1009 3280 illa
1023 3256 1133 3286 mater,
1148 3250 1234 3280 istud
1249 3249 1314 3280 filia
1331 3257 1387 3282 est.

373 3293 424 3323 Ad
446 3293 480 3323 id
501 3303 577 3324 vero
602 3295 692 3335 quod
716 3302 826 3326 contra
849 3295 913 3325 iam
937 3295 1034 3325 dictas
1058 3295 1136 3324 duas
1155 3293 1245 3331 filias,
1270 3294 1388 3326 scilicet

316 3336 570 3377 indignationem
600 3345 630 3369 et
653 3345 831 3376 tumorem,
859 3338 955 3369 simul
983 3339 1143 3370 obiicitur:
1177 3339 1388 3379 respondetur

317 3382 407 3421 quod
429 3381 562 3412 iniuriae
584 3389 690 3422 gestus
713 3393 769 3414 seu
793 3390 901 3414 motus
916 3390 971 3414 aut
994 3390 1091 3414 nutus
1115 3390 1257 3423 spectant
1270 3383 1310 3413 ad
1326 3383 1388 3414 cla-

318 3434 457 3462 morem;
483 3432 519 3456 ut
541 3426 574 3456 in
589 3426 690 3457 littera
713 3427 827 3458 dicitur
843 3428 882 3459 de
904 3429 1025 3459 dicente
1049 3427 1134 3458 fratri
1158 3438 1228 3464 suo,
1248 3428 1348 3459 Raca.
1365 3445 1386 3451 —

318 3470 418 3507 Quod
445 3476 554 3500 autem
584 3470 698 3510 aliquis
720 3481 754 3501 se
784 3472 938 3511 praeferat
965 3473 998 3503 in
1029 3473 1123 3503 corde
1150 3472 1200 3503 vel
1229 3472 1261 3502 in
1285 3472 1387 3502 verbis

318 3514 466 3554 proximo
490 3513 541 3545 cui
565 3520 612 3544 est
633 3514 741 3551 iratus,
761 3523 900 3555 spectare
914 3517 1039 3548 videtur
1057 3517 1165 3557 potius
1188 3517 1229 3547 ad
1252 3523 1387 3546 matrem

317 3559 397 3595 irae,
422 3568 504 3599 quae
537 3564 584 3589 est
607 3558 770 3598 superbia,
794 3569 894 3600 quam
922 3561 962 3591 ad
984 3561 1084 3591 filiam
1114 3561 1199 3591 eius:
1231 3561 1387 3601 quoniam

317 3603 363 3633 ira
387 3613 424 3633 ex
447 3602 593 3642 superbia
617 3613 680 3643 qua
704 3602 775 3643 quis
800 3613 866 3634 non
889 3604 997 3636 suffert
1019 3605 1214 3645 parvipendi,
1238 3605 1385 3636 nascitur.

318 3648 426 3678 Potest
442 3647 537 3677 etiam
561 3647 714 3687 pertinere
730 3648 924 3688 quandoque
944 3649 983 3678 ad
1006 3655 1167 3680 tumorem
1183 3649 1308 3686 mentis,
1325 3649 1386 3680 hoc
1412 3643 1415 3688 l

2423 286 2496 322 283

1431 370 1477 394 est
1501 363 1683 399 audaciam,
1708 373 1790 404 quae
1813 362 1878 393 filia
1901 363 1964 393 irae
1990 363 2134 403 ponitur:
2170 370 2205 394 ut
2230 363 2262 392 in
2294 363 2376 394 calce
2407 364 2502 394 huius

1403 432 1404 437 ,
1430 407 1584 438 articuli*
1608 408 1787 448 exponitur.

1487 452 1539 483 IV.
1564 452 1615 482 Ad
1639 453 1768 482 tertium
1791 451 1934 489 dubium,
1953 452 1991 482 de
2019 452 2167 487 clamore,
2191 451 2305 482 dicitur
2329 452 2419 492 quod
2435 455 2502 482 Au-

1432 503 1499 526 ctor
1522 506 1588 526 non
1613 496 1721 526 omisit
1744 496 1932 527 necessaria:
1964 503 1995 527 et
2018 496 2107 537 quod
2131 505 2186 536 per
2218 497 2434 527 inordinatam
2460 497 2504 526 Io-

1430 542 1587 571 cutionem
1612 540 1824 572 manifestavit
1843 550 1876 571 se
1899 550 1966 571 non
1990 541 2030 570 ad
2053 540 2265 571 inordinatam
2290 541 2503 580 prolationem

1404 601 1405 621 3
1432 591 1570 621 arctare,
1597 595 1671 615 cum
1705 595 1848 625 expresse
1880 585 1932 616 det
1960 585 2143 626 exemplum
2175 585 2212 615 de
2244 585 2366 615 dicente
2394 586 2503 622 Raca,

307 630 373 660 duo
390 627 505 659 simul?
524 629 608 659 Nam
623 629 755 660 audacia
771 636 817 660 est
836 629 868 659 in
888 629 1050 660 irascibili:
1076 630 1283 670 cogitationes
1301 640 1377 660 vero
1404 630 1406 633 ’

1432 629 1487 659 ubi
1516 639 1582 659 non
1613 629 1818 670 prolationis,
1844 630 1898 659 sed
1927 630 2024 660 moris
2056 637 2101 660 est
2133 629 2336 662 inordinatio.
2361 647 2382 652 -
2406 630 2504 666 Quod

1432 683 1508 704 vero
1528 674 1627 714 carpit
1649 674 1717 709 iste,
1735 674 1824 714 quod
1840 684 1916 704 usus
1940 681 1986 704 est
2010 675 2179 705 locutionis
2197 674 2371 704 vocabulo:
2397 674 2505 705 debuit

1433 718 1592 748 advertere
1623 718 1711 758 quod
1736 729 1753 748 a
1778 718 1942 759 principali
1966 719 2029 749 oris
2057 718 2181 754 officio,
2207 719 2296 759 quod
2326 725 2372 749 est
2402 718 2503 759 loqui,

1433 762 1728 793 denominationem
1752 762 1817 792 fieri
1843 773 2022 793 consonum
2051 771 2097 794 est
2107 772 2114 799 ;
2146 763 2282 793 maxime
2310 763 2504 803 apponendo

1432 807 1464 848 ly
1488 807 1672 848 confusam,
1699 814 1728 837 et
1753 808 1935 847 exemplum
1961 808 1999 838 de
2022 807 2303 839 interiectionibus.
2332 808 2425 838 Unde
2449 817 2504 837 ne-

1432 859 1524 891 gatur
1548 852 1637 892 quod
1662 852 1782 882 clamor
1805 851 1848 882 sic
1873 851 2035 888 definitus,
2061 852 2178 882 scilicet
2201 862 2257 892 per
2287 852 2503 883 inordinatam

1433 901 1464 926 et
1487 895 1654 936 confusam
1681 896 1888 933 locutionem,
1915 896 1953 926 sit
1984 896 2090 926 minus
2114 897 2309 937 adaequatus
2337 896 2505 927 intentioni

1433 940 1615 970 doctorum.
1648 940 1729 970 Nam
1761 940 1869 970 omnia
1897 941 2152 980 comprehendit,
2178 951 2251 971 sane
2282 941 2504 981 intelligendo:

1434 994 1507 1014 cum
1531 984 1716 1014 reductione
1740 984 1856 1014 scilicet
1873 985 2136 1015 secundariorum
2153 985 2192 1015 ad
2215 985 2410 1025 principalia,
2429 992 2506 1025 puta

1434 1029 1550 1059 modos
1575 1029 1732 1058 clamandi
1763 1029 1803 1058 ad
1834 1028 2103 1059 inordinationem
2126 1030 2176 1059 vel
2208 1030 2450 1066 confusionem,
2477 1037 2506 1060 et

1433 1072 1716 1103 non-locutionem
1739 1073 1779 1102 ad
1803 1072 2012 1103 locutionem.
2043 1074 2109 1103 Nec
2133 1074 2195 1103 hoc
2219 1081 2264 1104 est
2288 1084 2425 1110 novum,
2451 1075 2506 1104 sed

1434 1123 1626 1147 consuetum
1650 1117 1736 1156 apud
1759 1116 1932 1146 illustrium
1955 1117 2098 1147 virorum
2128 1118 2295 1148 doctrinas.

1490 1161 1528 1191 V.
1554 1161 1604 1191 Ad
1628 1166 1779 1201 quartum
1801 1161 1942 1198 dubium,
1967 1162 2005 1191 de
2030 1162 2110 1197 rixa,
2136 1162 2248 1192 dicitur
2272 1163 2361 1202 quod
2385 1163 2506 1203 optime

1433 1205 1472 1235 ab
1492 1207 1632 1235 Auctore
1652 1205 1836 1245 exponitur:
1861 1212 1892 1235 et
1915 1206 2003 1246 quod
2027 1216 2140 1236 nocere
2165 1206 2247 1236 facto
2265 1206 2417 1247 proximis
2440 1217 2506 1236 non

1435 1256 1481 1280 est
1497 1256 1585 1280 actus
1600 1249 1750 1291 proprius
1774 1249 1847 1285 irae,
1865 1250 1919 1280 sed
1944 1257 1990 1280 est
2006 1257 2092 1280 actus
2117 1251 2265 1290 proprius
2286 1251 2413 1281 alterius
2429 1251 2507 1287 vitii,

1435 1293 1553 1324 scilicet
1575 1293 1763 1329 iniustitiae,
1789 1294 1879 1324 cuius
1903 1294 2070 1334 proprium
2099 1301 2144 1325 est
2174 1295 2296 1325 auferre
2320 1306 2337 1325 a
2361 1296 2507 1336 proximo

1434 1339 1524 1379 quod
1547 1348 1644 1368 suum
1668 1345 1723 1374 est,
1741 1345 1819 1377 puta
1841 1338 2009 1375 honorem,
2027 1339 2156 1375 famam,
2177 1340 2363 1376 libertatem,
2384 1340 2510 1380 integri-

1433 1389 1499 1413 tem
1530 1382 1690 1422 corporis,
1714 1383 1827 1418 vitam,
1852 1389 1910 1413 etc.
1941 1384 1982 1413 Et
2011 1383 2198 1414 huiusmodi
2229 1391 2316 1414 actus
2339 1384 2510 1414 iniustitiae

1434 1434 1509 1457 sunt
1533 1433 1621 1457 actus
1636 1426 1782 1467 imperati
1807 1427 1844 1457 ab
1868 1427 1923 1463 ira,
1942 1434 1971 1458 et
1995 1428 2130 1458 ordinati
2148 1429 2188 1457 ad
2204 1427 2302 1458 finem
2324 1428 2403 1465 irati,
2421 1429 2510 1469 quod

1435 1478 1482 1502 est
1504 1471 1651 1501 vindicta.
1683 1472 1724 1501 Et
1747 1471 1790 1501 sic
1818 1471 1932 1502 inferre
1963 1479 2196 1503 nocumentum
2224 1473 2327 1509 facto,
2352 1473 2441 1513 quod
2465 1480 2512 1503 est

1434 1522 1522 1546 actus
1546 1515 1695 1556 proprius
1719 1515 1900 1552 iniustitiae,
1926 1517 2057 1547 nomine
2081 1517 2164 1547 rixae
2188 1524 2428 1558 nuncupatum,
2454 1527 2510 1557 po-

1435 1561 1533 1592 situm
1557 1567 1603 1591 est
1626 1560 1707 1590 inter
1730 1559 1810 1590 filias
1833 1560 1906 1597 irae,
1932 1561 2007 1602 quia
2032 1571 2068 1591 ex
2092 1562 2234 1601 appetitu
2259 1562 2414 1592 vindictae
2442 1572 2510 1592 mo-

1435 1613 1526 1636 vetur
1541 1605 1639 1635 iratus
1655 1605 1695 1635 ad
1719 1604 1906 1635 huiusmodi
1923 1612 2010 1636 actus
2027 1607 2218 1636 exercendos
2233 1607 2272 1636 ad
2289 1605 2386 1636 finem
2404 1617 2510 1637 suum.

1436 1650 1600 1681 Concesso
1625 1659 1700 1689 ergo
1725 1650 1815 1690 quod
1837 1650 1987 1690 proprius
2007 1657 2096 1681 actus
2120 1661 2187 1680 non
2211 1651 2342 1691 ponitur
2364 1650 2438 1687 filia,
2459 1661 2512 1681 ne—

1435 1701 1528 1735 gatur
1550 1694 1639 1735 quod
1664 1694 1852 1724 huiusmodi
1876 1701 1964 1725 actus
1988 1695 2051 1725 sint
2074 1695 2195 1736 proprii
2218 1702 2307 1726 actus
2330 1695 2406 1725 irae:
2438 1695 2512 1736 quia

1436 1746 1511 1770 sunt
1533 1739 1712 1769 secundum
1733 1748 1765 1768 se
1789 1739 1911 1779 proprii
1934 1739 2116 1776 iniustitiae,
2135 1747 2166 1770 et
2189 1749 2255 1770 non
2276 1747 2350 1770 sunt
2373 1740 2436 1770 irae
2453 1740 2512 1770 nisi

1436 1783 1511 1824 quia
1535 1782 1692 1823 assumpti
1715 1783 1753 1813 ab
1778 1783 1834 1813 ira.
1858 1783 1900 1814 Et
1924 1794 1998 1814 cum
2022 1784 2146 1820 dicitur,
2170 1790 2323 1825 appetens
2339 1785 2510 1815 vindictam

1429 1828 1517 1869 facit
1540 1837 1622 1864 eam,
1641 1827 1802 1858 concedo:
1828 1828 1883 1858 sed
1905 1838 1970 1858 non
1987 1828 2140 1869 sequitur,
2156 1829 2250 1870 Ergo
2255 1829 2345 1870 facit
2369 1839 2439 1860 eam
2450 1839 2514 1869 per

1437 1877 1543 1903 actum
1567 1873 1623 1912 qui
1645 1871 1819 1902 secundum
1834 1882 1869 1902 se
1888 1878 1935 1903 est
1944 1874 2101 1913 proprius
2124 1874 2203 1904 irae.
2228 1873 2351 1904 Sufficit
2374 1884 2513 1914 namque

1436 1917 1526 1958 quod
1542 1923 1630 1947 actus
1650 1926 1748 1956 quem
1772 1915 1846 1947 facit
1862 1916 1902 1947 sit
1915 1917 1985 1947 irati
2010 1924 2045 1948 ut
2068 1917 2260 1958 imperatus:
2286 1924 2316 1948 et
2333 1928 2399 1948 non
2416 1928 2513 1958 opor-

1436 1968 1481 1992 tet
1503 1961 1593 2002 quod
1617 1961 1656 1991 sit
1680 1961 1857 1991 secundum
1882 1971 1914 1991 se
1938 1961 2017 1992 irati.
2043 1962 2124 1993 Sunt
2148 1962 2234 1992 enim
2258 1962 2332 1992 dicti
2356 1969 2444 1993 actus
2464 1973 2512 1993 se-

1438 2007 1581 2037 cundum
1606 2015 1638 2036 se
1657 2004 1786 2043 iniusti;
1812 2012 1842 2036 et
1865 2005 2012 2046 imperati
2036 2007 2074 2037 ab
2098 2006 2153 2037 ira.

1493 2050 1546 2081 VI.
1571 2050 1623 2080 Ad
1653 2051 1798 2090 quintum
1830 2050 1960 2081 dubium
1993 2050 2107 2081 dicitur
2130 2051 2219 2092 quod
2246 2051 2364 2081 mirum
2396 2058 2442 2082 est
2475 2052 2513 2082 de

1437 2095 1499 2126 hoc
1523 2094 1655 2125 homine
1679 2094 1769 2134 quod
1792 2102 1938 2135 opponat
1961 2105 1994 2125 se
2018 2102 2128 2126 contra
2155 2094 2374 2126 definitionem
2398 2102 2512 2127 contu-

1438 2139 1551 2170 meliae
1575 2146 1606 2170 et
1628 2138 1843 2179 blasphemiae
1867 2149 1923 2180 per
1947 2140 2062 2170 verba:
2092 2150 2167 2170 cum
2192 2147 2314 2171 constet
2337 2140 2423 2171 hunc
2447 2151 2514 2171 esse

1437 2194 1563 2214 morem
1586 2183 1814 2223 theologorum
1839 2190 1869 2214 et
1892 2184 2174 2224 philosophorum,
2200 2184 2317 2215 scilicet
2340 2184 2514 2225 principale

1439 2228 1613 2270 exprimere
1636 2234 1667 2258 et
1690 2227 1722 2257 in
1747 2227 1912 2268 principali
1940 2229 2174 2268 subintelligere
2198 2229 2399 2266 secundaria;
2433 2230 2515 2260 sicut

1439 2279 1673 2304 sacramentum
1693 2272 1890 2302 matrimonii
1907 2272 2056 2304 definitur
2079 2283 2135 2313 per
2158 2273 2266 2311 verba,
2284 2280 2315 2303 et
2330 2280 2436 2304 tamen
2454 2284 2514 2304 nu-

1438 2318 1533 2354 tibus,
1559 2317 1626 2347 sine
1649 2317 1762 2352 verbo,
1783 2316 1953 2356 perficitur.
1979 2318 2025 2348 Ita
2049 2317 2244 2348 contumelia
2265 2324 2296 2348 et
2318 2318 2516 2358 blasphemia

1439 2361 1652 2403 principaliter
1674 2361 1772 2391 verbo
1796 2360 1894 2392 fiunt:
1925 2362 1993 2392 sine
2016 2369 2123 2392 tamen
2145 2362 2248 2392 verbis
2275 2361 2343 2392 fieri
2367 2370 2514 2403 possunt.

1438 2408 1479 2438 Et
1503 2406 1584 2437 sicut
1606 2416 1674 2436 non
1698 2406 1829 2446 derogat
1859 2406 2034 2443 doctrinae,
2058 2407 2181 2437 veritati
2205 2414 2235 2437 et
2258 2407 2438 2438 auctoritati
2461 2409 2517 2438 de-

1438 2451 1544 2482 finisse
1569 2450 1765 2482 matrimonii
1790 2458 2025 2482 sacramentum
2048 2461 2104 2492 per
2127 2451 2235 2489 verba,
2261 2451 2335 2492 quia
2359 2452 2516 2493 principa-

1437 2497 1508 2527 liter
1531 2495 1567 2526 fit
1589 2506 1646 2536 per
1669 2495 1781 2531 verba;
1806 2495 1848 2525 ita
1880 2505 1946 2526 non
1971 2497 2101 2536 derogat
2135 2496 2169 2526 in
2192 2496 2378 2536 proposito,
2404 2498 2515 2527 eadem

1439 2541 1572 2572 ratione.

1495 2585 1564 2616 vll.
1588 2584 1639 2614 Ad
1662 2590 1789 2615 sextum
1822 2584 1954 2614 dubium
1979 2582 2090 2627 (quod
2121 2591 2168 2615 est
2190 2584 2343 2615 ultimum
2366 2584 2514 2628 Martini)

1440 2629 1554 2660 dicitur
1577 2629 1667 2670 quod
1691 2639 1804 2660 omnes
1827 2628 1904 2659 istae
1928 2639 1981 2659 sex
2004 2628 2087 2659 filiae
2111 2628 2258 2659 oriuntur
2282 2639 2318 2659 ex
2337 2629 2382 2659 ira
2405 2629 2437 2659 in
2462 2640 2515 2670 ge-

1440 2684 1514 2705 nere
1538 2683 1650 2704 causae
1669 2673 1783 2705 finalis.
1807 2673 1890 2703 Nam
1915 2683 1952 2703 ex
1975 2673 2118 2713 appetitu
2142 2673 2298 2703 vindictae
2323 2673 2423 2704 oritur
2447 2684 2514 2704 ma-

1439 2718 1599 2760 gnificatio
1619 2717 1770 2755 iniuriae,
1795 2728 1892 2759 quarn
1924 2717 2079 2757 significat
2101 2717 2292 2757 indignatio;
2327 2724 2358 2748 et
2381 2719 2513 2758 repletio

1440 2763 1555 2794 mentis
1579 2773 1654 2793 cum
1670 2763 1811 2799 audacia,
1829 2772 1928 2802 quam
1945 2761 2099 2802 significat
2122 2769 2231 2792 tumor
2246 2762 2373 2798 mentis;
2400 2770 2430 2793 et
2447 2763 2513 2793 bla-
2546 2789 2549 2793 ,

1440 2807 1596 2848 sphemia,
1621 2814 1657 2837 ut
1679 2814 1782 2847 patet,
1807 2813 1838 2837 et
1862 2806 2055 2837 contumelia
2079 2813 2109 2837 et
2132 2806 2196 2836 rixa
2221 2813 2251 2837 et
2275 2807 2412 2843 clamor;
2436 2807 2514 2837 haec

1440 2852 1527 2883 enim
1550 2851 1739 2882 ordinantur
1761 2852 1800 2882 ab
1825 2851 1904 2881 irato
1933 2851 1972 2881 ad
2000 2861 2097 2881 suum
2120 2850 2236 2887 finem,
2262 2851 2318 2891 qui
2342 2858 2388 2882 est
2410 2851 2512 2882 vindi-

1440 2903 1498 2933 cta,
1522 2903 1554 2926 et
1577 2896 1744 2936 quodlibet
1767 2906 1881 2926 eorum
1906 2903 1952 2926 est
1976 2896 2153 2927 secundum
2178 2905 2211 2925 se
2235 2895 2368 2926 malum.
2420 2924 2423 2927 .

1495 2941 1577 2972 VIII.
1602 2940 1653 2970 Ad
1676 2941 1844 2980 septimum
1872 2940 2003 2970 dubium
2028 2940 2142 2971 dicitur
2173 2940 2262 2980 quod
2292 2942 2416 2970 Auctor
2446 2950 2512 2970 non

1439 2985 1584 3026 loquitur
1605 2984 1690 3015 varie
1723 2985 1762 3015 de
1788 2991 1930 3015 tumore:
1963 2985 2017 3015 sed
2036 2985 2180 3024 ,explicat
2208 2991 2368 3014 tumorem
2398 2984 2513 3014 mentis

1441 3029 1611 3060 consistere
1643 3039 1709 3059 non
1733 3029 1766 3059 in
1790 3029 1859 3059 sola
1885 3036 1972 3069 parte
2003 3029 2250 3069 apprehensiva,
2276 3029 2331 3058 sed
2362 3028 2464 3068 etiam.
2480 3028 2513 3058 in

1440 3073 1627 3114 appetitiva;
1652 3073 1695 3104 ita
1718 3073 1808 3114 quod
1826 3073 1859 3103 in
1884 3073 2112 3113 apprehensiva
2132 3073 2225 3113 ponit
2247 3072 2465 3113 repletionem,
2483 3080 2514 3103 et

1439 3118 1473 3148 in
1496 3117 1668 3158 appetitiva
1684 3118 1869 3154 audaciam;
1894 3118 1971 3148 haec
1987 3118 2073 3148 enim
2097 3117 2306 3158 repletionem
2321 3117 2360 3147 ad
2377 3117 2513 3148 tumoris

1440 3162 1669 3202 perfectionem
1693 3161 1790 3192 ducit.

1497 3207 1550 3236 IX.
1566 3206 1617 3236 Ad
1633 3211 1780 3237 octavum
1804 3206 1948 3243 dubium,
1973 3206 2011 3235 de
2035 3205 2264 3245 indignatione,
2285 3205 2400 3236 dicitur
2423 3206 2513 3246 quod

1441 3260 1478 3281 ex
1501 3257 1588 3290 parte
1619 3250 1706 3286 irati,
1731 3250 1836 3290 primo
1861 3250 1998 3280 occurrit
2028 3250 2118 3290 quod
2145 3249 2196 3279 ille
2227 3249 2283 3290 qui
2314 3250 2514 3290 parvipendit

1441 3301 1579 3324 meretur
1601 3294 1726 3334 puniri,
1748 3304 1786 3324 eo
1810 3295 1900 3334 quod
1927 3294 1995 3334 ipse
2026 3293 2234 3334 parvipensus
2265 3301 2311 3324 est
2334 3295 2373 3324 ab
2397 3302 2453 3325 eo:
2483 3302 2513 3326 et

1440 3339 1484 3369 sic
1499 3339 1587 3368 adest
1602 3338 1761 3378 appetitus
1776 3338 1942 3369 vindictae.
1968 3339 2008 3368 Et
2027 3338 2141 3368 deinde
2155 3338 2263 3374 iratus,
2282 3339 2512 3369 considerando

1441 3393 1569 3413 causam
1593 3393 1668 3413 suae
1684 3382 1758 3419 irae,
1775 3383 1892 3413 scilicet
1907 3382 2056 3413 iniuriam
2075 3382 2132 3413 sibi
2152 3382 2282 3419 illatam,
2299 3383 2374 3424 quia
2395 3383 2427 3413 in
2450 3383 2512 3414 hu-

1441 3427 1582 3457 iusmodi
1614 3427 1920 3457 considerationibus
1952 3426 2148 3466 ingrossatur
2178 3427 2312 3458 naturali
2344 3437 2511 3468 progressu

1441 3471 1576 3507 animus,
1601 3470 1782 3511 magnificat
1804 3471 1952 3501 iniuriam
1976 3471 2035 3501 sibi
2058 3471 2194 3508 illatam;
2220 3478 2250 3502 et
2273 3482 2310 3502 ex
2330 3479 2417 3512 parte
2441 3482 2511 3512 per-

1441 3526 1538 3546 sonae
1561 3525 1642 3556 quae
1666 3515 1788 3550 intulit,
1813 3522 1902 3546 tanto
1925 3515 2124 3546 iniustiorem
2148 3522 2240 3556 putat
2262 3523 2383 3557 quanto
2406 3517 2456 3546 vel
2479 3526 2511 3545 se

1440 3560 1624 3596 innoxium,
1648 3560 1698 3590 vel
1727 3560 1820 3590 illum
1848 3559 2081 3591 benefactorem
2111 3560 2161 3590 vel
2193 3560 2430 3596 beneficiatum,
2462 3560 2511 3589 vel

1441 3611 1600 3641 neutrum,
1618 3604 1668 3634 vel
1691 3604 1798 3634 minus
1822 3604 1990 3641 offensum,
2008 3611 2039 3635 et
2063 3605 2088 3635 si
2111 3605 2190 3645 quid
2213 3604 2409 3640 huiusmodi,
2434 3613 2512 3643 pon-

1441 3649 1545 3685 derat;
1570 3656 1600 3679 et
1619 3649 1663 3680 sic
1682 3648 1864 3689 indignatur
1879 3656 1988 3680 contra
2005 3659 2174 3689 personam
2196 3659 2277 3689 quae
2301 3647 2440 3678 offendit.
2466 3647 2510 3677 Ita

2530 405 2539 414 ¹*
2553 403 2621 431 Resp.
2637 403 2665 424 ad
2679 410 2698 431 3.
