2768 4198
73 660 84 669 ⁸
95 658 152 685 Cap.
168 663 235 679 xviii.

74 764 85 774 ⁸
98 762 165 790 Resp.
181 762 209 783 ad
223 767 238 783 ι.

74 1036 83 1046 ·
98 1034 155 1061 Cap.
170 1039 235 1054 xvur.

76 1405 84 1413 ·
101 1403 165 1424 Vers.
179 1402 215 1424 26.

76 1939 85 1947 ⁸
99 1937 133 1958 Cf.
150 1942 211 1964 resp.
226 1936 254 1957 nd
266 1942 285 1964 3.

83 3032 92 3040 ⁴
106 3030 154 3057 Cap
178 3035 243 3051 xxm.

84 3397 130 3417 ⁸⁵1
145 3396 190 3417 11⁵⁶
193 3401 247 3423 ,.qu
258 3402 295 3422 ιν,

83 3427 196 3471 a'’i‘'lo‘i'nil.
218 3448 251 3469 V1
272 3448 296 3469 in

82 3476 166 3498 Matth.

315 311 389 347 350

365 391 423 426 Ao
452 400 642 425 SECUNDUM
671 397 854 423 DlCENDUM
884 384 1000 433 quod,
1031 383 1209 431 quamvis
1239 394 1283 418 ex
1313 394 1378 418 na·
1403 382 1405 401 I

311 442 418 478 turali
449 441 694 489 dispositione
728 440 866 475 habeat
900 438 1019 473 horno
1050 435 1298 484 aptitudinem
1330 435 1405 473 ad:

310 495 410 531 hanc
425 495 486 531 vel
506 495 607 530 illam
628 491 914 538 dispositionem
936 489 1164 526 exteriorum
1187 496 1376 535 motuum,
1403 476 1406 538 i

311 555 440 584 tamen
470 547 574 605 quod
605 547 709 582 deest
738 552 905 587 naturae,
927 550 1051 590 potest
1070 541 1236 590 suppleri
1258 553 1303 577 ex
1323 541 1377 576 in·
1404 549 1405 588 j

313 600 454 637 dustria
487 599 651 636 rationis.
691 597 802 634 Unde
831 595 1057 631 Ambrosius
1087 595 1191 640 dicit,
1222 595 1260 630 in
1290 595 1302 629 l
1333 594 1378 629 de
1404 607 1405 639 i

318 654 424 701 Offic.
445 652 485 688 *z
518 652 669 688 Motum
702 655 840 686 natura
869 649 1069 696 i:nformat
1105 648 1139 684 si
1171 647 1262 696 quid
1286 658 1379 683 sane
1404 642 1406 657 ³

311 707 348 742 in
378 711 515 742 natura
543 704 623 740 vitii
649 708 712 748 est,
743 702 926 738 industria
955 701 1135 737 emendet.
1404 719 1406 748 i

366 761 423 794 AD
443 768 602 794 TERT1UM
621 767 805 792 DICENDUM
825 755 942 802 quod,
973 754 1069 790 sicut
1098 753 1241 790 dictum
1272 760 1328 788 est
1346 752 1377 798 *‚

313 811 515 847 exteriores
551 817 678 845 motus
713 816 799 844 sunt
834 807 1025 867 quaedam
1056 807 1162 854 signa
1191 805 1378 842 interioris
1404 802 1406 813 ¹

312 862 578 911 dispositioni8‚
601 873 698 910 quae
718 861 921 910 praecipue
943 860 1145 897 attenditur
1164 859 1376 895 secundum

312 917 461 953 animae
490 915 699 964 passiones.
730 915 779 951 Et
806 914 892 951 ideo
914 913 1127 950 moderatio
1149 912 1377 949 exteriorum

313 978 487 1006 motuum
517 968 674 1016 requirit
703 967 1008 1005 moderationem
1044 966 1265 1004 interiorum
1295 978 1379 1014 pas-

311 1023 477 1059 sionum.
506 1022 619 1059 Unde
647 1021 874 1058 Ambrosius
904 1021 1009 1066 dicit,
1039 1021 1078 1057 in
1107 1020 1187 1056 Ide
1211 1018 1360 1067 Offic*

311 1076 416 1123 quod
444 1076 542 1122 hinc,
572 1075 712 1112 scilicet
733 1087 778 1111 ex
798 1074 965 1111 motibus
986 1073 1246 1117 exterioribus,
1266 1073 1379 1109 homo
1405 1091 1406 1124 i

311 1130 434 1166 cordis
467 1129 586 1166 nostri
619 1129 856 1165 absconditus
888 1133 955 1164 aut
988 1127 1108 1164 levior
1142 1132 1209 1163 aut
1239 1125 1406 1163 iactam}

311 1184 405 1219 ctior
432 1188 499 1219 aut
524 1182 720 1227 turbidior,
749 1187 816 1218 aut
840 1182 1002 1231 gravior
1029 1186 1065 1217 et
1090 1180 1322 1217 constantior
1348 1185 1407 1215 et
1406 1187 1407 1203 ³

306 1238 444 1284 purior
471 1242 506 1272 et
533 1236 720 1272 maturior
747 1235 978 1271 aestimatur.

366 1290 439 1325 Per
476 1297 603 1325 motus
641 1289 754 1325 etiam
792 1288 994 1324 exteriores
1028 1287 1088 1323 alii
1122 1286 1299 1323 homines
1333 1286 1408 1326 de}

312 1343 423 1379 nobis
460 1342 643 1379 iudicium
682 1342 851 1390 capiunt·
889 1341 1101 1378 secundum
1138 1339 1230 1376 illud
1262 1339 1378 1377 Eccli.

311 1408 370 1432 xix
390 1395 427 1432 *z
457 1396 521 1432 Ex
549 1397 630 1432 visu
659 1395 900 1445 cognoscitur
928 1395 998 1439 vir,
1019 1399 1055 1430 et
1072 1395 1120 1430 ab
1140 1405 1299 1429 occursu
1310 1394 1381 1440 fa·
1406 1405 1408 1410 .

313 1449 384 1486 ciei
409 1449 651 1498 cognoscitur
676 1454 856 1485 sensatus.
887 1449 935 1484 Et
964 1447 1050 1484 ideo
1079 1446 1295 1483 moderatio
1320 1458 1381 1482 ex·
1407 1466 1409 1484 ι

313 1502 495 1539 teriorum
525 1510 699 1539 motuum
728 1501 1022 1550 quodammodo
1046 1500 1095 1537 ad
1115 1500 1209 1536 alios
1230 1499 1381 1535 ordina-
1407 1502 1409 1540 l

313 1564 393 1592 tur:
433 1555 646 1592 secundum
679 1555 770 1592 illud
806 1555 911 1602 quod
945 1554 1176 1602 Augustinus
1206 1553 1314 1599 dicit,
1345 1552 1410 1598 inl

957 304 1224 352 QUAESTIO
1255 304 1463 349 CLXVIII,
1494 305 1792 342 ARTICULUS
1823 306 1853 340 Il

1431 383 1583 431 Regula
1602 383 1642 419 *ε
1678 385 1725 420 In
1759 384 1931 420 omnibus
1964 384 2124 420 motibus
2151 384 2284 420 vestris
2313 382 2406 419 nihil
2424 382 2550 433 fiatal

1431 436 1533 483 quod
1567 437 1790 484 cuiusquam
1814 441 1826 457 ⁶
1864 436 2033 486 offendat
2063 442 2274 485 aspectum,
2303 436 2370 472 sed
2402 435 2504 483 quod

1431 493 1595 525 vestram
1623 490 1753 526 deceat
1778 491 2023 527 sanctitatem.

1486 541 1535 577 Et
1562 541 1649 578 ideo
1679 542 1895 579 moderatio
1919 542 2149 580 exteriorum
2170 550 2348 579 motuum
2378 548 2504 589 potest

1432 594 1563 630 reduci
1592 595 1640 630 ad
1669 595 1764 631 duas
1792 595 1950 632 virtutes
1979 608 2074 644 quas
2102 595 2360 644 Philosophus
2389 593 2505 641 tangit

1433 647 1470 683 in
1500 647 1552 683 IV
1575 647 1696 684 Ethic.
1722 646 1742 668 ’¹²
1781 649 2011 695 Inquantum
2051 649 2154 685 enirn
2192 660 2261 697 per
2299 647 2503 684 exteriores

1433 707 1562 736 motus
1600 701 1824 737 ordinamur
1856 701 1904 738 ad
1937 701 2049 748 alios,
2080 702 2241 750 pertinet
2274 700 2503 738 exteriorum

1433 760 1610 789 motuum
1641 753 1856 790 moderatio
1893 754 1942 791 ad
1975 755 2180 791 amicitiam
2213 755 2272 791 vel
2303 753 2503 804 affabilita-

1431 812 1517 851 tem,
1548 818 1648 855 quae
1668 806 1873 843 attenditur
1902 806 2002 843 circa
2031 807 2303 844 delectationes
2333 815 2368 843 et
2396 806 2505 844 tristi-

1405 885 1406 889 η
1432 859 1501 895 tias
1540 871 1638 908 quae
1676 867 1763 896 sunt
1797 859 1835 895 in
1862 859 1991 896 verbis
2025 868 2060 897 et
2088 860 2194 897 factis
2226 860 2264 897 in
2294 861 2427 897 ordine
2456 860 2504 897 ad

1432 913 1529 949 alios
1557 912 1697 961 quibus
1727 913 1846 949 homo
1867 913 2049 950 convivit.
2080 914 2308 961 Inquantum
2328 925 2423 950 vero
2443 925 2505 950 ex-

1404 1000 1406 1012 }
1432 966 1590 1002 teriores
1619 973 1748 1002 motus
1777 973 1865 1002 sunt
1893 966 1999 1014 signa
2022 966 2212 1003 interioris
2233 966 2504 1015 dispositionis,

1371 1048 1379 1065 ,
1405 1067 1406 1070 ¹
1433 1019 1595 1068 pertinet
1624 1031 1759 1055 eorum
1790 1019 2003 1055 moderatio
2033 1019 2082 1056 ad
2110 1019 2291 1056 virtutem
2318 1020 2505 1065 veritatis,

1433 1074 1647 1110 secundum
1668 1084 1786 1121 quam
1802 1072 1938 1120 aliquis
1957 1073 2073 1109 talem
2094 1085 2135 1109 se
2155 1072 2308 1109 exhibet
2324 1072 2362 1109 in
2377 1073 2507 1109 verbis

1434 1134 1470 1163 et
1498 1125 1604 1162 factis
1634 1126 1756 1174 qualis
1785 1134 1841 1162 est
1869 1125 2037 1163 interius.

1488 1181 1547 1216 Αι)
1576 1190 1751 1222 QUARTUM
1785 1191 1970 1216 DICENDUM
2007 1179 2115 1227 quod
2153 1179 2191 1216 in
2225 1177 2507 1227 compositione

1406 1254 1407 1260 κ
1435 1232 1662 1269 exteriorum
1680 1241 1856 1269 motuum
1877 1232 2045 1269 studium
2060 1232 2296 1280 vituperatur
2314 1243 2383 1280 per
2403 1231 2508 1279 quod

1435 1286 1570 1334 aliquis
1604 1286 1758 1322 fictione
1797 1286 1970 1345 quadam
1994 1285 2031 1322 in
2062 1285 2312 1322 exterioribus
2340 1285 2508 1321 motibus

1406 1334 1408 1392 ξ
1435 1339 1560 1385 utitur,
1592 1339 1640 1376 ita
1670 1339 1775 1388 quod
1804 1339 1972 1376 interiori
2001 1338 2240 1388 dispositioni
2269 1350 2347 1375 non
2368 1350 2510 1375 conve-

1435 1393 1551 1429 niant.
1582 1393 1708 1430 Debet
1735 1401 1864 1429 tamen
1893 1393 1967 1429 tale
1995 1392 2164 1429 studium
2192 1391 2365 1429 adhiberi
2394 1399 2447 1438 ut,
2477 1391 2508 1427 si

1435 1446 1554 1495 quid'
1548 1458 1586 1482 in
1607 1446 1658 1482 eis
1678 1446 1937 1483 inordinatum
1958 1454 2025 1489 est
2019 1446 2262 1521 ²¹‘corrigatun
2284 1445 2396 1482 Unde
2415 1446 2509 1482 Arn-

1435 1499 1586 1536 brosius
1608 1499 1707 1545 dicit,
1729 1499 1766 1536 in
1787 1500 1798 1535 I
1820 1500 1866 1536 de
1889 1499 2039 1547 Offic*
2049 1500 2163 1536 :Ars
2182 1499 2292 1544 desit,
2323 1510 2398 1535 non
2418 1498 2512 1535 desit
2537 1501 2547 1514 ⁸

1436 1553 1632 1589 correctio.

364 1687 386 1717 ε)
405 1686 602 1719 cuiusquam.-
619 1686 746 1718 cuiusque
766 1685 905 1717 ABFILpC
925 1690 951 1710 et
969 1693 994 1715 a,
1014 1685 1196 1717 cuiusquaque
1216 1685 1248 1713 Η,
1261 1683 1337 1709 cuius
1352 1684 1386 1714 E;
1406 1691 1454 1716 pro
1472 1684 1528 1711 sed,
1547 1684 1692 1708 secundum
1712 1684 1754 1716 pG
1773 1689 1799 1708 et
1816 1691 1842 1709 a.

992 1764 1329 1796 Commentaria
1352 1763 1606 1795 Cardinalis
1628 1763 1831 1795 Caietam

344 1855 363 1874 N
387 1844 520 1875 articulo
545 1843 649 1884 primo
673 1842 867 1893 quaestionis
897 1841 1382 1880 centesimaesexagesimaeocta-

318 1857 410 1924 Ivae,
435 1888 569 1918 dubium
594 1887 728 1917 occurrit
756 1886 835 1917 circa
867 1885 1085 1916 reductionem
1110 1885 1229 1915 ordinis
1253 1885 1383 1915 exterio-
1408 1887 1410 1921 i

313 1943 385 1962 rum
402 1939 552 1962 motuum
569 1932 606 1962 ad
625 1932 702 1961 duas
718 1931 849 1961 virtutes
865 1930 984 1970 positas
1001 1931 1039 1960 ab
1056 1929 1226 1960 Aristotele
1240 1929 1276 1959 *ι
1301 1939 1382 1970 quo-

313 1978 398 2007 niam
422 1986 488 2006 non
511 1976 635 2006 videtur
657 1975 843 2006 huiusmodi
868 1975 1026 2005 ordinatio
1050 1973 1242 2004 sufficienter
1264 1974 1303 2003 ad
1327 1974 1383 2004 has
1409 1985 1410 1991 ¹

312 2022 440 2052 virtutes
465 2021 582 2051 reduci.
600 2021 682 2050 Nam
706 2019 874 2059 dupliciter
889 2026 998 2049 motus
1014 2018 1158 2054 exterior,
1179 2025 1213 2048 ut
1233 2018 1265 2048 in
1281 2018 1383 2048 littera
1409 2029 1411 2049 i

313 2065 435 2102 dicitur,
452 2065 544 2095 debet
568 2075 634 2095 esse
658 2064 838 2094 ordinatus:
863 2063 978 2103 primo,
997 2070 1031 2094 ut
1054 2063 1117 2093 sint
1139 2070 1248 2093 motus
1272 2072 1385 2093 conve-

313 2110 433 2141 nientes
450 2119 601 2150 personae
618 2119 698 2149 quae
723 2116 887 2144 movetur;
913 2108 1065 2144 secunde,
1084 2114 1117 2138 ut
1134 2107 1196 2137 sint
1220 2107 1314 2137 etiam
1331 2107 1383 2137 de·
1409 2123 1411 2126 >

313 2162 417 2185 centes
442 2154 548 2194 quoad
565 2154 654 2184 alios.
680 2153 720 2183 Et
743 2154 850 2194 quoad
870 2153 1048 2183 secundum
1065 2151 1206 2193 quidem,
1224 2151 1381 2182 sufficien—
1409 2162 1411 2170 ἱ

313 2206 358 2230 ter
382 2198 541 2229 reducitur
572 2205 721 2228 motuum
754 2205 936 2228 nostrorum
967 2197 1063 2227 decor
1086 2196 1125 2226 ad
1158 2195 1382 2227 affabilitatem.

314 2244 375 2274 Sed
392 2243 499 2284 quoad
516 2242 667 2282 primum,
684 2252 748 2272 non
769 2241 959 2272 sufficienter
978 2241 1138 2271 reducitur
1153 2241 1192 2270 ad
1208 2241 1382 2272 veritatem.
1409 2234 1411 2243 ¹

315 2288 479 2326 Quoniam
502 2287 637 2318 veritatis
660 2286 766 2317 virtuti
790 2293 837 2317 sat
861 2293 907 2317 est
930 2294 965 2316 ut
988 2294 1097 2317 motus
1113 2285 1246 2316 exterior
1269 2285 1308 2316 sit
1330 2295 1383 2316 ve-

315 2343 386 2363 rum
410 2331 566 2362 interioris
589 2331 732 2372 signum:
765 2341 821 2361 nec
851 2330 981 2372 requirit
1010 2330 1099 2371 quod
1130 2329 1169 2360 sit
1199 2330 1383 2361 moderatus

316 2385 351 2408 ut
374 2377 499 2407 deberet
523 2386 598 2406 esse.
631 2376 723 2406 Unde
754 2376 778 2406 si
803 2375 890 2416 quis,
917 2375 1002 2406 intus
1026 2384 1191 2415 praeceps,
1216 2374 1383 2405 exteriores

316 2421 409 2453 etiam
434 2427 541 2451 motus
565 2420 748 2460 praecipites
773 2420 893 2456 habeat,
920 2427 1029 2460 peccat
1051 2426 1161 2450 contra
1193 2418 1383 2450 modestiam

316 2465 475 2497 exterioris
499 2472 622 2495 motus:
648 2472 678 2495 et
702 2472 807 2495 tamen
831 2475 895 2494 non
921 2471 1029 2494 contra
1053 2463 1227 2494 veritatem.

374 2510 423 2540 Ad
448 2510 508 2539 hoc
532 2509 645 2540 dicitur
668 2509 756 2549 quod
771 2509 913 2539 reductio
937 2509 995 2539 ista
1011 2508 1114 2549 qualis
1138 2507 1314 2538 dubitando
1331 2508 1383 2538 de·
1410 2521 1411 2531 i

1409 1859 1411 1886 ᾗ
1437 1842 1551 1882 scripta
1576 1849 1640 1878 est,
1667 1852 1733 1872 non
1757 1841 1890 1872 habetur
1914 1843 1952 1873 ab
1985 1845 2140 1873 Auctore:
2166 1842 2321 1883 quoniam
2351 1842 2384 1873 in
2408 1842 2511 1874 littera

1438 1893 1546 1916 motus
1570 1886 1703 1916 exterior
1727 1892 1762 1916 ut
1785 1885 1912 1926 signum
1936 1885 2103 1922 interioris,
2125 1893 2155 1917 et
2178 1896 2244 1917 non
2268 1886 2454 1927 simpliciter
2477 1895 2512 1918 ut

1438 1929 1629 1960 conveniens
1653 1939 1818 1970 personae,
1835 1930 1995 1961 reducitur
2011 1931 2050 1960 ad
2073 1930 2247 1961 veritatem.
2272 1930 2313 1961 Et
2333 1938 2511 1972 propterea,

1437 1974 1463 2004 si
1481 1984 1545 2004 non
1564 1984 1796 2015 usquequaque
1812 1975 1956 2015 quadrat,
1974 1985 2039 2004 non
2059 1981 2106 2005 est
2125 1974 2259 2005 Auctori
2273 1975 2510 2015 imputandum.

1494 2018 1614 2049 Salvari
1643 2026 1749 2049 tamen
1779 2026 1884 2059 potest
1908 2018 2043 2050 dicendo
2066 2019 2176 2060 quod,
2201 2019 2278 2060 quia
2305 2019 2345 2050 ad
2374 2019 2512 2051 veritatis

1436 2063 1586 2094 virtutem
1610 2063 1745 2103 pertinet
1762 2063 1945 2094 *moderatio
1970 2063 2131 2095 exterioris
2154 2070 2263 2095 motus
2281 2063 2314 2094 in
2338 2063 2451 2096 ordine
2472 2065 2514 2095 ad

1438 2117 1609 2148 personam
1633 2108 1712 2138 bene
1736 2107 1923 2148 dispositam
1946 2107 2042 2145 intus,
2060 2107 2204 2149 ahoquin
2228 2118 2294 2138 non
2323 2116 2513 2141 consonaret

1438 2159 1546 2183 motus
1563 2151 1703 2182 hominis
1727 2152 1888 2183 exterioris
1903 2151 2026 2183 homini
2050 2151 2208 2188 interiori;
2232 2151 2351 2184 idcirco
2375 2153 2415 2184 ad
2439 2161 2513 2184 een-

1437 2196 1511 2227 dem
1529 2196 1676 2227 virtutem
1700 2204 1819 2237 spectat
1835 2196 2013 2227 moderatio
2038 2196 2199 2228 exterioris
2216 2203 2324 2228 motus
2347 2196 2379 2228 in
2400 2197 2512 2228 ordine

1437 2242 1477 2271 ad
1500 2251 1671 2282 personam
1694 2241 1790 2277 intus,
1815 2241 1962 2282 quamvis
1986 2251 2053 2272 non
2077 2242 2116 2272 de
2139 2241 2238 2278 facto,
2266 2248 2373 2272 tamen
2397 2242 2436 2273 de
2459 2242 2512 2273 de—

1409 2289 1411 2314 !
1438 2285 1504 2316 bito
1528 2287 1608 2316 bene
1633 2285 1832 2326 dispositam.
1857 2286 1902 2317 lta
1924 2286 2024 2327 quod,
2042 2285 2131 2317 omni
2155 2285 2284 2318 fictione
2307 2293 2453 2325 semota„
2473 2287 2513 2317 nd

1437 2330 1600 2360 veritatem
1624 2337 1743 2370 spectat
1767 2330 1924 2361 moderari
1948 2329 2133 2361 exteriorem
2158 2337 2287 2361 motum
2309 2330 2354 2362 sic
2378 2338 2414 2362 ut
2437 2341 2512 2363 con-

1437 2381 1530 2406 sonet
1553 2375 1657 2405 bonae
1681 2374 1883 2415 dispositioni
1907 2385 1990 2416 quae
2023 2381 2070 2406 est
2093 2382 2148 2405 aut
2171 2384 2237 2405 esse
2261 2375 2355 2406 debet
2377 2375 2409 2406 in
2433 2374 2513 2406 inte-

1410 2459 1411 2464 1
1438 2418 1513 2450 riori
1538 2419 1680 2450 homine.

1494 2463 1535 2494 Et
1559 2462 1602 2493 sic
1626 2463 1721 2494 decor
1744 2456 1904 2494 exterioris
1928 2470 2036 2494 motus
2060 2464 2098 2494 ab
2122 2462 2170 2493 his
2195 2462 2318 2494 duabus
2341 2463 2513 2494 virtutibus

1438 2507 1630 2538 sufficienter
1654 2515 1771 2539 manat.

1085 2663 1404 2705 ARTICULUS
1435 2663 1737 2705 SECUNDUS

890 2757 1047 2788 UTRUM
1072 2756 1114 2786 IN
1139 2756 1265 2787 Lums
1290 2755 1437 2787 possm
1461 2755 1562 2787 ESSE
1587 2756 1751 2793 AL1QUA
1776 2756 1934 2787 VIRTUS

562 2835 596 2859 IV
616 2834 698 2864 Sent„
719 2835 776 2859 dist.
797 2842 846 2865 xw,
866 2843 910 2867 qu.
930 2843 963 2864 tv.
983 2840 1030 2860 art.
1053 2843 1076 2864 ι,
1096 2834 1145 2867 qu·
1170 2842 1196 2864 i;
1217 2834 1247 2859 111
1270 2835 1346 2859 Cont.
1368 2835 1456 2863 Gent„
1478 2842 1533 2867 cap.
1553 2841 1617 2863 xxv;
1638 2834 1668 2858 1η
1690 2834 1804 2863 lsaiam,
1825 2842 1880 2867 cap.
1899 2842 1942 2864 ¹¹¹3
1962 2834 1996 2859 1v
2017 2834 2112 2865 Eehic„
2132 2835 2192 2860 lect.
2210 2841 2262 2860 nu.

386 2944 394 2948 -
377 2933 507 2997 3143<
530 2928 550 2952 D
567 2927 758 2953 SECUNDUM
779 2928 832 2952 sm
847 2928 1090 2953 PRocamrun.
1107 2916 1266 2953 Videtur
1280 2915 1414 2975 quod3

362 2947 500 3062 ῑᾞῆ
530 2969 567 3005 in
597 2969 693 3006 ludis
732 2981 808 3006 non
843 2969 961 3017 possit
991 2982 1073 3006 esse
1103 2970 1227 3018 aliqua
1256 2968 1385 3006 virtus.
1412 2991 1414 3006 >

392 3037 496 3077 '³¹
471 3012 629 3059 Dicit
657 3022 756 3059 enim
785 3023 1027 3067 Ambrosius,
1058 3022 1095 3059 in
1117 3024 1130 3059 1
1151 3023 1197 3059 de
1220 3022 1368 3071 Offic.*

374 3067 471 3108 κ’ἕὲὶῖ)
486 3067 717 3111 &Dominus
736 3076 805 3111 ait:
834 3076 909 3112 Vae
927 3077 1032 3113 vobis
1054 3076 1120 3124 qui
1137 3075 1275 3121 ridetis,
1297 3075 1414 3128 quia

308 3128 460 3175 flebitis.
481 3128 571 3165 Non
591 3128 714 3166 solum
733 3140 827 3177 ergo
841 3130 1033 3177 profusos,
1049 3130 1116 3166 sed
1128 3130 1240 3166 etiam
1257 3141 1386 3166 omnes
1412 3157 1414 3173 ι

319 3182 419 3218 iocos
438 3181 678 3218 declinandos
697 3182 874 3219 arbitror.
905 3183 982 3219 Sed
1008 3182 1099 3219 illud
1128 3182 1234 3231 quod
1263 3190 1387 3231 potest

319 3234 488 3270 virtuose
507 3234 601 3281 fieri,
624 3247 700 3272 non
722 3243 776 3271 est
799 3235 961 3272 totaliter
982 3236 1262 3272 declinandum.
1294 3236 1384 3272 Non
1412 3247 1413 3251 ¹

321 3299 410 3334 ergo
440 3288 538 3324 circa
566 3288 677 3325 ludos
706 3297 830 3336 potest
858 3301 939 3325 esse
968 3289 1098 3326 virtus.

376 3352 410 3376 2.
442 3341 679 3387 PRAETEREA,
710 3342 827 3378 virtus
857 3350 912 3379 est
939 3354 1054 3390 quam
1083 3343 1187 3379 Deus
1215 3342 1252 3378 in
1282 3342 1387 3379 nobis
1412 3350 1414 3399 ζ

320 3393 400 3428 sine
424 3394 527 3429 nobis
547 3400 736 3441 operatur,
766 3403 806 3432 ut
834 3407 949 3443 supra
967 3395 987 3416 ’¹‘
1015 3395 1188 3432 habitum
1210 3402 1278 3431 est.
1309 3395 1386 3432 Sed
1412 3401 1413 3410 ¹

324 3446 619 3492 Chrysostomus
640 3447 727 3484 dicit
746 3447 784 3484 *z
814 3448 906 3484 Non
941 3449 1006 3485 dat
1032 3449 1136 3484 Deus
1164 3448 1303 3492 ludere,
1322 3448 1388 3484 sed

323 3498 503 3534 diabolus.
533 3500 634 3535 Audi
656 3501 745 3547 quid
761 3501 926 3537 ludentes
948 3501 1056 3548 passi
1071 3506 1174 3537 sunt:
1203 3501 1304 3537 Sedit
1315 3512 1385 3548 po-

318 3551 432 3599 pulus
461 3552 691 3588 manducare
709 3558 743 3588 et
770 3554 906 3597 bibere,
927 3559 962 3590 et
979 3559 1229 3590 surrexerunt
1245 3553 1385 3590 ludere.

325 3605 426 3652 Ergo
457 3604 554 3640 circa
583 3604 693 3641 ludos
722 3617 798 3642 non
828 3614 952 3654 potest
981 3619 1063 3643 esse
1092 3606 1243 3643 virtus..

1497 2917 1531 2953 3.
1554 2917 1788 2962 PRAETEREA,
1810 2916 2069 2965 Philosophus
2098 2915 2197 2962 dicit,
2219 2915 2256 2952 in
2287 2915 2322 2952 X
2339 2915 2460 2952 Ethic.
2478 2914 2509 2962 ²¹¹,

1441 2969 1546 3017 quod
1574 2970 1809 3017 operationes
1837 2969 1918 3007 ludi
1943 2982 2018 3007 non
2046 2969 2274 3006 ordinantur
2300 2969 2338 3004 in
2367 2968 2513 3017 aliquid

1377 3034 1413 3064 τῇ
1439 3022 1555 3059 aliud.
1587 3023 1663 3060 Sed
1693 3023 1742 3060 ad
1770 3023 1948 3060 virtutem
1975 3021 2174 3071 requiritur
2203 3026 2243 3058 ut
2263 3027 2423 3070 propter
2442 3021 2510 3059 ali-

1440 3076 1531 3124 quid
1543 3075 1685 3125 eligens
1699 3081 1891 3124 operetur:
1905 3076 2001 3113 sicut
2015 3082 2118 3124 patet
2132 3087 2201 3123 per
2217 3074 2508 3124 Philosophum,

1440 3128 1479 3166 in
1510 3130 1540 3165 11
1564 3129 1685 3166 Ethic.
1705 3129 1726 3151 *
1754 3130 1856 3177 Ergo
1887 3129 1983 3166 circa
2019 3128 2132 3166 ludos
2166 3140 2243 3165 non
2273 3136 2398 3176 potest
2426 3140 2509 3166 esse

1441 3182 1566 3231 aliqua
1596 3182 1725 3218 virtus.

1495 3235 1570 3272 SED
1598 3247 1747 3273 CONTRA
1774 3246 1841 3272 EST
1873 3233 1979 3282 quod
2007 3234 2240 3281 Augustinus
2269 3234 2380 3280 dicit,
2409 3234 2446 3272 in
2477 3235 2507 3271 11

1412 3296 1414 3307 ¹
1439 3289 1617 3325 Musicae
1634 3288 1671 3324 *ε
1700 3287 1790 3326 Volo
1812 3287 1963 3324 tandem
1983 3286 2049 3323 tibi
2059 3298 2223 3335 parcas:
2253 3299 2343 3325 nam
2361 3287 2508 3337 sapien-

1439 3347 1513 3378 tem
1541 3342 1645 3378 decet
1664 3341 1849 3387 interdum
1869 3339 2058 3377 remittere
2076 3341 2195 3377 aciem
2216 3342 2328 3378 rebus
2350 3340 2510 3391 agendis

1439 3394 1631 3431 intentam.
1663 3393 1738 3431 Sed
1759 3393 1828 3430 ista
1848 3393 2020 3430 remissio
2041 3394 2157 3430 animi
2178 3407 2200 3431 a
2220 3395 2334 3432 rebus
2354 3393 2509 3443 agendis

1440 3446 1483 3484 fit
1511 3459 1579 3494 per
1606 3446 1750 3484 ludicra
1772 3446 1892 3483 verba
1921 3453 1957 3483 et
1984 3446 2092 3484 facta.
2123 3447 2225 3495 Ergo
2246 3448 2306 3484 his
2324 3447 2378 3484 uti
2397 3446 2507 3485 inter-

1442 3499 1534 3535 dum
1555 3499 1603 3536 ad
1624 3499 1834 3548 sapientem
1856 3507 1890 3535 et
1908 3499 2122 3537 virtuosum
2143 3500 2315 3549 pertinet.
2336 3522 2360 3529 —
2380 3499 2509 3537 Philo·
2535 3518 2618 3561 apm
2606 3517 2639 3534 m

1412 3568 1414 3597 3
1440 3552 1585 3599 sophus
1621 3550 1775 3588 etiam*
1807 3552 1914 3600 ponit
1942 3552 2121 3590 virtutem
2149 3554 2378 3603 eutrapeliae
2410 3552 2508 3590 circa
2534 3537 2749 3621 ii1’3niff'm'

1440 3605 1572 3640 ludos:
1603 3617 1719 3653 quam
1746 3617 1816 3641 nos
1846 3617 2052 3653 possumus
2081 3606 2206 3644 dicere
2227 3605 2506 3645 iucunditatem.

2562 385 2581 407 E
2599 385 2636 407 int.
2630 384 2741 433 ⁸CCXI,

2633 661 2664 681 vi,
2679 660 2720 676 vn.
2734 665 2746 670 -

2630 681 2681 703 lect.
2697 687 2744 708 nv,

2531 654 2615 729 {fitz

2539 2922 2692 2972 ὲἪῑ-’ἷὲεὲ
2705 2929 2730 2972 1³2

2537 3134 2752 3184 ca

2537 3300 2548 3311 ⁸
2561 3299 2618 3327 Cap.
2634 3305 2671 3322 xv.

2536 3485 2640 3508 nm.
2658 3485 2698 3508 mv.
2720 3485 2750 3513 n,

2640 3517 2748 3561 13:3².
