2612 4178
2334 269 2407 294 XXV

179 335 323 378 critice
357 349 446 377 non
481 342 547 376 est
580 341 706 376 certa.
750 334 892 375 Huius
926 334 986 374 rei
1022 347 1157 376 unum
1198 335 1446 391 exemplum
1486 334 1687 376 dedimus
1727 347 1857 389 supra
1892 334 1975 386 Qu.
2012 346 2069 376 CL
2103 342 2178 378 art.
2213 349 2258 378 111
2294 354 2317 377 α
2353 352 2407 380 ex

178 398 434 440 Alexandro
469 397 661 439 Halensi.
699 397 861 438 Omnia
894 409 1001 452 ergo
1037 398 1138 438 talia
1171 411 1253 439 suo
1288 397 1474 453 tempori
1509 404 1551 439 et
1583 411 1665 439 suo
1700 398 1799 438 loco
1834 404 2120 439 reservantur.

303 462 352 502 In
393 461 581 503 Decimo
623 460 861 501 Volumine
909 460 1080 515 parcius
1129 460 1271 502 adhuc
1305 474 1437 516 quam
1482 460 1524 501 in
1569 461 1744 502 duobus
1794 460 2157 515 praecedentibus
2197 463 2406 505 lectiones

176 523 419 566 traditionis
461 537 592 565 manu
633 523 817 579 scriptae
859 524 1136 566 mutavimus.
1178 525 1247 565 Ex
1281 524 1360 565 hac
1394 530 1514 579 parte
1555 524 1767 566 calculum
1809 523 1936 565 nobis
1977 537 2151 579 semper
2192 525 2282 567 dari
2317 541 2406 568 non

176 593 458 642 expectamus
492 601 570 642 per
603 586 712 635 illos,
749 586 823 642 qui
865 587 1080 644 quidquid
1122 587 1336 629 editiones
1378 593 1480 642 post
1512 587 1692 629 Pianam
1733 605 1747 623 ι
1779 586 1933 628 melius
1965 605 1979 624 ›
2020 588 2256 642 posuerint,
2293 589 2405 631 illico

175 650 405 705 complecti
440 650 612 692 vellent.
649 650 705 691 Et
739 656 883 691 tamen
916 652 952 692 si
987 651 1219 694 nobiscum
1242 650 1466 700 vidissent,
1497 651 1670 705 quoties
1693 649 1749 692 ad
1773 663 1825 691 ea
1853 667 1867 686 ‹
1895 650 2075 692 meliora
2099 669 2114 688 »
2145 651 2407 694 invenienda

175 718 268 754 tota
316 713 490 755 traditio
540 713 935 755 existimationibus
985 722 1028 757 et
1077 714 1359 769 opinionibus
1409 713 1563 756 cedere
1614 719 1766 755 coacta
1787 713 1863 762 sit;
1909 713 2082 768 quoties
2131 720 2275 756 textus
2324 716 2406 771 piis

175 776 496 818 emendationis
531 777 835 819 conaminibus
869 777 911 818 in
945 779 1070 833 peius
1103 777 1275 827 abierit;
1311 777 1486 831 quoties
1520 777 1617 818 illae
1653 777 1867 818 editiones
1902 777 2080 819 easdem
2121 795 2135 814 ‹
2162 778 2344 820 mendas
2371 797 2404 829 »,

174 851 285 893 quas
319 839 470 894 paucis
504 840 611 882 locis
645 848 960 895 expunxerunt,
996 840 1193 896 pluribus
1227 853 1402 882 manere
1436 840 1634 889 siverint;
1668 840 1704 881 si
1729 840 1898 889 scirent,
1933 853 2066 895 quam
2101 841 2234 898 longe
2258 848 2300 883 et
2322 842 2406 884 late

175 908 288 943 erret
311 903 527 945 criterium
568 921 582 940 ‹
614 903 843 945 meliorum
874 922 888 941 »
929 904 1176 952 lectionum,
1201 903 1283 944 nisi
1306 902 1397 944 fido
1421 902 1662 945 traditionis
1697 903 1855 944 ducatu
1880 903 1990 944 inter
2012 903 2151 945 iustos
2175 910 2406 961 certosque

173 964 332 1007 limites
365 966 650 1016 contineatur,
675 967 732 1008 illi
756 967 951 1022 profecto
988 967 1116 1008 nobis
1151 966 1442 1022 ignoscerent,
1467 965 1589 1020 quod
1612 965 1804 1007 timidius
1834 966 1980 1020 potius
2014 980 2143 1021 quam
2180 969 2406 1023 procacius

174 1029 496 1071 emendationis
531 1030 622 1072 iure
655 1030 722 1072 usi
757 1044 921 1079 sumus,
957 1036 999 1072 et
1031 1029 1202 1071 virtutis
1237 1028 1430 1070 medium
1465 1041 1553 1070 non
1589 1028 1754 1083 ubique
1790 1029 2026 1085 attigimus.

299 1155 348 1195 In
383 1156 530 1210 operis
566 1155 752 1198 decursu
787 1155 1015 1197 citationes
1050 1155 1218 1210 aliquas
1252 1155 1422 1210 absque
1455 1155 1544 1196 ullo
1579 1168 1758 1210 prorsus
1793 1155 1947 1204 indice,
1983 1155 2088 1197 alias
2121 1170 2198 1212 per
2237 1157 2301 1212 Cf.
2337 1158 2407 1199 vel

178 1216 289 1258 Vide
322 1218 572 1273 imperfecte
605 1218 816 1260 indicatas
849 1219 1124 1273 reliquimus:
1160 1218 1336 1260 notitias
1370 1217 1586 1273 quasdam
1619 1218 1940 1274 subiungimus,
1964 1225 2095 1274 prout
2118 1220 2159 1260 in
2182 1221 2408 1264 volumine

175 1286 337 1322 octavo
373 1287 416 1322 et
449 1294 570 1323 nono
603 1281 798 1330 fecimus,
823 1295 1009 1336 quarum
1043 1294 1128 1336 ope
1163 1281 1218 1322 de
1251 1281 1446 1322 sontibus
1480 1282 1516 1322 si
1551 1295 1640 1322 non
1675 1281 1884 1330 omnium,
1909 1281 2097 1336 plurium
2121 1289 2279 1332 tamen,
2315 1298 2408 1326 cer-

173 1341 358 1386 tioratur
390 1345 538 1393 lector,
561 1345 632 1386 vel
655 1346 811 1386 saltem
845 1344 1131 1400 probabiliter
1154 1344 1209 1386 de
1234 1344 1338 1399 ipsis
1373 1344 1563 1386 iudicare
1595 1344 1780 1386 idoneus
1803 1344 2008 1386 redditur.
2033 1346 2132 1387 Illas
2166 1360 2273 1388 vero
2298 1361 2408 1403 quas

174 1406 295 1448 nullo
337 1407 474 1449 modo
507 1408 565 1449 ad
599 1421 728 1450 suum
762 1414 987 1450 auctorem
1026 1407 1184 1449 referre
1217 1407 1461 1463 potuimus,
1497 1407 1614 1449 nulla
1653 1409 1856 1463 apposita
1899 1408 2147 1450 coniectura
2189 1416 2407 1453 notamus.

301 1469 385 1523 Qu.
421 1481 570 1520 cxxm,
607 1478 684 1513 art.
719 1472 762 1519 8,
797 1485 889 1528 arg.
926 1480 977 1513 2.'
1008 1489 1022 1508 ‹
1061 1471 1207 1513 Galat.
1242 1485 1284 1513 v.
1319 1483 1452 1526 super
1484 1471 1606 1519 illud,
1642 1471 1837 1513 Fructus
1878 1474 2024 1513 autem
2061 1473 2256 1528 Spiritus
2292 1475 2408 1517 cari-

171 1533 254 1580 tas,
284 1532 516 1587 gaudium,
542 1537 655 1590 pax,
692 1534 796 1577 dicit
828 1534 1095 1576 Ambrosius
1135 1534 1258 1590 quod
1298 1547 1434 1590 opera
1465 1534 1675 1576 virtutum
1714 1534 1915 1577 dicuntur
1952 1535 2114 1577 fructus
2149 1537 2253 1591 quia
2286 1550 2408 1579 men-

173 1600 262 1638 tem
294 1595 485 1639 hominis
519 1604 670 1640 sancta
704 1604 747 1639 et
780 1599 949 1640 sincera
982 1597 1271 1640 delectatione
1306 1598 1503 1639 reficiunt
1536 1616 1570 1639 ».
1605 1598 1773 1640 Pluries
1807 1613 1833 1640 a
1866 1599 1921 1641 D.
1957 1599 2132 1641 Thoma
2165 1600 2408 1643 Ambrosio

172 1656 446 1702 adiudicatur
488 1661 596 1703 haec
639 1662 865 1711 sententia,
904 1675 1038 1717 quam
1077 1662 1120 1702 in
1160 1661 1253 1703 eius
1298 1661 1506 1717 operibus
1550 1661 1706 1703 frustra
1750 1662 2060 1717 quaesivimus.
2106 1663 2328 1706 Invenitur
2367 1665 2409 1707 in

170 1720 418 1771 ISentent„
447 1723 545 1766 dist.
569 1738 596 1773 ι,
620 1728 644 1778 ς
666 1726 754 1767 Hic
786 1725 1164 1774 considerandum,
1189 1725 1264 1766 ubi
1298 1725 1580 1767 Lombardus
1614 1725 1676 1767 sic
1710 1725 1859 1767 habet:
1902 1743 1916 1762 ι
1943 1726 1999 1767 Et
2033 1726 2118 1768 hoc
2152 1727 2412 1770 confirmant

170 1786 430 1828 auctoritate
465 1789 705 1837 Ambrosii,
741 1789 816 1844 qui
857 1789 927 1837 ait,
962 1802 1094 1844 super
1134 1788 1254 1830 illum
1296 1789 1442 1830 locum
1477 1788 1702 1844 Epistolae
1735 1789 1800 1830 ad
1835 1789 1993 1838 Galat„
2030 1790 2225 1832 Fructus
2263 1795 2410 1834 autem

170 1847 368 1904 spin‘tus
400 1854 468 1892 est
498 1852 678 1901 caritas,
709 1851 939 1907 gaudium,
970 1855 1079 1907 pax,
1108 1852 1327 1909 patientia
1362 1858 1460 1893 etc.:
1495 1851 1622 1894 Haec
1657 1865 1741 1893 non
1781 1853 1982 1894 nominat
2017 1856 2160 1908 opera,
2196 1854 2278 1896 sed
2299 1855 2408 1910 fru-

170 1913 289 1961 ctus,-
323 1913 427 1968 quia
460 1922 639 1971 propter
672 1929 719 1957 se
753 1915 942 1971 petenda
975 1922 1088 1957 sunt.
1124 1915 1172 1957 Si
1207 1928 1314 1956 vero
1349 1920 1528 1970 propter
1561 1928 1609 1956 se
1643 1915 1832 1970 petenda
1866 1922 1977 1965 sunt,
2013 1929 2121 1972 ergo
2156 1923 2334 1973 propter
2360 1932 2409 1961 se

171 1975 373 2018 amanda.
408 1977 506 2020 Nos
541 1985 686 2020 autem
720 1978 885 2028 harum,
911 1992 1025 2034 quae
1047 1978 1232 2028 videtur,
1256 1978 1561 2020 auctoritatum
1596 1978 1927 2035 repugnantiam
1956 1978 2011 2021 de
2039 1979 2186 2022 medio
2217 1981 2407 2024 eximere

172 2038 410 2093 cupientes,
446 2041 644 2091 dicimus,
673 2042 797 2097 quod
830 2043 1013 2084 virtutes
1046 2048 1224 2098 propter
1255 2055 1303 2083 se
1337 2041 1553 2097 petendae
1588 2047 1631 2083 et
1662 2041 1876 2084 amandae
1911 2048 2023 2091 sunt,
2055 2050 2098 2084 et
2125 2049 2270 2085 tamen
2305 2058 2408 2101 pro-

170 2107 267 2156 pter
303 2103 446 2146 solam
486 2105 814 2147 beatitudinem.
855 2106 1041 2160 Propter
1073 2119 1121 2147 se
1160 2104 1341 2160 quidem
1381 2104 1595 2146 amandae
1635 2111 1752 2154 sunt,
1793 2105 1898 2160 quia
1941 2105 2157 2147 delectant
2196 2108 2262 2149 sui
2302 2121 2408 2164 pos-

171 2177 372 2208 sessores
405 2167 574 2210 sincera
607 2175 651 2210 et
682 2175 833 2211 sancta
866 2168 1156 2210 delectatione
1186 2186 1219 2209 ι.
1256 2168 1302 2210 S.
1338 2168 1618 2216 Ambrosius,
1653 2168 1753 2209 loco
1788 2169 1931 2218 citato,
1967 2168 2029 2209 sic
2063 2169 2216 2212 habet:
2259 2188 2274 2208 ‹
2304 2172 2408 2215 Non

173 2227 299 2271 dixit:
335 2230 485 2285 Opera
518 2231 705 2286 Spiritus
746 2232 901 2273 caritas
936 2237 1014 2280 est,
1048 2231 1128 2273 sed
1157 2230 1342 2286 fructus
1375 2231 1568 2286 Spiritus
1597 2249 1631 2273 ›.
1667 2231 1907 2286 Sequentia
1948 2232 2097 2273 omnia
2133 2239 2235 2275 sunt
2272 2234 2408 2290 ipsius

172 2291 430 2335 Lombardi.

239 2411 244 2414 Ι
301 2355 386 2410 Ωιι.
421 2368 611 2406 cxxxv1,
646 2363 722 2399 art.
758 2369 807 2410 4,
842 2371 933 2414 arg.
976 2370 1011 2399 1.
1053 2375 1068 2394 ‹
1099 2357 1255 2399 dicitur
1289 2357 1405 2399 enim
1439 2358 1483 2399 in
1516 2358 1628 2400 libro
1662 2358 1990 2399 Sententiarum
2024 2359 2248 2415 Prosperi‚
2285 2361 2407 2416 quod

170 2418 380 2473 patientia
420 2420 622 2462 consistit
653 2421 698 2462 in
733 2420 891 2462 alienis
925 2420 1058 2463 malis
1090 2420 1332 2462 tolerandis
1354 2439 1387 2463 ν.
1424 2421 1578 2463 Simile
1611 2421 1793 2463 omnino
1821 2421 2040 2463 invenitur
2072 2422 2189 2478 apud
2224 2422 2270 2465 S.
2296 2424 2407 2466 Gre-

170 2481 349 2538 gotium
393 2483 632 2540 Magnum,
668 2484 785 2526 hom.
821 2484 994 2526 XXXV
1027 2484 1073 2525 in
1107 2484 1304 2539 Evang„
1342 2484 1436 2540 qui,
1473 2491 1603 2540 prout
1637 2485 1679 2526 in
1722 2498 1908 2540 corpore
1948 2485 2076 2526 huius
2119 2485 2284 2528 articuli
2329 2487 2406 2529 ha-

172 2544 316 2594 betur,
352 2546 586 2601 patientiae
622 2561 722 2589 esse
770 2547 873 2589 dicit
912 2547 1060 2589 aliena
1099 2548 1221 2589 mala
1265 2549 1588 2602 aequanimiter
1617 2549 1800 2604 perpeti.
1846 2548 2071 2597 Ceterum,
2115 2549 2266 2604 quoad
2306 2564 2407 2592 sen-

171 2620 271 2650 sum
305 2609 436 2652 etiam
470 2624 495 2652 a
529 2612 750 2666 Prospero
785 2611 902 2653 idem
937 2611 1190 2661 insinuatur,
1226 2611 1331 2653 dum
1366 2611 1480 2662 dicit,
1505 2612 1623 2654 Sent.
1646 2624 1807 2661 xxxm,
1849 2629 1864 2648 ‹
1895 2612 2012 2653 Tota
2044 2611 2238 2653 fidelium
2273 2614 2405 2663 salus,

170 2677 265 2714 tota
297 2673 532 2727 patientiae
565 2674 788 2723 fortitudo,
823 2674 880 2716 ad
915 2688 1016 2716 eum
1050 2675 1125 2729 qui
1161 2675 1204 2716 in
1238 2675 1399 2716 sanctis
1433 2675 1524 2717 suis
1559 2681 1626 2717 est
1659 2675 1879 2724 mirabilis,
1915 2673 2140 2716 referenda
2181 2682 2268 2716 est:
2304 2677 2406 2731 quia

171 2734 254 2777 nisi
289 2735 332 2778 in
366 2736 448 2778 illis
473 2738 694 2779 Dominus
718 2744 847 2786 esset,
870 2737 1003 2779 furori
1027 2737 1262 2793 impiorum
1285 2738 1492 2795 fragilitas
1519 2739 1710 2780 humana
1737 2739 2042 2780 succumberet
2072 2751 2111 2779 »z
2148 2738 2265 2780 Sent.
2291 2753 2404 2794 quo-

171 2811 260 2854 que
293 2810 475 2849 eLxxm,
518 2818 532 2837 ‹
558 2801 703 2842 Nemo
740 2801 862 2856 quod
895 2802 1053 2844 tolerat
1074 2807 1204 2848 amat,
1240 2801 1408 2843 etiamsi
1442 2803 1628 2844 tolerare
1652 2808 1786 2843 amat:
1822 2801 1925 2856 quia
1949 2801 2066 2842 aliud
2093 2807 2159 2842 est
2182 2801 2303 2843 sortis
2326 2817 2404 2858 pa-

171 2862 334 2912 tientia,
369 2863 488 2906 aliud
523 2878 677 2906 secura
710 2864 890 2906 felicitas
921 2883 954 2906 2.

300 2926 385 2979 Qu.
421 2939 538 2975 cxu,
574 2934 650 2969 art.
687 2929 727 2976 3,
763 2941 854 2984 arg.
890 2927 986 2969 SED
1021 2939 1217 2969 CONTRA.
1260 2945 1274 2966 ι
1306 2928 1501 2969 Isidorus
1535 2927 1639 2968 dicit
1670 2927 1712 2968 in
1748 2928 1819 2969 lib.
1855 2927 2109 2982 Etymolog„
2147 2928 2268 2983 quod
2292 2934 2402 2970 tem-

171 2989 368 3044 perantia
401 2997 468 3032 est
501 3004 590 3046 qua
623 2990 759 3032 libido
795 2991 1239 3046 concupiscentiaque
1273 2991 1510 3033 refrenatur
1543 3008 1577 3032 ›.
1602 2991 1740 3032 Paulo
1769 2991 1892 3032 aliter
1924 2991 2130 3039 Isidorus,
2156 2991 2243 3046 qui,
2268 2991 2339 3033 lib.
2364 2993 2402 3032 II

173 3051 386 3101 Sentent,
428 3054 480 3096 al.
515 3053 569 3095 de
601 3054 783 3096 Summo
823 3054 963 3102 Bono,
1008 3067 1101 3109 cap.
1135 3067 1304 3104 xxxvn‚
1338 3054 1414 3095 ait:
1456 3072 1471 3091 ‹
1502 3053 1751 3095 Libidinem
1792 3054 2053 3095 abstinentia
2094 3054 2245 3095 domat
2274 3068 2314 3103 »;
2360 3061 2402 3096 et

173 3128 265 3170 cap.
300 3128 393 3158 xm:
436 3135 451 3154 ‹
476 3117 646 3159 Omnes
680 3118 873 3159 carnales
908 3117 1168 3172 cupiditates
1202 3117 1463 3159 abstinentia
1486 3123 1734 3158 resecantur
1759 3131 1800 3167 ›;
1837 3123 1879 3158 et
1913 3117 2077 3165 iterum,
2114 3117 2184 3158 lib.
2221 3118 2258 3159 II
2294 3117 2400 3172 Dif-

111 3229 116 3234 ⁴
162 3177 337 3232 ferent„
364 3193 457 3236 cap.
481 3193 640 3223 xxx1x:
681 3198 699 3219 ι
729 3180 1038 3236 Temperantia
1059 3180 1313 3222 affectiones
1337 3181 1478 3222 carnis
1501 3180 1763 3229 moderatur,
1789 3187 1831 3221 et
1854 3180 2082 3236 restinguit
2103 3180 2341 3235 appetitum
2365 3199 2398 3222 ».

300 3242 385 3295 Qu.
421 3255 585 3292 CXLVII,
620 3251 697 3286 art.
740 3257 774 3293 1,
810 3243 866 3285 ad
903 3257 941 3285 2.
985 3262 999 3280 ‹
1024 3244 1138 3299 quia,
1173 3251 1222 3285 ut
1254 3244 1554 3298 Hieronymus
1589 3243 1702 3291 dicit,
1737 3256 1822 3284 non
1855 3243 2019 3296 differt,
2055 3245 2205 3283 utrum
2237 3255 2400 3297 magno

171 3303 246 3345 vel
265 3307 410 3359 parvo
443 3310 634 3362 tempore
666 3310 707 3349 te
739 3308 978 3355 interimas,
1005 3313 1048 3348 et
1069 3306 1192 3362 quod
1226 3306 1281 3347 de
1313 3308 1474 3362 rapina
1507 3306 1808 3347 holocaustum
1831 3305 1966 3360 offert,
1999 3306 2079 3360 qui
2105 3305 2180 3347 vel
2206 3306 2399 3348 ciborum

173 3366 314 3409 nimia
345 3372 546 3423 egestate,
579 3370 656 3412 vel
681 3370 990 3420 manducandi,
1014 3370 1088 3411 vel
1114 3370 1259 3411 somni
1279 3370 1473 3424 penuria
1503 3368 1787 3410 immoderate
1813 3371 1971 3424 corpus
1997 3368 2164 3423 affligit
2183 3387 2218 3410 ›.
2254 3369 2311 3410 Et
2332 3369 2398 3410 in-

174 3429 255 3471 fra:
296 3447 312 3467 ‹
345 3431 476 3474 Unde
508 3433 612 3475 dicit
645 3434 968 3488 Hieronymus,
1004 3433 1127 3489 quod
1162 3433 1394 3474 rationalis
1425 3433 1555 3473 homo
1585 3431 1842 3486 dagnitatem
1876 3432 2045 3480 amittit,
2082 3432 2163 3486 qui
2188 3431 2264 3473 vel
2290 3432 2397 3473 ieiu-

175 3493 299 3534 nium
331 3495 518 3543 caritati,
552 3497 628 3538 vel
652 3497 831 3551 vigilias
861 3511 1018 3538 sensus
1049 3497 1297 3551 integritati
1318 3495 1525 3551 praefert
1550 3513 1584 3536 ι.

304 3557 435 3598 Haec·
461 3570 515 3599 ex
549 3572 642 3600 can.
680 3561 784 3601 Non
825 3560 1106 3608 mediocriter,
1145 3560 1241 3601 dist.
1278 3560 1331 3608 V,
1366 3558 1421 3600 de
1457 3559 1724 3606 Consecrat„
1761 3558 1829 3599 cui
1870 3557 2103 3599 Gratianus
2137 3558 2395 3612 Hieronymi

178 3632 340 3661 nomen
374 3621 584 3675 praefixit,
607 3635 634 3662 a
665 3623 721 3664 D.
746 3623 921 3664 Thoma
954 3623 1185 3678 desumpta
1219 3636 1316 3664 esse
1349 3623 1568 3663 videntur:
1604 3634 1702 3662 cum
1738 3633 1817 3663 nec
1850 3621 1893 3662 in
1929 3620 1974 3662 S.
1999 3620 2257 3675 Hieronymi
2291 3620 2395 3661 scri-

177 3682 275 3737 ptis,
311 3697 423 3738 quae
459 3690 617 3733 extant,
652 3686 855 3741 genuinis
889 3700 970 3728 nec
1005 3688 1046 3727 in
1081 3686 1368 3741 supposititiis
1403 3685 1687 3726 inveniantur.
