2768 4198
310 268 388 303 490
924 252 1192 299 QUAESTIO
1223 250 1470 297 CLXXXVI,
1500 252 1799 289 ARTICULUS
1831 253 1879 289 ΙΙΙ

311 333 425 373 refugit
452 333 563 363 subiici
595 332 732 363 consiliis
763 331 876 361 divinis
908 337 943 360 ut
973 329 1129 365 consiliis,
1159 335 1190 359 et
1219 328 1378 368 profectui
1402 333 1404 392 γ
1487 330 1538 359 Ad
1561 330 1685 362 obiecta
1707 341 1783 362 vero
1808 332 1938 362 secundi
1960 331 2048 362 dubii
2073 331 2187 362 dicitur
2210 333 2310 372 quod,
2334 331 2407 362 licet
2430 341 2505 362 con-

311 377 444 408 caritatis
464 384 500 408 ut
523 377 701 418 perfectiori
717 376 795 406 viae.
822 375 1035 414 Contemptus
1051 373 1136 404 enim
1153 373 1212 404 Dei
1229 379 1275 403 est
1291 372 1377 402 nolle
1431 379 1572 413 temptus
1596 375 1655 406 Dei
1679 375 1719 406 sit
1749 386 1785 406 ex
1809 386 1869 406 suo
1892 385 2006 416 genere
2029 383 2198 416 peccatum
2221 376 2374 412 mortale;
2401 383 2432 406 et
2455 376 2506 406 hic

311 422 422 453 subiici
451 422 574 452 divinae
601 421 740 461 regulae:
774 420 862 460 quod
893 418 942 448 hic
973 417 1138 448 manifeste
1169 417 1331 448 accideret.
1356 434 1377 439 -
1403 412 1405 449 l
1431 418 1519 448 solus
1543 420 1629 458 apud
1653 419 1824 460 theologos
1846 420 1971 451 videtur
1994 421 2147 461 appellari
2164 420 2348 461 simpliciter
2363 427 2505 451 contem-

311 467 342 497 Si
367 467 438 507 quis
462 473 569 497 autem
603 465 798 506 spiritualem
830 462 1010 502 profectum
1041 469 1071 492 et
1095 461 1201 491 divina
1226 460 1376 496 consilia,
1403 463 1405 500 ξ
1431 469 1520 502 ptus,
1547 473 1622 493 cum
1646 463 1850 503 distinguitur
1873 474 2002 505 peccare
2027 475 2064 495 ex
2088 471 2275 505 contemptu
2299 471 2410 495 contra
2434 474 2505 505 pec·

311 518 422 551 utpote
446 521 463 540 a
487 511 555 541 Deo
581 509 733 544 ordinata,
758 514 925 543 reveretur,
951 506 1014 542 sed,
1040 506 1115 546 quia
1135 515 1201 535 non
1218 505 1378 545 obligatur
1403 507 1405 517 '
1432 516 1501 536 care
1526 516 1563 536 ex
1586 506 1767 538 infirmitate
1790 515 1846 539 aut
1869 509 2063 549 ignorantia:
2097 516 2302 549 contemptus
2328 515 2434 539 tamen
2459 519 2505 539 se-

309 556 349 585 ad
372 555 426 585 illa
456 562 487 585 et
510 564 574 584 non
600 561 672 583 sunt
696 551 869 582 necessaria
893 551 933 580 ad
957 551 1111 586 salutem,
1143 560 1210 580 non
1233 550 1302 580 vult
1325 549 1378 579 illa
1404 549 1405 586 ᾖ
1432 551 1575 581 cundum
1591 551 1679 591 quid,
1692 552 1796 592 qualis
1812 559 1859 582 est
1875 559 2078 593 contemptus
2095 553 2288 594 operationis
2305 554 2504 590 exercendae,

310 599 466 639 amplecti,
492 605 521 628 et
543 597 621 627 nihil
646 604 732 627 curat
748 597 786 626 de
803 595 863 626 illis
886 605 944 635 pro
962 604 1008 625 se:
1034 594 1102 625 talis
1120 604 1186 625 non
1202 594 1378 624 contemnit
1404 598 1405 612 ¹
1432 605 1498 626 non
1523 603 1569 626 est
1593 605 1631 626 ex
1645 606 1705 626 suo
1722 606 1837 636 genere
1860 604 2029 636 peccatum
2045 599 2190 629 mortale.
2215 599 2256 629 Et
2271 598 2348 639 quia
2364 605 2505 629 contem-

309 645 424 679 Deum,
449 644 502 673 sed
527 642 634 682 potius
658 650 793 681 operum
809 639 1038 670 executionem.
1071 642 1118 669 Ac
1141 649 1198 679 per
1217 639 1289 675 hoc,
1311 648 1377 668 non
1403 669 1405 674 Α
1431 647 1505 680 ptus
1530 640 1589 670 Dei
1612 640 1766 680 importat
1789 650 1856 671 non
1880 642 1988 671 solum
2013 649 2237 682 contemptum
2257 643 2316 673 Dei
2339 642 2372 672 in
2389 643 2504 682 seipse,

309 695 416 729 peccat
448 686 620 716 mortaliter
648 695 683 714 ex
714 683 901 715 huiusmodi
929 683 1049 714 incuria
1075 683 1261 719 deliberata,
1295 692 1377 723 quae
1404 675 1405 691 ¹
1431 685 1486 714 sed
1510 684 1543 714 in
1567 684 1632 715 suis
1656 684 1830 725 praeceptis
1861 695 1897 715 ac
1927 686 2084 723 consiliis,
2109 687 2297 727 legibusque
2325 697 2361 717 ac
2389 686 2506 726 regulis

309 731 482 762 nonnullus
508 736 710 769 contemptus
734 736 789 764 est,
815 728 994 759 omittendo
1019 727 1230 758 intentionem
1255 734 1285 758 et
1308 737 1376 757 exe·
1403 748 1405 764 ,
1431 728 1652 759 ministrorum
1683 739 1835 766 suorum,
1866 729 1922 770 qui
1954 737 2028 760 sunt
2055 730 2215 762 Ecclesiae
2247 731 2399 772 praelati;
2433 731 2505 761 ideo

309 776 469 807 cntionem
501 774 661 814 profectus
692 773 862 814 spiritualis
886 779 917 803 et
940 782 1077 812 operum
1100 772 1263 803 bonorum
1294 781 1377 812 quae
1403 765 1405 798 ,¹
1430 773 1517 804 iuxta
1547 773 1736 804 huiusmodi
1765 780 1970 814 contemptus
2001 775 2213 814 praesentiam
2241 776 2292 806 vel
2330 775 2504 806 absentiam

308 827 414 860 posset
438 819 548 849 facere.
1402 801 1404 848 l
1430 825 1598 858 peccatum
1621 818 1755 848 mortale
1780 828 1816 848 ex
1839 825 2026 858 contemptu
2051 818 2258 850 iudicandum
2282 820 2331 850 vel
2355 830 2505 851 excusan-

361 865 401 894 Et
424 873 479 904 per
502 863 563 893 hoc
587 869 673 903 patet
697 862 816 892 solutio
842 861 1007 902 utriusque
1031 861 1129 891 dubii.
1431 863 1510 893 dum
1539 869 1594 893 est.
1629 863 1677 893 Ex
1705 873 1743 893 eo
1775 869 1883 893 autem
1915 863 2005 904 quod
2036 863 2069 893 in
2099 864 2202 894 littera
2231 864 2346 895 unicus
2376 864 2506 896 effectus

69 908 79 918 ⁸
93 907 163 929 Num.
180 914 204 929 ¹¹·
362 909 413 939 IV.
433 908 483 938 Ad
500 907 622 937 obiecta
642 913 749 936 autem
766 906 859 946 primi
876 905 964 936 dubii
979 906 996 924 *
1012 906 1248 945 respondendo,
1262 905 1377 936 dicitur
1431 913 1635 947 contemptus
1659 907 1842 947 apponitur,
1868 906 1986 938 scilicet
2009 907 2140 939 firmitas
2165 908 2263 938 animi
2287 918 2397 940 contra
2416 909 2505 949 spiri-

305 953 393 993 quod
422 962 458 982 ex
482 952 543 981 hoc
572 951 661 991 quod
684 951 717 980 in
741 951 842 981 littera
874 950 1028 990 excipitur
1057 957 1275 990 contemptus,
1309 959 1375 979 non
1430 951 1549 981 tualem
1575 951 1765 991 profectum,
1791 962 1857 982 non
1881 952 2015 983 habetur
2037 953 2126 993 quod
2150 952 2181 983 in
2207 953 2269 983 hoc
2293 952 2404 984 effectu
2430 963 2505 984 con—

305 998 435 1027 habetur
459 997 548 1036 quod
572 995 704 1026 omissio
732 995 916 1025 intentionis
941 995 981 1024 sit
1003 1001 1185 1034 peccatum:
1220 994 1376 1036 quoniam
1402 970 1403 1020 l
1430 995 1518 1026 sistat
1542 1003 1747 1036 contemptus
1770 1003 1826 1027 aut
1849 1004 2054 1037 contemptus
2078 997 2188 1037 culpa:
2214 998 2267 1027 sed
2284 997 2392 1027 solum
2415 998 2505 1038 quod

304 1041 435 1071 omissio
455 1040 637 1071 intentionis
662 1047 766 1080 potest
780 1050 815 1070 ex
833 1039 893 1070 alia
909 1048 1003 1070 causa
1018 1049 1117 1080 quam
1134 1049 1170 1069 ex
1187 1046 1374 1080 contemptu
1429 1039 1617 1070 huiusmodi
1629 1039 1760 1071 firmitas
1777 1041 1948 1072 comitatur
1963 1047 2196 1081 contemptum.
2218 1041 2305 1072 Cum
2320 1042 2382 1072 hoc
2398 1049 2505 1072 autem

304 1085 483 1126 procedere.
1430 1091 1491 1115 stat
1506 1091 1537 1115 et
1551 1085 1642 1125 quod
1658 1092 1862 1125 contemptus
1878 1086 1917 1116 sit
1933 1092 2100 1126 peccatum
2116 1087 2263 1117 mortale:
2285 1093 2316 1117 et
2331 1086 2421 1127 quod
2447 1086 2505 1117 hu·

358 1129 507 1160 Similiter
529 1139 565 1159 ex
589 1129 651 1159 hoc
671 1129 760 1169 quod
777 1135 924 1159 tenentur
940 1139 1054 1159 omnes
1070 1128 1179 1169 aliquo
1203 1129 1303 1159 modo
1319 1128 1374 1158 ha·
1401 1141 1403 1171 ς
1429 1129 1571 1160 iusmodi
1587 1128 1728 1166 firmitas,
1746 1129 1771 1160 si
1792 1130 1921 1161 aliunde
1937 1140 2036 1171 quam
2056 1140 2093 1161 ex
2115 1137 2304 1171 contemptu
2327 1130 2505 1171 proveniat,

303 1175 374 1204 bere
398 1174 610 1205 intentionem
626 1173 823 1213 proficiendi,
848 1173 966 1204 scilicet
989 1183 1056 1203 non
1072 1173 1224 1213 ponendo
1250 1173 1376 1204 obicem
1401 1173 1403 1214 i
1431 1183 1497 1204 non
1522 1180 1568 1204 est
1584 1181 1751 1214 peccatum
1774 1175 1925 1211 mortale;
1950 1175 2096 1216 quamvis
2117 1185 2242 1215 semper
2265 1175 2304 1207 sit
2328 1182 2507 1216 peccatum.

302 1218 432 1258 Spiritui
445 1219 573 1256 Sancto,
582 1228 648 1248 non
661 1218 773 1249 iacitur
783 1228 887 1248 novus
898 1218 1034 1258 laqueus
1046 1217 1223 1254 animabus,
1234 1225 1269 1249 ut
1279 1225 1376 1258 patet.
1402 1216 1403 1247 l

667 1474 826 1506 UTRUM
849 1473 1103 1504 PAUPERTAS
1127 1473 1416 1511 REQUIRATUR
1438 1473 1497 1504 AD
1522 1473 1865 1506 PERFECTIONEM
1889 1474 2137 1514 RELIGIONIS

371 1554 403 1579 111
425 1554 502 1579 Cont.
524 1555 612 1583 Gent.,
632 1561 688 1586 cap.
708 1559 780 1584 cxxx,
801 1559 883 1584 cxxxi,
903 1559 1006 1581 cxxxtn.
1025 1559 1131 1584 cxxxiv5
1158 1553 1236 1578 Cont.
1255 1553 1403 1578 retrahent.
1422 1553 1456 1578 ab
1475 1553 1589 1586 ingr-ess.
1607 1553 1710 1587 Relig„
1730 1561 1786 1586 cap.
1805 1561 1852 1585 xv;
1873 1554 1915 1579 De
1933 1554 2006 1588 Pers.
2030 1554 2106 1580 Vitae
2125 1555 2214 1588 Spin,
2235 1563 2292 1590 cap.
2311 1564 2354 1587 vn,
2374 1564 2434 1589 vm;

991 1589 1067 1615 Cont.
1087 1588 1207 1622 impugn.
1226 1588 1324 1621 Retig„
1344 1596 1400 1621 cap.
1419 1596 1437 1619 1,
1450 1595 1492 1620 v1;
1511 1589 1542 1614 In
1562 1589 1671 1619 Mami„
1685 1597 1740 1622 cap.
1758 1597 1808 1615 xrx.

419 1700 471 1719 ,a
513 1681 535 1706 D
556 1680 717 1706 TERTIUM
747 1680 801 1705 stc
822 1679 1065 1705 paoeamrua.
1087 1668 1248 1705 Videtur
1268 1668 1374 1717 quod
1427 1681 1506 1706 non
1542 1669 1616 1718 agit
1646 1669 1829 1708 virtuose.
1869 1671 1918 1708 Et
1951 1671 2001 1708 ita
2033 1672 2108 1708 hoc
2143 1684 2222 1709 non
2256 1673 2421 1722 pertinet
2455 1675 2505 1713 ad

348 1714 374 1744 5:
426 1714 489 1775 (ζὴ).
513 1730 720 1772 paupertas
749 1734 828 1758 non
852 1721 1067 1771 requiratur
1095 1722 1144 1758 ad
1172 1722 1373 1771 perfectio·
1426 1723 1529 1759 vitae
1557 1723 1848 1771 perfectionem.

338 1763 604 1825 «ς’ᾐῃεῐῃ
635 1776 837 1824 religionis.
881 1776 974 1812 Non
1004 1776 1107 1812 enirn
1136 1776 1290 1814 videtur
1325 1775 1374 1813 ad
1480 1787 1518 1823 4.
1549 1777 1787 1824 PRAETEREA,
1811 1777 1946 1814 ultima
1966 1777 2148 1826 perfectio
2166 1779 2335 1818 hominis
2354 1780 2394 1818 in
2413 1781 2503 1820 bea-

355 1823 653 1867 vrkstatum
673 1830 918 1879 perfectionis
939 1830 1127 1878 pertinere
1147 1829 1240 1868 illud
1269 1830 1373 1879 quod
1426 1828 1586 1867 titudine
1607 1829 1786 1868 consistit.
1818 1831 1893 1868 Sed
1924 1831 2076 1868 divitiae
2105 1832 2308 1870 conferunt
2335 1834 2384 1871 ad
2414 1835 2504 1872 bea-

300 1883 424 1921 illicite
452 1883 507 1920 fit.
538 1884 616 1921 Sed
645 1884 751 1932 quod
779 1884 902 1921 homo
932 1883 1064 1920 omnia
1084 1895 1152 1920 sua
1173 1884 1372 1932 relinquat,
1427 1882 1648 1920 titudinem:
1679 1883 1814 1921 dicitur
1843 1884 1944 1922 enim
1973 1884 2253 1923 Eccli.⁴xxx1*:
2281 1888 2424 1925 Beatus
2450 1894 2505 1926 est
2530 1894 2661 1919 ‘Vm-8·

299 1938 452 1974 videtur
471 1950 555 1974 esse
575 1937 764 1974 illicitum:
789 1938 1000 1987 Apostolus
1020 1937 1134 1984 enim,
1158 1939 1188 1975 11
1210 1938 1262 1975 ad
1283 1938 1372 1975 Cor.
1427 1936 1531 1974 dives
1563 1937 1630 1986 qui
1656 1938 1828 1975 inventus
1856 1943 1912 1975 est
1936 1938 2017 1975 sine
2043 1938 2208 1976 macula.
2248 1940 2299 1976 Et
2330 1940 2503 1979 Philoso-
2561 1963 2564 1966 <

300 2003 373 2037 vni,
405 1991 468 2028 dat
496 1991 660 2028 formam
690 1991 870 2028 fidelibus
901 1992 1167 2040 eleemosynas
1196 1991 1372 2038 faciendi,
1428 1991 1528 2039 phus
1557 1990 1657 2038 dicit,
1687 1991 1725 2028 in
1756 1993 1769 2028 l
1798 1992 1919 2029 Ethic.
1938 1991 1971 2040 ¹⁸,
2001 1993 2107 2041 quod
2137 1992 2291 2030 divitiae
2319 1995 2504 2045 organice
2530 1999 2746 2050 2⁶93ffi¹¹1⁶g3

59 2050 197 2072 ’Vm-¹2·
301 2045 431 2082 dicens
449 2043 490 2081 *ε
521 2045 563 2081 Si
593 2044 768 2082 voluntas
790 2050 971 2094 prompta
1000 2051 1072 2092 est,
1101 2046 1307 2082 secundum
1337 2045 1376 2082 id
1429 2044 1652 2082 deserviunt
1684 2045 1733 2082 ad
1766 2045 1996 2083 felicitatem.
2033 2045 2137 2094 Ergo
2165 2047 2382 2085 voluntaria
2409 2059 2504 2098 pau·
2530 2042 2584 2076 ¹¹3¹·
2611 2043 2618 2049 ⁸

300 2098 401 2147 quod
417 2099 540 2145 habet,
561 2104 715 2147 accepta
743 2104 807 2146 est,
823 2099 966 2145 -idest,
993 2105 1033 2135 ut
1050 2099 1263 2136 necessaria
1288 2099 1373 2136 reti-
1427 2105 1554 2147 pertas
1583 2110 1662 2135 non
1692 2098 1893 2148 requiritur
1921 2099 1970 2137 ad
1999 2099 2274 2148 perfectionem
2298 2101 2503 2150 religionis.

58 2157 271 2205 LGgsgssglgnerfiu·
300 2153 418 2189 neatis
437 2152 477 2197 *ς
509 2160 545 2188 et
564 2160 699 2202 postea
728 2152 855 2190 subdit
874 2152 932 2189 *ἢ
961 2153 1053 2190 Νοη
1082 2158 1122 2189 ut
1139 2153 1223 2190 aliis
1250 2153 1299 2190 sit
1315 2165 1375 2190 re·
1485 2153 1518 2189 5.
1549 2152 1795 2199 ΡκΑετΕκΕΑ,
1829 2160 1948 2190 status
1982 2153 2255 2203 episcoporum
2290 2162 2347 2192 est
2377 2155 2503 2204 perfe-

59 2212 67 2221 “
82 2189 204 2232 lumin-³⁵
299 2206 447 2250 missio,
481 2206 587 2242 vobis
621 2211 747 2242 autem
776 2206 988 2243 tribulatio.-
1025 2207 1162 2243 Glossa
1186 2206 1226 2252 *‚
1262 2206 1373 2252 idest,
1429 2205 1524 2242 ctior
1542 2217 1661 2254 quam
1683 2214 1800 2243 status
1820 2206 2023 2254 religionis.
2054 2207 2131 2245 Sed
2152 2207 2323 2257 episcopi
2341 2217 2504 2258 possunt

57 2265 66 2273 ·
82 2263 149 2285 Vm·
166 2263 187 2284 ⁸·
295 2264 514 2308 paupertas.
546 2259 595 2296 Et
614 2271 730 2308 super
749 2258 841 2297 illud
867 2261 879 2295 I
901 2260 954 2296 ad
983 2260 1079 2296 Tim.
1100 2271 1135 2296 vi
1155 2259 1186 2306 *,
1215 2260 1374 2297 Haben·
1427 2258 1627 2308 proprium
1655 2259 1811 2307 habere,
1841 2267 1882 2296 ut
1910 2271 2026 2309 supra
2043 2259 2065 2282 ¹⁸¹
2091 2260 2266 2299 habitum
2296 2269 2364 2299 est.
2398 2262 2503 2312 Ergo
2530 2269 2745 2319 gon-mmmm

62 2321 69 2329 ⁸
90 2319 171 2341 Lomb.
192 2323 215 2340 et
235 2319 275 2340 In-

301 2319 352 2350 tes
380 2313 558 2350 alimenta
596 2318 632 2349 et
658 2313 790 2361 quibus
819 2318 1017 2363 tegamur,
1057 2313 1146 2350 dicit
1174 2314 1312 2350 Glossa
1331 2312 1373 2350 *z
1429 2319 1466 2348 et
1492 2311 1666 2360 religiosi.

59 2346 134 2367 terlin.

62 2751 71 2760 ⁸
85 2750 153 2772 Vers.
168 2756 190 2777 9.

63 2856 72 2864 ⁸
87 2854 153 2876 Vera.
170 2860 185 2875 1.

63 2943 72 2951 ·
87 2941 153 2962 Vera.
168 2947 194 2970 ¹3·

63 3011 147 3059 scil:
162 3017 247 3059 '1‘00'2131
266 3023 275 3027 ·

158 3336 189 3356 vi,
205 3335 227 3351 n.
239 3335 280 3358 ¹5.-

170 3357 221 3378 lect.
237 3362 278 3378 νιι.

65 3330 149 3378 εἭῑ

299 2367 383 2404 Etsi
396 2365 488 2403 nihil
501 2365 737 2403 intulerimus
751 2366 812 2403 vel
828 2367 996 2404 ablaturi
1007 2366 1136 2412 simus,
1152 2378 1227 2403 non
1247 2372 1372 2404 tamen
1400 2401 1402 2406 .

301 2420 456 2456 omnino
475 2419 685 2456 abiicienda
704 2426 791 2456 sunt
817 2421 911 2457 haec
929 2420 1164 2468 temporalia.
1195 2420 1298 2468 Ergo
1317 2420 1373 2457 vi-

302 2474 412 2510 detur
444 2473 549 2521 quod
577 2473 793 2510 voluntaria
821 2481 1026 2522 paupertas
1056 2486 1134 2510 non
1163 2473 1375 2522 requiratur

301 2527 350 2564 ad
380 2526 656 2575 perfectionem
686 2526 889 2574 religionis.

357 2592 390 2616 2.
412 2579 647 2626 anaraaax,
679 2579 912 2629 quicumque
942 2591 982 2616 se
1007 2579 1162 2629 exponit
1190 2580 1373 2629 pericu10,

301 2640 445 2683 peccat.
476 2633 553 2670 Sed
583 2633 643 2670 ille
672 2634 748 2682 qui,
771 2634 950 2670 omnibus
970 2633 1047 2670 suis
1069 2633 1217 2680 relictis,
1237 2634 1374 2671 volun-

301 2687 436 2724 tariam
456 2694 722 2736 paupertatem
739 2695 904 2724 sectatur
914 2692 943 2732 α,
961 2687 1116 2735 exponit
1131 2699 1172 2724 se
1191 2688 1373 2736 periculo:

302 2749 338 2778 et
357 2740 551 2789 spirituali,
573 2740 785 2778 secundum
806 2741 897 2778 illud
916 2741 1030 2777 Prov.
1043 2752 1114 2777 xxx
1128 2740 1160 2787 ²⁸,
1182 2741 1246 2779 Ne
1252 2742 1373 2790 forte,

302 2799 466 2844 egestate
484 2795 710 2843 compulsus,
732 2795 848 2844 furer
872 2799 907 2831 et
929 2794 1124 2843 periurem
1145 2806 1282 2832 nomen
1302 2795 1377 2832 Dei

303 2849 388 2894 mei,
419 2855 455 2885 et
473 2848 589 2885 Eccli.
610 2860 707 2885 xxvu
726 2847 758 2895 ²¹³,
788 2849 948 2897 Propter
966 2848 1133 2898 inopiam
1157 2849 1267 2885 multi
1285 2860 1375 2898 per-

303 2903 427 2939 ierunt
435 2899 461 2946 Q
483 2910 518 2938 et
534 2901 649 2938 etiarn
666 2902 867 2951 corporali,
884 2901 1019 2939 dicitur
1034 2902 1136 2939 enim
1149 2902 1330 2939 Eccle.vu
1341 2902 1372 2939 *z

304 2957 407 2992 Sicut
434 2955 603 3005 protegit
627 2955 829 3004 sapientia,
862 2955 916 2992 sic
945 2956 1114 3005 protegit
1139 2961 1176 2992 et
1195 2955 1372 3004 pecunia.

304 3010 352 3046 Et
373 3008 631 3057 Philosophus
651 3009 750 3055 dicit,
772 3008 809 3045 in
831 3009 883 3045 lV
900 3009 1021 3046 Ethic.
1037 3008 1068 3055 ⁸¹⁸,
1099 3010 1204 3057 quod
1228 3010 1375 3046 videtur
1400 3035 1401 3042 κ

303 3062 489 3111 quaedam
521 3062 684 3111 perditio
719 3062 834 3110 ipsius
867 3062 1030 3099 hominis
1066 3074 1145 3099 esse
1181 3063 1372 3113 corruptio

303 3116 533 3161 divitiarum,
563 3115 651 3164 quia
683 3127 756 3163 per
787 3117 855 3153 has
892 3116 1006 3153 homo
1043 3115 1145 3153 vivit.
1186 3116 1288 3164 Ergo
1316 3116 1373 3152 vi-

305 3170 413 3206 detur
441 3169 546 3217 quod
575 3168 790 3206 voluntaria
819 3177 1024 3218 paupertas
1054 3181 1132 3206 non
1161 3169 1374 3219 requiratur

305 3223 352 3259 ad
383 3222 655 3270 perfectionem
685 3222 884 3270 religiosae
912 3223 1027 3260 vitae.

360 3277 393 3312 3.
416 3276 650 3321 Paxmsmzx,
671 3276 790 3313 virtus
819 3276 855 3313 in
885 3277 1008 3313 medio
1037 3276 1219 3313 consistit:
1247 3284 1288 3313 ut
1319 3276 1373 3314 di-

306 3328 399 3364 citur
427 3328 464 3365 in
495 3330 525 3365 ll
546 3329 666 3366 Ethic.
686 3329 707 3351 ’¹‘
745 3329 821 3367 Sed
859 3329 919 3366 ille
953 3329 1017 3379 qui
1059 3329 1189 3366 omnia
1223 3329 1374 3368 dimittit

306 3393 373 3429 per
409 3382 663 3420 voluntariam
705 3390 992 3431 paupertatem,
1031 3394 1109 3420 non
1146 3382 1298 3420 videtur
1334 3383 1373 3421 in

306 3433 435 3471 medio
470 3435 695 3482 consistere,
732 3436 799 3473 sed
829 3436 949 3484 magis
978 3435 1016 3473 in
1045 3444 1229 3474 extremo.
1269 3437 1372 3485 Ergo

360 3577 388 3609 a)
407 3579 534 3602 sectatur.
546 3589 565 3595 —
582 3577 702 3609 sequitur
720 3577 821 3603 ABDK.

1483 2366 1518 2402 6.
1541 2365 1778 2413 paim-eam,
1804 2365 1895 2403 dare
1915 2367 2205 2415 eleemosynam
2226 2375 2283 2405 est
2301 2380 2402 2417 opus
2421 2381 2503 2408 ma-

1427 2418 1528 2455 xime
1544 2419 1630 2455 Deo
1646 2427 1866 2468 acceptum:
1883 2427 1931 2467 et,
1948 2419 2044 2456 sicut
2059 2420 2360 2469 Chrysostomus
2375 2422 2501 2471 dicit·,
2530 2427 2541 2438 ⁰

1428 2473 1744 2509 medicamentum
1773 2473 1876 2522 quod
1901 2473 2072 2510 maxime
2099 2474 2136 2511 in
2160 2475 2389 2523 poenitentia
2417 2488 2503 2529 ope-

1428 2531 1548 2563 ratur.
1572 2526 1649 2563 Sed
1668 2533 1874 2576 paupertas
1895 2526 2059 2564 excludit
2079 2528 2416 2577 eleemosynarum
2431 2531 2503 2568 lar—

1428 2578 1624 2627 gitionem.
1660 2580 1763 2629 Ergo
1792 2579 1945 2618 videtur
1972 2580 2078 2630 quod
2107 2589 2312 2630 paupertas
2340 2583 2389 2621 ad
2417 2595 2503 2633 per·

1428 2632 1633 2670 sectionem
1662 2633 1853 2682 religionis
1882 2646 1960 2671 non
1989 2634 2186 2682 pertineat.

1484 2687 1559 2724 SED
1579 2698 1727 2724 con-riu
1746 2698 1813 2724 asT
1832 2687 1939 2735 quod
1959 2687 2168 2736 Gregorius
2187 2688 2288 2736 dicit,
2305 2689 2391 2727 VIII
2411 2690 2503 2728 Μο-

1429 2740 1499 2777 ral.
1520 2739 1562 2777 *ε
1602 2741 1698 2777 Sunt
1730 2740 1904 2778 nonnulli
1930 2741 2114 2779 iustorum
2142 2742 2224 2791 qui,
2254 2742 2307 2780 ad
2332 2754 2502 2792 compre-
2528 2752 2539 2763 ·

1427 2794 1665 2831 hendendum
1694 2794 1842 2831 culmen
1865 2795 2110 2843 perfectionis
2127 2795 2297 2842 accincti,
2327 2796 2417 2834 dum
2445 2796 2500 2835 al-

1428 2847 1525 2885 tiora
1561 2847 1716 2885 interius
1749 2853 1947 2897 appetunt,
1982 2849 2148 2886 exterius
2175 2854 2310 2886 cuncta
2341 2849 2501 2888 derelin-

1427 2907 1557 2950 quunt.
1585 2901 1661 2939 Sed
1681 2901 1826 2950 accingi
1845 2902 1894 2940 ad
1915 2902 2326 2951 comprehendendum
2347 2903 2501 2941 culmen

1427 2954 1670 3004 perfectionis
1698 2955 1852 3004 proprie
1880 2955 2042 3004 pertinet
2069 2955 2118 2993 ad
2138 2955 2348 3004 religiosos,
2377 2964 2419 2993 ut
2447 2957 2502 2994 di-

1428 3017 1531 3046 ctum
1561 3016 1617 3045 est
1634 3008 1665 3046 ³¹⁸.
1697 3009 1799 3057 Ergo
1820 3009 1874 3046 eis
1895 3009 2078 3058 competit
2097 3016 2138 3046 ut
2155 3020 2225 3059 per
2243 3009 2498 3048 voluntariam
2528 3014 2539 3025 ⁸

1428 3069 1693 3112 paupertatem
1722 3069 1859 3099 cuncta
1887 3062 2050 3100 exterius
2079 3061 2355 3111 derelinquant.

1482 3117 1711 3153 Respounao
1731 3127 1918 3154 mci-:unum
1937 3115 2057 3164 quod,
2073 3114 2169 3153 sicut
2188 3115 2334 3165 supra*
2354 3115 2499 3155 dictum
2528 3119 2539 3130 ’

1429 3177 1502 3217 est,
1532 3177 1650 3206 status
1679 3169 1871 3218 religionis
1900 3176 1956 3206 est
1983 3168 2182 3218 quoddam
2213 3169 2434 3207 exercitium
2463 3177 2501 3207 et

1428 3222 1625 3272 disciplina
1653 3235 1722 3271 per
1749 3234 1868 3270 quam
1896 3221 2116 3271 pervenitur
2144 3223 2193 3260 ad
2222 3222 2498 3272 perfectionem

1428 3276 1600 3314 caritatis.
1630 3275 1692 3313 Ad
1721 3275 1827 3325 quod
1855 3275 2010 3324 quidem
2030 3275 2287 3314 necessarium
2309 3283 2366 3313 est
2393 3276 2499 3326 quod

1427 3329 1562 3379 aliquis
1591 3328 1772 3366 affectum
1792 3339 1905 3365 suum
1934 3328 2097 3366 totaliter
2116 3329 2309 3367 abstrahat
2337 3341 2359 3367 a
2385 3329 2499 3367 rebus

1427 3382 1650 3420 mundanis:
1671 3380 1760 3420 dicit
1780 3380 1881 3418 enim
1902 3382 2148 3430 Augustinus,
2170 3382 2208 3420 in
2227 3383 2263 3420 X
2287 3381 2496 3431 Consess.'¹',
2525 3385 2537 3398 ⁸

1427 3436 1476 3474 ad
1505 3437 1633 3473 Deum
1661 3435 1843 3484 loquens:
1873 3435 2006 3472 Mnus
2030 3441 2065 3474 te
2082 3442 2188 3474 amat
2205 3436 2272 3485 qui
2288 3442 2411 3474 tecum
2429 3435 2498 3474 ali·

1482 3577 1507 3611 β)
1523 3577 1674 3610 perierunt.
1686 3591 1706 3598 -—
1724 3578 1894 3611 deliquerunt
1914 3579 1941 3605 Ρ.
