2768 4198
36 923 44 932 ⁸
54 921 85 943 Cf
107 926 171 942 num.
179 926 221 941 ιιι.

37 965 45 973 ·
61 964 170 985 Conclus.
187 968 219 987 ιο,

35 991 126 1018 probat.
142 995 171 1011 12.

41 2077 49 2086 ·
64 2075 101 2097 Cf.
116 2080 180 2096 num.
200 2080 251 2096 xnt.

39 2122 48 2131 ¹
76 2121 186 2143 Conclus-
215 2126 251 2147 10,

38 2148 127 2175 probat.
145 2154 172 2176 ¹3·

41 2306 48 2314 ⁸
74 2304 98 2325 ln
123 2303 253 2325 confirmat.

41 2330 104 2352 dubii
121 2336 140 2358 5.

45 2579 51 2585 ·
72 2576 107 2598 Cf.
125 2581 189 2597 num.
209 2580 255 2596 xiv.

45 2663 53 2671 ⁸
80 2660 189 2682 Conclus.
219 2665 255 2685 ιο,

45 2688 135 2715 probat.
150 2693 182 2713 ¹⁴·

50 3283 58 3291 ⁴
74 3281 183 3303 Conclns.
198 3285 229 3301 ιο.

51 3417 59 3425 ·
75 3415 144 3437 Num.
160 3420 174 3435 ι.

97 3518 118 3532 ιι.
130 3516 209 3536 exani,
220 3514 263 3532 art·

52 3544 67 3563 ι,
99 3538 220 3559 ὀιιιηιειιι.
241 3543 263 3558 n.

52 3570 67 3585 ιι
83 3571 134 3592 sqq.

282 310 352 335 100

275 378 391 410 scilicet
415 376 564 418 patientia
589 381 635 405 est
659 374 826 415 perfectior
850 382 947 413 quam
972 371 1090 402 iustitia
1122 380 1204 411 quae
1236 376 1282 400 est
1312 370 1352 400 ad

273 422 467 464 proximum.
504 421 668 451 Probatur.
703 419 816 449 Melius
841 424 886 447 est
908 426 975 446 esse
1000 415 1172 455 patientem
1196 421 1226 445 et
1248 423 1352 445 carere

274 467 401 503 iustitia,
427 475 524 507 quam
550 474 615 494 esse
639 464 761 493 iustum
785 470 815 492 et
838 471 940 491 carere
965 459 1126 500 patientia.
1147 459 1242 498 Ergo.

331 512 488 542 Probatur
513 515 726 548 assumptum.
752 506 836 543 Quia
859 505 982 545 patiens
1006 514 1072 534 nou
1096 503 1199 552 ipstus
1219 509 1266 533 est
1289 501 1350 532 dis-

275 556 399 597 positus
423 555 462 584 ad
491 553 664 588 iustitiam,
689 552 728 581 ad
753 548 1054 584 mansuetudinem,
1080 555 1110 578 et
1140 556 1273 577 omnem
1295 545 1352 576 ho-

276 609 398 632 nestam
423 596 766 630 communicationem:
791 594 938 635 quivero
963 600 1010 623 est
1032 592 1135 622 iustus
1162 598 1193 622 et
1209 601 1275 622 non
1299 601 1352 631 pa-

275 646 372 681 tiens,
397 654 463 674 non
492 649 538 672 est
566 640 739 680 dispositus
764 639 803 668 ad
827 637 1029 678 patientiam,
1059 646 1134 667 cum
1159 635 1252 666 multi
1275 635 1350 666 iusti

275 690 337 721 sint
367 689 399 719 in
427 686 564 718 adversis
597 683 875 725 impatientissimi.
900 700 920 704 -
944 681 1109 717 Secundo,
1139 680 1215 722 quia
1247 680 1350 710 iustus

275 745 340 765 non
366 732 487 774 patiens
512 739 576 760 non
602 736 647 759 est
671 728 845 767 dispositus
869 726 909 757 ad
934 726 1034 756 ullam
1058 725 1209 756 virtutem
1238 734 1349 756 secun-

275 780 352 809 dum
370 776 503 818 gradum
521 772 779 816 perseverantiae,
800 771 859 802 nisi
877 771 982 812 primo
998 769 1168 801 inclinetur
1187 769 1227 799 ad
1244 775 1350 800 actum

275 821 455 864 patientiae.
476 819 537 850 Sed
554 817 676 858 patiens
691 816 758 846 sine
775 816 893 847 iustitia
908 822 955 846 est
971 814 1145 856 dispositus
1162 815 1202 845 ad
1218 823 1351 844 ornnem
1377 823 1378 826 ¹

274 868 423 898 virtutem
447 863 624 894 secundum
648 861 783 901 gradum
808 860 1067 901 perseverantiae.
1093 859 1201 900 Igitur.

332 912 370 941 V.
399 909 555 946 Quintum
579 906 711 937 dubium
727 905 744 924 *
768 912 815 936 est
838 906 870 936 in
894 905 1105 945 responsione
1129 904 1168 934 ad
1193 903 1349 944 primum,

274 956 353 987 circa
382 954 523 994 glossam
555 951 649 987 illius,
672 951 831 981 Patientia
855 959 935 991 opus
956 949 1140 991 perfectum
1164 949 1258 979 habet
1272 948 1305 978 *ι
1329 965 1350 971 -

274 1011 338 1031 non
360 997 560 1039 simpliciter,
586 996 641 1026 sed
664 995 697 1025 in
723 995 929 1026 adversorum
952 994 1150 1026 toleratione.
1175 992 1352 1034 Dupliciter

274 1043 432 1085 siquidem
457 1042 519 1072 hoc
551 1041 729 1081 impugnat.
762 1040 887 1076 Primo,
918 1039 1065 1070 ordinem
1097 1038 1287 1079 passionum
1318 1036 1350 1067 in

273 1090 375 1120 littera
399 1098 436 1119 ex
459 1085 613 1117 adversis:
645 1085 763 1116 scilicet
793 1084 899 1125 primo
930 1084 1070 1120 tristitia,
1095 1083 1170 1114 inde
1193 1083 1252 1120 ira,
1278 1082 1351 1112 inde

274 1134 405 1170 odium,
430 1132 504 1163 inde
531 1129 685 1161 iniustitia
718 1139 772 1160 seu
807 1129 963 1160 iniustum
992 1135 1237 1159 nocumentum.
1267 1127 1352 1158 Nam

275 1189 349 1210 cum
373 1178 419 1208 ira
442 1177 482 1208 sit
505 1174 665 1216 appetitus
688 1174 858 1211 vindictae,
883 1184 920 1205 ac
943 1184 999 1214 per
1022 1173 1084 1204 hoc
1114 1172 1223 1203 iniusti
1253 1182 1352 1203 nocu-

275 1223 384 1260 menti,
409 1222 454 1253 ira
478 1221 545 1251 sine
569 1229 778 1261 quocumque
802 1219 910 1250 medio
934 1219 1033 1250 fertur
1055 1218 1088 1248 in
1112 1217 1270 1248 iniustum
1294 1227 1351 1248 no-

276 1274 473 1300 cumentum.

332 1312 490 1348 Secund0‚
516 1320 553 1341 ex
576 1310 634 1341 hac
659 1309 820 1340 solutione
844 1309 958 1349 probat
983 1306 1200 1339 excellentiam
1230 1306 1352 1347 patien-
1378 1339 1379 1347 ἵ

275 1358 347 1390 tiae.
373 1357 478 1388 Multo
503 1354 659 1386 difficilius
684 1361 730 1384 est
755 1360 835 1384 recte
859 1363 891 1383 se
916 1353 1030 1384 habere
1054 1353 1135 1384 circa
1166 1352 1296 1382 adversa
1318 1351 1352 1382 in
1378 1349 1380 1378 ἶ

1379 1428 1380 1432 ,
1406 1402 1453 1427 est
1476 1395 1621 1436 specialis
1644 1394 1761 1431 virtus,
1786 1403 1853 1425 non
1876 1401 1924 1425 est
1953 1394 2034 1425 circa
2062 1394 2203 1436 pericula
2225 1394 2348 1426 mortis.
2379 1395 2421 1426 Et
2443 1395 2483 1426 ad

276 1446 450 1479 tolerandis
480 1444 633 1485 patientia
663 1451 709 1475 est
733 1442 918 1484 perfectior,
948 1450 983 1474 ut
1006 1443 1074 1484 ipse
1097 1442 1244 1473 Thomas
1268 1441 1352 1472 dicit.
1379 1458 1381 1471 ι

275 1410 342 1434 tota
371 1402 435 1433 vita
466 1400 607 1431 humana
635 1409 735 1440 quam
771 1398 852 1429 circa
875 1408 1038 1438 prospera.
1077 1397 1139 1428 Sed
1165 1396 1198 1427 in
1213 1396 1352 1427 adversis

277 1493 374 1533 Ergo.
399 1508 420 1514 -
443 1490 600 1521 Probatur
632 1488 746 1520 maior.
779 1488 867 1519 Tum
897 1488 973 1529 quia
1003 1488 1134 1518 adversa
1164 1486 1269 1518 multo
1293 1485 1352 1517 fre-

277 1536 427 1579 quentius
451 1533 642 1575 contingunt
673 1543 770 1574 quam
796 1542 959 1573 prospera.
994 1529 1110 1575 [Tum]
1144 1531 1301 1573 quoniam
1324 1538 1355 1562 et

277 1583 309 1613 in
332 1581 409 1622 ipsis
437 1579 596 1621 prosperis
627 1578 729 1609 multa
759 1577 889 1607 adversa
920 1577 1179 1608 commiscentur.
1205 1594 1223 1599 -
1247 1576 1355 1607 Minor

277 1627 441 1668 probatur.
466 1625 555 1654 Tum
579 1634 616 1654 ex
639 1623 710 1663 ipso
735 1622 875 1653 Thoma.
900 1622 988 1653 Tum
1005 1622 1091 1663 quia,
1106 1621 1214 1652 habita
1237 1620 1355 1662 patien-

277 1672 329 1708 tia,
347 1681 382 1701 ex
399 1668 536 1700 adversis
561 1678 618 1698 nec
633 1668 678 1698 ira
704 1677 761 1697 nec
785 1667 908 1701 odium.
926 1677 983 1698 nec
1007 1667 1162 1698 iniustum
1179 1675 1354 1697 nocumen-

277 1724 347 1747 tum
371 1714 520 1746 facimus:
553 1712 659 1743 habita
683 1722 758 1742 vero
783 1711 917 1748 iustitia,
943 1711 1046 1743 adhuc
1074 1711 1208 1742 habetur
1231 1710 1354 1747 odium,

277 1761 323 1791 ira
352 1767 382 1791 et
411 1758 550 1794 tristitia;
584 1757 690 1788 habita
718 1766 850 1797 quoque
880 1755 1022 1792 caritate,
1052 1762 1211 1797 quantum
1241 1763 1288 1787 est
1319 1765 1355 1786 ex

277 1811 364 1846 parte
388 1803 533 1838 habitus,
557 1802 661 1832 adhuc
685 1801 819 1831 habetur
842 1800 888 1831 ira
911 1808 941 1832 et
965 1800 1105 1836 tristitia;
1130 1800 1237 1830 habita
1260 1799 1355 1830 etiam

278 1847 533 1883 mansuetudine,
558 1846 663 1876 adhuc
686 1845 820 1876 habetur
843 1844 975 1876 tristitia.

334 1894 375 1924 Et
398 1891 615 1924 confirmatur.
647 1890 732 1927 Quia
756 1889 913 1931 quidquid
945 1889 1040 1920 habet
1067 1899 1150 1930 opus
1178 1887 1356 1929 perfectum

278 1939 320 1970 ita
345 1945 379 1968 ut
403 1938 523 1968 habens
545 1935 654 1976 ipsum
681 1935 713 1965 in
738 1934 828 1965 nullo
852 1933 992 1970 deficiat,
1017 1941 1064 1965 est
1088 1933 1355 1974 perfectissimum

278 1982 472 2024 simpliciter.
502 1980 564 2011 Sed
594 1978 746 2020 patientia
770 1986 817 2011 est
845 1979 1051 2019 huiusmodi,
1077 1986 1113 2010 ut
1136 1985 1223 2019 patet
1246 1984 1356 2009 aucto-
1382 1989 1383 1995 ¹

1382 2029 1383 2033 ¹
1410 2030 1476 2052 non
1500 2019 1628 2051 dixisset
1650 2030 1687 2051 ea
1710 2029 1794 2061 quae
1817 2018 1901 2050 dicit.
1926 2019 2080 2061 Expresse
2097 2029 2238 2062 namque
2251 2022 2374 2052 Auctor
2396 2019 2489 2062 ponit

278 2029 368 2060 ritate
393 2025 508 2058 lacobi.
532 2025 630 2066 Ergo.

334 2072 388 2103 VI.
414 2071 548 2102 Sextum
572 2069 703 2102 dubium
719 2068 737 2087 *
756 2075 803 2099 est
826 2068 858 2099 in
876 2067 1086 2109 responsione
1110 2068 1149 2098 ad
1167 2068 1356 2103 secundum,

280 2118 361 2149 circa
378 2117 517 2157 glossam
532 2114 627 2151 illius,
645 2114 684 2144 In
696 2114 855 2154 patientia
873 2118 980 2144 vestra
992 2113 1196 2154 possidebitis
1207 2112 1240 2142 *:
1267 2112 1356 2154 quod

280 2162 396 2193 scilicet
420 2159 605 2200 intelligitur
621 2168 677 2199 per
693 2158 906 2189 remotionem
927 2157 1154 2188 adversitatum
1177 2157 1356 2198 inquietan-

280 2207 362 2239 tium
386 2205 624 2246 possessionem
649 2203 783 2239 animae,
802 2202 962 2244 possessio
986 2202 1072 2233 enim
1096 2202 1247 2242 importat
1266 2202 1355 2243 quie-

280 2259 351 2283 tum
368 2249 559 2281 dominium.
589 2248 720 2284 Contra,
744 2247 849 2288 inquit
873 2247 1038 2283 Martinus,
1054 2247 1135 2278 hanc
1160 2246 1356 2278 solutionem

282 2295 423 2336 arguitur
446 2293 590 2325 similiter
614 2299 650 2323 ut
673 2292 761 2334 prius
776 2291 803 2323 *.
836 2292 868 2322 Si
893 2291 1000 2333 aliqua
1022 2292 1132 2327 virtus,
1157 2291 1253 2322 etiam
1277 2291 1358 2323 circa

282 2350 447 2382 prospera,
473 2346 518 2370 est
543 2337 712 2379 perfectior
741 2337 910 2378 patientia,
936 2336 1080 2377 sequitur
1113 2336 1201 2377 quod
1226 2345 1282 2376 per
1306 2346 1358 2376 pa-

282 2385 425 2416 tientiam
450 2394 516 2414 non
540 2382 742 2424 possidemus
765 2381 888 2412 animas
919 2388 1050 2412 nostras.
1085 2381 1257 2411 Probatur:
1282 2380 1357 2421 quia

283 2440 390 2462 carens
421 2429 536 2460 virtute
564 2426 751 2469 perfectiore
781 2436 847 2457 non
877 2426 971 2457 habet
1000 2426 1146 2467 quietum
1175 2424 1358 2456 dominium

282 2485 378 2515 supra
402 2473 542 2504 animam
566 2482 668 2503 suam.
696 2471 794 2502 Nulla
818 2481 893 2511 ergo
917 2470 1016 2501 virtus
1041 2478 1087 2502 est
1110 2470 1279 2511 perfectior
1302 2480 1357 2511 pa-

282 2527 401 2551 nentia.

340 2564 406 2594 Vll.
431 2563 607 2603 Septimum
631 2561 762 2592 dubium
777 2560 794 2580 *
817 2567 863 2591 est
878 2560 910 2590 in
930 2560 1139 2600 responsione
1158 2559 1198 2590 ad
1218 2559 1357 2596 tertium,

283 2609 364 2640 circa
387 2608 528 2648 glossam
551 2606 636 2637 illius
661 2605 735 2637 dicti
760 2604 922 2646 Gregorii,
947 2605 1106 2636 Patientia
1130 2609 1178 2635 est
1207 2604 1306 2636 radix
1328 2609 1359 2635 et

283 2658 391 2685 custos
405 2653 549 2683 omnium
567 2652 720 2683 virtutum
737 2649 770 2680 *ε
795 2667 817 2674 -
834 2659 900 2680 non
917 2649 1032 2681 directe
1055 2649 1216 2680 causando
1234 2655 1264 2680 et
1283 2658 1357 2690 pro-

283 2698 456 2733 movendo,
478 2697 532 2728 sed
557 2695 664 2726 solum
680 2695 876 2726 removendo
893 2694 1076 2735 prohibens.
1106 2693 1237 2730 Contra,
1254 2693 1359 2736 inquit

283 2742 447 2778 Martinus,
463 2741 598 2772 ibidem:
623 2740 699 2770 volo
716 2740 806 2781 quod
822 2739 936 2780 aliquis
953 2739 1067 2770 habeat
1082 2739 1267 2779 patientiam
1288 2749 1358 2779 per·

283 2788 399 2819 fectam
422 2793 453 2817 et
477 2785 625 2817 notitiam
642 2785 851 2825 agendorum,
869 2791 899 2815 et
916 2791 1018 2815 careat
1041 2783 1132 2814 omni
1156 2784 1216 2814 alia
1232 2784 1357 2815 virtute.

283 2834 377 2864 Tunc
401 2831 455 2862 sic.
480 2830 569 2862 Talis
593 2836 675 2860 recte
699 2836 770 2870 aget
793 2829 824 2860 in
850 2829 980 2860 materia
1003 2828 1094 2860 cuius
1117 2827 1267 2859 virtutem
1291 2839 1357 2860 non

283 2878 386 2908 habet.
412 2876 508 2916 Ergo.
532 2893 553 2898 -
577 2877 791 2915 Assumptum
815 2874 978 2914 probatur.
1013 2873 1098 2911 Quia
1122 2883 1188 2904 non
1216 2873 1359 2914 peccabit

283 2922 316 2953 in
341 2920 471 2952 materia
502 2919 639 2951 iustitiae
670 2919 730 2950 nisi
755 2926 810 2949 aut
837 2918 913 2951 odio
947 2925 1002 2949 aut
1025 2927 1134 2948 amore
1165 2925 1220 2949 aut
1251 2918 1359 2959 aliqua

284 2966 379 2997 simili
403 2965 566 3006 passione:
599 2964 654 2994 sed
678 2963 710 2994 in
734 2963 920 2994 huiusmodi
947 2972 1073 3004 semper
1096 2962 1264 2994 intervenit
1293 2973 1358 2994 non

285 3010 412 3042 sufferre
436 3009 569 3051 aliquod
593 3008 726 3045 malum,
752 3008 802 3039 vel
826 3008 858 3038 in
882 3018 915 3038 se
937 3008 988 3038 vel
1012 3007 1045 3038 in
1070 3007 1150 3038 alio:
1176 3017 1262 3047 ergo.

342 3056 382 3086 Et
409 3054 539 3086 tandem
569 3053 644 3084 dicit
671 3053 761 3095 quod
785 3053 861 3089 hoc,
886 3052 1004 3083 scilicet
1035 3059 1179 3092 respectu
1210 3051 1359 3082 omnium

285 3100 419 3131 aliarum
442 3099 598 3130 virtutum
614 3108 632 3128 a
648 3108 681 3129 se
704 3098 818 3128 habere
835 3107 868 3128 se
892 3097 1077 3133 radicaliter,
1094 3097 1144 3127 vel
1162 3097 1359 3128 removendo

286 3145 457 3185 prohibens
481 3143 531 3175 vel
561 3142 699 3175 effective
730 3142 905 3179 causando,
931 3141 1010 3172 nulli
1035 3141 1122 3172 alteri
1151 3141 1259 3172 virtuti
1290 3151 1360 3172 mo-

286 3189 343 3220 rali
367 3188 524 3220 convenit.
557 3188 599 3219 Et
621 3188 694 3218 ideo
726 3187 877 3228 patientia
908 3193 955 3217 est
982 3185 1092 3217 ceteris
1121 3186 1291 3217 virtutibus
1321 3187 1359 3217 ad

286 3234 383 3264 vitam
408 3234 583 3265 humanam
607 3232 842 3273 transigendam
865 3230 1113 3262 accomodatior.

344 3279 446 3309 Multa
469 3287 600 3319 quoque
624 3276 712 3308 affert
726 3276 744 3296 ¹⁸¹
767 3277 806 3307 ad
831 3276 1035 3317 probandum
1064 3275 1281 3307 excellentiam
1305 3286 1360 3316 pa-

289 3322 415 3353 tientiae
439 3332 521 3363 quae
545 3322 675 3354 omitto:
701 3321 857 3363 quoniam
873 3331 909 3352 ex
933 3321 991 3352 hac
1016 3320 1228 3352 elucidatione
1252 3320 1361 3351 omnia

290 3366 371 3398 clara
396 3366 482 3397 reddi
506 3373 597 3407 puto.

347 3411 428 3441 Vlll.
460 3411 510 3441 Ad
538 3411 680 3451 primum
709 3410 843 3441 dubium
867 3410 884 3429 *
910 3409 1024 3441 dicitur
1052 3409 1141 3450 quod
1170 3409 1286 3440 falsum
1315 3416 1362 3440 est

290 3455 478 3486 antecedens
494 3462 695 3496 assumptum
712 3456 750 3485 ab
766 3462 925 3495 arguente.
944 3455 1069 3485 Eodem
1086 3453 1244 3495 siquidem
1260 3454 1361 3484 modo

291 3499 551 3540 respondendum
575 3506 622 3530 est
645 3499 705 3534 hic,
730 3499 810 3530 sicut
834 3499 980 3540 superius
995 3498 1014 3516 ⁴*
1038 3508 1227 3539 responsum
1253 3505 1300 3529 est
1323 3497 1362 3528 de

291 3543 487 3580 fortitudine,
512 3543 543 3574 in
568 3543 724 3584 principio
748 3550 896 3574 tractatus
916 3543 1022 3574 huius.
1046 3543 1140 3574 Unde
1157 3542 1196 3573 ad
1213 3542 1360 3583 primam,

291 3589 465 3620 secundam
488 3595 518 3619 et
545 3588 668 3619 tertiam
697 3587 901 3628 probationes
931 3587 1016 3618 illius
1045 3587 1158 3618 dicitur
1187 3586 1277 3627 quod
1307 3595 1362 3626 pa-

291 3633 399 3665 tientia
423 3642 480 3673 per
503 3642 535 3663 se
559 3632 664 3673 primo
688 3632 871 3662 moderatur
887 3631 1025 3663 tristitias
1048 3631 1079 3662 in
1105 3630 1361 3671 concupiscibili;

292 3686 322 3710 et
346 3678 503 3709 mediante
524 3677 581 3708 hac
606 3676 840 3711 moderatione,
866 3676 1030 3707 constituit
1058 3675 1295 3717 aequanimem,
1316 3674 1362 3705 in·
1387 3674 1390 3705 j

920 291 1189 340 QUAESTIO
1219 291 1434 339 cxxxv1,
1463 291 1764 329 ARTICULUS
1795 292 1826 328 ιι

1407 369 1502 401 clinat
1525 371 1566 401 ad
1589 371 1723 408 bonum,
1742 378 1772 402 et
1795 370 1899 401 firmat
1914 371 1947 401 in
1964 371 2061 402 bono.
2086 372 2232 411 Arguens
2253 370 2339 401 enim
2354 370 2480 400 deberet

1405 414 1539 454 probare
1563 425 1630 445 non
1654 415 1744 456 quod
1772 415 1923 456 patientia
1955 415 2032 446 haec
2066 415 2119 446 det
2142 415 2251 456 aliquo
2280 416 2400 450 modo,
2425 415 2480 445 sed

1406 459 1496 498 quod
1528 459 1742 499 principaliter
1765 466 1796 490 et
1814 459 2012 496 immediate,
2034 466 2104 496 etc.,
2129 460 2302 491 constituat
2324 459 2357 489 in
2381 460 2479 494 bono,

1406 512 1473 532 non
1497 503 1656 534 mediante
1680 504 1900 535 moderatione
1923 504 2079 536 tristitiae:
2105 504 2187 535 sicut
2209 504 2283 535 facit
2309 503 2427 535 iustitia
2450 510 2480 533 et

1406 546 1592 586 prudentia,
1616 557 1753 588 quarum
1785 555 1919 589 utraque
1943 548 2059 580 directe
2090 555 2121 580 et
2152 548 2257 590 primo
2281 548 2480 580 constituunt

1406 591 1531 621 bonum
1554 591 1729 622 voluntatis
1753 599 1783 623 et
1806 592 1994 624 intellectus.

1464 635 1585 673 Quarta
1609 641 1717 666 autem
1740 635 1895 674 obiectio,
1920 647 2002 679 quae
2027 645 2074 669 est
2097 645 2206 669 contra
2236 638 2324 669 illam
2355 637 2479 668 univer-

1405 679 1515 716 salem,
1546 679 1654 710 Virtus
1677 681 1874 711 constituens
1889 682 1921 712 in
1945 681 2026 712 bono
2043 688 2193 723 praestat
2216 684 2336 714 virtute
2350 682 2480 713 tollente

1406 724 1686 765 impedimentum,
1712 724 1890 755 excluditur
1913 725 2048 757 dicendo
2073 727 2163 768 quod
2187 734 2233 758 est
2255 737 2345 764 vera,
2371 726 2479 758 ceteris

1405 769 1545 810 paribus.
1581 768 1622 799 Et
1652 778 1761 798 rursus
1790 775 1836 799 est
1859 778 1932 800 vera
1962 771 2071 811 quoad
2100 771 2300 803 nobilitatem
2334 772 2479 802 substan—

1405 813 1523 844 tialem.
1550 813 1595 844 Ita
1619 812 1709 853 quod
1725 811 1886 853 patientia,
1903 814 2083 846 secundum
2098 815 2148 846 sui
2166 816 2290 856 generis
2312 816 2479 852 rationem,

1377 863 1379 896 ζ
1405 865 1452 889 est
1467 857 1641 898 ignobilior
1656 857 1774 888 iustitia
1791 857 1962 898 acquisita;
1981 859 2128 899 quamvis
2144 860 2237 892 tollat
2252 860 2481 902 impedimenta

1406 902 1536 934 maioris
1566 902 1662 938 boni,
1686 901 1806 933 scilicet
1834 903 2092 942 supernaturalis.
2121 904 2164 936 Et
2191 914 2301 936 rursus
2331 906 2481 946 patientia

1406 947 1551 979 absolute
1567 946 1739 987 ignobilior
1755 953 1802 977 est
1817 946 1936 977 iustitia
1951 946 2071 978 infusa:
2087 948 2164 989 quia
2180 955 2282 981 cetera
2293 957 2368 982 sunt
2383 949 2479 991 paria,

1406 1000 1437 1024 et
1460 992 1537 1023 haec
1553 991 1673 1023 iustitia
1688 990 1854 1022 constituit
1871 990 1904 1021 in
1929 991 2017 1022 bono
2033 992 2183 1032 gratuito,
2200 993 2351 1034 patientia
2374 1002 2481 1026 autern

1378 1061 1379 1082 ἢ
1405 1037 1489 1068 tollit
1512 1036 1590 1068 boni
1612 1035 1739 1077 gratuiti
1756 1035 1986 1076 impedimenta
2001 1036 2153 1068 tristitiae.
2177 1055 2199 1060 —
2220 1037 2288 1069 Nec
2303 1046 2350 1070 est
2372 1039 2481 1070 incon-

1405 1082 1536 1113 veniens
1559 1081 1648 1123 quod
1672 1080 1786 1112 veritas
1811 1080 1867 1117 sit,
1893 1081 2071 1112 secundum
2100 1081 2224 1122 generis
2247 1082 2296 1113 sui
2325 1082 2482 1115 conditio·

1406 1137 1481 1158 nem
1505 1126 1597 1163 hanc,
1621 1125 1761 1156 nobilior
1785 1124 1984 1156 fortitudine:
2009 1135 2092 1167 quae
2115 1133 2223 1157 tamen
2246 1126 2376 1158 aliunde
2393 1137 2481 1168 prae-

1406 1171 1526 1203 eminet
1540 1171 1673 1202 veritati.
1690 1170 1739 1201 De
1755 1170 1928 1211 eutrapelia
1943 1177 2051 1202 autem
2064 1177 2095 1202 et
2107 1170 2287 1202 affabilitate
2303 1181 2371 1203 non
2386 1181 2481 1213 opor-

1405 1224 1450 1248 tet
1473 1215 1650 1247 sollicitari:
1676 1215 1751 1256 quia
1775 1222 1850 1246 sunt
1867 1214 1947 1246 circa
1970 1215 2205 1253 delectationes,
2230 1223 2260 1247 et
2277 1226 2344 1247 non
2366 1216 2482 1248 directe

1407 1261 1607 1293 constituunt
1633 1259 1801 1291 hominem
1831 1259 1864 1290 in
1894 1260 2003 1297 bono,
2033 1261 2087 1291 sed
2121 1267 2248 1301 ponunt
2277 1260 2422 1293 medium
2449 1261 2481 1293 in

1407 1305 1621 1348 passionibus,
1646 1305 1728 1336 sicut
1751 1303 1902 1345 patientia
1926 1311 1957 1335 et
1979 1304 2145 1338 fortitudo.

1462 1350 1516 1382 IX.
1541 1350 1592 1381 Ad
1609 1349 1785 1381 secundum
1804 1348 1939 1380 dubium
1955 1348 1973 1368 *
1996 1349 2112 1381 dicitur
2127 1350 2216 1391 quod
2230 1349 2382 1391 patientia
2401 1357 2483 1392 quae

1407 1440 1546 1481 primam
1569 1439 1804 1481 probationem,
1822 1446 1956 1480 negatur
1978 1440 2068 1480 quod
2092 1439 2254 1480 patientia,
2270 1446 2306 1471 ut
2321 1446 2371 1471 est
2382 1439 2484 1471 virtus

1408 1485 1563 1526 specialis,
1587 1485 1628 1515 sit
1643 1484 1725 1515 circa
1741 1484 1851 1515 omnia
1867 1484 2008 1515 adversa.
2034 1484 2200 1522 Quoniam
2216 1491 2264 1516 est
2278 1484 2387 1516 solum
2404 1484 2486 1517 circ·

1408 1531 1539 1561 adversa
1562 1529 1623 1560 alia
1646 1529 1685 1560 ab
1709 1528 1758 1560 his
1781 1539 1864 1570 quae
1890 1529 2004 1560 mortis
2028 1535 2118 1566 sunt,
2143 1529 2225 1561 circa
2253 1539 2336 1572 quae
2360 1536 2407 1561 est
2430 1540 2485 1571 pa-

1409 1574 1518 1606 tientia
1541 1584 1614 1615 pars
1637 1573 1797 1614 integralis
1820 1572 2025 1605 fortitudinis.

1465 1619 1506 1651 Et
1530 1629 1586 1660 per
1609 1618 1671 1650 hoc
1694 1625 1781 1659 patet
1803 1618 1970 1660 responsio
1995 1618 2035 1649 ad
2059 1619 2242 1650 secundam.
2268 1618 2434 1656 Quoniam
2452 1617 2485 1650 id

1409 1664 1500 1706 quod
1514 1666 1638 1695 Auctor
1661 1662 1736 1695 dicit
1751 1663 1784 1694 in
1800 1662 1854 1694 illa
1868 1663 2077 1704 responsione
2093 1673 2192 1704 quam
2208 1663 2323 1704 allegat
2337 1672 2484 1704 arguens,

1410 1709 1546 1740 declarat
1568 1708 1687 1739 ibidem
1710 1707 1743 1738 in
1768 1707 1977 1748 responsione
2001 1708 2040 1738 ad
2064 1707 2235 1746 ultimum,
2259 1707 2485 1750 distinguendo

1410 1754 1449 1784 de
1473 1753 1624 1794 patientia
1652 1760 1740 1794 parte
1771 1752 1916 1793 integrali
1939 1752 2152 1790 fortitudinis,
2177 1760 2208 1785 et
2235 1752 2386 1795 patientia
2413 1763 2485 1796 spe-

1410 1797 1479 1830 ciali
1503 1797 1629 1834 virtute,
1645 1796 1768 1838 primae
1791 1795 1993 1828 attribuendo
2014 1798 2097 1829 mala
2114 1797 2237 1835 mortis,
2254 1798 2411 1830 secundae
2435 1807 2485 1831 ce·

1409 1850 1474 1874 tera
1497 1841 1592 1872 mala.

1465 1887 1504 1917 X.
1529 1885 1581 1917 Ad
1603 1885 1733 1917 tertium
1757 1883 1941 1922 dubiumst
1966 1885 2005 1916 de
2029 1885 2238 1927 temperantia
2261 1893 2406 1928 respectu
2430 1894 2486 1928 pa-

1409 1930 1550 1967 tientiae,
1575 1930 1690 1962 dicitur
1713 1930 1803 1971 quod
1826 1930 1852 1960 si
1876 1939 2012 1971 arguens
2034 1931 2115 1961 bene
2138 1929 2322 1962 advertisset
2340 1925 2485 1963 ordinem

1410 1975 1467 2017 qui
1489 1974 1622 2016 ponitur
1652 1975 1686 2006 in
1712 1974 1815 2006 littera
1845 1974 1926 2006 inter
1951 1974 2159 2016 impedientia
2190 1975 2316 2007 bonum
2345 1975 2486 2013 rationis,

1410 2065 1484 2106 plus
1507 2064 1662 2106 impedire
1686 2064 1770 2095 mala
1794 2063 1907 2095 mortis
1931 2071 1962 2096 et
1985 2064 2152 2101 cruciatus,
2170 2074 2252 2107 quae
2276 2071 2489 2107 opponuntur

1409 2111 1498 2142 bono
1517 2109 1671 2151 corporis,
1688 2119 1788 2151 quam
1805 2108 2001 2140 delectabilia
2016 2109 2195 2140 secundum
2214 2115 2349 2141 tactum:
2369 2114 2401 2142 et
2414 2109 2488 2142 ideo

1382 2164 1384 2173 ³
1410 2154 1620 2196 praeponitur
1642 2154 1797 2185 fortitudo
1821 2154 2058 2195 temperantiae.
2083 2154 2178 2186 Unde
2200 2154 2290 2196 quod
2306 2154 2364 2186 iste
2379 2153 2489 2187 obiicit

1411 2201 1450 2231 de
1473 2198 1641 2230 tormentis
1660 2206 1691 2230 et
1715 2198 1915 2236 cruciatibus,
1931 2209 1999 2230 non
2023 2205 2070 2230 est
2083 2205 2194 2230 contra
2209 2202 2402 2232 Auctorem:
2428 2199 2488 2232 nini

1410 2244 1483 2286 quis
1506 2244 1588 2275 adeo
1611 2243 1698 2275 rudis
1714 2243 1755 2275 sit
1778 2250 1814 2274 ut
1836 2250 1927 2284 putet
1949 2243 2100 2275 timorem
2114 2243 2303 2276 huiusmodi
2325 2244 2488 2277 malorum

1410 2289 1490 2331 poni
1514 2289 1553 2320 ab
1577 2290 1718 2320 Auctore
1740 2287 1774 2319 in
1797 2287 1903 2329 primo
1927 2288 2011 2325 loco,
2036 2294 2067 2319 et
2089 2298 2157 2320 non
2184 2288 2344 2321 tristitiam
2373 2298 2489 2322 eomu-

1411 2334 1496 2365 dem.
1525 2333 1587 2364 Sed
1611 2332 1767 2375 quoniam
1795 2332 1925 2364 rudium
1949 2339 2012 2369 est,
2037 2343 2103 2364 non
2127 2340 2267 2365 meretur
2290 2332 2400 2365 audiri.
2431 2333 2490 2365 Est

1411 2389 1486 2420 ergo
1510 2388 1602 2409 mens
1618 2377 1767 2409 Auctoris
1791 2377 1881 2419 quod
1899 2377 1976 2419 quia
1997 2378 2123 2408 bonum
2145 2378 2289 2419 corporis
2306 2378 2489 2410 naturaliter

1411 2424 1484 2465 plus
1507 2429 1632 2454 amatur
1655 2432 1754 2464 quam
1777 2422 1902 2454 bonum
1925 2429 2101 2459 externum,
2117 2422 2191 2454 ideo
2215 2429 2246 2454 et
2267 2422 2366 2454 timor
2381 2429 2413 2454 et
2435 2422 2489 2454 tri-

1412 2468 1496 2500 stitia
1515 2467 1676 2498 malorum
1692 2467 1835 2508 corporis
1855 2466 1992 2498 maxime
2009 2467 2190 2508 impediunt
2203 2467 2330 2498 bonum
2346 2467 2488 2499 rationis.

1412 2513 1499 2551 Quia
1521 2519 1630 2543 autem
1653 2511 1848 2543 delectabilia
1868 2512 2046 2543 secundum
2062 2519 2183 2543 tactum
2206 2511 2391 2543 naturaliter
2413 2519 2488 2544 sunt

1412 2557 1506 2589 nobis
1537 2556 1638 2598 magis
1669 2556 1887 2588 connaturalia
1911 2563 1941 2588 et
1964 2556 2124 2588 sensibilia
2153 2566 2190 2588 ac
2212 2563 2360 2598 percepta
2390 2566 2489 2599 quam

1411 2604 1497 2634 bona
1520 2601 1718 2638 extrinseca„
1732 2601 1806 2632 ideo
1831 2603 2048 2632 communiter
2068 2600 2169 2642 magis
2200 2601 2265 2632 nati
2291 2610 2404 2632 sumus
2427 2601 2488 2643 ἰιη-

1412 2647 1513 2689 pediri
1537 2647 1576 2678 ab
1600 2647 1667 2678 istis
1690 2645 1784 2677 bonis
1807 2655 1907 2688 quam
1931 2657 1949 2677 a
1972 2645 2066 2677 bonis
2089 2645 2158 2677 aliis
2182 2652 2213 2677 et
2235 2655 2349 2678 eorum
2366 2649 2490 2678 contra·

1413 2692 1476 2730 riis,
1501 2692 1582 2723 circa
1605 2701 1688 2733 quae
1712 2698 1759 2723 est
1781 2690 1943 2732 patientia.
1974 2691 2068 2722 Unde
2091 2689 2288 2723 delectabilia
2311 2690 2490 2722 secundum

1412 2744 1532 2769 tactum
1557 2746 1624 2767 non
1655 2743 1898 2777 praeponuntur
1928 2735 1968 2766 ab
1991 2738 2132 2767 Auctore
2155 2734 2188 2766 in
2212 2734 2418 2776 impediendo
2441 2745 2489 2766 ra-

1412 2782 1509 2814 tionis
1533 2782 1658 2812 bonum
1681 2780 1834 2812 omnibus
1857 2780 2006 2817 adversis,
2031 2780 2086 2811 sed
2109 2779 2321 2822 quibusdam:
2345 2779 2407 2811 illis
2431 2779 2489 2811 sci-

1413 2827 1486 2858 licet
1508 2836 1650 2868 quorum
1673 2827 1759 2857 bona
1783 2835 1867 2867 quae
1890 2825 2010 2857 tollunt
2032 2832 2107 2856 sunt
2130 2824 2238 2856 minus
2261 2824 2488 2861 connaturalia,

1413 2871 1572 2903 sensibilia
1596 2878 1627 2902 et
1650 2877 1807 2912 percepta.
2255 2878 2259 2882 ·

1469 2916 1563 2948 Unde
1590 2926 1665 2947 cum
1689 2915 1804 2946 dicitur
1833 2915 1922 2956 quod
1947 2913 2106 2946 difficilius
2137 2920 2184 2946 est
2212 2922 2354 2955 pugnare
2377 2920 2488 2944 contra

1412 2961 1551 2993 tristitias
1574 2970 1673 3002 quam
1698 2967 1807 2991 contra
1831 2959 2072 2996 delectationes,
2095 2967 2209 2990 verum
2232 2964 2279 2990 oet
2302 2957 2411 2989 ceteris
2434 2967 2488 2999 pa-

1413 3006 1510 3038 ribus.
1541 3005 1627 3043 Quia
1651 3004 1775 3036 facilius
1799 3012 1845 3036 est
1875 3003 2009 3036 abiicere
2037 3003 2218 3036 voluntaria
2247 3012 2347 3044 quam
2371 3001 2487 3034 nolita:

1413 3060 1496 3092 quae
1520 3050 1606 3082 enim
1630 3049 1724 3081 nobis
1752 3049 1858 3080 invitis
1883 3059 1942 3080 nos
1965 3055 2118 3090 tangunt,
2150 3057 2218 3079 non
2245 3054 2319 3078 sunt
2341 3046 2374 3078 in
2398 3053 2488 3088 pote-

1413 3102 1493 3127 state
1509 3101 1628 3132 nostra,
1644 3094 1725 3126 sicut
1749 3104 1786 3125 ea
1804 3103 1886 3136 quae
1902 3093 2084 3125 volentibus
2106 3091 2199 3124 nobis
2218 3091 2374 3123 accidunt.
2401 3090 2488 3123 Con-

1414 3147 1474 3172 stat
1497 3146 1605 3171 autem
1621 3139 1711 3180 quod
1727 3138 1851 3170 tristitia
1874 3139 1913 3170 de
1937 3137 2050 3175 nolito,
2066 3136 2232 3168 delectatio
2249 3135 2287 3167 de
2304 3142 2411 3167 amato
2431 3142 2487 3168 est.

1413 3203 1434 3208 -
1459 3185 1499 3216 Et
1522 3192 1653 3226 propter
1683 3183 1766 3214 hanc
1788 3183 1966 3220 rationem,
1989 3188 2094 3214 metus
2122 3189 2152 3213 et
2175 3180 2298 3212 tristitia
2328 3188 2488 3218 excusant,

1415 3236 1446 3261 et
1469 3239 1536 3260 non
1560 3227 1743 3260 delectatio:
1768 3227 1845 3270 quia
1867 3227 1922 3259 illa
1943 3226 2061 3258 scilicet
2076 3233 2151 3257 sunt
2174 3225 2212 3257 de
2237 3225 2350 3263 nolito,
2366 3225 2426 3257 ista
2450 3226 2488 3257 de

1414 3274 1533 3311 volito;
1559 3283 1595 3305 ac
1618 3283 1675 3315 per
1691 3273 1763 3310 hoc,
1781 3271 1946 3304 delectatio
1961 3278 2008 3302 est
2031 3270 2063 3302 in
2082 3277 2239 3312 potestate
2263 3277 2372 3302 nostra
2393 3270 2490 3312 longe

1414 3319 1488 3360 plus
1511 3316 1757 3360 quam'tristitia
1780 3323 1811 3348 et
1826 3323 1941 3348 metus.
1964 3333 1985 3339 -
2010 3315 2097 3347 Cum
2120 3315 2169 3346 his
2185 3322 2292 3346 tamen
2316 3321 2378 3347 stat
2398 3315 2490 3357 quod

1414 3363 1581 3395 delectatio
1605 3361 1780 3394 carnalium
1804 3359 1905 3401 magis
1920 3359 2074 3401 impediat
2089 3359 2220 3392 rationis
2243 3359 2368 3391 bonum
2391 3367 2489 3402 quam

1415 3407 1538 3440 tristitia
1562 3406 1754 3438 exteriorum
1777 3405 1956 3441 bonorum,
1981 3411 2140 3446 quantum
2167 3411 2215 3436 est
2238 3414 2275 3436 ex
2298 3411 2410 3436 namra
2435 3404 2488 3434 de-

1414 3451 1610 3484 lectabilium
1634 3458 1665 3482 et
1687 3449 1900 3481 tristabilium.
1925 3449 2025 3487 Quod
2048 3449 2138 3487 dico,
2163 3449 2238 3491 quia
2254 3458 2312 3490 per
2334 3447 2488 3484 accidens,

1416 3506 1453 3527 ex
1476 3501 1564 3537 parte
1587 3493 1727 3526 hominis
1751 3493 1834 3525 avari
1865 3494 1915 3524 vel
1939 3493 2027 3525 aliter
2050 3493 2215 3535 dispositi,
2241 3492 2404 3534 continget
2431 3500 2490 3533 op-

1417 3540 1570 3582 positum.
1595 3539 1657 3570 Sed
1674 3539 1817 3570 doctrina
1834 3539 1925 3570 datur
1941 3538 2119 3570 secundum
2134 3548 2170 3570 ea
2186 3547 2269 3580 quae
2286 3543 2361 3569 sunt
2374 3545 2431 3578 per
2446 3545 2487 3568 se.

1472 3585 1525 3615 Xl.
1551 3584 1601 3615 Ad
1625 3590 1775 3625 quartum
1801 3583 1935 3614 dubium
1952 3583 1978 3620 *,
2004 3583 2042 3614 de
2059 3582 2298 3625 comparatione
2322 3581 2490 3623 patientiae

1417 3629 1456 3660 ad
1480 3628 1632 3660 iustitiam
1656 3628 1696 3659 ad
1720 3628 1919 3669 proximum,
1945 3627 2058 3659 dicitur
2081 3627 2187 3669 quod,
2213 3627 2238 3657 si
2262 3626 2392 3657 virtutes
2415 3635 2489 3665 pos-

1418 3680 1486 3704 sent
1503 3673 1648 3714 separari,
1666 3680 1696 3704 et
1720 3680 1922 3714 comparetur
1941 3673 2091 3714 patientia
2115 3671 2277 3713 acquisita,
2295 3671 2333 3701 de
2357 3679 2420 3711 qua
2443 3670 2489 3700 lo—

2510 1361 2522 1372 ·
2534 1359 2607 1395 Nun.
2621 1365 2648 1382 ιι.

2515 1893 2610 1916 ’Num
2652 1908 2660 1916 .

2519 3592 2526 3598 '
2543 3589 2612 3612 Num.
2629 3595 2660 3612 tv.
