2768 4198
0 2525 12 3471 uffew-ae-aev-o—-wr-v·-w—‚w-vrwmxww-q-w-v-JWW-v-
0 2509 6 2516 e
0 2493 2 2500 ν

88 562 99 572 ⁸
113 561 147 583 Cf.
162 564 211 583 not.
225 560 247 589 β.

1000 255 1269 302 QUAEsrlo
1300 255 1437 303 cmv,

387 334 534 364 Secundo
558 339 646 373 patet
661 341 698 363 ex
712 331 784 372 ipso
799 341 950 372 processu
965 331 1096 368 litterae,
1120 332 1175 372 qui
1200 332 1245 362 nil
1261 332 1395 362 omnino
1423 334 1425 372 i

331 378 447 409 valeret
465 377 532 408 sine
547 377 606 408 hac
621 375 859 416 propositione:
883 375 1014 413 Oscula,
1028 381 1097 414 etc„
1110 382 1245 417 propter
1259 377 1396 407 delecta·
1424 393 1426 442 ἱ

330 424 467 459 tionem,
490 422 687 452 ordinantur
708 420 751 451 ad
773 420 1014 451 delectationem
1038 421 1232 452 concubitus.
1257 421 1340 451 Nam
1363 420 1396 450 in
1424 443 1426 456 =

330 467 431 498 littera
454 465 490 496 fit
511 466 570 496 ista
593 465 706 500 maior,
732 464 917 495 Consensus
935 465 967 495 in
989 465 1229 496 delectationem
1245 465 1395 506 fornica-

330 512 436 547 tionis,
457 515 527 547 etc„
545 515 592 541 est
607 513 777 550 peccatum
794 510 952 539 mortale:
975 516 1006 540 et
1021 510 1219 540 subsumitur
1238 519 1301 540 una
1324 519 1398 540 cau·
1425 510 1426 544 ζ

330 555 412 589 salis,
430 554 556 590 scilicet,
572 554 616 584 Et
631 554 713 591 ideo,
729 563 801 584 cum
818 554 929 584 oscula
953 559 983 584 et
997 555 1167 594 amplexus
1185 553 1398 585 huiusmodi*
1425 558 1427 577 1

324 604 461 639 propter
475 599 716 629 delectationem
732 597 914 628 huiusmodi
923 598 1024 638 fiant,
1042 608 1237 639 consequens
1253 603 1300 629 est
1314 597 1399 638 quod

329 645 394 675 sint
409 647 546 683 peccata
561 642 723 673 mortalia.
749 642 784 672 ln
808 652 872 682 qua
895 642 1115 682 propositione
1131 643 1258 679 causali,
1276 642 1335 672 nisi
1350 642 1398 672 in·
1426 646 1427 652 ¹

331 688 478 718 cludatur
497 687 552 717 illa
574 686 691 722 minor,
716 686 842 723 scilicet,
870 685 1001 723 Oscula,
1022 692 1092 725 etc„
1103 692 1240 727 propter
1262 687 1399 718 delecta-

331 733 469 769 tionem,
493 731 691 762 ordinantur
717 731 761 761 ad
788 731 1029 762 delectationem
1060 732 1265 769 concubitus,
1292 731 1399 762 nullus

331 786 442 807 sensus
471 775 648 806 secundum
671 775 801 815 planam
825 775 944 806 litterae
968 776 1200 816 expositionem
1223 776 1399 806 haberetur.
1426 770 1428 795 ⁴

331 820 475 851 Dicendo
497 829 648 860 namque,
669 820 713 850 Et
735 819 818 857 ideo,
835 829 906 850 cum
927 821 988 850 ista
1000 820 1093 861 fiant
1109 825 1246 860 propter
1263 820 1400 850 delecta-

331 866 448 896 tionem
471 864 666 902 huiusmodt}
690 864 771 894 idest
794 864 984 895 concubitus
1007 864 1170 901 antedicti,
1196 870 1301 905 aperte
1325 874 1400 904 sup-

331 909 424 950 ponit
445 909 506 939 ista
528 908 666 939 ordinari
688 908 729 938 ad
752 908 996 939 delectationem
1023 908 1211 939 concubitus
1237 914 1273 939 ut
1298 909 1339 939 ad
1365 907 1400 938 fi-

330 963 415 984 nem.
435 970 457 976 ·
480 953 521 983 Et
544 952 750 983 confirmatur
764 963 802 983 ex
817 963 856 983 eo
879 953 970 994 quod
992 953 1098 983 statim
1113 953 1324 992 subiungitur,
1341 951 1399 982 sci·
1428 953 1429 968 ³

330 998 416 1029 licet:
441 998 484 1028 Et
506 998 553 1028 sic
574 998 678 1028 solum
697 997 851 1028 dicuntur
868 997 1046 1028 libidinosa.
1072 997 1207 1028 Constat
1229 997 1316 1027 enim
1339 996 1401 1026 hoc

331 1052 398 1074 non
422 1051 490 1072 esse
503 1051 617 1072 verum
640 1041 700 1072 nisi
723 1041 973 1082 comprehendat
994 1042 1072 1072 haec
1088 1049 1124 1072 ut
1140 1040 1221 1071 fiunt
1243 1048 1401 1081 quatenus

332 1086 527 1118 delectabilia
542 1086 720 1117 secundum
736 1093 873 1116 tactum:
897 1085 1053 1126 quoniam
1076 1086 1120 1116 sic
1140 1091 1260 1125 patrata
1279 1090 1403 1115 constat
1429 1092 1430 1098 ¹

332 1131 438 1163 claudi
461 1132 520 1162 sub
543 1130 731 1161 libidinosis.

387 1176 440 1207 VI.
465 1175 516 1206 Ad
531 1175 774 1215 intelligendum
789 1181 898 1204 autem
920 1173 1014 1213 plane
1036 1173 1183 1209 litteram,
1209 1172 1288 1203 scito
1312 1172 1402 1213 quod

333 1221 455 1258 oscula,
475 1227 544 1256 etc„
569 1219 736 1260 dupliciter
760 1225 940 1249 sumuntur.
964 1217 1083 1253 Primo,
1108 1217 1262 1247 absolute.
1288 1217 1329 1247 Et
1358 1215 1402 1246 sic

332 1308 511 1340 laerte-‘fieri‘
528 1308 562 1338 in
585 1307 713 1348 signum
735 1306 992 1340 benevolentiae,
1015 1305 1103 1336 iuxta
1126 1305 1244 1346 patriae
1269 1314 1402 1335 consue-

333 1443 417 1478 talia,
441 1451 479 1472 ex
500 1451 560 1472 sua
582 1440 696 1481 specie.

389 1487 464 1518 Alio
492 1485 592 1516 modo
622 1490 795 1515 sumuntur
827 1490 862 1513 ut
892 1490 966 1514 sunt
999 1482 1196 1513 delectabilia
1226 1482 1403 1513 secundum

333 1538 464 1563 tactum.
488 1530 531 1560 Et
552 1529 597 1560 sic
619 1538 728 1559 rursus
752 1537 818 1558 non
834 1527 1011 1567 important
1033 1526 1153 1567 aliquid
1169 1526 1404 1557 inordinatum:

333 1576 414 1607 sicut
438 1584 495 1604 nec
518 1573 707 1605 concubitus
730 1572 892 1602 humanus
923 1571 1076 1612 importat
1099 1571 1219 1613 aliquid
1242 1571 1404 1602 inordina-

333 1629 413 1652 tum.
438 1619 501 1650 Sed
522 1619 698 1658 important
720 1624 808 1647 actus
829 1617 1007 1647 secundum
1023 1623 1170 1647 naturam
1185 1616 1349 1646 ordinatos
1366 1616 1405 1646 ad

334 1663 553 1696 concubitum.
578 1662 619 1693 Et
641 1669 810 1702 propterea
832 1667 1010 1702 sequuntur
1033 1661 1067 1691 in
1082 1661 1224 1692 bonitate
1240 1667 1272 1691 et
1287 1660 1406 1691 malitia

328 1707 541 1741 concubitum
557 1713 588 1737 et
602 1706 688 1737 illius
704 1706 957 1736 delectationem.
978 1705 1019 1736 Et
1037 1712 1214 1746 propterea,
1231 1705 1312 1736 sicut
1331 1715 1406 1735 con-

334 1753 469 1789 cubitus,
494 1752 520 1783 si
542 1751 582 1782 sit
604 1761 643 1782 ex
663 1750 805 1786 libidine,
829 1758 876 1781 est
898 1757 1084 1790 peccatum;
1112 1757 1143 1781 et
1167 1750 1192 1780 si
1216 1759 1253 1780 ex
1276 1749 1406 1780 libidine

332 1797 480 1834 mortali,
504 1802 582 1837 puta
610 1805 685 1826 cum
713 1805 780 1826 non
804 1804 876 1830 sua,
902 1801 948 1825 est
971 1794 1121 1825 mortale:
1154 1794 1196 1825 ita
1220 1793 1406 1824 huiusmodi

333 1850 432 1878 actus»,
456 1842 482 1872 si
505 1840 582 1871 fiant
605 1850 643 1871 ex
664 1839 814 1878 libidine,
837 1845 913 1870 sunt
935 1846 1080 1879 peccata;
1113 1846 1144 1869 et
1167 1839 1191 1869 si
1217 1849 1254 1869 ex
1276 1838 1406 1869 libidine

333 1886 472 1923 mortali,
495 1892 574 1926 puta
598 1894 674 1915 cum
697 1893 763 1914 non
787 1893 859 1919 sua,
884 1890 959 1914 sunt
982 1883 1140 1914 mortalia.
1164 1883 1205 1914 Et
1228 1883 1309 1914 sicut
1333 1893 1408 1913 con-

333 1932 461 1963 cubitus
489 1940 527 1960 ex
540 1929 603 1959 hoc
618 1929 709 1969 quod
729 1927 764 1959 fit
779 1927 992 1968 principaliter
1007 1935 1138 1969 propter
1154 1927 1407 1963 delectationem,

333 1976 370 2007 fit
393 1985 429 2006 ex
452 1973 597 2009 libidine;
621 1973 664 2004 ita
687 1972 875 2003 huiusmodi
895 1979 994 2008 actus,
1012 1971 1185 2006 cumfiunt
1208 1978 1338 2013 propter
1354 1972 1407 2002 de-

334 2020 537 2052 lectationem
553 2017 776 2058 principaliter,
793 2015 876 2047 fiunt
891 2026 927 2047 ex
942 2016 1083 2047 libidine.
1107 2016 1180 2047 Dixi
1197 2024 1305 2047 autem
1315 2017 1408 2057 prin-

335 2065 500 2106 cipaliter,
529 2069 660 2103 propter
689 2061 800 2092 oscula
828 2061 1094 2102 coniugatorum,
1119 2071 1201 2102 quae
1231 2061 1408 2092 secundum

337 2117 484 2140 naturam
495 2107 535 2138 ad
551 2105 760 2138 concubitum
772 2115 828 2136 seu
843 2105 929 2136 illius
945 2105 1187 2137 delectationem
1204 2105 1406 2136 ordinantur:

336 2154 493 2196 quoniam
516 2152 590 2182 talia
614 2151 658 2181 sic
673 2150 755 2181 facta
777 2151 904 2181 nullum
919 2150 1037 2181 habent
1059 2157 1238 2191 peccatum,
1255 2149 1337 2181 sicut
1351 2159 1409 2180 nec

337 2197 526 2230 concubitus
557 2194 748 2226 delectabilis
779 2195 955 2226 eorundem
989 2202 1157 2235 peccatum
1187 2195 1320 2235 aliquod
1350 2201 1406 2225 est.

337 2243 474 2284 Oportet
496 2241 592 2282 igitur
606 2245 694 2270 actus
710 2239 798 2276 istos,
814 2246 850 2270 ut
869 2239 1067 2270 delectabiles
1082 2239 1260 2270 secundum
1276 2246 1408 2275 tactum,

336 2298 374 2320 ex
397 2296 490 2318 causa
513 2284 602 2316 reddi
623 2284 839 2320 inordinatos,
865 2283 983 2314 scilicet
1006 2294 1043 2314 ex
1066 2282 1139 2314 fine.
1175 2283 1217 2314 Et
1239 2293 1314 2314 cum
1338 2282 1409 2313 finis

335 2333 377 2363 sit
399 2330 531 2371 duplex,
555 2329 673 2360 scilicet
695 2328 857 2369 operantis
881 2335 911 2359 et
935 2328 1059 2368 operis,
1085 2328 1123 2358 de
1146 2327 1209 2359 fine
1233 2327 1338 2368 operis
1363 2334 1410 2358 est

335 2377 387 2408 hic
410 2383 531 2406 sermo:
555 2373 599 2404 ita
631 2372 749 2404 scilicet
771 2379 807 2403 ut
826 2383 902 2403 cum
926 2372 995 2409 ista,
1020 2380 1056 2404 ut
1080 2372 1285 2410 delectabilia,
1309 2382 1408 2412 quan-
1434 2379 1437 2382 ’

335 2428 406 2453 tum
429 2420 463 2450 in
485 2428 519 2449 se
542 2425 598 2454 est,
618 2417 806 2449 ordinantur
828 2417 869 2448 ad
891 2417 990 2448 finem
1013 2418 1200 2456 mortalem,
1225 2423 1300 2448 sunt
1324 2427 1408 2447 mor·
1435 2421 1436 2426 ¹

335 2465 425 2501 talia;
450 2473 526 2495 cum
549 2463 590 2493 ad
611 2462 779 2498 venialem,
803 2462 947 2493 venialia.

392 2509 433 2540 Et
456 2514 624 2549 propterea
639 2509 763 2538 Auctor
784 2506 895 2537 oscula
918 2514 949 2537 et
972 2506 1159 2537 huiusmodi
1182 2506 1263 2538 inter
1282 2512 1410 2546 peccata

337 2553 484 2585 mortalia
507 2562 545 2585 ex
567 2561 624 2582 sua
641 2561 736 2582 causa
752 2550 839 2581 finali
862 2551 1041 2582 collocavit.
1066 2551 1107 2582 Et
1129 2551 1202 2582 licet
1226 2550 1410 2591 exemplum

338 2598 458 2630 dederit
488 2597 527 2627 de
551 2606 645 2627 causa
667 2595 754 2626 finali
784 2605 821 2627 ex
844 2602 932 2636 parte
955 2595 1116 2636 operantis
1145 2595 1179 2626 in
1206 2596 1410 2636 eleemosyna

338 2649 468 2684 propter
490 2640 663 2676 haeresim,
687 2639 850 2670 subiunxit
872 2647 980 2671 tamen
1003 2639 1035 2670 in
1060 2640 1227 2680 proposito
1252 2640 1290 2670 de
1315 2650 1410 2670 causa

337 2687 425 2718 finali
448 2685 694 2726 quodammodo
718 2694 756 2715 ex
771 2691 859 2725 parte
874 2685 1034 2725 operantis
1058 2691 1088 2715 et
1111 2684 1357 2725 quodammodo
1373 2694 1411 2715 ex

338 2739 426 2773 parte
457 2730 573 2771 operis.
605 2730 690 2760 Nam
720 2729 885 2759 delectatio
915 2729 1104 2760 concubitus
1134 2728 1160 2759 si
1189 2728 1340 2759 referatur
1370 2729 1410 2759 ad

339 2776 498 2811 osculum,
515 2781 584 2810 etc„
602 2774 757 2810 absolute,
775 2773 819 2804 sic
839 2781 885 2804 est
903 2772 975 2803 finis
995 2783 1032 2804 ex
1050 2780 1138 2814 parte
1154 2773 1330 2813 operantis:
1355 2773 1410 2804 sed
1436 2763 1437 2807 J

339 2821 364 2852 si
387 2820 540 2851 referatur
569 2819 609 2848 ad
632 2825 721 2849 actus
744 2817 821 2849 istos
853 2825 887 2848 ut
911 2818 1110 2849 delectabiles
1133 2818 1312 2848 secundum
1337 2827 1406 2848 sen·
1435 2838 1437 2854 ,

339 2875 412 2896 sum
436 2870 548 2899 tactus,
573 2863 616 2893 sic
640 2870 687 2893 est
709 2862 781 2893 finis
805 2872 842 2893 ex
865 2870 953 2902 parte
970 2862 1084 2902 operis.
1110 2862 1151 2892 Et
1174 2862 1315 2902 primum
1339 2862 1409 2903 qui—

339 2910 413 2941 dem
435 2908 608 2939 insinuavit
630 2910 753 2938 Auctor
777 2917 813 2937 ex
829 2906 976 2947 exemplo
992 2907 1076 2938 dato.
1102 2906 1287 2937 Secundum
1302 2913 1410 2937 autem

340 2965 377 2985 ex
400 2963 551 2994 processu
575 2952 756 2988 subiuncto‚
782 2952 813 2982 in
838 2962 904 2992 quo
928 2951 1087 2981 clauditur
1109 2951 1199 2991 quod
1218 2951 1409 2991 perpetratio

339 2999 458 3030 horum
481 3004 612 3028 actuum
636 2996 754 3027 claudit
777 2996 809 3026 in
827 3006 858 3026 se
884 3005 1078 3027 consensum
1093 3003 1148 3026 aut
1163 2995 1196 3025 in
1213 3003 1320 3026 actum
1336 3005 1410 3026 con-

340 3043 465 3074 cubitus
489 3049 544 3072 aut
567 3041 600 3071 in
622 3041 708 3072 illius
732 3041 992 3071 delectationem:
1018 3039 1093 3080 quia
1117 3050 1291 3070 consensus
1307 3039 1340 3069 in
1357 3040 1409 3070 de-

339 3086 543 3118 lectationem
563 3086 680 3116 horum
698 3092 829 3116 actuum
845 3092 891 3115 est
907 3094 1081 3115 consensus
1097 3084 1128 3114 in
1145 3084 1178 3114 id
1194 3085 1410 3124 quod'secun-

341 3132 420 3162 dum
442 3141 475 3161 se
499 3130 663 3161 ordinatur
685 3130 718 3160 in
742 3130 950 3160 concubitum
973 3130 1022 3159 vel
1049 3128 1133 3159 illius
1157 3128 1409 3159 delectationem.

341 3175 383 3206 Et
405 3176 465 3211 sic,
489 3184 565 3206 cum
586 3174 645 3205 ista
668 3174 856 3205 ordinantur
878 3173 1056 3204 secundum
1079 3183 1112 3203 se
1139 3173 1179 3203 ad
1203 3172 1411 3203 concubitum

342 3218 512 3250 mortalem
533 3228 590 3249 seu
611 3219 698 3250 illius
721 3219 974 3254 delectationem,
999 3224 1074 3248 sunt
1096 3223 1224 3257 peccata
1246 3217 1409 3248 mortalia:

343 3271 374 3294 et
397 3263 442 3293 sic
463 3269 618 3294 vocantur
639 3262 706 3294 fieri
722 3273 759 3294 ex
773 3263 914 3294 libidine.
939 3263 980 3293 Et
996 3263 1055 3292 sub
1071 3261 1120 3292 his
1137 3262 1305 3292 subsumas
1322 3261 1411 3302 quod

343 3315 431 3338 actus
454 3306 516 3343 isti,
539 3313 576 3337 ut
596 3308 775 3338 secundum
797 3314 918 3339 tactum
942 3306 1152 3342 delectabiles,
1169 3316 1244 3337 cum
1260 3316 1325 3336 non
1342 3315 1410 3341 sua,

344 3351 530 3382 ordinantur
552 3355 730 3382 secundum
753 3362 786 3382 se
809 3353 849 3383 ad
868 3352 1112 3383 fornicationem
1128 3351 1179 3381 vel
1194 3350 1262 3381 eius
1278 3350 1412 3380 delecta-

343 3396 481 3431 tionem;
507 3404 582 3425 cum
604 3396 855 3436 consanguinea,
882 3397 922 3427 ad
951 3396 1124 3431 incestum;
1149 3404 1179 3426 et
1202 3395 1245 3426 sic
1270 3396 1308 3425 de
1332 3394 1409 3425 aliis.

345 3440 555 3479 Consequens
579 3446 627 3470 est
647 3440 738 3480 quod
759 3440 818 3472 ista
841 3441 884 3472 sic
908 3441 990 3471 facta
1014 3440 1077 3471 sint
1104 3446 1231 3480 peccata
1254 3439 1409 3469 mortalia.

401 3484 462 3514 Hic
478 3483 556 3514 mihi
573 3483 696 3514 videtur
712 3484 826 3524 planus
847 3485 968 3516 litterae
984 3495 1106 3522 sensus,
1123 3484 1320 3515 concordans
1337 3493 1411 3514 cum

344 3529 446 3559 verbis
470 3527 619 3558 Auctoris
650 3527 743 3564 alibi,
767 3528 884 3559 scilicet
906 3529 938 3559 in
962 3539 1017 3569 qu.
1040 3539 1080 3559 xv
1103 3530 1143 3560 de
1165 3529 1272 3565 Malo,
1297 3535 1353 3558 art.
1377 3538 1411 3563 2,

345 3574 385 3604 ad
409 3573 481 3608 ult.,
508 3572 581 3607 ubi,
606 3572 828 3612 respondendo
858 3572 898 3602 ad
922 3581 1144 3612 argumentum
1173 3573 1262 3614 quod
1290 3573 1322 3603 in
1350 3573 1412 3602 hoc

345 3617 476 3648 articulo
501 3616 631 3656 ponitur
646 3616 750 3656 primo
765 3616 849 3652 loco,
867 3616 983 3647 scilicet
999 3627 1036 3647 ex
1052 3618 1236 3648 auctoritate
1252 3617 1411 3657 Apostoli,

1466 255 1765 293 ARTICULUS
1795 255 1846 291 lV

1452 334 1495 364 ad
1509 334 1625 374 Ephes.
1649 344 1683 370 v,
1707 343 1773 363 non
1797 332 1975 373 replicantis
1999 332 2080 362 inter
2102 332 2248 362 mortalia
2271 332 2517 372 turpitudinem,

1453 378 1568 410 dicitur
1597 378 1687 418 quod
1715 378 1841 415 oscula,
1869 377 2039 417 amplexus
2063 381 2093 407 et
2116 382 2235 413 tactus,
2260 378 2335 416 quia
2360 386 2422 407 non
2446 383 2520 408 sunt

1451 422 1626 453 secundum
1657 432 1750 452 suam
1780 423 1915 462 speciem
1939 421 2109 458 mortalia,
2133 421 2189 451 sed
2211 421 2315 451 solum
2346 422 2519 452 secundum

2443 267 2516 303 227

1452 467 1537 507 quod
1561 472 1802 507 consequuntur
1823 466 1867 496 ad
1889 475 2063 496 consensus
2081 463 2127 507 (in
2143 472 2250 495 actum
2270 465 2319 495 vel
2343 466 2520 496 delectatio-

1453 521 1528 541 nem
1551 509 1794 553 fornicationis),
1818 511 1899 548 ideo,
1917 517 1975 541 etc.
2006 510 2046 540 Et
2073 509 2260 550 explicando
2292 509 2405 540 dicitnr
2433 511 2522 550 quod

1453 556 1540 591 haec,
1557 556 1747 596 inquantum
1765 555 1961 585 ordinantur
1983 555 2015 584 in
2039 559 2146 585 actum
2155 554 2397 595 fornicationis,
2416 564 2522 586 conse-

1453 605 1600 640 quuntur
1614 609 1803 630 consensum
1822 600 1854 629 in
1869 599 2138 640 fornicationem.
2163 598 2361 639 Inquantum
2379 609 2454 630 vero
2474 610 2524 630 or-

1454 644 1611 674 dinantur
1633 645 1666 674 in
1685 645 1787 674 solam
1811 644 2063 680 delectationem,
2081 648 2320 683 consequuntur
2335 653 2521 674 consensum

1426 703 1428 734 ³.
1455 690 1487 718 in
1504 688 1766 719 delectationem:
1788 689 1844 728 qui
1862 693 1909 718 est
1919 692 2088 728 peccatum
2112 688 2257 718 mortale.
2282 687 2326 718 Et
2349 688 2418 718 ideo
2436 693 2523 718 utro-

1454 742 1516 773 que
1538 733 1632 763 modo
1654 738 1731 763 sunt
1747 737 1882 772 peccata
1906 732 2067 762 mortalia.
2093 732 2139 762 Ex
2155 732 2272 772 quibus
2287 740 2416 771 apparet
2436 733 2524 773 quod

1455 787 1629 807 consensus
1644 777 1677 806 in
1694 777 1797 807 solam
1812 776 2054 806 delectationem
2071 776 2267 812 osculorum,
2284 783 2438 813 tactuum,
2456 784 2524 813 etc„

1456 831 1530 852 cum
1553 821 1668 857 soluta,
1692 820 1825 851 includit
1841 830 2032 851 consensum
2051 820 2085 849 in
2099 820 2343 851 delectationem
2359 831 2524 852 veneream

1456 876 1531 896 cum
1554 865 1675 896 soluta:
1709 875 1808 905 quam
1838 864 2081 895 delectationem
2109 871 2232 895 constat
2255 875 2321 895 esse
2345 866 2525 896 delectatio-

1428 926 1429 946 ς
1455 920 1530 940 nem
1554 916 1804 949 consequentem
1827 916 1934 939 actum
1958 908 2186 945 fornicationis,
2211 916 2241 940 et
2264 909 2336 939 ideo
2361 920 2427 940 esse
2452 920 2524 950 pec-

1457 961 1562 985 catum
1587 954 1730 984 mortale.

1512 998 1579 1028 VII.
1604 998 1656 1028 Ad
1678 997 1820 1037 primum
1845 1006 1920 1036 ergo
1944 997 2079 1027 dubium
2098 997 2115 1015 *
2138 997 2251 1027 dicitur
2280 998 2370 1038 quod
2391 998 2526 1029 intentio

1456 1042 1605 1073 Auctoris
1628 1048 1675 1071 est
1702 1041 1792 1081 quod
1815 1041 1941 1076 oscula,
1966 1041 2149 1081 amplexus,
2165 1048 2241 1077 etc.,
2267 1049 2424 1082 quatenus
2446 1042 2527 1073 fiunt

1457 1093 1587 1126 propter
1614 1086 1717 1115 solam
1747 1084 1991 1115 delectationem
2021 1092 2122 1115 tactus
2155 1095 2229 1115 cum
2260 1096 2325 1116 non
2356 1097 2428 1122 sua,
2454 1094 2528 1117 sunt

1457 1137 1584 1170 peccata
1612 1128 1778 1164 mortalia,
1803 1128 1879 1169 quia
1909 1138 2083 1159 consensus
2110 1129 2143 1158 in
2167 1130 2262 1159 talem
2286 1130 2527 1161 delectationem

1458 1181 1504 1205 est
1527 1184 1702 1204 consensus
1725 1173 1758 1215 in
1773 1173 2017 1203 delectationem
2041 1173 2268 1210 fornicationis,
2293 1176 2438 1215 quamvis
2463 1186 2527 1206 non

1429 1229 1431 1252 2
1457 1229 1491 1249 in
1514 1228 1534 1249 o
1561 1228 1608 1249 us.

333 1275 398 1296 non
424 1263 601 1304 significant
623 1263 743 1304 aliquid
762 1262 991 1292 inordinatum.
1017 1262 1057 1292 Et
1076 1268 1243 1301 propterea
1267 1266 1406 1301 possunt
1430 1254 1431 1271 ἶ
1537 1229 1557 1259 p

1513 1263 1554 1292 Et
1578 1272 1652 1292 curn
1662 1262 1771 1302 primo
1788 1261 1933 1291 obiicitur
1948 1261 1966 1279 *
1981 1262 2069 1301 quod
2089 1264 2211 1292 Auctor
2227 1272 2292 1292 non
2309 1263 2447 1302 appellat
2462 1263 2530 1293 libi-

1430 1331 1432 1346 ,
1459 1307 1571 1337 dinosa
1602 1305 1663 1336 nisi
1692 1315 1775 1346 quae
1805 1306 1843 1335 ab
1868 1312 2028 1335 exercente
2051 1306 2238 1336 ordinantur
2260 1307 2300 1336 ad
2324 1307 2530 1337 concubitum

334 1354 494 1389 tudinem,
519 1353 571 1382 vel
592 1352 625 1382 in
648 1352 776 1391 signum
799 1350 902 1391 pacis,
924 1357 982 1380 etc.
1016 1350 1057 1380 Et
1080 1350 1124 1380 sic
1147 1356 1276 1389 sumpta
1299 1349 1402 1380 exclu-
1430 1347 1432 1386 ξ

333 1399 453 1429 duntur
475 1397 508 1427 in
531 1396 632 1428 littera
655 1397 694 1427 ab
718 1395 767 1426 his
790 1405 872 1436 quae
888 1402 962 1425 sunt
981 1395 1075 1430 mala,
1097 1404 1153 1425 seu
1177 1400 1304 1434 peccata
1319 1404 1403 1424 mor·
1430 1390 1432 1420 ’ἵ

1458 1351 1604 1382 illicitum
1628 1350 1678 1380 vel
1702 1349 1769 1380 eius
1793 1349 2054 1380 delectationem:
2080 1350 2194 1380 dicitur
2217 1351 2332 1390 primo,
2356 1352 2446 1391 quod
2469 1352 2530 1382 hoc

1460 1402 1506 1426 est
1530 1395 1655 1425 falsum.
1681 1394 1765 1431 Quia
1789 1393 1904 1424 sufficit
1927 1395 2016 1434 quod
2039 1404 2075 1424 ex
2090 1401 2201 1424 natura
2217 1395 2322 1435 operis
2346 1395 2532 1426 ordinentur

1460 1440 1500 1471 ad
1524 1439 1656 1480 aliquod
1680 1439 1807 1468 horum.
1833 1455 1854 1461 -
1878 1438 2001 1469 Dicitur
2025 1439 2166 1468 secundo
2190 1439 2288 1479 quod,
2305 1439 2377 1470 licet
2393 1440 2431 1470 ab
2448 1450 2532 1470 exer-

1461 1491 1550 1515 cente
1573 1484 1650 1514 haec
1673 1482 1774 1523 possit
1797 1482 1912 1513 auferri
1936 1482 2046 1513 relatio
2065 1483 2104 1512 ad
2121 1483 2329 1513 concubitum
2344 1490 2374 1514 et
2393 1483 2532 1514 futuram

1459 1529 1544 1559 illius
1569 1527 1812 1558 delectationem
1827 1527 1860 1556 in
1876 1527 2071 1562 executione,
2089 1537 2154 1557 non
2175 1534 2281 1557 tamen
2298 1535 2403 1568 potest
2418 1528 2532 1558 auferri

1461 1573 1539 1615 quin
1563 1573 1631 1613 ipsa
1661 1581 1743 1613 quae
1771 1578 1847 1602 tunc
1876 1571 2082 1612 consequitur
2112 1571 2278 1602 delectatio
2309 1572 2348 1602 sit
2370 1572 2533 1603 inchoatio

1462 1619 1526 1649 sive
1550 1627 1622 1657 pars
1645 1616 1741 1652 illius,
1766 1623 1796 1646 et
1819 1616 1882 1646 hoc
1901 1616 2001 1646 modo
2026 1626 2082 1656 per
2105 1625 2138 1645 se
2161 1616 2305 1647 ordinata
2328 1617 2367 1646 ad
2386 1617 2474 1647 illam
2499 1624 2534 1647 ut

1462 1662 1590 1693 initium
1614 1671 1670 1692 seu
1694 1670 1766 1701 pars
1786 1660 1882 1696 illius,
1900 1668 1930 1691 et
1945 1660 2088 1691 eiusdem
2105 1660 2204 1691 moris
2221 1671 2295 1691 cum
2309 1661 2373 1691 illa.
2398 1661 2438 1692 Et
2461 1672 2533 1702 pro-

1462 1714 1578 1748 pterea,
1603 1705 1832 1737 consentiendo
1848 1705 1880 1735 in
1897 1705 2139 1736 delectationem
2163 1705 2279 1735 horum
2296 1712 2437 1740 actuum.
2458 1716 2534 1736 con-

1462 1751 1559 1782 sensit
1582 1751 1615 1781 in
1638 1749 1880 1780 delectationem
1905 1749 2103 1780 concubitus.
2128 1749 2159 1780 Si
2177 1749 2262 1779 enim
2286 1750 2486 1780 consentiens
2502 1750 2534 1780 in

1463 1795 1704 1826 delectationem
1717 1793 1934 1824 fornicationis
1947 1794 2101 1834 cogitatae
2117 1801 2226 1833 peccat
2241 1794 2424 1830 mortaliter,
2438 1805 2536 1835 quan—

1462 1847 1496 1871 to
1521 1839 1620 1879 magis
1645 1838 1844 1869 consentiens
1861 1838 1893 1868 in
1910 1838 2153 1869 delectationem
2170 1837 2387 1869 fornicationis
2404 1839 2533 1869 inchoa-

1462 1892 1522 1920 tae,
1546 1884 1606 1920 vel,
1631 1882 1746 1914 rectius
1769 1883 1944 1923 loquendo,
1969 1883 2002 1913 in
2021 1882 2263 1913 delectationem
2283 1893 2364 1923 quae
2381 1890 2428 1913 est
2451 1883 2535 1923 prin-

1463 1929 1584 1969 cipium
1604 1934 1660 1958 aut
1682 1937 1754 1967 pars
1770 1927 1986 1958 delectationis
2003 1926 2197 1963 fornicariae,
2215 1935 2324 1967 peccat
2343 1927 2533 1958 mortaliter!

1462 1974 1504 2004 Et
1527 1973 1581 2009 sic,
1606 1979 1642 2003 ut
1665 1978 1712 2002 est
1735 1981 1772 2002 ex
1796 1978 1883 2012 parte
1907 1971 2078 2012 operantis,
2103 1981 2141 2001 eo
2165 1971 2236 2011 ipso
2260 1972 2349 2012 quod
2374 1972 2532 2008 osculum,

1463 2017 1656 2058 amplexum,
1682 2022 1751 2052 etc„
1775 2015 1849 2046 facit
1873 2026 1946 2046 curn
1977 2015 2081 2046 soluta
2112 2022 2241 2056 propter
2272 2016 2374 2046 solam
2402 2016 2535 2047 delecta-

1462 2062 1604 2098 tionem,
1628 2060 1754 2091 ordinat
1776 2061 1844 2101 ipsa
1873 2060 1906 2090 in
1931 2060 2173 2091 delectationem
2197 2059 2435 2096 fornicationis,
2460 2060 2534 2101 quia

1463 2106 1588 2137 ordinat
1610 2105 1679 2146 ipsa
1703 2111 1739 2135 ut
1761 2104 1794 2135 in
1818 2104 2011 2145 principium
2027 2111 2082 2135 aut
2100 2111 2223 2144 partem
2238 2104 2333 2135 illius.
2357 2122 2378 2128 -
2402 2105 2444 2135 Et
2460 2115 2535 2135 con—

1462 2151 1615 2181 firmatur.
1641 2148 1727 2187 Quia
1750 2159 1815 2179 non
1839 2155 1945 2189 potest
1967 2149 2056 2179 aliter
2071 2148 2204 2188 intelligi
2228 2149 2317 2189 quod
2334 2149 2454 2186 oscula,
2472 2159 2536 2179 am-

1463 2196 1575 2236 plexus
1590 2201 1621 2225 et
1635 2193 1823 2224 huiusmodi
1839 2193 1916 2224 fiant
1932 2194 2052 2233 absque
2069 2193 2233 2223 voluntate
2249 2194 2437 2223 concubitus
2462 2203 2533 2233 pro-

1462 2247 1532 2280 pter
1555 2238 1797 2270 delectationem
1821 2238 1915 2273 illius,
1934 2237 1993 2267 nisi
2017 2237 2093 2278 quia
2115 2237 2183 2277 ipsa
2207 2237 2372 2268 delectatio
2388 2237 2421 2267 in
2442 2247 2533 2268 oscu-

1462 2284 1512 2322 lis,
1529 2291 1599 2319 etc.,
1618 2289 1664 2313 est
1680 2283 1799 2324 aliquid
1815 2282 1900 2312 illius
1917 2281 2143 2312 delectationis.
2159 2282 2206 2312 Ex
2222 2291 2288 2322 quo
2305 2281 2391 2312 enim
2408 2282 2539 2322 ponitur

1463 2329 1552 2370 quod
1576 2327 1628 2358 ille
1652 2337 1718 2358 non
1741 2327 1877 2358 intendit
1892 2326 2024 2362 coitum,
2050 2333 2080 2356 et
2105 2333 2335 2366 consequenter
2358 2326 2536 2356 delectatio-

1464 2383 1539 2404 nem
1562 2382 1646 2413 quae
1669 2373 1792 2403 coitum
1815 2370 2023 2411 consequitur
2045 2368 2135 2412 (cum
2150 2370 2203 2400 illa
2227 2380 2294 2400 non
2309 2370 2462 2401 habeatur
2477 2371 2537 2401 nisi

1464 2417 1657 2458 cogitatione
1682 2417 1749 2448 sine
1773 2414 1870 2458 actu),
1895 2425 1962 2446 non
1986 2422 2080 2445 restat
2103 2415 2183 2445 alius
2203 2415 2320 2445 modus
2344 2425 2410 2455 quo
2427 2416 2537 2445 oscula

1464 2470 1495 2494 et
1519 2462 1705 2493 huiusmodi
1729 2460 1806 2491 fiant
1829 2461 1949 2501 absque
1964 2460 2127 2490 voluntate
2144 2467 2231 2490 actus
2256 2466 2386 2499 propter
2402 2460 2536 2490 delecta-

1464 2507 1587 2538 tionem
1611 2506 1780 2537 mortalem
1805 2512 1840 2535 ut
1863 2511 1993 2545 propter
2014 2503 2123 2540 finem,
2148 2503 2207 2534 nisi
2223 2504 2298 2544 quia
2315 2514 2487 2534 consensus
2504 2504 2537 2533 in

1464 2551 1709 2583 delectationem
1732 2551 1878 2591 ipsorum
1894 2549 2090 2585 osculorum,
2108 2555 2178 2584 etc„
2194 2548 2327 2578 includit
2344 2558 2536 2578 consensum

1463 2596 1497 2626 in
1517 2595 1759 2627 delectationem
1784 2594 1985 2625 concubitus:
2011 2593 2076 2623 sive
2100 2593 2161 2623 hoc
2185 2592 2224 2622 sit
2248 2599 2283 2622 ut
2306 2591 2377 2622 finis
2401 2592 2534 2622 includi-

1465 2648 1516 2671 tur
1539 2640 1572 2670 in
1595 2640 1687 2670 initio
1712 2639 1770 2675 sui,
1796 2639 1860 2669 sive
1884 2645 1919 2668 ut
1942 2645 2048 2668 totum
2072 2637 2286 2667 successivum
2309 2636 2342 2666 in
2367 2643 2453 2676 parte
2469 2647 2535 2672 sua,

1464 2685 1529 2716 sive
1553 2684 1668 2725 quovis
1691 2684 1755 2715 alio
1779 2683 1890 2713 modo.
1916 2682 2006 2712 Parvi
2022 2681 2179 2722 siquidem
2196 2681 2289 2711 refert
2304 2681 2419 2721 quovis
2436 2681 2536 2710 modo

1463 2729 1526 2760 hoc
1550 2729 1608 2759 sit:
1633 2735 1681 2759 sat
1704 2735 1751 2759 est
1773 2728 1863 2768 quod
1887 2726 2053 2757 delectatio
2077 2726 2212 2756 istorum
2231 2732 2361 2755 actuum
2386 2731 2432 2755 est
2455 2725 2536 2755 eius-

1465 2775 1539 2804 dem
1568 2773 1698 2804 rationis
1729 2782 1801 2803 cum
1835 2771 2042 2802 delectatione
2066 2770 2264 2800 concubitus.
2298 2769 2339 2799 Et
2369 2776 2537 2809 propterea

1464 2828 1638 2849 consensus
1662 2817 1695 2847 in
1711 2816 1953 2848 delectationem
1968 2815 2096 2851 horum,
2114 2814 2207 2845 etiarn
2225 2814 2343 2854 absque
2359 2813 2536 2844 intentione

1465 2863 1534 2899 alia,
1548 2869 1594 2893 est
1610 2871 1783 2892 consensus
1796 2861 1827 2890 in
1841 2859 2082 2890 delectationem
2097 2858 2294 2889 concubitus.
2313 2859 2352 2888 Et
2368 2858 2411 2888 sic
2428 2858 2536 2888 oscula

1464 2914 1496 2938 et
1518 2906 1704 2937 huiusmodi
1729 2912 1857 2946 propter
1881 2904 2123 2935 delectationem
2153 2904 2255 2933 solam
2285 2913 2358 2932 cum
2382 2913 2448 2932 non
2469 2912 2535 2938 sua,

1465 2951 1668 2982 continentur
1698 2951 1756 2980 sub
1789 2949 1941 2980 ordinatis
1972 2949 2010 2979 ab
2039 2955 2200 2978 exercente
2230 2947 2269 2977 ad
2293 2947 2534 2977 delectationem

1466 2996 1644 3031 mortalem,
1661 3002 1719 3025 etc.

1520 3041 1571 3070 Ad
1595 3039 1810 3070 obiectionem
1831 3048 1906 3068 vero
1930 3037 2103 3068 secundam
2129 3036 2243 3067 dicitur
2266 3035 2355 3075 quod
2379 3035 2410 3064 in
2434 3035 2536 3065 littera

1465 3095 1532 3115 non
1563 3084 1676 3114 dicitur
1704 3083 1813 3124 quod,
1838 3092 1909 3113 cum
1940 3082 2001 3112 ista
2027 3081 2113 3120 fiunt
2134 3085 2273 3120 propter
2295 3079 2534 3110 delectationem

1464 3128 1665 3159 huiusmodi:
1689 3128 1743 3157 sed
1759 3127 1883 3162 dicitur,
1899 3126 1962 3156 Sed
1977 3136 2050 3156 cum
2056 3125 2156 3166 fiant.
2174 3124 2309 3155 Constat
2324 3130 2432 3154 autem
2447 3124 2535 3164 quod

1464 3173 1546 3204 inter
1568 3173 1644 3203 haec
1668 3181 1784 3211 magna
1800 3178 1847 3201 est
1862 3169 2045 3201 differentia.
2070 3169 2155 3206 Quia
2171 3169 2196 3199 si
2212 3168 2337 3203 diceret,
2353 3178 2424 3198 cum
2431 3168 2534 3208 fiunt,

1465 3217 1671 3256 distingueret
1693 3216 1784 3256 quod
1803 3215 1999 3255 quandoque
2014 3213 2124 3244 fierent
2146 3219 2276 3252 propter
2293 3212 2536 3243 delectationem

1465 3260 1661 3296 huiusmodi,
1679 3267 1710 3290 et
1725 3260 1920 3300 quandoque
1936 3268 2011 3289 non.
2029 3258 2183 3293 Dicendo,
2206 3267 2277 3287 cum
2284 3257 2385 3296 fiant,
2402 3256 2538 3287 affirmat

1466 3306 1554 3346 quod
1577 3304 1659 3335 fiunt
1681 3311 1811 3344 propter
1834 3302 2020 3333 huiusmodi
2044 3301 2294 3332 delectationem.

1520 3350 1572 3380 Ad
1595 3349 1722 3379 tertiam
1747 3355 1855 3378 autem
1879 3346 2093 3377 obiectionem
2122 3346 2235 3376 dicitur
2265 3346 2355 3386 quod
2378 3345 2466 3376 aliud
2490 3352 2536 3375 est

1466 3394 1578 3429 dicere,
1607 3392 1738 3429 Oscula,
1763 3392 1949 3432 amplexus,
1968 3396 2042 3428 etc„
2066 3395 2142 3421 sunt
2165 3390 2316 3421 mortalia
2334 3395 2470 3430 peccata
2494 3399 2536 3420 ex

1465 3448 1524 3469 suo
1546 3445 1686 3478 genere:
1709 3443 1739 3467 et
1758 3436 1845 3467 aliud
1862 3442 1908 3466 est
1927 3435 2038 3472 dicere,
2067 3434 2187 3465 Oscula
2206 3439 2341 3475 propter
2355 3434 2535 3465 delectatio-

1466 3493 1537 3514 nem
1561 3492 1633 3513 cum
1659 3491 1721 3512 non
1738 3490 1810 3518 sua,
1826 3485 1903 3511 sunt
1926 3490 1967 3510 ex
1989 3489 2049 3510 suo
2071 3489 2193 3520 genere
2216 3479 2367 3510 mortalia
2385 3484 2531 3519 peccata.

1468 3528 1502 3558 In
1527 3527 1629 3557 littera
1652 3532 1784 3565 negatur
1806 3525 1962 3565 primum:
1995 3531 2026 3554 et
2054 3524 2207 3564 probatur
2230 3524 2423 3558 secundum,
2447 3522 2535 3562 quod

1468 3571 1618 3603 coincidit
1641 3580 1715 3601 cum
1738 3570 1810 3606 hoc,
1835 3569 1950 3600 scilicet
1973 3569 2062 3610 quod
2086 3568 2195 3599 oscula
2218 3567 2396 3602 libidinosa,
2422 3577 2475 3596 seu
2499 3575 2535 3595 ex

1467 3615 1607 3652 libidine,
1632 3622 1707 3646 sunt
1730 3614 1885 3645 mortalia.

2556 1002 2564 1011 ⁸
2579 1000 2649 1022 Num.
2665 1006 2681 1022 t.

2560 1271 2567 1279 ·
2582 1269 2650 1296 1bid.,
2665 1270 2768 1297 Apparet

2558 1298 2643 1317 autem.
