2768 4198
75 870 87 881 ¹·
95 869 131 891 cf.
140 875 181 916 gu.
195 874 287 896 mxxix,

76 896 83 917 1
102 900 137 917 to
156 912 161 917 .

79 2037 87 2046 ·
102 2035 137 2057 (ἐπ’.
149 2035 246 2056 Aristot.
258 2034 291 2056 Ε-

76 2062 130 2084 thic.
152 2062 191 2083 lib.
206 2061 224 2088 1,
239 2067 288 2110 Ἡ.

76 2095 131 2137 ι’ὲέἒί
144 2096 168 2137 fi·
180 2099 191 2105 ”
204 2089 228 2110 s.
284 2104 288 2109 ·

79 2187 87 2195 ·
103 2185 168 2207 Vers.
184 2190 214 2206 21.

88 2990 96 2999 ⁸
109 2988 144 3010 Cf.
155 2995 193 3016 qu.
205 2994 288 3011 ccxxix

87 3019 127 3063 ἐς.
148 3021 167 3041 2,
186 3021 232 3043 arg.
251 3006 299 3037 Sed

92 3304 100 3313 ·
116 3303 143 3325 D.
159 3305 211 3331 ¹¹85·

91 3346 100 3355 ·
115 3344 171 3373 Cup.
188 3350 233 3370 νιις
253 3350 303 3371 cap.

91 3376 304 3423 Silif'hlilebtixffn:

91 3431 132 3447 xn.

310 265 388 300 440

953 251 1220 298 QUAESTIO
1251 250 1483 305 CLXXXII,
1512 251 1809 288 ARTICULUS
1840 252 1853 288 I

482 469 895 548 QUAESTIO
942 466 2339 525 CENTESIMAOCTOGESIMASECUNDA

459 591 543 630 DE
585 588 1072 630 COMPARATIONE
1111 588 1301 628 VITAE
1341 587 1614 628 ACTIVAE
1654 588 1741 628 AD
1783 588 2360 630 CONTEMPLATIVAM

1099 703 1133 727 IN
1163 702 1338 733 QUATUOR
1366 702 1571 728 ARTICULOS
1599 703 1716 727 DIVISA

398 819 505 844 ElNDE
543 806 863 844 considerandum
904 814 960 843 est
1003 806 1051 843 de
1094 806 1379 855 comparatione

317 819 496 901 Dvitae
525 860 671 897 activae
700 859 749 896 ad
779 859 1119 908 contemplativam
1137 859 1169 896 ²¹⁶.

315 915 363 951 Et
392 913 490 950 circa
517 914 592 950 hoc
621 920 854 962 quaeruntur
873 921 1050 961 quatuor.

367 967 519 1004 Primo:
550 979 648 1016 quae
677 967 723 1003 sit
750 966 877 1015 potior
905 966 986 1004 sive
1015 966 1174 1014 dignior.

1489 806 1692 843 Secundo:
1723 818 1822 855 quae
1852 806 1898 843 sit
1926 806 2081 844 maioris
2111 808 2246 846 meriti.

1489 859 1643 895 Tertio:
1682 866 1811 918 utrum
1839 859 1918 897 vita
1947 861 2244 910 contemplativa
2277 862 2508 912 impediatur

1542 924 1611 961 per
1639 920 1818 950 activam.

1490 965 1661 1012 Quarto:
1693 966 1740 1003 de
1770 965 1906 1003 ordine
1935 966 2144 1015 utriusque.

1129 1065 1449 1129 A'ercutus
1489 1086 1697 1128 PRIMUS

717 1180 874 1211 UTRUM
898 1180 1004 1211 VITA
1027 1179 1192 1211 ACTIVA
1216 1179 1283 1210 SIT
1305 1178 1471 1211 POTIOR
1495 1179 1621 1216 QUAM
1646 1179 2024 1211 CONTEMPLATIVA

429 1262 519 1294 Supra,
539 1269 582 1294 qu.
602 1269 663 1293 cm,
683 1267 729 1287 art.
750 1268 778 1292 23
798 1261 871 1292 infra,
891 1269 935 1294 qu.
955 1268 1090 1291 crxxxvrn,
1110 1265 1156 1286 art.
1176 1259 1205 1292 6;
1225 1260 1255 1285 111
1276 1260 1361 1290 Sent„
1374 1259 1433 1286 dist.
1451 1267 1525 1290 xxxv,
1544 1267 1589 1292 qu.
1607 1267 1624 1290 ι,
1644 1265 1690 1286 art.
1708 1267 1734 1292 4,
1754 1260 1804 1293 qu·
1828 1268 1856 1292 1;
1876 1260 1907 1286 111
1926 1260 2003 1287 Cont.
2024 1261 2111 1291 Gent„
2131 1268 2187 1295 cap.
2206 1268 2275 1293 um,
2295 1268 2402 1294 cxxxm,

960 1297 1002 1322 De
1025 1296 1130 1326 Vir-tut„
1150 1304 1196 1329 qu.
1214 1303 1232 1326 ι.
1251 1301 1298 1321 art.
1321 1303 1359 1325 ια,
1379 1295 1411 1320 ad
1431 1303 1479 1327 24;
1499 1296 1523 1320 X
1545 1295 1640 1322 Ethic..
1659 1296 1716 1321 lect.
1735 1304 1759 1327 x,
1778 1304 1811 1326 xi,
1830 1303 1874 1322 xn.

538 1390 560 1414 D
584 1389 723 1415 PR1M1JM
751 1390 804 1415 src
833 1389 1074 1414 PROCEDITUR.
1104 1377 1262 1414 Videtur
1284 1375 1389 1425 quod

459 1433 511 1491 ξέ4
537 1431 615 1468 vita
643 1431 767 1468 activa
795 1430 841 1468 sit
862 1430 989 1480 potior
1017 1442 1135 1479 quam
1156 1430 1389 1478 contempla—

343 1487 355 1527 ’,
375 1485 378 1489 ’
403 1500 458 1517 ν»
480 1487 508 1525 ’ἢ
522 1482 626 1522 tiva.
653 1485 763 1527 Quod
781 1484 882 1521 enim
902 1490 957 1521 est
972 1483 1171 1521 meliorum
1192 1488 1221 1530 α,
1243 1483 1390 1520 videtur

383 1512 481 1567 ἐῷ)
497 1529 617 1575 esse
643 1538 787 1584 melius,
807 1545 848 1575 ut
874 1537 1131 1586 Philosophus
1160 1536 1259 1584 dicit,
1279 1536 1317 1573 in
1337 1537 1387 1572 111

206 1605 220 1621 υ
244 1605 273 1622 ¹²-
322 1593 448 1643 Topic.
468 1592 489 1614 *
518 1591 596 1628 Sed
614 1591 692 1628 vita
711 1591 835 1628 activa
853 1591 1015 1640 pertinet
1042 1590 1091 1628 ad
1120 1590 1298 1636 maiores,
1319 1589 1388 1626 sci-

317 1649 402 1686 licet
431 1645 480 1682 ad
508 1645 715 1692 praelatos,
746 1644 810 1693 qui
846 1651 933 1680 sunt
960 1644 998 1680 in
1026 1644 1174 1680 honore
1211 1651 1247 1679 et
1279 1650 1386 1691 pote-

318 1709 411 1739 state
441 1698 651 1735 constituti:
689 1697 792 1734 unde
821 1697 1055 1745 Augustinus
1084 1696 1192 1743 dicit,
1223 1696 1314 1732 XIX
1341 1695 1388 1731 de

323 1755 401 1792 Civ.
431 1753 506 1789 Dei
523 1751 554 1798 ²¹²,
585 1751 690 1800 quod
710 1751 746 1786 in
767 1749 914 1786 actione
933 1762 1007 1787 non
1036 1749 1223 1787 amandus
1251 1754 1306 1786 est
1321 1748 1386 1784 ho-

318 1819 391 1845 nor
418 1807 455 1843 in
479 1806 552 1842 hac
570 1804 659 1849 vita,
678 1803 757 1840 sive
771 1804 950 1852 potentia.
981 1804 1083 1851 Ergo
1102 1802 1254 1839 videtur
1280 1801 1385 1850 quod

317 1861 394 1898 vita
422 1859 546 1896 activa
574 1856 619 1893 sit
646 1856 774 1905 potior
801 1868 918 1904 quarn
949 1856 1258 1904 contemplativa.

372 1925 407 1950 2.
429 1914 663 1956 PRAETEREA,
687 1909 726 1946 in
754 1910 935 1947 omnibus
954 1909 1145 1947 habitibus
1174 1918 1210 1946 et
1239 1909 1385 1946 actibus

317 1966 536 2017 praecipere
565 1966 727 2016 pertinet
755 1966 803 2003 ad
831 1963 1037 2015 potiorem:
1078 1963 1174 2000 sicut
1202 1962 1383 2010 militaris,

316 2029 499 2069 tanquam
518 2019 656 2069 potior,
676 2019 859 2069 praecipit
877 2017 1072 2054 frenorum
1093 2016 1234 2054 factrici
1247 2016 1278 2054 ³¹⁸.
1308 2017 1386 2054 Sed

318 2075 367 2112 ad
386 2073 504 2110 vitam
526 2073 690 2111 activam
706 2073 867 2122 pertinet
887 2070 1089 2120 disponere
1111 2078 1147 2108 et
1166 2070 1384 2120 praecipere

318 2129 366 2166 de
396 2126 706 2176 contemplativa:
746 2134 786 2163 ut
805 2132 907 2175 patet
940 2137 1008 2174 per
1035 2124 1074 2161 id
1110 2124 1215 2173 quod
1252 2123 1387 2162 dicitur

319 2180 458 2229 Moysi,
478 2181 603 2217 Exod.
623 2192 684 2217 xm
701 2179 741 2216 *z
771 2179 976 2225 Descende,
997 2184 1033 2215 et
1054 2183 1262 2215 contestare
1279 2175 1295 2207 β
1317 2189 1386 2227 po-

313 2234 460 2283 pulum,
490 2246 536 2271 ne
552 2235 661 2282 forte
679 2233 767 2270 velit
793 2232 1057 2270 transcendere
1079 2232 1292 2280 propositos
1315 2237 1387 2268 ter-

319 2288 441 2324 minos
469 2287 520 2324 ad
545 2287 746 2323 videndum
774 2287 912 2323 Deum.
943 2286 1044 2333 Ergo
1073 2285 1151 2322 vita
1179 2285 1303 2322 activa
1332 2292 1389 2321 est

320 2341 446 2390 potior
473 2352 591 2389 quarn
622 2339 931 2388 contemplativa.

377 2395 411 2430 3.
441 2393 684 2439 PRAETEREA,
714 2393 839 2429 nullus
869 2392 981 2429 debet
1009 2391 1174 2428 abstrahi
1203 2403 1225 2428 a
1253 2390 1388 2428 maiori

321 2454 363 2483 ut
391 2446 599 2495 applicetur
627 2445 861 2483 minoribus:
891 2445 1100 2494 Apostolus
1120 2444 1222 2481 enirn
1252 2444 1351 2490 dicit,
1374 2445 1386 2481 I

322 2501 373 2537 ad
404 2500 490 2537 Cor.
515 2512 563 2537 xn
587 2499 623 2535 *ε
657 2498 917 2536 Aemulamini
952 2498 1180 2550 charismata
1217 2498 1387 2535 meliora.

324 2553 400 2590 Sed
429 2552 543 2602 aliqui
571 2553 840 2590 abstrahuntur
868 2565 890 2589 a
910 2559 1008 2588 statu
1035 2551 1137 2588 vitae
1158 2552 1390 2601 contempla-

322 2607 420 2643 tivae
441 2614 477 2643 et
497 2614 733 2655 occupantur
761 2606 858 2643 circa
877 2605 997 2643 vitam
1017 2605 1198 2642 activam:
1228 2613 1270 2642 ut
1288 2612 1390 2654 patet

323 2661 370 2698 de
400 2659 468 2696 illis
497 2659 561 2709 qui
589 2660 863 2697 transferuntur
892 2659 941 2696 ad
967 2665 1105 2696 statum
1134 2658 1388 2707 praelationis.

324 2715 425 2762 Ergo
453 2712 606 2750 videtur
642 2713 748 2762 quod
775 2713 854 2750 vita
882 2711 1006 2749 activa
1035 2711 1080 2749 sit
1107 2711 1235 2761 potior
1271 2724 1390 2760 quam

324 2766 632 2816 contemplativa.

378 2821 452 2857 SED
480 2831 628 2857 CONTRA
650 2831 716 2857 es‘r
740 2819 845 2868 quod
865 2818 1056 2855 Dominus
1081 2817 1180 2866 dicit,
1202 2819 1295 2856 Luc.
1316 2818 1389 2856 x*:

323 2874 457 2911 Maria
486 2874 667 2922 optimam
691 2878 841 2922 partem
870 2872 993 2922 elegit,
1014 2883 1111 2920 quae
1139 2885 1213 2909 non
1242 2873 1390 2920 ausere-

324 2933 385 2964 tur
412 2927 461 2964 ab
489 2938 546 2964 ea.
584 2927 658 2963 Per
687 2926 850 2963 Mariam
888 2933 1016 2962 autern
1054 2924 1286 2973 significatur
1312 2925 1391 2962 vita

325 2980 621 3029 contemplativa
639 2979 671 3016 ²¹⁸.
701 2980 804 3027 Ergo
839 2978 1134 3028 contemplativa
1161 2978 1238 3016 vita
1266 2978 1392 3028 potior

326 3042 382 3070 est
410 3046 527 3082 quarn
557 3033 692 3070 activa.

380 3088 606 3124 RespoNnsso
640 3097 826 3123 mCENDuM
862 3084 967 3134 quod
995 3084 1085 3122 nihil
1120 3084 1297 3134 prohibet
1329 3085 1393 3122 ali-

327 3140 419 3188 quid
447 3139 660 3177 secundum
686 3152 726 3176 se
748 3151 829 3176 esse
859 3138 1101 3175 excellentius
1130 3138 1233 3186 quod
1263 3146 1393 3176 tamen

328 3194 540 3231 secundum
569 3192 713 3241 aliquid
741 3193 789 3229 ab
818 3191 892 3229 alio
927 3199 1137 3241 superatur.
1174 3191 1393 3229 Dicendum

330 3254 384 3283 est
403 3259 493 3295 ergo
523 3247 627 3296 quod
645 3245 724 3283 vita
753 3244 1049 3294 contemplativa
1077 3245 1292 3294 simpliciter
1314 3257 1394 3282 me-

330 3299 399 3336 lior
427 3307 482 3336 est
509 3311 625 3348 quam
653 3299 777 3336 activa
795 3298 826 3336 ²⁸⁸.
857 3298 974 3346 Quod
1003 3298 1271 3347 Philosophus,
1292 3298 1329 3335 in
1359 3299 1394 3336 X

330 3353 449 3389 Ethic.
469 3352 501 3399 ²¹²,
530 3353 668 3401 probat
696 3359 782 3389 octo
812 3351 1031 3389 rationibus.
1067 3352 1242 3399 Quarum
1265 3352 1395 3400 prima

333 3412 399 3452 est,
428 3405 517 3453 quia
535 3406 613 3442 vita
641 3405 936 3455 contemplativa
964 3405 1144 3442 convenit
1171 3405 1319 3443 homini
1339 3417 1396 3442 se-

333 3582 353 3607 H
387 3549 422 3607 a}
434 3546 580 3572 meliorum.
594 3561 612 3566 -
631 3547 762 3572 maiorum
786 3547 858 3579 HpC.
870 3560 888 3565 -
907 3546 957 3571 Pro
976 3547 1077 3577 melius,
1097 3546 1279 3572 honorabilius
1297 3549 1324 3571 et
1342 3553 1395 3571 m-

354 3589 384 3607 us
423 3589 449 3607 a.

1443 1376 1613 1413 cundum
1642 1377 1732 1414 illud
1761 1377 1866 1426 quod
1895 1385 1951 1414 est
1979 1377 2170 1426 optimum
2193 1377 2232 1415 in
2251 1377 2349 1427 ipso,
2370 1379 2512 1418 scilicet

1442 1429 1656 1466 secundum
1692 1430 1942 1478 intellectum,
1981 1438 2017 1468 et
2055 1438 2229 1480 respectu
2264 1431 2511 1482 propriorum

1443 1482 1702 1530 obiectorum,
1742 1483 1883 1521 scilicet
1919 1483 2230 1532 intelligibilium:
2267 1483 2347 1523 vita
2382 1494 2512 1524 autem

1441 1536 1567 1574 activa
1600 1544 1809 1586 occupatur
1841 1537 1941 1574 circa
1974 1537 2171 1576 exteriora.
2208 1538 2321 1576 Unde
2353 1539 2511 1588 Rachel,

1441 1601 1510 1637 per
1538 1602 1656 1638 quam
1694 1590 1926 1638 significatur
1953 1590 2031 1628 vita
2060 1592 2369 1641 contemplativa,
2399 1592 2512 1631 inter—

1440 1650 1609 1690 pretatur
1627 1644 1750 1680 visum
1772 1644 2027 1693 principium:
2054 1645 2132 1682 vita
2151 1652 2282 1682 autem
2310 1645 2436 1684 activa
2464 1646 2512 1684 si-

1439 1695 1642 1743 gnificatur
1668 1709 1738 1745 per
1766 1696 1889 1744 Liam,
1910 1709 2009 1746 quae
2039 1705 2119 1735 erat
2145 1697 2253 1748 lippis
2281 1698 2399 1736 oculis
2412 1699 2444 1746 ³¹²,
2470 1707 2513 1738 ut

1441 1747 1648 1796 Gregorius
1669 1749 1770 1797 dicit,
1789 1749 1841 1787 VI
1860 1751 2007 1788 Moral.
2026 1750 2047 1773 '¹‘
2073 1771 2099 1780 -
2118 1751 2303 1798 Secundo,
2324 1752 2414 1802 quia
2433 1752 2512 1792 vita

1440 1802 1738 1851 contemplativa
1769 1810 1896 1851 potest
1929 1816 2012 1840 esse
2040 1804 2162 1852 magis
2199 1805 2397 1853 continua,
2426 1806 2512 1844 licet

1439 1867 1519 1892 non
1547 1863 1734 1904 quantum
1761 1856 1810 1893 ad
1839 1868 2036 1894 summum
2067 1857 2402 1907 contemplationis
2429 1870 2512 1907 gra·

1440 1908 1550 1945 dum:
1581 1909 1678 1946 sicut
1706 1921 1821 1958 supra
1839 1909 1860 1931 *
1889 1909 2032 1947 dictum
2063 1918 2129 1948 est.
2169 1911 2281 1948 Unde
2310 1918 2348 1948 et
2375 1911 2510 1960 Maria,

1438 1974 1508 2010 per
1523 1974 1641 2011 quam
1661 1962 1896 2010 significatur
1908 1962 1988 2000 vita
2008 1963 2319 2014 contemplativa,
2336 1963 2513 2003 describi-

1438 2022 1500 2052 tur
1517 2027 1623 2053 secus
1636 2017 1752 2064 pedes
1771 2016 1931 2053 Domini
1947 2017 2097 2055 assidue
2115 2018 2246 2056 sedens
2263 2017 2295 2055 *.
2326 2039 2350 2046 -
2373 2018 2512 2066 Tertio,

1440 2069 1529 2119 quia
1564 2070 1688 2107 maior
1725 2077 1781 2106 est
1818 2069 2017 2108 delectatio
2051 2070 2152 2108 vitae
2190 2071 2512 2122 contemplativae

1440 2136 1559 2172 quam
1579 2123 1737 2161 activae.
1768 2123 1880 2160 Unde
1899 2124 2136 2172 Augustinus
2156 2124 2256 2172 dicit,
2277 2124 2316 2163 in
2344 2125 2442 2163 libro
2467 2125 2514 2163 de

1446 2178 1576 2215 Verbis
1601 2178 1715 2214 Dom.
1737 2176 1768 2223 ²¹⁸,
1798 2177 1905 2225 quod
1932 2178 2093 2216 Martha
2121 2179 2358 2226 turbabatur,
2377 2178 2513 2217 Maria

1440 2231 1676 2279 epulabatur.
1706 2251 1730 2257 -
1764 2231 1920 2276 Quarto,
1941 2231 2029 2279 quia
2058 2231 2097 2268 in
2115 2231 2194 2269 vita
2214 2232 2514 2281 contemplativa

1442 2292 1498 2321 est
1525 2285 1646 2321 homo
1668 2283 1789 2332 magis
1810 2284 1878 2320 sibi
1909 2284 2124 2322 sufficiens:
2154 2284 2244 2335 quia
2266 2285 2514 2335 paucioribus

1442 2337 1491 2374 ad
1512 2350 1598 2374 eam
1627 2337 1780 2385 indiget.
1810 2337 1923 2374 Unde
1953 2337 2089 2375 dicitur
2117 2338 2211 2375 Luc.
2231 2350 2256 2375 x
2273 2338 2310 2375 *ε
2338 2339 2512 2386 Martha,
2541 2352 2551 2363 ·

1441 2391 1614 2437 Martha,
1642 2391 1800 2428 sollicita
1829 2402 1867 2427 es
1894 2396 1930 2428 et
1955 2391 2120 2428 turbaris
2152 2403 2248 2442 erga
2276 2392 2460 2440 plurima.
2488 2413 2512 2421 -

1445 2444 1596 2490 Quinto,
1618 2443 1707 2493 quia
1734 2443 1812 2481 vita
1833 2444 2132 2493 contemplativa
2152 2444 2273 2493 magis
2296 2452 2454 2494 propter
2472 2457 2514 2483 se

1443 2498 1626 2546 diligitur:
1661 2497 1740 2534 vita
1768 2505 1897 2534 autem
1936 2497 2060 2534 activa
2089 2498 2137 2535 ad
2170 2498 2272 2535 aliud
2305 2498 2512 2536 ordinatur.

1442 2551 1554 2589 Unde
1574 2551 1611 2588 in
1631 2551 1786 2588 Psalmo
1803 2550 1823 2572 ³¹²
1852 2550 2004 2588 dicitur:
2040 2552 2165 2589 Unam
2179 2551 2274 2600 petii
2290 2563 2314 2589 a
2334 2552 2513 2599 Domino,
2542 2564 2552 2575 ·

1442 2606 1541 2642 hanc
1576 2605 1793 2654 requiram:
1831 2601 1870 2640 iat
1903 2604 2105 2642 inhabitem
2140 2605 2177 2642 in
2206 2605 2319 2642 domo
2358 2605 2518 2643 Domini

1443 2659 1616 2696 omnibus
1643 2658 1772 2694 diebus
1798 2657 1898 2694 vitae
1934 2669 2061 2704 meae,
2092 2663 2132 2695 ut
2156 2658 2306 2695 videam
2343 2658 2515 2696 volunta-

1443 2718 1516 2749 tem
1553 2711 1720 2749 Domini.
1751 2733 1775 2739 -
1804 2711 1941 2757 Sexto,
1978 2711 2069 2760 quia
2104 2710 2184 2749 vita
2219 2711 2515 2761 contemplativa

1444 2765 1613 2802 consistit
1639 2765 1678 2802 in
1708 2765 1876 2814 quadam
1904 2764 2107 2802 vacatione
2137 2772 2173 2802 et
2200 2764 2343 2814 quiete:
2379 2777 2513 2802 secun-

1445 2819 1537 2856 dum
1567 2818 1659 2855 illud
1686 2817 1829 2854 Psalmi
1848 2817 1889 2854 *z
1930 2818 2087 2864 Vacate‚
2116 2823 2153 2855 et
2177 2817 2298 2855 videte
2332 2818 2513 2866 quoniam

1444 2884 1516 2922 ego
1544 2884 1628 2909 sum
1656 2872 1771 2908 Deus.
1801 2891 1826 2899 -
1855 2871 2031 2920 Septimo,
2061 2871 2151 2920 quia
2177 2870 2256 2908 vita
2281 2871 2514 2921 contempla-

1444 2925 1522 2963 tiva
1553 2933 1607 2962 est
1635 2924 1848 2961 secundum
1879 2924 2029 2962 divina:
2060 2923 2138 2962 vita
2156 2930 2284 2961 autem
2305 2923 2427 2961 activa
2457 2936 2514 2961 se-

1446 2979 1615 3016 cundum
1644 2978 1826 3015 humana.
1856 2977 1967 3015 Unde
1986 2976 2219 3026 Augustinus
2239 2975 2339 3023 dicit,
2359 2976 2398 3014 in
2417 2977 2513 3015 libro

1445 3032 1491 3069 de
1511 3031 1640 3070 Verbis
1659 3032 1772 3068 Dom.
1788 3030 1828 3068 *ε
1861 3046 1879 3064 «
1898 3032 1944 3068 In
1967 3030 2156 3080 principio
2181 3035 2265 3067 erat
2288 3031 2451 3068 Verbum
2470 3044 2514 3068 »τ

1446 3097 1531 3122 ecce
1549 3085 1651 3134 quod
1667 3084 1802 3122 Maria
1820 3084 2006 3122 audiebat.
2038 3098 2058 3118 α
2078 3083 2240 3120 Verbum
2260 3094 2351 3120 caro
2365 3084 2514 3132 factum

1446 3145 1500 3176 est
1515 3154 1534 3172 x>
1547 3152 1559 3175 .·
1588 3150 1673 3175 ecce
1691 3138 1754 3175 cui
1769 3137 1929 3175 Martha
1948 3137 2194 3174 ministrabat.
2212 3157 2236 3165 -
2256 3136 2409 3184 Octavo,
2426 3137 2516 3186 quia

1446 3192 1525 3230 vita
1545 3190 1842 3240 contemplativa
1870 3197 1926 3227 est
1944 3189 2158 3227 secundum
2178 3190 2215 3227 id
2235 3190 2341 3238 quod
2361 3197 2417 3227 est
2436 3202 2516 3228 ma-

1448 3245 1502 3294 gis
1522 3245 1721 3295 proprium
1740 3242 1899 3290 homini,
1919 3242 2016 3280 idest
2036 3242 2250 3280 secundum
2270 3243 2514 3281 intellectum:

1448 3299 1487 3336 in
1516 3297 1802 3348 operationibus
1830 3303 1958 3333 autem
1986 3295 2088 3332 vitae
2117 3296 2263 3333 activae
2300 3296 2515 3334 communi—

1450 3359 1536 3389 cant
1565 3351 1678 3388 etiam
1718 3349 1914 3387 inferiores
1941 3348 2059 3397 vires,
2089 3361 2188 3398 quae
2226 3357 2314 3387 sunt
2340 3349 2451 3387 nobis
2479 3357 2516 3387 et

1449 3404 1568 3442 brutis
1597 3414 1836 3441 communes.
1869 3402 1981 3440 Unde
2009 3402 2046 3439 in
2075 3403 2229 3440 Psalmo
2248 3402 2279 3450 ¹⁸⁸,
2309 3410 2516 3452 postquam
2542 3410 2554 3422 ·

1503 3543 1529 3577 β)
1547 3547 1705 3570 contestare.
1717 3557 1736 3563 —
1753 3546 1918 3576 computare
1936 3545 1977 3569 vel
1996 3551 2164 3577 compescere
2187 3544 2376 3577 BEKLpACF,
2393 3550 2516 3576 compen-

1449 3587 1512 3605 sare
1530 3579 1561 3609 D,
1579 3579 1741 3604 contristare
1760 3579 1792 3605 H.

2539 1709 2550 1721 ⁸
2560 1708 2618 1732 Gau.
2627 1715 2679 1738 etp.
2687 1715 2752 1738 mx,

2538 1742 2600 1759 ven.
2614 1742 2646 1764 ¹7.

2538 1764 2568 1812 ξι.
2577 1762 2647 1812 Qum·
2662 1769 2753 1812 ¹1:¹3&

2538 1805 2751 1839 mm.·df.flom.

2538 1841 2595 1864 xlv
2613 1842 2640 1865 fu
2653 1841 2736 1871 &ech
2744 1850 2753 1869 ,·

2538 1869 2569 1918 ῗιΙ
2583 1869 2624 1892 tib.
2638 1869 2669 1896 11.
2688 1869 2752 1892 hom.

2539 1923 2551 1934 ⁸
2560 1922 2609 1951 Qu.
2618 1926 2752 1950 ommi-t.

2539 1949 2753 2005 :taff-⁰·

2541 2029 2551 2040 ·
2570 2028 2627 2051 ιω,
2650 2034 2702 2058 etp.
2726 2036 2754 2056 ι,

2539 2061 2600 2078 vn.
2613 2061 2649 2085 39.

2540 2186 2754 2242 ifflffiff·

2565 2351 2634 2375 Vn.
2646 2357 2680 2380 μ.

2540 2564 2603 2618 *Pa
2617 2570 2681 2592 xxvi,
2693 2570 2753 2588 ven.

2625 2836 2678 2859 nv,
2692 2837 2707 2852 v

2541 3037 2642 3094 311⁸‘¹v'1¹1¹,¹
2652 3038 2715 3094 ἓξ*
2724 3039 2753 3087 :t

2567 3409 2604 3432 Ρι.
2618 3415 2687 3432 xxxv.
