2768 4198
34 361 44 371 ⁴
59 359 94 382 Cf.
110 365 173 381 num.
190 366 206 381 1.

32 669 42 678 ⁸
57 668 93 690 ef.
111 673 176 689 num.
195 672 245 690 vni.

30 851 40 860 ⁸
54 849 124 872 Com.
139 850 244 871 conclus.

27 882 49 899 ι.

25 1738 242 1762 ’cameron-E-

0 1765 239 1816 ..m-Fauna,

26 1818 83 1843 -ιοι

91 1824 144 1848 etp.
155 1825 171 1847 ι,
179 1825 240 1842 ven.

0 1851 57 1871 'ss-

0 2631 5 2640 ”
23 2635 35 2648 ⁸
57 2634 95 2665 Cf.
118 2635 166 2658 loe.
188 2636 236 2662 cit„

0 2672 3 2715 ξ
22 2664 236 2743 RQ‘RE:

0 2771 3 2774 y
23 2744 187 2772 eapi'vs'vem.
202 2748 229 2765 ιι.

21 3121 31 3130 ”
42 3120 112 3142 Num.
128 3127 154 3143 n.

47 3611 99 3633 Art.
118 3618 142 3638 4,
162 3611 235 3633 Com·

24 3641 95 3660 ment.
109 3643 174 3660 num.
189 3644 212 3659 x.

914 279 1182 325 QUAESTIO
1213 278 1426 325 CXXXVI,
1456 279 1755 316 ARTICULUS
1786 279 1833 315 111

277 356 382 388 tientia
407 362 582 396 spontanea
607 357 713 387 solum
739 357 846 397 quoad
871 355 1151 396 aequanimitatem
1165 357 1192 393 *,
1217 367 1347 397 respon-

276 402 335 431 deo
360 400 586 441 distinguendo
611 401 649 431 de
673 400 748 431 fine:
774 401 823 431 vel
847 401 996 436 increato,
1014 408 1045 431 et
1067 400 1111 432 sic
1136 401 1197 432 hoc
1221 408 1267 432 est
1290 401 1347 432 du-

276 445 374 482 bium,
401 445 438 475 de
462 455 529 486 quo
554 444 642 482 alibi3
666 445 716 475 vel
733 454 847 476 creato.
873 445 915 475 Et
938 451 1023 481 tunc,
1041 445 1090 475 vel
1114 445 1176 476 alio
1197 446 1234 476 ab
1252 456 1347 486 opere

275 490 427 526 honesto,
455 497 486 520 et
509 489 552 520 sic
575 498 676 529 nego:
701 489 751 520 vel
775 489 1031 530 quomodolibet.
1065 490 1105 520 Et
1132 490 1177 520 sic
1205 490 1347 520 concedo

274 534 363 575 quod
387 534 440 565 ille
458 533 540 570 finis,
559 541 636 574 puta
653 534 837 570 honestitas,
855 542 901 565 est
916 535 1017 575 magis
1037 542 1177 565 amatus:
1202 535 1255 565 sed
1273 535 1348 575 quia

275 589 340 609 non
365 585 411 608 est
426 577 497 608 finis
522 578 713 609 extrinsecus
733 578 822 619 operi
838 579 1018 619 patientiae,
1035 579 1107 610 ideo
1123 579 1202 610 nihil
1218 579 1257 609 ad
1273 589 1346 619 pro-

275 630 427 663 positum.

330 667 382 698 IV.
411 667 573 704 Quartum
607 667 739 698 dubium
755 667 773 687 *
796 674 843 698 est
874 675 983 699 contra
1016 668 1173 699 rationem
1198 668 1346 698 Thomae

273 711 305 741 in
325 711 437 749 littera,
461 711 595 742 scilicet:
629 711 724 749 Quod
745 713 863 753 aliquis
879 713 1054 754 praeferat
1075 713 1192 744 bonum
1215 713 1346 754 gratiae

273 757 420 797 omnibus
446 756 653 788 naturalibus
683 757 776 788 bonis
806 767 848 787 ex
876 767 1014 799 quorum
1043 758 1215 788 amissione
1238 762 1346 797 potest

272 800 366 831 dolor
380 801 522 838 causari,
533 801 676 842 pertinet
691 801 735 831 ad
751 802 938 833 caritatem:
960 803 1019 833 hoc
1042 806 1150 832 autem
1166 806 1288 842 spectat
1303 801 1346 832 ad

266 845 478 885 patientiam:
504 854 593 886 ergo.
617 845 666 876 Ad
687 845 778 882 hanc,
792 846 896 887 inquit
914 845 942 883 ⁴,
957 847 1122 883 rationem,
1137 855 1219 886 nego
1245 845 1345 876 maio—

272 898 339 920 rem
355 897 386 920 et
403 889 571 920 minorem.
597 889 678 920 Dico
695 890 779 921 enim
797 891 886 932 quod
909 891 1028 922 habens
1044 890 1139 921 fidem
1162 889 1344 926 informem,

272 942 347 965 cum
378 933 495 965 auxilio
525 934 586 965 Dei
615 941 645 965 et
668 935 811 966 libertate
842 936 1029 972 voluntatis,
1053 941 1160 976 potest
1190 934 1345 975 praeferre

270 979 376 1010 Deum
401 978 552 1009 omnibus
576 979 669 1010 bonis
693 980 901 1012 naturalibus.
926 981 968 1016 Et
990 981 1096 1011 multo
1119 978 1220 1019 magis
1244 979 1269 1015 si
1292 979 1346 1009 ha·

271 1023 343 1057 beat
366 1023 527 1055 caritatem
544 1024 742 1065 acquisitam,
759 1025 798 1055 ad
823 1035 921 1066 quam
946 1031 1067 1066 spectat
1086 1023 1215 1064 diligere
1238 1023 1346 1053 Deum

271 1077 367 1109 super
390 1068 510 1099 omnia.

300 1119 302 1121 ’
325 1111 433 1143 Minor
449 1123 580 1154 quoque
598 1120 710 1153 negata
726 1120 783 1145 est.
801 1113 886 1151 Quia
902 1113 1024 1154 patiens
1041 1120 1099 1153 pro
1117 1111 1256 1147 Christe,
1274 1118 1344 1148 etc.‚

270 1166 336 1187 non
361 1167 487 1198 semper
510 1157 629 1198 patitur
649 1157 860 1198 privationem
889 1157 1040 1188 omnium
1064 1157 1224 1187 bonorum
1253 1162 1345 1186 natu·

270 1201 396 1233 talium.
435 1203 475 1233 Et
498 1201 571 1233 ideo
602 1211 670 1233 non
698 1209 803 1242 potest
831 1201 980 1232 concludi
1010 1200 1226 1232 universaliter
1255 1200 1345 1240 quod

270 1246 376 1278 omnis
401 1247 524 1287 patiens
540 1246 675 1288 praefert
690 1246 797 1279 Deum
821 1246 972 1277 omnibus
988 1244 1082 1276 bonis
1098 1244 1306 1276 naturalibus.
1323 1260 1344 1267 -

270 1291 311 1323 Et
333 1290 564 1330 confirmatur„
577 1291 665 1335 Quia
688 1290 769 1322 sicut
792 1290 946 1332 reperitur
964 1291 1067 1321 iustus
1089 1289 1123 1320 in
1154 1299 1220 1319 uno
1243 1288 1344 1328 gradu

270 1343 300 1366 et
323 1335 391 1366 riori
400 1330 554 1374 2“iffiilio,
578 1335 621 1366 ita
645 1343 675 1367 et
698 1335 832 1376 patiens.
864 1334 904 1366 Et
935 1333 1048 1375 reperti
1073 1340 1147 1364 sunt
1171 1332 1264 1364 multi
1288 1330 1345 1374 qui

269 1380 424 1421 patienter
464 1379 684 1412 sustinuerunt
718 1388 872 1415 carceres,
903 1386 960 1410 etc.
971 1402 978 1416 ,
1010 1379 1064 1409 sed
1098 1387 1163 1408 non
1195 1384 1345 1408 mortem.
1370 1391 1371 1399 1

1370 1448 1372 1463 ὲ
1400 1432 1466 1452 esse
1481 1422 1590 1456 istum,
1607 1421 1663 1463 qui
1687 1428 1794 1452 tamen
1810 1421 1843 1452 in
1860 1422 1988 1453 veritate
2005 1424 2044 1453 ab
2061 1422 2121 1454 isto
2139 1422 2252 1460 deficit,
2269 1424 2319 1454 vel
2335 1424 2411 1464 quia
2426 1432 2472 1455 est

270 1425 387 1463 Quare,
407 1431 467 1456 etc.

325 1469 365 1501 V.
390 1470 439 1500 Ad
463 1457 605 1511 primum
630 1468 766 1499 dubium
782 1467 799 1487 ⁴²
821 1467 936 1499 dicitur
956 1467 1073 1509 primo,
1089 1467 1269 1498 secundum
1292 1475 1344 1496 ve·
1370 1466 1371 1487 ἴ

1369 1520 1372 1555 ᾖ
1399 1519 1529 1553 propter
1558 1511 1700 1551 seipsum
1730 1511 1836 1542 Deum
1866 1519 1900 1542 ut
1929 1510 2026 1542 finem
2055 1513 2337 1553 supernaturalem.

270 1514 404 1553 ritatem,
420 1514 512 1555 quod
533 1512 685 1554 patientia
707 1522 834 1553 semper
849 1512 969 1553 patitur
991 1519 1121 1553 propter
1144 1512 1269 1543 bonum
1293 1520 1343 1542 ex-

269 1559 443 1598 trinsecum
465 1557 566 1598 magis
589 1564 748 1589 amatum:
779 1556 856 1599 quia
879 1564 1009 1598 propter
1041 1566 1186 1588 amorem
1209 1555 1284 1592 Dei,
1309 1563 1345 1587 ut
1370 1564 1371 1575 ¹

268 1596 306 1644 inJ
325 1602 388 1634 hoc
410 1609 498 1644 patet
524 1601 670 1634 articulo.
701 1601 758 1634 Iob
782 1601 952 1644 siquidem,
978 1609 1008 1633 et
1031 1601 1166 1643 quilibet
1187 1600 1344 1642 patienter

269 1647 372 1679 ferens
394 1646 587 1678 inevitabilia
610 1653 740 1688 propter
764 1647 931 1678 caelestem
955 1646 1100 1687 patriam,
1118 1646 1213 1677 habet
1236 1653 1343 1676 actum

267 1691 391 1724 virtutis
413 1692 583 1733 patientiae
599 1691 655 1733 qui
678 1699 734 1728 est,
751 1701 817 1722 non
835 1691 910 1732 pati,
927 1691 991 1725 sed.
1000 1690 1159 1732 faciendo
1173 1690 1214 1722 de
1236 1699 1343 1721 neces·
1368 1698 1371 1708 ²

266 1738 362 1769 sitate
381 1738 530 1769 virtutem
545 1736 573 1774 *,
588 1736 820 1778 aequanimiter
841 1744 872 1768 et
893 1736 1026 1767 libenter
1049 1735 1178 1767 sufferre
1202 1735 1342 1771 adversa,

268 1781 378 1823 ut-Dei
394 1781 544 1813 voluntas
559 1781 739 1822 impleatur.
766 1781 858 1813 Unde
875 1781 932 1812 Iob
947 1780 1025 1811 dixit
1038 1780 1071 1811 *:
1097 1780 1187 1812 Sicut
1201 1780 1342 1811 Domino

260 1826 401 1876 Ρζασιιίΐ,
426 1827 471 1859 ita
487 1826 620 1868 sactum
645 1831 709 1858 est:
731 1827 774 1857 sit
797 1835 912 1857 nomen
929 1825 1063 1856 Domini
1085 1825 1295 1856 benedictum.

322 1869 446 1903 Dicitur
469 1870 611 1903 secundo
635 1871 735 1912 quod,
756 1869 782 1901 si
805 1870 901 1901 etiam
916 1869 1068 1910 patientia
1092 1875 1265 1910 poneretur
1279 1868 1340 1898 vir·

266 1911 318 1947 tus⁴
333 1915 496 1958 acquisita,
509 1916 614 1946 adhuc
630 1915 802 1946 salvaretur
820 1914 910 1957 quod
929 1914 1051 1955 patiens
1067 1920 1197 1954 propter
1215 1914 1340 1944 bonum

266 1961 368 2002 magis
393 1966 536 1992 amatum
561 1960 628 1991 vult
652 1959 727 2000 pati.
753 1958 918 1997 Quoniam
941 1958 1028 1990 aliud
1052 1965 1099 1989 est
1122 1958 1241 1994 dicere,
1259 1967 1340 1998 pro-

260 2010 338 2047 pter
360 2005 476 2037 bonum
501 2005 610 2046 magis
632 2009 797 2036 amatum:
820 2011 850 2035 et
873 2003 970 2040 aliud,
982 2008 1124 2044 propter¹
1141 2003 1258 2034 bonum
1283 2012 1338 2033 ex-

266 2051 442 2081 trinsecum
473 2050 580 2091 magis
609 2054 764 2080 amatum.
794 2049 860 2080 Nec
883 2048 966 2079 valet
996 2055 1235 2088 argumentum,
1265 2048 1339 2079 Non

266 2094 336 2126 vult
358 2094 424 2135 pati
439 2101 571 2136 propter
593 2094 716 2125 bonurn
733 2093 944 2125 extrinsecum
960 2092 1060 2133 magis
1076 2100 1230 2128 amatum,
1254 2093 1340 2132 Ergo

267 2149 334 2170 non
356 2139 426 2171 vult
448 2138 514 2181 pati
538 2145 668 2180 propter
691 2139 815 2169 bonum
843 2137 944 2178 magis
977 2144 1134 2168 amatum:
1167 2137 1242 2178 quia
1266 2147 1339 2178 pro-

267 2183 350 2215 cedit
371 2194 390 2214 a
412 2182 580 2224 negatione
609 2181 766 2214 inferioris
789 2183 829 2213 ad
853 2181 1055 2223 negationem
1085 2181 1274 2222 superioris3
1304 2188 1341 2211 ut

266 2228 293 2259 si
315 2228 481 2263 diceretur.
503 2227 580 2258 Non
599 2233 647 2258 est
668 2227 788 2264 album,
812 2226 898 2267 Ergo
923 2235 989 2257 non
1013 2233 1059 2258 est
1078 2226 1268 2257 coloratum.
1292 2225 1340 2256 Ex

266 2273 329 2305 hoc
350 2273 448 2314 igitur
470 2273 560 2314 quod
575 2271 690 2313 aliquis
705 2270 900 2303 inevitabilia
922 2270 1031 2302 suffert
1045 2270 1122 2312 quia
1145 2271 1269 2302 bonum
1293 2277 1340 2301 est

266 2316 496 2360 aequanimiter
511 2316 641 2348 adversa
656 2315 795 2352 sufferre,
809 2315 952 2357 sequitur
965 2315 1055 2356 quod
1068 2322 1199 2356 propter
1214 2316 1339 2347 bonum

265 2362 367 2414 wjssis
389 2369 534 2394 amatum
556 2360 632 2392 velit
653 2361 730 2402 pati,
751 2360 869 2392 scilicet
892 2366 1023 2401 propter
1039 2361 1164 2391 bonum
1188 2360 1338 2402 aequani-

265 2406 394 2447 mitatis,
417 2425 439 2430 -
461 2406 528 2438 Nec
553 2404 661 2437 omisit
684 2408 807 2436 Auctor
821 2404 1008 2446 patientiam
1032 2405 1126 2436 hanc:
1152 2405 1207 2436 sed
1230 2404 1340 2446 posuit

263 2446 367 2493 ipsam
390 2451 506 2482 habere
531 2450 715 2482 ulteriorem
737 2449 845 2486 finem,
869 2449 987 2482 scilicet
1011 2450 1177 2481 caelestem
1194 2450 1340 2491 patriam.

268 2515 275 2523 -
319 2496 370 2527 Ad
393 2496 533 2537 glossam
564 2501 672 2526 autem
695 2505 713 2526 a
736 2495 874 2526 Martino
899 2495 1005 2525 datam
1029 2504 1125 2535 super
1154 2494 1340 2526 auctoritate

265 2538 447 2581 Augustini,
472 2540 587 2571 dicitur
608 2540 699 2581 quod
722 2539 899 2571 voluntaria
924 2546 980 2574 est,
1001 2547 1032 2571 et
1055 2547 1165 2570 contra
1187 2539 1339 2580 Augusti-

263 2595 354 2617 num.
379 2585 545 2624 Quoniam
561 2584 761 2625 Augustinus
782 2584 927 2626 loquitur
942 2585 981 2615 de
998 2584 1149 2625 patientia
1164 2591 1231 2615 tam
1254 2594 1340 2615 com-

265 2631 414 2662 mendata
430 2630 462 2660 in
483 2629 644 2670 Scriptura
660 2629 687 2660 ¹⁸².
712 2629 847 2660 Constat
862 2636 971 2660 autem
987 2629 1076 2671 quod
1092 2629 1229 2660 maxime
1253 2639 1340 2660 com-

265 2675 434 2706 mendatur
449 2674 482 2705 in
506 2673 666 2714 Scriptura
682 2673 834 2714 patientia
857 2674 914 2705 Iob
930 2674 957 2711 *,
977 2684 1075 2715 quam
1092 2673 1145 2704 ille
1161 2684 1178 2704 a
1195 2674 1339 2704 doctrina

265 2719 436 2760 Augustini
461 2718 608 2750 excludit.
633 2719 699 2750 Nec
729 2718 834 2749 innuit
858 2717 1058 2760 Augustinus
1082 2718 1175 2749 illum
1207 2728 1338 2749 sensum

263 2774 320 2806 per
336 2765 367 2806 ly
383 2769 495 2805 sponte
508 2764 672 2804 suscipere
686 2763 772 2804 quod
787 2764 932 2794 cruciat.-
950 2763 1105 2804 quoniam
1127 2763 1337 2803 Augustinus,

264 2817 300 2840 ut
313 2809 348 2841 in
364 2809 467 2841 littera
482 2809 542 2839 hac
558 2815 654 2848 patet,
672 2818 739 2839 non
755 2807 831 2839 dicit
846 2808 906 2844 sic;
927 2808 982 2838 sed
999 2808 1084 2844 dicit,
1100 2808 1220 2848 Sponte
1237 2809 1337 2839 susci-

257 2856 308 2895 pit
321 2854 422 2896 ferre
449 2851 533 2895 quod
562 2854 695 2885 cruciat.
729 2853 774 2883 Ita
804 2853 894 2893 quod
925 2852 1126 2892 Augustinus
1156 2862 1222 2883 non
1245 2853 1339 2893 ponit

263 2899 353 2940 quod
376 2898 499 2939 patiens
523 2904 638 2939 sponte
661 2897 793 2938 suscipit
817 2897 1010 2933 cruciatum,
1036 2897 1090 2927 sed
1114 2897 1204 2939 quod
1224 2904 1337 2938 sponte

263 2943 396 2983 suscipit
419 2943 498 2974 ferre
523 2942 716 2973 cruciatum:
750 2949 785 2972 ut
808 2941 852 2972 sic
882 2949 1057 2983 spontanea
1086 2941 1246 2982 susceptio
1270 2952 1337 2973 non

263 2988 415 3019 referatur
430 2988 471 3018 ad
488 2987 674 3023 cruciatum,
691 2987 746 3017 sed
769 2987 810 3016 ad
831 2985 1047 3017 sufferendum
1069 2986 1255 3022 cruciatum,
1271 2986 1337 3017 sive

263 3032 443 3064 evitabilem
466 3033 531 3063 sive
555 3042 631 3062 non.
657 3031 707 3062 Sic
724 3031 811 3061 enim
830 3031 887 3061 Iob
908 3037 1022 3071 sponte
1043 3031 1181 3070 suscepit
1204 3031 1338 3062 tolerare

263 3077 456 3109 inevitabilia
479 3077 619 3113 adversa,
643 3075 699 3117 qui
724 3086 789 3106 non
814 3082 930 3116 sponte
953 3075 1092 3116 suscepit
1115 3076 1254 3106 adversa.

318 3122 372 3153 VI.
397 3122 448 3152 Ad
472 3121 651 3152 secundum
675 3119 811 3151 dubium
829 3120 847 3139 *
870 3120 984 3151 dicitur
1007 3120 1108 3161 quod,
1124 3119 1283 3161 quidquid
1298 3120 1339 3151 sit

263 3167 302 3196 de
325 3166 455 3198 veritate
479 3165 702 3201 antecedentis,
727 3165 954 3206 consequentia
978 3174 1044 3195 non
1066 3164 1168 3201 valet,
1193 3171 1229 3195 ut
1251 3171 1339 3204 patet

264 3211 303 3241 de
319 3217 390 3242 actu
414 3210 504 3242 fidei:
522 3229 542 3233 -
557 3210 683 3252 Aliquis
707 3210 794 3240 euim
813 3217 900 3241 actus
917 3209 990 3240 fidei
1013 3216 1119 3249 potest
1142 3218 1210 3239 esse
1232 3209 1338 3240 bonus

263 3255 426 3286 moraliter
445 3262 476 3286 et
491 3265 559 3286 non
582 3254 759 3286 meritorie:
783 3255 869 3294 Ergo
885 3253 973 3290 fides,
991 3254 1168 3285 secundum
1185 3254 1275 3294 quod
1292 3261 1339 3284 est

263 3299 380 3336 virtus,
404 3306 511 3339 potest
535 3299 643 3330 haberi
667 3299 734 3330 sine
763 3299 899 3330 caritate.
930 3299 1034 3335 Nihil,
1058 3298 1207 3339 inquam,
1231 3298 1338 3329 valent

264 3343 452 3374 huiusmodi
465 3344 722 3385 consequentiae.
743 3343 810 3375 Stat
823 3343 907 3374 enirn
923 3344 1013 3385 quod
1029 3343 1144 3384 aliquis
1161 3343 1193 3372 in
1207 3349 1337 3383 peccato

264 3387 392 3419 mortali
410 3388 516 3419 credat
529 3388 638 3419 Deum
653 3388 773 3419 trinum
793 3395 824 3419 et
847 3398 961 3424 unum,
979 3387 1224 3429 etc.,>quoniam
1241 3397 1338 3427 opor-

264 3440 318 3469 tet,
335 3440 405 3468 etc.,
422 3432 599 3463 moraliter:
626 3440 658 3464 et
679 3440 787 3464 tamen
811 3433 929 3464 carebit
951 3432 1014 3463 fide
1038 3439 1074 3463 ut
1096 3439 1143 3463 est
1161 3432 1271 3462 virtus.
1298 3432 1338 3462 Et

264 3478 340 3518 quia
364 3477 403 3507 de
431 3476 584 3517 patientia
605 3477 640 3507 in
661 3477 764 3508 littera
787 3477 903 3508 dicitur
925 3478 1032 3519 quod,
1051 3477 1228 3508 secundum
1253 3476 1338 3517 quod

264 3527 311 3552 est
334 3523 448 3560 virtus,
474 3531 540 3551 non
565 3528 671 3561 potest
693 3521 802 3552 haberi
825 3522 892 3552 sine
919 3521 1018 3562 gratia
1042 3531 1072 3554 et
1095 3521 1238 3557 caritate;
1263 3521 1336 3551 ideo

264 3566 492 3607 consequentia
509 3565 588 3596 nihil
602 3565 695 3596 valet.
719 3582 741 3588 -
764 3568 816 3596 An
839 3573 946 3597 autem
963 3566 1115 3606 patientia
1138 3572 1246 3606 posset
1269 3575 1337 3596 esse

263 3610 420 3647 informis,
445 3610 526 3641 sicut
548 3609 636 3646 fides,
662 3619 729 3640 non
753 3610 930 3641 determino
954 3620 1056 3647 nunc,
1081 3611 1138 3641 sed
1161 3617 1235 3651 post
1250 3609 1268 3629 *
1290 3610 1334 3640 in-

263 3655 417 3696 quiretur.
447 3655 501 3686 Sat
524 3661 571 3685 est
594 3653 763 3695 proposito
787 3654 877 3695 quod
900 3655 1127 3696 consequentia
1151 3665 1218 3685 non
1242 3655 1335 3685 valet.

2404 279 2472 315 103

1459 357 1510 387 Ad
1533 358 1710 388 secundum
1735 357 1849 388 dicitur
1873 357 1962 398 quod
1985 357 2173 388 antecedens
2198 365 2244 388 est
2266 357 2473 397 impossibile,

1403 401 1568 442 loquendo
1600 403 1639 432 de
1667 402 1818 442 patientia
1850 409 1885 432 ut
1913 408 1958 432 est
1981 401 2089 432 virtus.
2123 401 2164 432 Et
2188 402 2226 432 ad
2251 401 2473 442 probationem

1404 446 1442 476 de
1465 445 1527 476 fide
1551 446 1664 477 dicitur
1688 447 1776 487 quod
1793 445 1870 476 fides
1887 445 2032 476 informis
2050 456 2115 476 non
2138 453 2185 477 est
2208 446 2392 487 simpliciter
2414 447 2473 477 vir-

1404 497 1470 520 tus:
1496 497 1532 521 ut
1554 497 1641 531 patet
1665 500 1700 521 ex
1725 490 1871 531 superius
1886 491 1903 509 *
1927 490 2016 521 dictis
2039 491 2078 521 ab
2102 493 2252 522 Auctore.

1459 535 1500 565 Et
1522 545 1578 575 per
1602 535 1663 566 hoc
1687 543 1772 575 patet
1797 535 1915 566 solutio
1940 534 2037 566 tertii:
2073 535 2190 566 scilicet
2219 536 2308 576 quod
2337 543 2410 576 post
2431 536 2474 565 la—

1403 589 1497 619 psum
1521 579 1554 609 in
1582 580 1716 610 mortale
1746 586 1928 620 peccatum,
1954 580 2033 610 dum
2065 579 2138 620 quis
2169 587 2215 610 est
2239 579 2305 610 sine
2337 580 2473 615 caritate,

1403 634 1467 653 non
1491 631 1597 664 potest
1620 624 1702 654 exire
1725 624 1756 654 in
1782 632 1888 655 actum
1912 623 2081 664 patientiae
2105 631 2140 655 ut
2163 631 2210 655 est
2232 625 2341 655 virtus.

1455 668 1507 698 Ad
1531 674 1696 709 quartum,
1722 676 1854 709 negatur
1882 675 2100 710 assumptum:
2134 669 2290 709 quoniam
2319 668 2473 710 praeferre

1401 713 1432 743 in
1456 712 1585 744 veritate
1609 714 1775 744 caelestem
1795 713 1929 753 patriam
1946 713 2098 744 omnibus
2121 723 2188 744 non
2210 720 2317 754 potest
2332 720 2473 744 creatura

1402 757 1562 788 rationalis
1585 757 1652 801 sine
1676 757 1812 788 caritate.
1842 758 1907 789 Nec
1931 765 2098 799 propterea
2114 757 2274 799 sequitur:
2305 757 2392 799 Ergo
2415 768 2473 788 vo-

1401 802 1504 832 luntas
1528 812 1594 832 non
1618 808 1665 833 est
1687 801 1794 834 libera.
1819 802 1880 833 Sed
1898 802 1977 833 bene
2002 802 2162 843 sequitur:
2187 802 2272 843 Ergo
2297 809 2344 833 est
2365 802 2473 842 impo-

1402 854 1469 876 tens
1493 846 1532 876 ad
1557 845 1777 877 celsitudinem
1801 846 1879 877 tanti
1905 854 2010 883 actm,
2035 846 2190 888 quoniam
2213 853 2260 878 est
2287 854 2375 878 actus
2399 857 2472 887 pro-

2503 489 2512 498 ·
2528 488 2575 515 Qu.
2591 495 2622 513 iv,
2639 492 2679 510 art.
2695 495 2715 517 5.

1401 889 1488 931 prius
1513 890 1658 927 caritatis,
1677 901 1712 921 ac
1735 900 1791 931 per
1814 890 1876 921 hoc
1892 891 2149 931 supernaturalis.
2174 908 2194 915 -·
2216 891 2329 923 Posset
2344 891 2426 926 forte
2442 898 2474 922 et
2502 898 2505 901 ·

1400 934 1488 965 aliter
1510 934 1583 971 dici,
1607 935 1834 974 distinguendo
1858 936 1948 975 quod
1971 935 2126 975 praeferre
2146 937 2312 967 caelestem
2336 935 2471 976 patriam

1401 979 1551 1011 omnibus
1575 979 1731 1019 contingit
1754 979 1938 1019 dupliciter:
1964 990 2029 1010 uno
2054 981 2171 1017 modo,
2196 981 2304 1021 quoad
2328 981 2472 1011 substan·

1401 1023 1478 1054 tiam
1500 1030 1608 1059 actus;
1642 1023 1704 1053 alio
1729 1023 1847 1059 modo,
1871 1023 2022 1055 virtuose.
2051 1024 2093 1054 Et
2123 1026 2212 1065 quod
2235 1025 2307 1056 licet
2331 1032 2471 1056 creatura

1401 1066 1560 1098 rationalis
1583 1074 1693 1107 posset
1717 1067 1859 1107 primurn
1885 1077 1922 1097 ex
1942 1066 2003 1098 fide
2027 1067 2157 1099 informi
2181 1076 2210 1099 et
2234 1069 2361 1109 speciali
2385 1069 2471 1100 auxi-

1399 1111 1442 1142 lio
1460 1111 1529 1148 Dei,
1550 1121 1617 1142 non
1640 1117 1746 1151 potest
1769 1118 1875 1142 tamen
1901 1112 2077 1142 secundum
2101 1113 2168 1143 sine
2193 1113 2328 1150 caritate,
2349 1114 2470 1144 sola.¹-

1401 1155 1505 1186 Prima
1528 1155 1695 1195 responsio
1726 1163 1832 1186 tamen
1856 1156 1958 1186 solida
1982 1163 2046 1187 est:
2078 1157 2152 1197 quia
2180 1158 2251 1198 ipso
2276 1157 2359 1188 facto
2382 1158 2471 1198 quod

1400 1199 1471 1241 quis
1494 1200 1527 1230 in
1550 1200 1680 1230 veritate
1704 1199 1839 1240 praefert
1862 1200 1978 1237 Deum,
2001 1207 2035 1231 ut
2059 1201 2238 1242 Principem
2262 1202 2379 1242 patriae
2404 1213 2470 1233 cae-

1400 1244 1497 1280 lestis,
1520 1244 1672 1275 omnibus
1695 1244 1728 1274 in
1752 1254 1808 1275 sua
1825 1244 2000 1282 voluntate,
2017 1245 2081 1276 iarn
2105 1245 2138 1276 in
2162 1246 2287 1277 caritate
2308 1253 2371 1277 est:
2397 1257 2471 1277 cum

1400 1289 1512 1320 caritas
1540 1288 1585 1319 nil
1613 1288 1699 1319 aliud
1724 1288 1762 1320 sit
1792 1299 1891 1330 quam
1921 1299 2013 1320 amor
2042 1290 2118 1326 Dei,
2143 1290 2187 1322 sic
2215 1291 2352 1330 sumpti,
2377 1301 2472 1330 super

1400 1332 1518 1364 omnia.
1542 1333 1609 1363 Nec
1626 1332 1691 1363 ulla
1706 1332 1816 1364 caritas
1833 1333 1986 1374 acquisita
2010 1334 2050 1364 ad
2066 1334 2152 1366 hunc
2172 1342 2278 1365 actum
2294 1335 2326 1365 in
2343 1335 2471 1366 veritate

1400 1378 1514 1408 ducere
1538 1376 1669 1409 sufficit:
1701 1377 1755 1407 sed
1780 1378 1819 1407 ad
1844 1377 1983 1419 aliquem
2009 1385 2115 1409 actum
2139 1389 2236 1420 quem
2268 1379 2471 1410 aestimamus

1399 1477 1473 1498 cum
1490 1466 1598 1508 aliquo
1619 1466 1747 1497 mortali
1763 1467 1891 1497 occulto
1903 1491 1910 1503 ,
1936 1468 1984 1498 vel
2000 1468 2076 1508 quia
2092 1475 2138 1498 est
2160 1476 2304 1508 respectu
2329 1469 2388 1499 Dei
2405 1479 2471 1499 non

1453 1557 1504 1587 Ad
1527 1555 1679 1597 quintum
1695 1555 1810 1586 dicitur
1833 1556 1923 1597 quod
1945 1557 2063 1587 solutio
2082 1557 2231 1588 Auctoris
2247 1564 2293 1588 est
2313 1558 2406 1588 bona.
2431 1558 2471 1588 Et

1397 1600 1437 1631 ad
1451 1600 1723 1642 improbationem
1743 1600 1858 1632 dicitur
1874 1601 1963 1642 quod
1983 1601 2115 1632 destruit
2134 1601 2281 1643 seipsam.
2307 1602 2471 1640 Quoniam

1397 1655 1434 1676 ex
1458 1655 1522 1676 una
1546 1652 1634 1686 parte
1651 1644 1726 1676 dicit
1749 1645 1839 1686 quod
1856 1646 2127 1677 commensuratio
2147 1646 2223 1677 boni
2248 1646 2343 1677 amati
2362 1647 2402 1676 ad
2417 1656 2470 1676 na-

1397 1697 1499 1721 turam
1518 1698 1564 1722 est
1579 1689 1803 1731 impertinens:
1829 1696 1859 1721 et
1879 1700 1916 1720 ex
1932 1690 1992 1721 alia
2008 1697 2095 1732 parte
2113 1690 2187 1722 dicit
2201 1692 2290 1732 quod
2306 1701 2398 1722 amor
2413 1691 2471 1722 hu-

1397 1736 1446 1766 ius
1462 1735 1540 1766 boni
1555 1742 1602 1765 est
1618 1734 1747 1776 propria
1762 1734 1842 1765 ratio
1860 1734 2054 1766 tolerantiae.
2075 1735 2210 1767 Constat
2225 1746 2366 1777 namque
2382 1736 2470 1776 quod

1397 1779 1667 1810 commensuratio
1684 1779 1761 1810 boni
1784 1779 1928 1810 amabilis
1944 1780 1983 1810 ad
2007 1787 2168 1811 amantem
2183 1791 2248 1811 non
2265 1787 2311 1811 est
2326 1781 2470 1821 imperti-

1398 1834 1474 1855 nens
1501 1824 1540 1855 ad
1570 1833 1732 1855 amorem:
1757 1823 1859 1854 immo
1884 1824 2066 1855 naturaliter
2096 1835 2242 1855 amamus
2268 1836 2469 1857 commensu-

1397 1875 1472 1906 rata,
1490 1876 1520 1899 et
1541 1868 1834 1900 incommensurata
1849 1875 1979 1899 naturae
1995 1876 2050 1900 aut
2067 1868 2208 1910 fugimus
2232 1877 2287 1901 aut
2302 1880 2367 1900 non
2385 1880 2469 1900 ama-

1396 1924 1477 1944 mus.
1502 1913 1550 1944 Ex
1565 1913 1627 1944 hoc
1643 1920 1751 1944 autem
1771 1913 1860 1954 quod
1884 1914 2154 1944 commensuratio
2174 1913 2308 1954 pertinet
2324 1915 2363 1944 ad
2381 1924 2467 1945 amo-

1395 1967 1472 1995 rem,
1487 1957 1609 1998 optime
1632 1957 1753 1988 reddita
1773 1965 1819 1988 est
1842 1957 1922 1989 ratio
1939 1957 2116 1998 patientiae,
2135 1968 2217 1999 quae
2235 1968 2271 1989 ex
2289 1969 2397 1989 amore
2413 1970 2468 1989 na-

1394 2002 1501 2034 scitur.
1525 2019 1547 2026 ·-
1569 2003 1636 2033 Nec
1653 2008 1700 2033 est
1714 2011 1836 2038 verum,
1854 2010 1889 2033 ut
1912 2009 1998 2043 patet
2020 2012 2057 2033 ex
2080 2002 2180 2040 dictis,
2196 2004 2286 2044 quod
2301 2004 2342 2034 ad
2357 2013 2469 2034 verum

1395 2056 1538 2079 amorem
1554 2046 1856 2088 supernaturalium,
1873 2053 1942 2084 etc„
1959 2046 2116 2078 sufficiant
2132 2055 2232 2078 cetera
2249 2048 2315 2078 sine
2333 2048 2468 2080 caritate.

1451 2092 1501 2123 Ad
1517 2098 1652 2128 sextum,
1671 2091 1854 2122 conceditur
1875 2091 2103 2132 consequentia
2120 2093 2158 2122 de
2174 2092 2240 2133 pati
2257 2099 2293 2123 ut
2317 2099 2362 2123 est
2379 2100 2467 2124 actus

1396 2135 1563 2176 patientiae
1587 2135 1720 2167 virtutis.
1748 2135 1815 2166 Nec
1838 2135 2013 2167 haereticus
2037 2135 2151 2177 aliquis
2176 2136 2219 2167 sic
2244 2147 2389 2177 unquam
2413 2148 2468 2179 pa·

1394 2181 1470 2211 titur
1492 2190 1552 2221 pro
1577 2180 1716 2212 Christo.
1741 2197 1762 2204 -
1785 2180 1883 2218 Quod
1908 2187 2015 2211 autem
2038 2180 2096 2211 iste
2113 2181 2196 2218 dicit,
2221 2182 2310 2222 quod
2333 2181 2365 2212 in
2390 2182 2470 2212 veri-

1395 2233 1457 2256 tate
1481 2225 1553 2256 licet
1570 2235 1636 2256 non
1653 2225 1790 2266 patiatur
1805 2235 1865 2265 pro
1882 2224 2022 2262 Christo,
2039 2224 2155 2256 sufficit
2173 2226 2262 2266 quod
2277 2225 2345 2266 ipse
2365 2226 2470 2258 credat

1395 2269 1460 2310 pati
1483 2279 1542 2311 pro
1566 2269 1706 2306 Christo,
1721 2279 1788 2300 non
1813 2276 1883 2310 eget
1907 2269 1967 2300 alia
1989 2270 2210 2311 responsione:
2236 2270 2391 2311 quoniam
2416 2271 2469 2301 de-

1395 2314 1487 2346 struit
1509 2314 1718 2345 fundamenta
1741 2314 1921 2354 theologiae
1946 2322 1976 2345 et
2000 2314 2223 2355 philosophiae
2247 2315 2385 2351 moralis,
2410 2315 2468 2346 sci-

1395 2360 1484 2391 licet:
1507 2359 1635 2390 Bonum
1660 2359 1829 2401 consurgit
1852 2369 1894 2390 ex
1916 2369 2016 2390 causa
2041 2360 2188 2401 integra,
2213 2361 2334 2391 malum
2359 2365 2467 2391 autem

1395 2415 1437 2435 ex
1458 2404 1659 2445 particulari
1681 2403 1808 2445 defectu
1825 2403 1851 2435 *.
1878 2403 1964 2434 Cum
1988 2403 2073 2434 enim
2090 2404 2141 2435 hic
2165 2404 2204 2435 sit
2228 2404 2420 2446 apparentia,
2438 2413 2468 2436 et

1395 2448 1519 2480 deficiat
1541 2449 1664 2485 veritas,
1680 2448 1739 2479 iste
1763 2448 1902 2478 somniat
1926 2458 1993 2479 esse
2010 2455 2116 2479 actum
2139 2449 2263 2480 virtutis
2287 2449 2467 2490 patientiae,

1395 2504 1431 2525 ac
1454 2504 1511 2534 per
1533 2494 1596 2525 hoc
1619 2495 1760 2524 bonum:
1785 2493 1874 2534 quod
1899 2500 1947 2524 est
1970 2493 2150 2525 ridiculum.

1450 2539 1519 2570 VII.
1542 2539 1596 2569 Ad
1617 2537 1747 2569 tertium
1771 2537 1907 2568 dubium
1925 2537 1944 2556 *
1966 2545 2051 2578 patet
2074 2538 2241 2578 responsio
2265 2548 2301 2568 ex
2321 2538 2411 2568 dictis
2435 2538 2466 2569 in

1395 2583 1500 2624 pn'mo
1524 2582 1624 2614 dubio
1638 2582 1666 2613 *.
1690 2583 1774 2613 Nam
1799 2582 1950 2623 patientia
1973 2582 2141 2623 quaelibet,
2166 2583 2191 2613 si
2217 2590 2262 2613 est
2285 2582 2394 2619 virtus,
2421 2592 2466 2613 re-

1394 2628 1486 2670 spicit
1505 2635 1536 2658 et
1551 2627 1648 2658 finem
1663 2627 1858 2663 increatum;
1883 2634 1914 2658 et
1929 2626 2027 2658 finem
2051 2634 2200 2663 creatum,
2218 2627 2273 2668 qui
2296 2634 2343 2657 est
2359 2626 2467 2658 fruitio

1393 2680 1537 2704 aeternae
1561 2672 1695 2712 patriae;
1726 2678 1756 2702 et
1778 2670 1876 2702 finem
1906 2671 2121 2702 intrinsecum.
2150 2672 2216 2702 Nec
2241 2671 2325 2702 ullus
2348 2671 2465 2701 horum

1394 2725 1440 2749 est
1463 2724 1547 2748 extra
1571 2716 1775 2758 propositum
1799 2715 1923 2746 virtutis
1946 2715 2125 2756 patientiae.

1449 2762 1532 2793 VIII.
1558 2762 1610 2792 Ad
1633 2767 1784 2802 quartum
1808 2760 1991 2797 dubium*‚
2017 2771 2075 2801 pro
2100 2767 2221 2800 quanto
2248 2768 2342 2800 negat
2365 2760 2465 2790 maio-

1395 2817 1460 2837 rem
1485 2814 1515 2838 et
1538 2806 1630 2847 ponit
1653 2815 1747 2846 posse
1763 2805 1850 2845 diligi
1874 2815 1969 2845 super
1992 2805 2100 2835 omnia
2120 2805 2226 2836 Deum
2245 2805 2312 2835 sine
2329 2804 2465 2841 caritate,

1393 2851 1457 2882 iam
1481 2861 1673 2892 responsum
1697 2857 1743 2880 est
1766 2850 1799 2880 in
1823 2850 1964 2880 secundo
1989 2850 2088 2880 dubio
2104 2849 2130 2880 *.

1448 2896 1511 2927 Pro
1543 2902 1665 2937 quanto
1696 2905 1771 2925 vero
1800 2901 1893 2934 negat
1922 2894 2098 2930 minorem,
2124 2894 2237 2925 dicitur
2264 2894 2370 2935 quod,
2394 2893 2466 2923 licet

1392 2940 1516 2982 patiens
1539 2950 1598 2981 pro
1630 2939 1758 2971 Christo
1789 2949 1855 2969 non
1879 2938 2023 2980 quolibet
2057 2945 2128 2969 actu
2159 2938 2298 2979 patiendi
2329 2938 2466 2978 patiatur

1393 2985 1604 3026 privationem
1638 2984 1787 3014 omnium
1818 2983 2028 3020 naturalium,
2057 2983 2126 3023 ipsa
2159 2990 2265 3013 tamen
2296 2982 2465 3022 patientiae

1392 3030 1492 3061 virtus
1517 3037 1592 3060 nata
1616 3036 1662 3059 est
1686 3029 1759 3059 dare
1790 3027 1869 3064 hoc,
1895 3035 1930 3059 ut
1952 3028 2053 3058 homo
2084 3027 2238 3068 praeferat
2268 3028 2374 3057 Deum
2398 3036 2464 3056 non

1394 3074 1468 3105 huic
1491 3074 1541 3104 vel
1564 3073 1619 3108 illi,
1637 3073 1692 3103 sed
1716 3072 1867 3103 omnibus
1890 3072 2087 3103 naturalibus
2111 3072 2214 3102 bonis.

1448 3119 1500 3150 Ad
1524 3117 1801 3149 confirmationem
1818 3117 1931 3148 dicitur
1950 3117 2049 3157 quod,
2066 3117 2138 3147 licet
2157 3115 2254 3157 aliqui
2278 3116 2341 3145 sint
2364 3114 2464 3154 magis

1394 3163 1548 3203 patientes
1571 3173 1670 3204 quam
1694 3162 1756 3198 alii,
1782 3172 1894 3192 omnes
1918 3169 2025 3192 tamen
2050 3161 2198 3191 virtutem
2218 3160 2386 3200 patientiae
2410 3160 2464 3189 ha-

1394 3209 1512 3244 bentes,
1537 3214 1572 3238 ut
1596 3207 1655 3243 sic,
1679 3206 1875 3238 conveniunt
1897 3206 1930 3236 in
1953 3206 2015 3236 hoc
2038 3206 2128 3246 quod
2151 3206 2257 3236 Deum
2286 3204 2464 3245 praeferant

1394 3252 1545 3282 omnibus
1567 3251 1781 3286 naturalibus,
1806 3250 1888 3281 sicut
1912 3260 2024 3280 omnes
2044 3250 2118 3280 iusti
2139 3249 2172 3279 in
2195 3249 2257 3279 hoc
2281 3249 2370 3290 quod
2394 3248 2463 3279 uni-

1394 3297 1509 3338 cuique
1531 3296 1646 3326 volunt
1669 3295 1756 3336 quod
1781 3305 1878 3325 suum
1897 3302 1954 3325 est.
1975 3294 2023 3324 Illi
2046 3304 2122 3324 vero
2146 3294 2213 3335 qui,
2238 3293 2372 3324 tolerato
2397 3303 2463 3323 car-

1394 3351 1462 3372 cere
1484 3347 1554 3376 etc„
1572 3339 1723 3370 deficiunt
1738 3339 1771 3369 in
1787 3339 1951 3370 toleranda
1974 3345 2087 3375 morte,
2105 3338 2131 3369 si
2147 3349 2166 3368 a
2185 3338 2343 3378 principio
2360 3347 2462 3378 usque

1394 3386 1432 3416 ad
1450 3395 1606 3416 carcerem
1622 3391 1747 3415 tantum
1774 3383 1874 3424 parati
1890 3390 1986 3419 erant,
2004 3393 2071 3414 non
2090 3382 2174 3423 passi
2197 3389 2272 3413 sunt
2288 3393 2325 3413 ex
2347 3382 2462 3413 virtute

1395 3429 1571 3471 patientiae,
1588 3429 1644 3460 sed
1666 3439 1704 3459 ex
1718 3438 1776 3459 sua
1791 3428 1998 3459 inclinatione
2021 3435 2052 3458 et
2074 3427 2303 3458 aestimatione.
2328 3427 2361 3458 Si
2386 3436 2461 3458 vero

1393 3485 1410 3505 a
1426 3474 1584 3515 principio
1601 3473 1747 3514 dispositi
1763 3479 1852 3504 erant
1867 3473 1907 3503 ad
1923 3472 2033 3503 omnia
2047 3482 2106 3513 pro
2124 3471 2252 3503 Christo
2267 3471 2461 3507 sustinenda,

1393 3520 1446 3550 sed
1470 3519 1682 3560 postmodum
1706 3516 1902 3548 defecerunt:
1926 3517 2011 3558 passi
2033 3517 2166 3558 quidem
2189 3523 2264 3547 sunt
2287 3527 2324 3546 ex
2347 3516 2461 3546 virtute

1393 3562 1571 3606 patientiae,
1588 3563 1670 3594 sicut
1689 3572 1726 3593 ex
1741 3561 1882 3598 caritate3
1907 3562 1963 3592 sed
1986 3561 2061 3603 quia
2081 3571 2149 3592 non
2172 3567 2459 3601 perseveraverunt,

1392 3619 1429 3639 ex
1452 3608 1553 3639 nimio
1578 3617 1686 3638 amore
1705 3606 1877 3648 praesentis
1900 3606 1992 3643 vitae,
2011 3606 2084 3637 ideo
2109 3605 2277 3646 patientiae
2300 3605 2458 3639 virtutem,

1393 3653 1489 3684 simul
1513 3663 1587 3684 cum
1612 3651 1749 3688 caritate,
1774 3651 1989 3692 perdiderunt.

2495 2413 2505 2423 ⁸
2514 2412 2610 2440 Dionys.
2618 2412 2648 2433 de
2655 2411 2710 2433 Diu.

2495 2438 2571 2465 Nom„
2588 2445 2638 2466 cap.
2654 2445 2682 2459 iv.
2698 2449 2708 2453 -

2495 2466 2520 2487 S.
2533 2465 2578 2487 Th.
2589 2466 2640 2487 lect.
2652 2471 2709 2487 xxn.

2496 2545 2504 2553 ⁴
2518 2543 2590 2565 Num.
2605 2550 2639 2565 ιιι,

2495 2592 2503 2600 ·
2519 2590 2590 2611 Num.
2605 2597 2627 2611 v.

2492 2768 2501 2776 ⁸
2517 2766 2587 2787 Num.
2603 2772 2633 2787 iv.

2494 2847 2502 2855 ⁸
2518 2845 2588 2866 Num.
2604 2851 2633 2866 vi.
