2768 4198
31 508 47 528 1,
64 501 91 522 ad
107 507 126 522 2.

30 1870 40 1880 ⁸
54 1869 121 1891 Vei-s.
138 1875 162 1895 ιι,
179 1875 207 1890 12.

34 2830 44 2839 ⁸
50 2828 123 2877 {piet
133 2828 249 2855 Minoris,

36 2862 51 2877 α
101 2854 248 2882 Leandrum,

34 2889 86 2910 cap.
101 2888 117 2903 1.

43 3369 53 3378 ⁸
66 3367 118 3388 Art.
133 3372 157 3393 2;
172 3370 213 3388 nrt.
230 3373 251 3394 7,

43 3392 72 3416 nd
87 3399 103 3420 1,
118 3398 138 3415 2.

276 256 349 291 500

272 344 370 372 mere,
396 334 531 365 dubium
555 333 707 368 occurrit,
732 331 887 372 quoniam
911 330 973 359 hoc
997 335 1154 368 repugnat
1177 337 1273 367 supra
1297 326 1343 356 di·

273 379 339 409 ctis.
369 378 475 409 Minus
499 377 585 408 enim
609 384 655 407 est
678 378 798 416 Papam
823 374 957 405 eximere
981 373 1121 413 aliquem
1145 382 1162 402 a
1186 382 1244 402 sua
1268 371 1343 401 obe-

272 423 389 454 dientia
412 433 509 464 quam
534 421 724 453 constituere
747 420 839 450 illum
860 427 955 458 supra
975 428 1017 448 se.
1043 417 1105 448 Sed
1121 417 1207 457 Papa
1226 422 1342 456 potest,

32 476 42 486 ·
57 475 104 502 Qu.
121 477 246 501 1-xvn‚art.
272 478 308 498 ex
332 477 427 508 supra
442 468 459 486 *
484 467 582 502 dictis,
607 466 741 495 subdere
765 474 797 494 se
821 462 908 493 alteri
933 469 968 493 ut
991 461 1098 492 iudici.
1127 462 1213 501 Ergo
1237 471 1255 491 a
1279 460 1343 490 for-

275 512 346 542 tiori
370 518 475 552 potest
498 511 637 551 aliquem
663 509 797 539 eximere
821 518 838 537 a
863 517 905 538 se.
943 507 984 537 Et
1012 506 1037 536 si
1061 516 1128 536 non
1157 512 1263 546 potest
1286 505 1341 535 ali·
1368 523 1369 532 η

271 566 369 597 quem
393 556 527 586 eximere
552 565 569 584 a
592 564 642 590 se,
668 553 771 583 multo
796 551 902 582 minus
930 558 1036 591 potest
1059 550 1201 591 aliquem
1225 549 1342 580 consti·
1368 572 1369 590 ἢ

271 608 358 631 tuere
382 600 520 630 iudicem
544 608 639 637 supra
664 607 709 628 se.

327 645 376 675 Ad
400 645 461 674 hoc
485 643 599 673 dicitur
622 642 721 682 quod,
747 640 1026 681 quemadmodum
1045 640 1130 680 Papa
1151 649 1217 669 non
1237 646 1342 680 potest

270 689 409 729 aliquem
432 699 449 718 a
466 697 522 717 sua
538 685 717 717 obedientia
742 685 877 716 eximere
894 685 1043 721 totaliter,
1061 684 1137 726 quia
1154 694 1220 715 non
1237 691 1343 725 potest

270 744 360 763 suam
384 738 573 772 potestatem
597 730 754 767 minuere3
779 736 885 770 potest
904 736 1012 760 tamen
1032 736 1146 769 sponte
1170 729 1343 770 partialiter

270 787 323 807 seu
350 777 526 807 secundum
551 775 629 816 quid
660 775 801 816 aliquem
825 775 971 811 eximere,
992 774 1162 804 statuendo
1190 774 1241 804 vel
1265 784 1341 805 con-

270 822 410 852 cedendo
435 821 522 861 quod
548 830 613 850 non
638 827 782 851 teneatur
805 819 983 859 apostolico
1013 825 1183 859 praecepto
1213 819 1342 849 obedire

269 866 326 896 nisi
351 865 512 896 contineat
539 865 634 895 talem
661 864 856 901 clausulam,
890 865 980 905 quod
1010 863 1146 904 pertinet
1175 864 1215 894 ad
1245 874 1342 895 usum

267 910 430 950 potestatis
454 909 592 950 papalis:
617 909 660 940 ita
683 909 770 950 Papa
793 919 859 939 non
883 915 990 949 potest
1013 919 1046 939 se
1070 908 1223 939 subiicere
1248 908 1342 939 alicui

266 955 309 985 ita
333 955 422 995 quod
446 954 498 984 ille
524 954 563 985 sit
586 953 725 984 totaliter
756 964 811 984 seu
837 953 1021 995 simpliciter
1045 953 1139 984 iudex
1166 964 1261 994 supra
1285 954 1343 984 Pa-

266 1010 351 1040 pam.
389 999 473 1036 Quia
503 1009 569 1030 non
603 1005 710 1039 potest
739 999 884 1029 minuere
922 1009 1014 1029 suam
1046 1005 1254 1039 potestatem:
1287 999 1342 1029 sed

266 1051 392 1084 oportet
412 1044 462 1074 vel
485 1044 575 1085 quod
598 1044 762 1074 subtrahat
785 1053 956 1084 personam
976 1053 1068 1074 suam
1088 1043 1227 1074 totaliter
1245 1054 1263 1073 a
1283 1053 1342 1084 po-

266 1097 376 1120 testate
401 1089 525 1129 papali,
550 1089 763 1120 renuntiando
787 1088 936 1129 papatui,
962 1095 992 1120 et
1016 1088 1060 1119 sic
1083 1089 1170 1128 Papa
1194 1098 1261 1119 non
1285 1088 1344 1119 erit

266 1134 422 1170 subditus,
448 1134 503 1164 sed
526 1143 663 1174 persona
683 1133 818 1174 spoliata
834 1144 851 1164 a
868 1133 971 1174 seipsa
988 1140 1107 1174 papatu
1125 1133 1250 1164 subdita
1267 1133 1341 1170 erit;

266 1179 315 1209 vel
341 1179 430 1219 quod
455 1179 569 1209 habeat
593 1185 694 1209 totam
719 1188 811 1209 suam
835 1185 1036 1218 potestatem,
1062 1178 1088 1208 si
1112 1185 1158 1208 est
1181 1178 1277 1218 Papa.
1302 1178 1343 1210 Et

889 248 1157 297 QUAESTIO
1187 246 1436 293 CLXXXVI,
1466 246 1765 284 ARTICULUS
1795 247 1848 283 IX

1396 324 1458 355 hoc
1483 335 1500 355 a
1523 326 1595 356 solo
1620 325 1750 357 Christo
1773 326 1917 356 Domino
1943 326 2110 366 dependet,
2135 326 2225 367 quod
2248 326 2335 366 Papa
2357 326 2473 356 habeat

1395 369 1492 399 talem
1517 377 1547 400 et
1570 377 1691 401 tantam
1711 377 1912 410 potestatem.
1937 371 2031 402 Unde
2047 380 2106 401 nec
2121 370 2189 411 ipse
2205 371 2301 410 Papa,
2318 380 2376 401 nec
2390 370 2472 401 alius

1396 420 1502 454 potest
1526 413 1648 445 efficere
1671 415 1771 455 quod,
1793 425 1925 446 manens
1940 415 2036 456 Papa,
2061 415 2221 445 minorem
2245 414 2359 445 habeat
2381 422 2472 456 pote-

1396 465 1520 488 statem.
1545 459 1654 490 Potest
1672 466 1780 490 tamen
1796 469 1863 490 non
1879 460 1926 490 uti
1943 470 2000 490 sua
2017 466 2188 500 potestate:
2212 466 2242 490 et
2259 459 2302 490 sic
2319 459 2473 490 subiicere

1396 512 1429 532 se
1453 502 1581 533 alterius
1604 503 1735 534 iudicio.
1760 504 1802 534 Et
1825 504 1914 541 sicut,
1940 505 2109 535 statuendo
2129 505 2179 535 ius
2197 514 2381 540 commune,
2400 505 2475 534 sub-

1394 546 1459 577 iicit
1476 557 1508 577 se
1525 548 1692 578 communi
1708 548 1785 584 iuri;
1811 555 1842 579 et
1858 549 2064 580 concedendo
2080 549 2294 590 privilegium,
2313 548 2473 588 obligatus

1395 599 1539 623 remanet
1561 592 1676 623 deinde
1700 593 1739 622 ad
1763 593 2000 624 observandum
2017 593 2229 634 privilegium,
2248 594 2338 634 quod
2355 604 2372 623 a
2388 593 2473 634 prin-

1397 636 1479 676 cipio
1505 637 1642 677 gratiose
1667 643 1880 668 concesserat:
1905 638 1958 675 ita,
1984 648 2022 668 ex
2044 649 2111 679 quo
2136 646 2251 679 sponte
2275 648 2308 669 se
2333 637 2475 668 subdidit

1396 680 1530 711 alicuius
1553 681 1684 717 iudicio,
1710 688 1834 712 tenetur
1858 689 1939 712 stare
1963 683 2022 713 sub
2046 683 2132 714 illius
2155 683 2286 714 iudicio.
2312 683 2374 714 Sed
2388 682 2474 723 *quia

1396 725 1472 756 haec
1496 725 1623 756 vincula
1646 726 1686 756 ad
1710 736 1807 757 usum
1830 726 1881 757 vel
1905 737 1971 757 non
1992 736 2088 757 usum
2112 737 2188 759 suae
2211 727 2379 768 potestatis
2403 737 2473 768 spe-

1396 777 1496 806 ctant;
1528 777 1559 801 et
1582 771 1614 800 in
1638 771 1709 811 ipso
1734 778 1893 807 remanet,
1919 778 2092 812 postquam
2116 782 2149 802 se
2174 772 2315 803 subdidit
2338 772 2399 803 iuri
2424 772 2475 802 vel

1396 814 1510 851 iudici,
1541 815 1708 855 plenitudo
1741 815 1905 856 potestatis
1934 816 2075 857 Papalis:
2107 816 2199 853 ideo,
2231 817 2379 858 quamvis
2407 827 2474 847 non

1396 859 1517 896 debeat,
1542 866 1649 900 potest
1672 867 1790 896 tamen,
1815 860 1855 891 de
1871 860 2070 901 plenitudine
2094 861 2271 901 potestatis,
2295 861 2346 893 ius
2370 868 2400 892 et
2424 861 2473 892 iu-

1396 903 1499 934 dicem
1523 914 1688 942 revocare,
1721 904 1803 936 sicut
1827 911 1857 935 et
1885 905 2049 946 privilegia
2076 915 2300 947 quaecumque
2323 915 2475 937 concessa

1395 948 1516 979 tollere.
1543 949 1588 979 Ita
1612 949 1712 991 quod,
1738 949 1763 979 si
1788 949 1880 980 tollat
1903 952 1959 980 seu
1975 957 2104 981 revocet
2126 949 2176 980 ius
2192 957 2248 981 aut
2262 949 2403 981 iudicem
2419 957 2476 982 aut

1395 992 1608 1033 privilegium,
1623 994 1719 1024 etiam
1731 994 1757 1024 si
1774 1001 1884 1034 peccet
1899 995 1985 1035 Papa
1998 995 2189 1031 revocando,
2202 994 2351 1026 effectum
2365 1002 2475 1027 tamen

1394 1037 1555 1069 intentum
1579 1038 1674 1069 efficit
1697 1048 1755 1069 sua
1779 1046 1935 1079 potestas:
1961 1039 2004 1070 ita
2020 1040 2109 1080 quod
2133 1047 2311 1071 remaneret
2329 1039 2379 1071 ius
2394 1039 2475 1071 illud

1395 1082 1534 1119 nullum,
1559 1090 1590 1114 et
1614 1083 1710 1114 iudex
1733 1093 1800 1114 non
1824 1090 1906 1115 esset
1929 1084 2069 1125 amplius
2086 1084 2193 1121 iudex,
2218 1091 2250 1116 et
2272 1084 2475 1126 privilegium

1397 1127 1475 1158 nihil
1500 1127 1638 1168 amplius
1661 1128 1788 1160 valeret.
1821 1129 1924 1160 Multa
1951 1128 2038 1160 enim
2061 1128 2129 1160 fieri
2153 1129 2365 1170 prohibentur
2393 1139 2475 1170 quae

1397 1179 1504 1203 tamen
1530 1172 1612 1203 facta
1636 1179 1755 1204 tenent.

1090 1334 1413 1378 ARTICULUS
1451 1335 1655 1378 NONUS

269 1430 425 1461 UTRUM
449 1428 704 1460 RELlGiosus
729 1428 898 1459 SEMPER
921 1427 1095 1459 PECCET
1119 1428 1410 1459 MORTALITER
1440 1428 1841 1460 TRANSGREDIENDO
1866 1429 1923 1460 EA
1947 1429 2068 1467 QUAE
2092 1429 2207 1461 SUNT
2232 1430 2275 1460 m
2299 1429 2477 1462 REGULA

1189 1509 1286 1539 Quodl.
1306 1509 1324 1540 1,
1344 1517 1388 1542 qu.
1408 1517 1441 1539 ix,
1463 1514 1509 1535 art.
1529 1517 1555 1541 4.

356 1612 362 1625 ι
390 1622 432 1643 ‚13
483 1603 505 1628 D
535 1601 664 1627 NONUM
693 1601 747 1626 sm
774 1600 1018 1626 PRocssm‘run.
1049 1588 1211 1626 Videtur
1239 1589 1344 1638 quod
1370 1590 1373 1618 ἕ

338 1644 345 1651 “
397 1636 449 1665 ”·”
483 1644 681 1692 religiosus
693 1655 847 1691 semper
861 1650 995 1691 peccet
1005 1642 1216 1679 mortaliter
1229 1650 1347 1679 trans-

307 1739 336 1749 .,
458 1697 694 1746 grediendo
725 1709 771 1733 ea
799 1708 899 1744 quae
925 1704 1013 1732 sunt
1041 1696 1078 1732 in
1100 1697 1243 1744 regula.
1276 1695 1347 1732 Fa-

328 1755 425 1788 x³1)
450 1763 570 1797 >cere
600 1751 703 1787 enirn
734 1758 868 1786 contra
887 1756 1025 1787 votum
1056 1757 1113 1786 est
1140 1757 1346 1799 peccatum

270 1803 511 1842 damnabile:
541 1812 583 1841 ut
608 1811 713 1854 patet
741 1816 810 1852 per
830 1803 867 1842 id
887 1803 995 1853 quod
1014 1804 1224 1852 Apostolus
1245 1802 1345 1850 dicit,

270 1859 352 1896 lad
374 1859 410 1895 T
406 1857 555 1905 im.v*,
586 1858 691 1906 quod
720 1857 863 1895 viduae
892 1869 992 1905 quae
1021 1858 1158 1894 volunt
1186 1858 1344 1905 nubere,

269 1912 552 1950 damnationem
581 1912 730 1958 hahent,
761 1911 850 1961 quia
873 1911 1043 1960 primam
1052 1912 1175 1960 fidem
1196 1911 1345 1948 irritam

257 1969 450 2016 fecerunt.
482 1965 557 2002 Sed
589 1965 753 2014 religiosi
771 1973 866 2003 voto
886 1965 1138 2014 professionis
1167 1965 1217 2003 ad
1238 1977 1346 2014 regu-

269 2022 342 2058 lam
364 2019 661 2068 adstringuntur.
691 2020 794 2068 Ergo
814 2027 976 2069 peccant
996 2019 1208 2057 mortaliter
1226 2027 1346 2057 trans-

269 2073 478 2123 grediendo
510 2085 555 2110 ea
583 2085 682 2122 quae
711 2073 749 2110 in
779 2073 908 2122 regula
938 2073 1191 2111 continentur.

326 2140 361 2165 2.
393 2128 631 2174 PRAETEREA,
661 2128 791 2175 regula
815 2127 1027 2177 imponitur
1047 2127 1222 2176 religioso
1252 2126 1349 2164 sicut

269 2183 329 2219 lex
356 2182 560 2230 quaedam.
602 2181 678 2219 Sed
707 2181 768 2218 ille
798 2181 864 2230 qui
892 2181 1164 2230 transgreditur
1191 2193 1347 2230 praece-

269 2244 380 2285 ptum
410 2234 512 2283 legis,
543 2243 677 2284 peccat
696 2235 916 2272 mortaliter.
947 2236 1050 2284 Ergo
1070 2235 1222 2272 videtur
1241 2235 1347 2284 quod

271 2290 488 2327 monachus
516 2288 797 2336 transgrediens
827 2301 872 2325 ea
901 2301 1000 2338 quae
1030 2297 1118 2326 sunt
1146 2289 1184 2326 in
1204 2289 1347 2336 regula,

272 2350 407 2392 peccet
435 2341 656 2379 mortaliter.

328 2397 363 2433 3.
394 2397 638 2442 PRAETEREA,
680 2403 924 2444 contemptus
965 2395 1109 2432 inducit
1145 2402 1348 2445 peccatum

273 2450 447 2486 mortale.
479 2450 555 2486 Sed
577 2449 813 2499 quicumque
841 2449 1060 2498 frequenter
1080 2448 1222 2498 aliquid
1242 2448 1350 2486 iterat

273 2503 379 2553 quod
414 2515 492 2540 non
532 2503 647 2540 debet
679 2502 823 2550 facere,
862 2502 1016 2540 videtur
1051 2515 1095 2540 ex
1125 2510 1348 2553 contemptu

272 2569 444 2606 peccare.
471 2557 574 2605 Ergo
594 2556 747 2594 videtur
766 2557 885 2606 quod,
908 2556 937 2593 si
959 2555 1155 2605 religiosus
1175 2556 1350 2606 frequen-

271 2619 328 2648 ter
356 2610 652 2658 transgrediatur
680 2610 718 2648 id
746 2610 853 2659 quod
883 2618 939 2647 est
968 2609 1005 2647 in
1037 2610 1187 2659 regula,
1215 2618 1350 2660 peccet

274 2663 495 2702 mortaliter.

328 2719 403 2755 SED
433 2729 582 2755 CONTRA
608 2729 675 2755 EST
702 2718 809 2766 quod
838 2725 956 2754 status
986 2716 1178 2766 religionis
1208 2725 1265 2754 est
1293 2729 1349 2754 se-

276 2772 401 2809 curior
429 2784 548 2822 quam
578 2779 696 2808 status
724 2771 929 2808 saecularis
958 2771 1081 2808 vitae:
1121 2771 1225 2808 unde
1256 2770 1350 2808 Gre-

275 2825 423 2874 gorius,
461 2826 499 2862 in
536 2825 723 2874 principio
759 2825 905 2863 Moral.
926 2824 966 2871 *,
997 2832 1196 2874 comparat
1228 2825 1348 2863 vitam

275 2879 510 2916 saecularem
540 2879 636 2916 mari
665 2879 875 2923 fluctuanti,
904 2877 1024 2916 vitam
1054 2886 1182 2916 autem
1203 2877 1350 2927 religio-

276 2933 333 2970 nis
352 2932 479 2982 portui
499 2932 714 2982 tranquillo.
741 2932 819 2970 Sed
839 2933 869 2970 si
891 2932 1083 2981 quaelibet
1101 2934 1349 2980 transgressio

277 2999 411 3024 eorum
451 2998 550 3035 quae
589 2986 627 3023 in
665 2986 795 3035 regula
834 2986 1093 3033 continentur,
1135 2986 1350 3034 religiosum

277 3041 460 3089 obligaret
489 3039 538 3077 ad
566 3047 769 3090 peccatum
799 3041 981 3086 mortale,
1013 3047 1130 3076 status
1159 3039 1350 3088 religionis
1376 3038 1377 3041 ’

278 3101 377 3131 esset
404 3093 764 3143 periculosissimus,
794 3101 952 3143 propter
979 3093 1262 3131 multitudinem
1282 3094 1350 3131 ob-

278 3147 569 3185 servantiarum.
612 3148 706 3184 Non
745 3155 848 3196 ergo·
874 3147 1066 3196 quaelibet
1102 3147 1350 3195 transgressio

279 3213 415 3238 eorum
445 3214 543 3250 quae
573 3201 610 3238 in
632 3202 761 3249 regula
781 3201 1034 3247 continentur,
1066 3208 1120 3237 est
1148 3209 1350 3250 peccatum

279 3255 451 3291 mortale.

334 3309 561 3345 RESPONDEO
591 3319 776 3345 DICENDUM
805 3309 910 3356 quod
931 3308 968 3345 in
991 3308 1118 3356 regula
1139 3307 1353 3346 continetur

281 3361 422 3408 aliquid
462 3361 668 3410 dupliciter,
709 3361 803 3398 sicut
843 3374 887 3399 ex
921 3361 1028 3399 dictis
1052 3361 1072 3383 '¹‘
1109 3369 1224 3411 patet.
1263 3362 1351 3400 Uno

283 3415 415 3460 modo,
436 3415 531 3451 sicut
560 3415 646 3451 finis
666 3416 838 3463 regulae:
869 3423 960 3464 puta
981 3427 1025 3452 ea
1045 3427 1144 3464 quae
1165 3415 1353 3464 pertinent

283 3468 330 3505 ad
361 3475 466 3504 actus
493 3468 689 3505 virtutum.
720 3469 768 3505 Et
792 3469 931 3506 horum
951 3469 1212 3516 transgressio,
1233 3481 1352 3517 quan-

282 3529 364 3558 tum
393 3521 441 3558 ad
471 3533 516 3557 ea
553 3533 650 3570 quae
681 3522 821 3558 cadunt
855 3522 1112 3559 communiter
1145 3523 1215 3559 sub
1244 3534 1354 3571 prae-

285 3581 408 3624 cepto,
439 3573 579 3622 obligat
608 3574 655 3611 ad
684 3575 855 3612 mortale.
886 3575 1084 3622 Quantum
1107 3587 1201 3612 vero
1230 3575 1280 3612 ad
1310 3587 1354 3612 ea

1399 1601 1498 1638 quae
1529 1588 1718 1626 excedunt
1737 1588 1996 1626 communiter
2024 1589 2293 1627 necessitatem
2321 1602 2478 1639 praece-

1399 1642 1465 1691 pti,
1497 1654 1577 1679 non
1605 1642 1749 1690 obligat
1777 1643 1826 1680 ad
1847 1643 2020 1690 mortale,
2038 1643 2107 1680 nisi
2127 1650 2285 1693 propter
2305 1651 2478 1681 contem-

1400 1703 1532 1744 ptum:
1563 1695 1664 1746 quia,
1694 1695 1791 1732 sicut
1819 1708 1935 1745 supra
1953 1696 1974 1718 ¹⁸
2003 1696 2146 1734 dictum
2177 1705 2248 1744 est,
2279 1697 2478 1746 religiosus
2505 1705 2516 1716 ⁶

1400 1761 1480 1786 non
1500 1756 1650 1786 tenetur
1678 1761 1761 1786 esse
1790 1750 1993 1798 perfectus,
2024 1751 2092 1787 sed
2121 1750 2171 1788 ad
2198 1751 2477 1800 perfectionem

1401 1802 1571 1850 tendere,
1602 1802 1661 1839 cui
1683 1802 1934 1840 contrariatur
1952 1803 2199 1852 perfectionis
2219 1811 2477 1855 contemptus.

1454 1856 1542 1893 Alio
1573 1856 1693 1894 modo
1724 1855 1940 1894 continetur
1968 1856 2110 1907 aliquid
2139 1857 2178 1894 in
2207 1858 2337 1906 regula
2364 1859 2479 1908 perti-

1401 1923 1496 1948 nens
1529 1910 1577 1947 ad
1615 1909 1777 1948 exterius
1813 1910 2056 1948 exercitium:
2096 1910 2193 1948 sicut
2225 1918 2314 1949 sunt
2342 1924 2480 1953 omnes

1402 1963 1608 2001 exteriores
1628 1964 1909 2002 observantiae.
1941 1965 2042 2002 Inter
2061 1976 2159 2013 quas
2177 1973 2267 2003 sunt
2285 1965 2479 2015 quaedam

1402 2018 1451 2056 ad
1481 2030 1577 2067 quas
1606 2018 1797 2066 obligatur
1820 2018 2018 2067 religiosus
2038 2030 2084 2056 ex
2102 2026 2197 2056 voto
2217 2019 2479 2068 professionis.

1401 2072 1547 2110 Votum
1583 2079 1713 2109 autem
1748 2072 1998 2122 professionis
2036 2071 2188 2122 respicit
2222 2072 2482 2123 principaliter

1401 2126 1472 2163 tria
1499 2126 1706 2175 praedicta,
1737 2126 1878 2164 scilicet
1904 2133 2183 2176 paupertatem,
2205 2125 2480 2178 continentiam

1403 2187 1439 2217 et
1467 2179 1753 2217 obedientiam:
1791 2180 1864 2218 alia
1891 2191 1987 2217 vero
2017 2179 2150 2218 omnia
2177 2179 2226 2219 ad
2254 2181 2351 2219 haec
2380 2180 2478 2226 ordi-

1402 2241 1553 2271 nantur.
1585 2234 1633 2270 Et
1661 2233 1749 2271 ideo
1774 2233 2021 2283 transgressio
2042 2233 2184 2279 horum
2204 2233 2319 2272 trium
2340 2235 2483 2285 obligat

1403 2286 1451 2324 ad
1481 2287 1654 2324 mortale.
1685 2287 1861 2324 Aliorum
1881 2295 2010 2325 autern
2038 2289 2286 2336 transgressio
2312 2301 2392 2327 non
2412 2289 2480 2327 ob-

1403 2340 1491 2389 ligat
1510 2341 1558 2378 ad
1581 2341 1754 2387 mortale,
1776 2340 1847 2378 nisi
1865 2341 1929 2378 vel
1948 2348 2107 2390 propter
2135 2349 2402 2391 contemptum
2423 2355 2480 2380 re-

1403 2395 1526 2443 gulae,
1558 2394 1647 2443 quia
1667 2394 1742 2431 hoc
1763 2394 1904 2432 directe
1926 2394 2219 2432 contrariaretur
2235 2396 2480 2446 professioni,

1403 2460 1473 2498 per
1510 2459 1628 2496 quam
1667 2447 1804 2497 aliquis
1841 2447 1952 2486 vovit
1989 2449 2202 2498 regularem
2236 2449 2379 2488 vitam:
2417 2450 2481 2488 vel

1403 2509 1563 2552 propter
1589 2509 1853 2552 praeceptum,
1876 2502 1958 2539 sive
1983 2509 2164 2540 oretenus
2189 2515 2211 2540 a
2234 2504 2406 2552 praelato
2426 2503 2481 2542 fa-

1409 2564 1512 2593 ctum
1551 2555 1632 2593 sive
1662 2555 1700 2593 in
1729 2556 1859 2604 regula
1888 2567 2129 2606 expressum,
2159 2556 2249 2606 quia
2277 2557 2355 2595 hoc
2383 2565 2483 2596 esset

1404 2610 1529 2647 facere
1559 2617 1692 2646 contra
1721 2609 1963 2647 obedientiae
1991 2617 2143 2648 votum.

1457 2665 1516 2700 An
1545 2675 1684 2700 ramum
1710 2674 1810 2700 ERGO
1829 2675 2015 2701 mesanum
2045 2663 2152 2714 quod
2179 2663 2241 2701 ille
2270 2663 2335 2714 qui
2363 2664 2482 2714 profi-

1404 2724 1503 2754 tetur
1531 2717 1723 2766 regulam,
1764 2729 1844 2754 non
1871 2725 1992 2755 vovet
2028 2729 2184 2755 servare
2217 2717 2349 2755 omnia
2381 2730 2482 2770 quae

1405 2779 1492 2808 sunt
1521 2770 1559 2808 in
1583 2771 1733 2819 regula:
1764 2771 1831 2808 sed
1851 2779 1973 2809 vovet
1992 2771 2207 2820 regularem
2226 2771 2360 2820 vitam,
2382 2783 2482 2823 quae

1404 2824 1652 2862 essentialiter
1688 2823 1858 2862 consistit
1895 2823 1933 2862 in
1962 2824 2082 2863 tribus
2110 2824 2325 2875 praedictis.
2369 2825 2482 2864 Unde

1405 2886 1441 2916 et
1470 2878 1507 2916 in
1537 2878 1770 2927 quibusdam
1799 2878 2046 2927 religionibus
2075 2879 2222 2917 cautius
2250 2878 2366 2927 aliqui
2391 2891 2481 2928 pro-

1404 2933 1571 2979 fitentur,
1602 2944 1680 2969 non
1710 2931 1866 2982 quidem
1897 2933 2082 2982 regulam,
2103 2933 2184 2980 sed,
2203 2931 2334 2970 vivere
2350 2943 2482 2970 secun-

1404 2987 1494 3023 dum
1524 2985 1720 3036 regulam:
1749 2985 1859 3034 idest,
1879 2986 2036 3024 tendere
2056 2985 2106 3024 ad
2124 2985 2201 3023 hoe
2219 2986 2325 3035 quod
2345 2985 2483 3035 aliquis

1403 3052 1532 3078 mores
1571 3051 1663 3077 suos
1705 3039 1884 3078 informet
1921 3038 2136 3078 secundum
2177 3039 2347 3088 regulam
2387 3039 2484 3078 sicut

1404 3093 1619 3131 secundum
1656 3093 1856 3142 quoddam
1897 3093 2102 3144 exemplar.
2146 3091 2196 3129 Et
2231 3093 2306 3130 hoc
2342 3093 2485 3132 tollitur

1404 3160 1473 3197 per
1502 3154 1782 3196 contemptum.

1461 3202 1502 3238 In
1531 3201 1763 3250 quibusdam
1793 3206 1923 3237 autem
1953 3198 2210 3247 religionibus,
2241 3200 2367 3237 adhuc
2396 3212 2484 3238 cau-

1405 3254 1478 3291 tius
1506 3255 1736 3303 profitentur
1767 3252 2015 3290 obedientiam
2047 3253 2254 3290 secundum
2283 3253 2483 3304 regulam:

1406 3308 1455 3345 ita
1477 3308 1584 3357 quod
1604 3306 1831 3357 professioni
1850 3318 1930 3343 non
1955 3306 2205 3344 contrariatur
2224 3306 2295 3344 nisi
2315 3306 2353 3345 id
2378 3307 2482 3356 quod

1406 3369 1463 3399 est
1482 3370 1616 3400 contra
1639 3367 1890 3411 praeceptum
1910 3360 2074 3407 regulae.
2096 3360 2368 3408 Transgressio
2387 3372 2483 3398 vero

1406 3415 1468 3452 vel
1498 3413 1656 3452 omissio
1686 3413 1848 3450 aliorum
1878 3413 2020 3461 obligat
2048 3414 2174 3451 solum
2202 3414 2252 3451 ad
2279 3422 2483 3463 peccatum

1406 3468 1570 3505 veniale.
1595 3467 1709 3514 Quia,
1731 3466 1827 3503 sicut
1847 3466 1990 3504 dictum
2017 3474 2072 3504 est
2095 3467 2126 3515 ⁴⁸,
2147 3466 2371 3505 huiusmodi
2397 3474 2485 3506 sunt

1408 3520 1676 3571 dispositiones
1691 3520 1740 3557 ad
1759 3519 1979 3570 principalia
1998 3528 2110 3558 vota:
2132 3528 2334 3570 peccatum
2354 3528 2483 3559 autem

2512 3474 2523 3484 ⁸
2535 3473 2587 3495 Art.
2601 3477 2623 3500 7.
2638 3471 2667 3494 nd
2681 3477 2701 3493 a.

1407 3574 1558 3612 veniale
1575 3581 1631 3611 est
1647 3572 1844 3622 dispositio
1865 3574 1913 3612 ad
1930 3574 2102 3622 mortale,
2118 3581 2290 3624 utsupra
2303 3573 2324 3596 '¹⁸
2339 3573 2483 3612 dictum
2511 3557 2724 3615 i-xssuiii‘t'n-“s-
