2768 4198
920 288 1188 334 QUAESTIO
1219 291 1465 341 CLXXXVI,
1495 295 1792 333 ARTICULUS
1820 296 1906 333 VIlI

2425 314 2502 350 499

373 366 480 396 Habes
508 366 549 397 ad
579 366 642 396 hoc
665 375 797 406 quoque
821 367 995 396 Auctorem
1019 366 1051 396 in
1075 366 1156 397 libro
1184 368 1306 399 Contra
1329 371 1385 400 im·
1412 374 1413 384 ¹
1434 373 1598 411 pertineat
1621 373 1664 403 ad
1687 374 1851 404 mundum.
1873 375 1919 413 ⁵Et
1941 376 2089 407 similiter
2112 387 2170 408 nec
2192 378 2294 408 honor
2308 381 2503 420 magisterii:

311 416 502 451 pugnantes
523 411 738 452 Religionem,
763 410 931 446 dicentem,
947 410 980 439 in
996 420 1065 450 cap.
1082 421 1114 447 11,
1132 421 1195 442 non
1219 414 1387 452 quemlibet
1441 425 1512 446 cum
1536 416 1693 454 doctrina,
1711 428 1806 458 quam
1831 421 2036 460 consequitur
2059 421 2134 452 talis
2155 422 2268 459 honor,
2286 424 2327 453 sit
2349 423 2389 454 de
2411 425 2502 463 spiri-

317 456 471 486 honorem
495 455 539 486 ad
562 455 717 486 mundum
735 455 914 495 pertinere,
930 454 987 484 sed
1002 455 1058 494 qui
1076 457 1217 486 consistit
1236 458 1267 486 in
1293 458 1387 488 rebus
1442 460 1582 490 tualibus
1595 461 1693 491 bonis.
1718 462 1807 493 Sicut
1823 472 1903 504 ergo
1927 465 2071 504 religiosi
2088 475 2150 496 non
2175 468 2364 497 renuntiant
2372 477 2435 507 per
2451 478 2502 498 vo-

297 499 502 530 ·mundanis.
533 500 607 531 Non
639 499 723 529 enim
748 503 856 539 potest
878 498 942 529 dici
971 498 1056 539 quod
1084 499 1188 529 honor
1217 502 1388 532 sacerdotii
1442 508 1508 533 tum
1532 505 1721 543 sacerdotio,
1747 507 1790 536 ita
1815 517 1873 538 nec
1897 509 2094 549 magisterio.
2119 510 2207 540 Haec
2230 510 2283 541 ibi.

1105 642 1425 697 ARTICULUS
1455 656 1729 700 OCTAVUS

551 748 708 780 UTRUM
732 748 890 779 VOTUM
914 747 1209 779 OBEDIENTIAE
1234 748 1300 779 SIT
1324 749 1588 782 POTISSIMUM
1612 753 1743 784 INTER
1767 755 1870 786 TRIA
1893 757 2013 788 VOTA
2038 758 2280 790 RELIGIONIS

1191 827 1233 851 De
1251 827 1323 860 Pers.
1347 827 1422 853 Vitae
1442 829 1523 860 Spin,
1545 838 1600 863 cap.
1619 839 1652 856 xi.

354 920 409 964 ὦ»,
457 929 510 971 12«
532 919 555 944 D
575 918 750 944 ocuvum
769 917 824 943 Sic
839 917 1082 943 PROCEDITUR.
1103 905 1264 944 Videtur
1284 908 1389 955 quod

347 949 512 1020 ’θ’θ”ᾼὲξο
532 968 669 998 votum
699 959 941 998 obedientiae
970 971 1049 996 non
1071 959 1118 996 sit
1145 960 1391 1008 potissimum

338 1011 385 1065 if
398 1026 459 1057 «ν,
477 1004 502 1054 ²&
516 1011 522 1016 ’
534 1014 630 1052 inter
648 1014 719 1051 tria
737 1023 830 1051 vota
849 1013 1052 1061 religionis.
1076 1013 1265 1051 Perfectio
1288 1014 1391 1050 enim

340 1064 344 1069 ¹
377 1041 421 1093 ζ’·
490 1059 731 1116 &religiosae
751 1068 853 1106 vitae
877 1079 900 1104 a
920 1067 1073 1104 Christo
1097 1067 1260 1117 sumpsit
1284 1079 1391 1104 exor-

321 1121 438 1158 dium.
474 1121 552 1158 Sed
592 1121 762 1158 Christus
799 1120 1011 1170 specialiter
1048 1120 1152 1158 dedit
1190 1121 1391 1159 consilium

78 1178 291 1229 &imp-¹¹&
321 1175 368 1212 de
403 1182 625 1223 paupertate
644 1175 684 1211 *τ
728 1187 807 1211 non
845 1182 975 1211 autem
1013 1174 1204 1211 invenitur
1241 1174 1392 1212 dedisse

179 1222 184 1228 ⁴
320 1227 521 1265 consilium
541 1228 598 1265 ·de
619 1227 847 1276 obedientia.
879 1229 982 1276 Ergo
1002 1234 1138 1264 votum
1163 1227 1394 1276 paupertatis

317 1281 532 1330 estpotius
560 1294 678 1330 quam
707 1289 845 1318 votum
875 1280 1132 1318 obedientiae.

79 1335 170 1360 ‘Vm-
184 1342 222 1360 ιο.

313 1388 539 1437 ponderatio
568 1401 644 1426 non
664 1395 719 1426 est
741 1389 860 1439 digna
879 1389 1033 1426 animae
1052 1388 1284 1426 continentis.
1316 1388 1395 1425 Sed

317 1449 456 1480 votum
485 1442 667 1490 dignioris
692 1442 747 1480 rei
775 1450 831 1480 est
859 1442 1101 1494 eminentius.
1131 1443 1235 1491 Ergo
1255 1450 1394 1480 votum

321 1495 576 1533 continentiae
615 1505 670 1534 est
708 1495 938 1534 eminentius
975 1508 1095 1544 quam
1129 1505 1264 1533 votum
1303 1497 1395 1533 obe-

322 1549 499 1586 dientiae.

377 1604 412 1640 3.
434 1604 669 1651 PRAETEREA,
686 1610 830 1652 quanto
851 1602 1007 1653 aliquod
1021 1611 1159 1641 votum
1180 1611 1237 1641 est
1254 1603 1395 1653 potius,

321 1663 427 1695 tanto
446 1657 600 1694 videtur
619 1668 702 1694 esse
732 1656 854 1706 magis
873 1656 1183 1706 indispensabile.
1205 1658 1284 1695 Sed
1303 1665 1396 1694 vota

321 1710 555 1762 paupertatis
585 1718 620 1747 et
649 1710 904 1748 continentiae
931 1717 1020 1748 sunt
1044 1711 1139 1749 adeo
1164 1723 1318 1748 annexa
1338 1723 1396 1748 re—

319 1762 437 1815 gulae
463 1763 683 1802 monachali
709 1770 748 1801 ut
776 1770 909 1802 contra
929 1776 974 1801 ea
1003 1777 1073 1802 nec
1091 1766 1271 1802 Summus
1298 1765 1396 1802 Pon-

320 1817 417 1868 tifex
437 1818 559 1867 possit
580 1817 770 1855 licentiam
790 1817 1009 1868 indulgere,
1038 1818 1134 1856 sicut
1164 1818 1258 1858 dicit
1281 1831 1395 1868 quae-

81 1877 164 1909 ·Cn‘-
183 1878 242 1903 ⁰¹·-
261 1877 296 1901 οὐ
323 1869 413 1909 dam
445 1871 676 1919 Decretalis,
711 1873 757 1909 de
793 1872 899 1909 Statu
937 1872 1223 1910 Monachorum
1252 1871 1293 1909 *z
1331 1872 1397 1920 qui

321 1932 453 1963 tamen
480 1932 606 1974 potest
634 1925 829 1974 indulgere
857 1933 899 1962 ut
919 1925 1116 1973 religiosus
1144 1938 1224 1963 non
1243 1925 1398 1964 obediat

323 1991 394 2015 suo
424 1979 606 2028 praelato.
636 1979 740 2027 Ergo
760 1978 913 2016 videtur
931 1978 1037 2028 quod
1055 1987 1192 2017 votum
1213 1979 1396 2017 obedien-

323 2031 396 2069 tiae
425 2031 472 2069 sit
501 2032 627 2069 minus
655 2039 749 2070 voto
785 2032 1020 2082 paupertatis
1058 2041 1094 2070 et
1127 2033 1396 2071 continentiae.

379 2085 453 2122 SED
483 2097 631 2124 CONTRA
659 2098 726 2123 EST
754 2086 862 2134 quod
891 2086 1100 2135 Gregorius
1131 2087 1230 2134 dicit,
1251 2087 1398 2124 XXXV

82 2139 296 2191 iumvi’i.¹x¹'n1⁸¹'¹’
323 2138 470 2176 Moral.
485 2138 523 2177 *:
563 2139 779 2177 ohedientia
817 2139 977 2177 victimis
1013 2140 1096 2177 iure
1127 2140 1396 2190 praeponitur:

324 2192 413 2242 quia
435 2204 510 2241 per
535 2193 708 2230 victimas
740 2193 866 2231 aliena
900 2205 1011 2240 caro,
1043 2206 1117 2242 per
1148 2194 1398 2232 obedientiam

323 2257 415 2284 vero
434 2246 608 2284 voluntas
634 2247 792 2296 propria
812 2253 1020 2285 mactatur.
1043 2248 1121 2285 Sed
1140 2256 1232 2286 vota
1252 2248 1398 2296 religio-

181 1751 201 1766 ιθ
225 1748 242 1764 ῘἹ

82 2301 94 2312 ⁸
105 2300 157 2323 Απ-
172 2306 190 2330 1,
203 2306 226 2328 7.

325 2406 457 2444 omnia
486 2407 678 2456 religionis
706 2415 811 2446 vota.

324 2522 381 2551 est
408 2514 660 2564 praecipuum
684 2515 780 2552 inter
798 2515 870 2553 tria
887 2523 980 2553 vota
1001 2515 1204 2564 religionis.
1234 2517 1284 2554 Et
1310 2517 1397 2564 hoc,

324 2567 458 2616 triplici
486 2568 644 2606 ratione.
681 2568 811 2606 Primo
841 2569 1019 2618 quidem,
1049 2569 1138 2619 quia
1166 2581 1236 2618 per
1261 2578 1399 2608 votum

326 2621 569 2658 obedientiae
598 2621 740 2670 aliquid
769 2622 893 2660 maius
921 2623 1043 2660 homo
1067 2622 1179 2660 offert
1198 2624 1300 2661 Deo:
1331 2624 1400 2661 sci-

325 2674 412 2711 licet
448 2674 572 2724 ipsam
605 2675 864 2723 voluntatem,
905 2688 1004 2725 quae
1034 2684 1090 2714 est
1122 2677 1249 2726 potior
1282 2690 1400 2726 quam

327 2739 467 2777 corpus
486 2729 700 2778 proprium,
717 2730 822 2778 quod
843 2729 956 2767 offert
974 2730 1093 2767 homo
1114 2730 1199 2767 Deo
1218 2743 1290 2779 per
1309 2743 1400 2768 con-

326 2781 545 2828 tinentiam3
586 2790 622 2819 et
655 2795 771 2832 quarn
809 2795 868 2820 res
897 2783 1122 2831 exteriores,
1156 2796 1253 2834 quas
1288 2784 1401 2822 offert

326 2835 447 2873 homo
486 2837 572 2873 Deo
608 2849 678 2885 per
709 2843 845 2874 votum
882 2837 1128 2886 paupertatis.
1165 2837 1279 2875 Unde
1306 2837 1400 2876 illud

327 2889 434 2938 quod
461 2889 505 2926 fit
534 2902 580 2926 ex
608 2889 838 2938 obedientia,
869 2898 925 2928 est
953 2891 1073 2939 magis
1091 2892 1178 2928 Deo
1198 2899 1399 2942 acceptum

328 2954 446 2992 quam
474 2942 513 2981 id
542 2943 649 2993 quod
669 2943 712 2980 fit
738 2956 808 2993 per
825 2943 1022 2994 propriam
1050 2945 1311 2982 voluntatem:
1342 2958 1400 2983 se-

186 3008 204 3026 t
329 2996 500 3034 cundum
529 2998 635 3046 quod
664 2997 927 3046 Hieronymus
948 3002 965 3019 ‘²
994 2997 1094 3045 dicit,
1123 2999 1176 3035 ad
1200 2999 1399 3037 Rusticum

88 3058 99 3070 ·
111 3057 186 3110 Efflu-
205 3055 300 3084 CXXV.
328 3049 567 3087 Monachum
586 3050 625 3087 *z
654 3051 718 3087 Ad
735 3051 828 3088 illud
845 3051 960 3088 tendit
976 3052 1111 3098 oratio,
1132 3058 1173 3088 ut
1189 3053 1346 3090 doceam
1366 3059 1401 3090 te

87 3089 117 3111 ‘¹'
167 3104 172 3110 '
330 3114 406 3140 non
425 3109 488 3140 tuo
507 3105 666 3141 arbitrio
686 3104 964 3150 dimittendum,·
984 3112 1020 3142 et
1033 3112 1121 3154 post
1140 3118 1284 3154 pauca:
1304 3106 1398 3144 Non

187 3159 203 3194 β
318 3156 451 3204 facias
478 3158 580 3206 quod
604 3158 679 3195 vis:
709 3158 885 3195 comedas
912 3158 1015 3206 quod
1040 3158 1179 3196 iuberis
1197 3157 1230 3206 β,
1259 3161 1400 3197 habeas

385 3288 414 3321 a)
433 3289 504 3321 quod
522 3289 716 3324 Hieron-rmus.
729 3305 748 3310 -
766 3291 835 3316 illud
853 3291 1018 3324 Hieronymi
1035 3291 1108 3324 quod
1125 3291 1154 3317 P.

386 3323 411 3357 β)
431 3324 570 3351 ῐιιῡενῐε.-
587 3325 704 3351 {auaris
726 3327 905 3359 ADFpBKsC.

375 1346 410 1371 2.
431 1335 668 1383 PRAETEREA,
687 1335 804 1372 Eccli.
825 1335 946 1372 xxvi*
975 1334 1111 1372 dicitur
1138 1335 1246 1383 quod
1271 1335 1394 1372 omnis
1420 1351 1422 1362 ›

325 2299 382 2338 nis
402 2307 490 2337 sunt
509 2302 700 2350 quaedam
721 2301 957 2348 holocausta,
974 2301 1071 2338 sicut
1087 2301 1234 2351 supra*
1254 2301 1397 2340 dictum
1425 2305 1427 2318 ¹

325 2361 391 2391 est.
414 2353 517 2402 Ergo
534 2361 672 2391 votum
693 2353 936 2392 obedientiae
956 2362 1013 2392 est
1031 2355 1284 2405 praecipuum
1303 2355 1400 2392 inter
1426 2377 1427 2383 κ

1426 2409 1427 2424 ἶ
1452 2410 1504 2447 Et
1530 2410 1649 2446 secuti
1675 2421 1806 2445 sumus
1835 2414 1880 2446 te.

377 2461 608 2499 Responnsso
636 2471 824 2500 meantium
857 2461 963 2511 quod
990 2469 1129 2500 votum
1158 2463 1399 2500 obedientiae
1426 2479 1427 2482 ¹

1430 3294 1433 3358 Ι

1445 915 1627 956 quantum
1647 912 1846 958 acceperis,
1867 914 2035 950 vestiaris
2063 916 2163 963 quod
2187 917 2309 953 datur.
2339 917 2451 955 Unde
2473 927 2508 955 et

1446 962 1630 998 ieiunium
1660 975 1738 1000 non
1757 969 1772 991 Υ
1802 965 1968 1003 redditur
1987 968 2071 1004 Deo
2093 977 2291 1017 acceptum
2313 983 2399 1007 cum
2419 984 2506 1020 pro·
2631 990 2648 1016 ‘t

1446 1015 1528 1063 pria
1543 1016 1755 1053 voluntate:
1777 1019 1988 1056 secundum
2008 1020 2098 1058 illud
2114 1022 2231 1058 Isaiae
2247 1023 2376 1060 LV111*:
2396 1025 2506 1070 Ecce,
2536 1033 2546 1044 ·
2560 1032 2626 1054 Vm·
2641 1038 2660 1060 3·

1418 1096 1420 1103 ,
1447 1069 1483 1105 in
1514 1069 1641 1105 diebus
1670 1070 1799 1106 ieiunii
1824 1073 1938 1107 vestri
1963 1073 2150 1110 invenitur
2176 1075 2348 1112 voluntas
2371 1083 2506 1114 vestra.

1516 1122 1709 1169 Secundo,
1731 1123 1819 1172 quia
1838 1132 1974 1161 votum
1994 1127 2233 1164 obedientiae
2254 1129 2419 1166 continet
2438 1132 2508 1167 sub

1448 1187 1488 1211 se
1507 1175 1583 1234 alia
1602 1182 1709 1212 vota:
1736 1177 1803 1213 sed
1823 1189 1901 1214 non
1922 1179 2163 1217 convertitur.
2193 1181 2296 1218 Nam
2316 1182 2509 1230 religiosus

1450 1236 1516 1265 εἰει
1554 1236 1728 1266 teneatur
1766 1242 1808 1266 ex
1846 1238 1940 1267 voto
1979 1233 2249 1270 continentiam
2286 1247 2436 1272 servare
2476 1245 2512 1274 et

1448 1290 1732 1330 paupertatem,
1767 1291 1896 1320 tamen
1931 1285 2025 1321 haec
2054 1286 2167 1323 etiam
2197 1289 2267 1324 sub
2296 1289 2510 1326 obedientia

1449 1335 1607 1373 cadunt:
1648 1336 1696 1373 ad
1731 1349 1847 1384 quarn
1880 1338 2068 1385 pertinent
2105 1341 2222 1376 multa
2259 1341 2331 1377 alia
2365 1350 2512 1390 praeter

1449 1388 1723 1426 continentiam
1754 1398 1790 1426 et
1818 1399 2081 1439 paupertatem
2101 1391 2126 1429 δ.
2639 1393 2652 1418 ⁸

1503 1442 1649 1490 Tertio,
1679 1442 1767 1491 quia
1786 1451 1921 1480 votum
1943 1445 2182 1482 obedientiae
2211 1447 2363 1494 proprie
2392 1459 2432 1484 se
2453 1460 2513 1484 ex-

1449 1496 1569 1534 tendit
1589 1497 1636 1533 ad
1658 1505 1763 1533 actus
1787 1497 2025 1546 propinquos
2045 1499 2110 1534 fini
2131 1498 2329 1545 religionis.
2360 1500 2513 1546 Quanto

1451 1557 1578 1587 autem
1608 1549 1750 1599 aliquid
1778 1551 2029 1599 propinquius
2060 1559 2114 1588 est
2141 1552 2220 1598 fini,
2249 1560 2352 1588 tanto
2381 1554 2515 1590 melius

1451 1612 1519 1641 est.
1559 1605 1609 1640 Et
1637 1604 1724 1641 inde
1755 1603 1868 1640 etiam
1898 1612 1953 1640 est
1981 1606 2085 1653 quod
2114 1613 2249 1641 votum
2279 1605 2517 1644 obedientiae

1451 1666 1508 1695 est
1535 1657 1707 1706 religioni
1737 1657 1983 1695 essentialius.
2015 1658 2053 1694 Si
2075 1659 2177 1695 enim
2198 1658 2343 1707 aliquis,
2373 1659 2517 1708 absque

1450 1719 1544 1749 voto
1562 1711 1814 1758 obedientiae,
1830 1711 2084 1749 voluntariam
2099 1719 2361 1760 paupertatem
2378 1720 2413 1749 et
2428 1725 2517 1750 con-

1450 1764 1649 1802 tinentiam
1683 1764 1797 1802 etiarn
1830 1773 1923 1802 voto
1957 1773 2101 1812 servet,
2139 1778 2216 1803 non
2253 1774 2408 1815 propter
2444 1767 2518 1803 hoc

1450 1819 1614 1868 pertinet
1634 1818 1683 1856 ad
1698 1826 1837 1856 statum
1855 1818 2065 1866 religionis:
2092 1819 2156 1868 qui
2175 1819 2382 1867 praefertur
2402 1819 2515 1856 etiam

1451 1872 1521 1921 ipsi
1555 1871 1759 1920 virginitati
1798 1884 1844 1908 ex
1878 1880 1971 1909 voto
2011 1873 2254 1916 observatae;
2291 1872 2375 1909 dicit
2415 1873 2516 1910 enirn

1451 1925 1699 1975 Augustinus,
1721 1925 1758 1962 in
1778 1925 1874 1963 libro
1894 1926 1940 1962 de
1962 1926 2171 1976 Virginitat.
2187 1925 2221 1962 ²¹⁶:
2242 1926 2380 1973 Nemo,
2401 1939 2517 1975 quan·
2544 1936 2555 1947 ⁸

1451 1986 1530 2017 tum
1544 1985 1651 2029 puto,
1672 1991 1788 2016 ausus
1803 1979 1932 2028 fuerit
1947 1980 2202 2030 virginitatem
2220 1981 2420 2028 praeferre
2438 1993 2517 2018 mo-

1453 2033 1628 2071 nasterio.

1506 2089 1565 2124 AD
1587 2099 1726 2124 1>R1M1JM
1746 2098 1844 2123 ERGO
1862 2098 2047 2124 memnon
2068 2086 2172 2135 quod
2202 2086 2399 2123 consilium
2428 2087 2517 2123 obe-

1424 2175 1426 2183 ,
1454 2140 1619 2178 dientiae
1653 2139 1856 2177 includitur
1891 2140 1928 2177 in
1961 2140 2043 2189 ipsa
2078 2139 2214 2177 Christi
2243 2141 2414 2188 sequela:
2454 2140 2519 2188 qui

1453 2194 1558 2232 enim
1578 2193 1721 2240 obedit,
1741 2194 1914 2243 sequitur
1928 2194 2078 2231 alterius
2093 2194 2341 2230 voluntatem.
2363 2194 2413 2230 Et
2430 2193 2517 2230 ideo

1452 2248 1573 2296 magis
1596 2247 1758 2297 pertinet
1777 2247 1826 2285 ad
1845 2247 2118 2296 perfectionem
2140 2259 2255 2296 quam
2275 2255 2406 2284 votum
2426 2260 2517 2296 pau-

1452 2301 1625 2351 pertatis:
1646 2301 1748 2350 quia,
1765 2309 1806 2338 ut
1821 2300 2083 2349 Hieronymus
2099 2300 2197 2348 dicit,
2212 2312 2325 2349 super
2342 2300 2518 2347 Matth.*‚

2547 2305 2557 2314 '⁴
2572 2303 2696 2325 comment.
2714 2303 2754 2325 lib.

2547 2330 2586 2357 111,
2592 2336 2642 2358 esp.
2648 2336 2756 2358 xix‚vers.

2547 2363 2558 2378 2
2577 2374 2581 2378 .

1454 2355 1493 2392 id
1519 2355 1621 2404 quod
1641 2355 1886 2403 perfectionis
1906 2360 1960 2391 est
1983 2354 2125 2392 addidit
2141 2355 2284 2400 Petrus,
2306 2366 2394 2390 cum
2419 2354 2519 2401 dixit,
2562 2363 2574 2384 ⁷

1508 2465 1568 2500 An
1592 2474 1786 2500 SECUNDUM
1804 2473 1991 2499 DICENDUM
2015 2461 2120 2510 quod
2146 2473 2190 2497 ex
2209 2461 2330 2497 verbo
2351 2460 2413 2498 illo
2442 2472 2518 2497 non

1454 2517 1617 2554 habetur
1653 2516 1759 2566 quod
1799 2515 2029 2552 continentia
2070 2514 2303 2564 praeferatur
2340 2513 2520 2551 omnibus

1455 2570 1536 2608 aliis
1566 2569 1713 2607 actibus
1731 2568 1930 2606 virtuosis:
1961 2567 2028 2605 sed
2049 2567 2236 2615 coniugali
2255 2567 2428 2612 castitati;
2457 2568 2519 2603 vel

1456 2623 1568 2661 etiam
1605 2622 1852 2660 exterioribus
1887 2621 2024 2660 divitiis
2057 2620 2137 2657 auri
2167 2628 2203 2656 et
2230 2620 2389 2667 argenti,
2420 2631 2518 2668 quae

1454 2677 1627 2727 pondere
1655 2683 1931 2713 mensurantur.
1953 2696 1977 2702 -
1996 2674 2067 2711 Vel
2086 2686 2154 2722 per
2175 2673 2443 2710 continentiam
2464 2672 2518 2708 in-

1453 2731 1629 2780 telligitur
1656 2728 1919 2767 universaliter
1946 2727 2170 2765 abstinentia
2199 2727 2246 2763 ab
2276 2726 2381 2762 omni
2401 2726 2515 2771 malo,

1455 2793 1496 2822 ut
1525 2797 1639 2833 supra
1658 2783 1678 2805 ’¹‘
1706 2783 1879 2820 habiturn
1910 2789 1975 2818 est.
2107 2815 2109 2818 Α
2543 2771 2692 2825 2‚‘}<¹1¹·„²*‘
2726 2774 2746 2792 Γ*

1508 2840 1568 2875 Αι)
1589 2849 1750 2875 TERTmM
1778 2847 1962 2873 DICENDUM
1990 2834 2094 2883 quod
2124 2834 2229 2882 Papa
2257 2832 2295 2868 in
2313 2839 2405 2868 voto
2427 2833 2516 2868 obe-

1455 2891 1618 2929 dientiae
1648 2903 1726 2927 non
1754 2896 1880 2938 potest
1908 2888 1960 2925 sic
1986 2900 2072 2924 cum
2094 2886 2267 2934 religioso
2297 2885 2515 2933 dispensare

1453 2952 1496 2982 ut
1524 2945 1614 2982 nulli
1643 2943 1811 2993 praelato
1841 2939 2011 2979 teneatur
2030 2940 2186 2977 obedire
2207 2939 2244 2976 in
2262 2938 2320 2975 his
2349 2950 2447 2986 quae
2468 2937 2516 2974 ad

1453 2998 1728 3048 perfectionem
1753 2997 1852 3034 vitae
1882 2995 2069 3044 pertinent
2087 2993 2124 3030 *ε
2155 3005 2233 3030 non
2263 2991 2363 3028 enirn
2391 2998 2516 3039 potest
2543 2994 2594 3015 ’θ’
2610 2994 2737 3022 79911208·

1456 3065 1545 3090 eum
1584 3064 1606 3088 a
1644 3063 1713 3088 sua
1751 3048 1968 3087 obedientia
2006 3047 2179 3083 eximere.
2224 3046 2352 3081 Potest
2387 3051 2515 3081 tamen

1455 3118 1545 3143 eum
1582 3104 1749 3142 eximere
1786 3104 1833 3140 ab
1856 3100 2051 3139 ‘inferioris
2086 3098 2240 3148 praelati
2269 3097 2514 3135 subiectione.

1455 3159 1572 3206 Quod
1612 3170 1690 3195 non
1725 3164 1779 3194 est
1816 3156 1854 3193 in
1881 3163 1973 3192 voto
2010 3151 2248 3190 obedientiae
2285 3150 2513 3199 dispensare.

1513 3293 1539 3324 γ)
1559 3299 1621 3316 non.
1633 3306 1653 3310 -
1672 3291 1733 3315 Om.
1752 3288 1936 3320 DEFLpABK.

1512 3327 1537 3360 ὅ)
1552 3329 1750 3359 paupertatem.
1762 3338 1780 3343 -
1799 3330 1907 3349 servare
1925 3323 2023 3347 addunt
2041 3322 2087 3347 Pa.

1010 3414 1345 3448 Commentaria
1367 3414 1619 3448 Cardinalis
1641 3413 1839 3445 Caietam'

335 3502 383 3565 IN
407 3492 540 3523 arficulo
564 3499 696 3529 octavo,
720 3493 754 3523 in
778 3503 912 3535 corpore
935 3495 1074 3531 articuli,
1099 3501 1176 3525 nota
1199 3495 1289 3535 quod
1311 3502 1400 3527 actus
1454 3502 1490 3526 ut
1512 3493 1632 3528 oratio,
1656 3491 1765 3527 lectio,
1791 3489 1997 3530 praedicatio,
2022 3498 2096 3519 cura
2118 3487 2330 3525 infirmorum,
2355 3493 2385 3517 et
2407 3487 2515 3517 huius—

363 3536 484 3577 proprii
514 3537 570 3578 qui
594 3544 669 3568 sunt
690 3536 762 3568 finis
786 3537 965 3579 religionis,
990 3546 1064 3570 sunt
1087 3546 1175 3570 actus
1200 3539 1336 3570 ordinati
1360 3540 1400 3570 ad

333 3580 537 3612 dilectionem
555 3581 615 3612 Dei
630 3588 662 3612 et
679 3581 826 3622 proximi,
843 3593 926 3624 quae
941 3591 988 3614 est
1002 3583 1164 3625 religionis
1180 3582 1261 3615 finis.
1282 3583 1401 3614 Huius-

333 3626 422 3656 modi
446 3633 554 3657 autem
577 3633 664 3657 actus
688 3633 763 3658 sunt
788 3627 917 3668 propria
940 3628 1070 3659 materia
1091 3628 1161 3659 voti
1182 3628 1397 3659 obedientiae:

1454 3538 1553 3569 modi.

1509 3582 1543 3612 In
1568 3580 1681 3611 eodem
1706 3578 1848 3614 articulo,
1873 3578 1905 3608 in
1929 3576 2135 3617 responsione
2158 3576 2198 3606 ad
2221 3575 2358 3611 tertium,
2377 3575 2455 3605 circa
2478 3573 2514 3603 il-

1452 3627 1524 3662 lud,
1558 3626 1646 3665 Papa
1677 3633 1739 3654 non
1767 3627 1873 3663 potest
1896 3622 2081 3662 religiosum
2109 3631 2129 3651 a
2152 3630 2212 3651 sua
2243 3620 2416 3651 obedientia
2448 3618 2512 3648 exi—
