2768 4198
59 1062 68 1070 ⁹
83 1060 133 1081 Art.
151 1065 166 1085 ι,
182 1065 201 1086 3,

59 1373 65 1379 ·
90 1370 147 1396 Cap.
165 1369 205 1391 Ad
226 1376 269 1391 au·

57 1397 82 1419 di
82 1397 180 1428 entiam,
187 1396 222 1418 De
232 1397 270 1418 his

57 1431 86 1452 qu
72 1429 118 1445 uae
133 1423 157 1444 vi
170 1425 272 1444 metusve

57 1457 114 1472 caus
116 1456 139 1477 a
144 1450 207 1472 mbr.
211 1450 246 1474 ·Di
240 1457 271 1478 μς

57 1477 134 1502 1v‚u
133 1468 216 1505 Quod
224 1483 272 1498 me-

57 1507 94 1526 tue
109 1509 190 1530 causa,
206 1503 229 1525 6.

304 291 354 336 46

303 369 371 409 ligit
395 379 470 409 ergo
495 372 616 400 Auctor
640 379 695 408 per
717 369 820 408 legem
845 366 984 397 divinam
1007 365 1110 415 ipsam
1130 364 1272 394 divinam
1286 363 1373 394 insti-

956 286 1226 334 QUAESTlO
1261 285 1420 332 CXXV,
1449 285 1750 323 ARTICULUS
1780 286 1831 322 IV

1399 363 1596 405 'propterea
1613 375 1649 395 ex
1665 365 1724 396 hac
1748 364 1848 396 littera
1873 364 2016 396 firmatur
2039 364 2183 396 doctrina
2199 365 2281 396 data.
2296 364 2314 384 *
2338 363 2540 402 Quoniam·

304 414 462 444 tutionem
486 421 520 444 ut
543 413 648 444 firmat
664 420 694 443 et
708 413 758 443 ius
774 419 902 442 naturae
919 417 950 440 et
966 409 1014 440 ius
1031 409 1206 449 positivum
1231 414 1261 439 et
1284 417 1372 448 prae·
1399 405 1401 427 ¹
1427 408 1501 440 hinc
1524 408 1622 440 habes
1641 410 1730 450 quod
1751 409 1957 460 quicumque
1973 416 2083 440 contra
2102 416 2271 450 praecepta
2285 408 2436 445 hominis,
2453 408 2503 438 vel

303 466 391 498 cepta
415 458 597 494 hominum,
623 458 740 498 datque
764 456 914 487 omnibus
934 454 999 484 vim
1014 453 1220 494 obligativam
1244 453 1274 483 in
1300 452 1401 483 foro

304 502 531 533 conscientiae:
564 503 625 532 hoc
656 501 740 532 enim
771 500 880 530 omnia
905 499 972 529 iura
1003 506 1034 528 et
1058 504 1226 537 praecepta
1255 497 1373 528 habent

303 557 339 577 ex
363 557 401 577 eo
426 547 513 587 quod
538 556 555 576 a
579 547 648 576 Deo
672 544 854 575 immediate
877 543 926 573 vel
951 542 1087 572 mediate
1111 542 1299 582 procedunt.
1331 541 1400 572 Et
1398 556 1400 574 ι

1426 452 1555 493 positivi
1579 461 1634 484 aut
1649 454 1882 495 cuiuscumque
1899 454 1986 490 iun's,
2007 453 2090 491 facit,
2108 461 2218 485 contra
2241 454 2345 494 legem
2361 453 2503 484 divinam

1426 496 1519 528 facit:
1545 508 1580 528 ac
1605 508 1660 538 per
1682 498 1753 535 hoc,
1773 497 1880 535 timor,
1898 498 1963 529 sive
1979 499 2091 529 mortis
2107 498 2172 529 sive
2189 498 2317 529 alterius
2333 498 2419 534 mali,
2437 507 2503 528 non

1427 549 1555 572 excusat
1578 552 1595 572 a
1619 549 1700 578 toto,
1723 542 1797 573 licet
1820 553 1837 573 a
1860 550 1961 579 tanto,
1987 550 2023 574 ut
2045 543 2078 574 in
2104 543 2264 574 111Ethic.
2281 542 2299 562 *
2322 543 2429 574 habes.

1083 677 1405 720 ARTICULUS
1437 677 1714 729 QUARTUS

984 771 1141 802 UTRUM
1165 770 1308 802 TIMOR
1331 770 1532 802 EXCUSET
1557 773 1584 800 A
1610 769 1815 803 PECCATO

1263 849 1295 874 lll
1316 849 1413 879 Ethic..
1433 850 1492 875 lect.
1510 856 1539 875 11.

387 953 393 964 ν
415 951 488 1015 5555<
514 947 534 970 ι)
555 944 729 975 QUARTUM
749 944 803 970 stc
823 943 1065 969 PROCEDrrtJR.
1086 930 1247 968 Videtur
1267 933 1402 979 quod

328 949 386 995 ἶτξτζῂ

326 994 330 1002 ”
359 997 381 1018 ,Ι

316 980 426 1121 ’,ξέ
418 1026 481 1087 ἧς
496 1038 615 1078 enim
633 1047 688 1077 est
705 1047 921 1089 peccatum,
938 1046 979 1076 ut
999 1038 1142 1076 dictum
1160 1045 1215 1075 est
1229 1037 1260 1075 *.
1293 1037 1370 1075 Sed

319 1090 326 1097 ’
359 1115 364 1119 -
356 1070 715 1153 <4N1peccatum
745 1106 824 1131 non
855 1100 1009 1130 excusat
1037 1105 1059 1129 a
1087 1099 1267 1142 peccato,
1303 1091 1371 1128 sed

300 1146 420 1195 magis
449 1156 630 1196 aggravat
657 1146 796 1196 ipsum.
835 1147 938 1195 Ergo
968 1146 1082 1183 timor
1111 1158 1191 1183 non
1219 1153 1373 1182 excusat
1400 1168 1402 1175 ι

298 1214 320 1238 a
349 1208 522 1249 peccato.

354 1266 388 1291 2.
419 1255 656 1302 PRAETEREA,
686 1253 717 1291 si
746 1253 879 1303 aliquis
908 1253 1023 1290 timor
1053 1259 1206 1290 excusat
1235 1264 1256 1289 a
1284 1264 1373 1301 pec-

300 1315 398 1355 cato,
429 1308 595 1346 maxime
617 1316 813 1345 excusaret
833 1307 949 1345 timor
978 1306 1123 1354 mortis,
1144 1305 1210 1356 qui
1239 1305 1374 1343 dicitur

299 1362 434 1399 cadere
453 1361 491 1399 in
511 1367 741 1399 constantem
770 1362 896 1399 virum
915 1360 946 1397 *.
978 1360 1055 1398 Sed
1079 1359 1140 1398 hic
1160 1359 1275 1397 timor
1294 1371 1373 1396 non

298 1416 451 1454 videtur
480 1428 679 1453 excusare:
710 1415 799 1465 quia
829 1428 918 1452 cum
948 1427 1054 1452 mors
1083 1426 1129 1451 ex
1149 1413 1372 1454 necessitate

299 1469 498 1506 immineat
527 1468 726 1516 omnibus,
763 1482 842 1506 non
879 1468 1032 1506 videtur
1070 1480 1153 1505 esse
1191 1467 1371 1505 timenda.

301 1524 404 1571 Ergo
433 1523 543 1560 timor
572 1535 651 1560 non
681 1531 834 1560 excusat
863 1535 885 1559 a
914 1529 1084 1572 peccato,

356 1579 390 1614 3.
421 1578 656 1624 Proteum,
686 1576 802 1614 timor
830 1576 956 1614 omnis
986 1583 1050 1613 aut
1079 1582 1135 1612 est
1160 1574 1248 1612 mali
1278 1582 1372 1611 tem-

300 1630 454 1680 poralis,
484 1638 548 1667 aut
577 1630 789 1679 spiritualis.
820 1630 898 1667 Sed
926 1629 1041 1667 timor
1061 1628 1150 1666 mali
1171 1628 1374 1678 spiritualis

300 1697 379 1721 non
407 1691 533 1733 potest
553 1696 734 1721 excusare
763 1691 982 1733 peccatum:
1013 1683 1103 1734 quia
1122 1695 1200 1719 non
1230 1682 1374 1720 inducit

300 1738 348 1775 ad
377 1738 633 1787 peccandum,
661 1737 728 1774 sed
749 1737 870 1785 magis
891 1736 1044 1774 retrahit
1063 1749 1085 1773 a
1105 1744 1277 1785 peccato,
1308 1736 1373 1773 Ti-

300 1804 388 1828 mor
417 1791 531 1828 etiam
567 1791 655 1828 mali
686 1790 905 1840 temporalis
939 1802 1017 1828 non
1051 1797 1206 1827 excusat
1234 1802 1257 1826 a
1284 1801 1372 1839 pec-

244 1866 271 1902 -v-
300 1853 404 1882 cato:
435 1845 524 1893 quia
552 1845 646 1881 sicut
674 1844 933 1893 Philosophus
954 1843 1053 1889 dicit,
1074 1843 1111 1880 in
1134 1844 1182 1879 llI
1202 1843 1323 1880 Ethic.
1340 1843 1372 1889 ²⁸,

265 1897 270 1903 '
299 1899 466 1947 inopiam
495 1909 570 1935 non
600 1903 746 1947 oportet
772 1898 915 1944 timere,
943 1908 1063 1946 neque
1081 1896 1372 1947 aegritudinem,

59 2122 67 2131 ⁴
82 2121 149 2143 caus.
166 2121 183 2145 Ι,
200 2126 240 2148 qu.
256 2126 272 2146 ι,

59 2154 108 2169 can.
126 2147 231 2169 Constat.

59 2281 67 2289 “
83 2280 132 2300 Art⁴
150 2285 164 2306 ι,
180 2285 199 2307 3.

299 1963 419 2000 neque
446 1962 708 2001 quaecumque
735 1962 810 1988 non
839 1963 863 1988 a
887 1950 1048 2000 propria
1070 1949 1215 1987 malitia
1237 1961 1373 1999 proce·

298 2006 401 2043 dunt.
439 2006 542 2054 Ergo
571 2004 723 2042 videtur
752 2005 858 2054 quod
886 2004 1002 2042 timor
1030 2003 1133 2041 nullo
1163 2004 1282 2042 modo
1313 2015 1374 2041 ex-

300 2067 406 2096 cusat
435 2072 457 2096 a
486 2065 657 2108 peccato,

355 2113 430 2150 SED
459 2124 605 2150 CONTRA
625 2123 692 2149 EST
718 2112 824 2161 quod
854 2111 893 2148 in
912 2110 1096 2155 Decretis,
1117 2123 1181 2160 qu.
1204 2111 1261 2158 ι’,
1283 2110 1373 2148 dici·
1387 2136 1389 2138 -

299 2174 379 2203 tur:
408 2167 490 2204 Vim
504 2177 641 2215 passus
660 2170 696 2202 et
713 2165 850 2202 invitus
878 2166 927 2202 ab
954 2164 1150 2202 haereticis
1178 2164 1374 2202 ordinatus

300 2219 466 2257 colorem
494 2220 606 2257 habet
632 2218 896 2256 excusationis.

356 2274 583 2311 Respoumzo
603 2284 788 2310 οιεΕΝῡυΜ
809 2270 925 2321 quod,
942 2271 1038 2309 sicut
1057 2283 1173 2321 supra
1187 2270 1208 2292 *
1226 2270 1370 2309 dictum

302 2336 375 2374 est,
413 2327 528 2364 timor
557 2327 743 2364 intantum
779 2326 895 2363 habet
924 2324 1110 2362 rationem
1144 2325 1290 2374 peccati
1320 2325 1374 2363 in·
1401 2360 1403 2363 ,

301 2388 487 2430 quantum
517 2388 574 2418 est
602 2388 733 2417 contra
761 2379 938 2417 ordinem
970 2379 1136 2416 rationis.
1167 2378 1279 2416 Ratio
1308 2391 1374 2416 au·
1401 2381 1402 2384 ’

300 2443 378 2472 tem
408 2434 550 2472 iudicat
583 2433 774 2483 quaedam
807 2434 908 2470 mala
939 2444 1020 2470 esse
1050 2432 1171 2482 magis
1209 2432 1289 2470 aliis
1317 2433 1373 2470 fu-

300 2488 449 2537 gienda.
481 2489 529 2525 Et
557 2488 645 2526 ideo
672 2487 919 2537 quicumque,
949 2494 989 2523 ut
1009 2485 1125 2535 fugiat
1145 2486 1245 2524 mala
1273 2498 1373 2536 quae

301 2550 388 2580 sunt
407 2543 619 2580 secundum
641 2541 826 2579 rationem
849 2540 970 2589 magis
999 2539 1190 2589 fugienda,
1219 2552 1296 2578 non
1318 2553 1373 2578 re-

301 2596 392 2644 fugit
411 2596 514 2633 mala
533 2607 631 2645 quae
651 2602 739 2633 sunt
754 2594 881 2632 minus
901 2594 1092 2643 fugienda,
1111 2606 1190 2631 non
1211 2602 1266 2631 est
1285 2607 1372 2644 pec·
1400 2607 1401 2626 2

301 2658 440 2686 catum.
472 2649 578 2686 Sicut
597 2649 717 2697 magis
738 2656 793 2686 est
822 2648 999 2696 fugienda
1029 2660 1135 2684 mors
1164 2648 1372 2697 corporalis

300 2715 415 2752 quam
447 2703 598 2740 amissio
629 2714 755 2740 rerum
773 2706 809 2739 ⁸:
839 2702 942 2739 unde
971 2701 1001 2738 si
1031 2701 1126 2751 quis,
1147 2709 1304 2751 propter
1331 2702 1374 2739 ti-

300 2769 450 2794 morem
481 2756 625 2804 monis,
647 2756 855 2794 latronibus
881 2754 1024 2805 aliquid
1043 2755 1281 2804 promitteret
1308 2765 1374 2793 aut
1400 2763 1401 2781 l

301 2812 424 2858 daret,
460 2818 702 2848 excusaretur
730 2822 753 2847 a
781 2817 938 2859 peccato
957 2809 1075 2869 quod
1109 2809 1316 2847 incurreret
1343 2810 1373 2847 si

299 2865 379 2902 sine
407 2876 522 2901 causa
550 2863 732 2912 legitima,
762 2862 1039 2912 praetermissis
1068 2863 1198 2909 bonis,
1233 2863 1373 2913 quibus

300 2927 399 2955 esset
428 2918 548 2966 magis
577 2918 768 2964 dandum,
799 2917 1063 2966 peccatoribus
1091 2917 1300 2965 largiretur.

354 3034 381 3065 α)
402 3039 502 3058 rerum.
513 3046 532 3052 -
551 3032 739 3065 temporalium
759 3032 858 3057 addunt
876 3032 924 3057 Pa.

355 3069 380 3101 β)
399 3072 426 3094 et
444 3069 516 3094 mala
535 3068 666 3101 corporis.
677 3080 696 3087 —-
714 3068 836 3100 corporis
854 3071 943 3093 autem
967 3067 1055 3101 magis
1075 3067 1122 3093 Pa.

353 3106 379 3139 γ)
398 3105 542 3138 aliquid·
559 3105 704 3130 secundum
723 3104 828 3137 aliquid
848 3104 928 3133 PDla,
942 3111 997 3128 om.
1016 3104 1066 3135 =A;
1086 3111 1135 3136 pro
1147 3104 1204 3128 eius
1224 3107 1373 3135 pacatum,
1400 3100 1402 3111 '

301 3142 333 3166 de
351 3141 407 3166 eius
422 3144 534 3173 peccato
555 3141 585 3166 L.

441 990 493 1048 4-
512 986 626 1024 timor
660 998 740 1023 non
779 993 932 1023 excuset
965 997 986 1022 a
1019 992 1190 1034 peccato.
1231 983 1370 1021 Timor
1400 1004 1402 1033 3

1483 929 1523 966 Si
1561 938 1691 967 autem
1730 930 1863 981 aliquis
1901 944 1971 981 per
2007 932 2188 971 timorem
2221 934 2369 984 fugiens
2402 938 2504 974 mala

1428 995 1527 1032 quae
1556 984 1771 1022 secundum
1810 984 1999 1023 rationem
2029 993 2117 1023 sunt
2150 987 2278 1025 minus
2305 988 2503 1046 fugienda,

1428 1036 1594 1075 incurrat
1621 1038 1724 1075 mala
1752 1050 1851 1086 quae
1871 1039 2087 1078 secundum
2107 1039 2297 1078 rationem
2316 1050 2405 1081 sunt
2423 1056 2503 1081 ma-

1428 1091 1482 1139 gis
1511 1091 1700 1140 fugienda,
1731 1105 1810 1130 non
1830 1101 1961 1142 posset
1979 1093 2143 1131 totaliter
2161 1106 2184 1132 a
2203 1103 2362 1143 peccato
2393 1108 2504 1134 excu-

1429 1144 1519 1182 sari:
1549 1145 1639 1194 quia
1666 1145 1782 1183 timor
1801 1146 1882 1184 talis
1902 1146 2140 1185 inordinatus
2169 1156 2280 1186 esset.
2311 1149 2410 1186 Sunt
2437 1162 2504 1187 au—

1428 1206 1507 1236 tem
1537 1199 1656 1248 magis
1676 1199 1846 1238 timenda
1865 1201 1967 1238 mala
1987 1201 2140 1238 animae
2160 1213 2278 1250 quam
2299 1203 2402 1240 mala
2421 1215 2504 1242 cor-

1401 1275 1402 1290 1
1428 1252 1551 1302 poris;
1582 1261 1618 1290 et
1647 1254 1749 1291 mala
1775 1251 1976 1304 corporisss
2004 1267 2123 1303 quam
2153 1255 2254 1293 mala
2274 1255 2503 1295 exteriorum

1401 1305 1402 1354 ξ
1430 1318 1569 1344 rerum.
1588 1307 1637 1344 Et
1657 1307 1743 1344 ideo
1764 1307 1795 1345 si
1815 1309 1900 1358 quis
1920 1308 2087 1346 incurrat
2106 1309 2208 1347 mala
2227 1309 2392 1358 animae,
2406 1308 2506 1350 idest
2548 1338 2555 1344 -

1427 1368 1598 1410 peccata,
1628 1360 1776 1410 fugiens
1805 1363 1906 1400 mala
1935 1362 2120 1412 corporis,
2149 1371 2243 1412 puta
2263 1362 2414 1412 flagella
2442 1365 2504 1402 vel

1401 1426 1402 1466 j
1428 1422 1614 1460 mortem,
1654 1422 1720 1452 aut
1747 1416 1848 1453 mala
1877 1415 2107 1454 exteriorum
2136 1428 2284 1464 rerum,
2317 1425 2411 1467 puta
2439 1417 2506 1456 da-

1401 1483 1402 1507 :
1429 1480 1565 1505 mnum
1594 1469 1798 1517 pecuniae;
1837 1477 1902 1507 aut
1929 1469 1960 1507 si
1989 1469 2172 1508 sustineat
2200 1470 2302 1508 mala
2332 1471 2504 1522 corporis

1428 1530 1469 1558 ut
1497 1521 1589 1559 vitet
1618 1523 1804 1561 damnum
1832 1523 2038 1573 pecuniae;
2073 1536 2152 1561 non
2183 1532 2383 1562 excusatur
2411 1533 2506 1563 tota-

1401 1578 1402 1584 ’
1427 1575 1510 1612 liter
1538 1587 1560 1612 a
1589 1585 1760 1637 peccato.
1797 1577 2034 1614 Diminuitur
2061 1586 2192 1615 tamen
2221 1577 2394 1627 aliquidY
2424 1579 2505 1617 eius

1429 1637 1648 1678 peccatum:
1679 1630 1768 1679 quia
1797 1630 1924 1668 minus
1952 1630 2213 1669 voluntarium
2243 1640 2299 1670 est
2320 1633 2427 1681 quod
2457 1645 2502 1670 ex

1428 1682 1566 1720 timore
1595 1684 1731 1733 agitur;
1762 1683 1973 1734 imponitur
2002 1685 2104 1722 enim
2134 1685 2282 1724 homini
2312 1687 2504 1747 quaedam

1429 1736 1631 1774 necessitas
1651 1737 1793 1787 aliquid
1813 1738 1977 1776 faciendi
1997 1747 2154 1788 propter
2173 1739 2440 1778 imminentem
2462 1739 2504 1778 ti-

1429 1802 1592 1827 morem.
1623 1791 1736 1829 Unde
1766 1789 2023 1842 Philosophus
2039 1792 2059 1815 *
2087 1793 2310 1831 huiusmodi
2331 1806 2430 1844 quae
2458 1805 2541 1841 ex·

1427 1843 1566 1880 timore
1595 1844 1704 1889 fiunt,
1725 1845 1814 1882 dicit
1834 1857 1917 1883 esse
1938 1857 2017 1883 non
2037 1846 2256 1896 simpliciter
2273 1840 2559 1902 voluntaria‚“

1429 1896 1496 1934 sed
1526 1896 1643 1934 mixta
1672 1909 1717 1935 ex
1745 1899 1965 1936 voluntario
1995 1907 2032 1936 et
2059 1900 2359 1939 involuntaria·

1482 1951 1541 1987 An
1571 1962 1710 1989 ptumum
1738 1963 1837 1990 ano
1866 1964 2054 1991 montinum
2081 1953 2188 2003 quod
2207 1953 2323 1992 timor
2341 1966 2423 1993 non
2441 1966 2505 1993 ex-

1429 2011 1536 2041 cusat
1566 2015 1610 2042 ex
1639 2017 1684 2042 ea
1713 2013 1820 2054 parte
1850 2018 1928 2055 qua
1955 2014 2012 2044 est
2039 2014 2258 2056 peccatum,
2288 2007 2359 2046 sed
2386 2019 2434 2046 ex
2459 2020 2506 2047 ea

1428 2065 1543 2107 parte
1564 2070 1641 2107 qua
1671 2067 1727 2096 est
1755 2059 2069 2097 involuntarium.

1483 2113 1543 2148 Ao
1571 2123 1764 2150 SECUNDUM
1793 2124 1979 2152 mel-:Noun
2002 2113 2122 2163 quod,
2142 2114 2229 2152 licet
2248 2126 2353 2152 mors
2382 2114 2506 2153 omni-

1429 2165 1501 2202 bus
1529 2164 1729 2203 immineat
1765 2179 1810 2204 ex
1839 2167 2084 2214 necessitate,
2118 2175 2249 2206 tamen
2282 2168 2365 2219 ipsa
2394 2167 2506 2209 dimi-

1429 2218 1534 2256 nutio
1555 2217 1764 2269 temporis*
1782 2220 1884 2258 vitae
1904 2229 1961 2258 est
1979 2197 2178 2270 quoddam
2199 2222 2359 2270 malum,
2377 2229 2414 2261 et
2433 2233 2503 2272 per

1429 2284 1672 2322 consequens
1701 2273 1930 2311 timendum.

1483 2327 1542 2363 Αι)
1570 2338 1731 2364 warum
1761 2339 1948 2365 mceunuu
1977 2329 2084 2377 quod
2104 2330 2320 2367 secundum
2341 2329 2505 2377 Stoicos,

1429 2381 1491 2429 qui
1522 2380 1720 2429 ponebant
1747 2381 1850 2419 bona
1870 2381 2097 2432 temporalia
2123 2393 2202 2420 non
2223 2395 2308 2420 esse
2336 2383 2505 2421 hominis

1429 2434 1548 2481 bona,
1579 2434 1751 2483 sequitur
1780 2447 1825 2472 ex
1854 2435 2104 2484 consequenti
2143 2436 2248 2486 quod
2278 2437 2380 2474 mala
2407 2444 2503 2474 tem-

1428 2487 1574 2538 poralia
1607 2500 1685 2526 non
1709 2492 1722 2510 ⁸
1751 2488 1823 2526 sint
1851 2489 2019 2528 hominis
2057 2490 2179 2537 mala,
2211 2497 2248 2528 et
2274 2502 2344 2540 per
2372 2501 2506 2529 conse·

1429 2553 1551 2589 quens
1572 2541 1675 2579 nullo
1706 2542 1826 2580 modo
1854 2542 2036 2581 timenda.
2074 2543 2152 2581 Sed
2181 2545 2395 2582 secundum
2423 2546 2504 2583 Au-

1428 2594 1639 2643 gustinum.
1674 2595 1711 2633 in
1747 2595 1843 2634 libro
1880 2597 1927 2634 de
1953 2597 2037 2634 Lib.
2066 2597 2188 2635 Arbit.
2212 2596 2253 2645 ¹⁸,
2283 2597 2506 2636 huiusmodi

1428 2649 1653 2698 temporalia
1679 2657 1768 2687 sunt
1795 2649 1955 2688 minima
1975 2650 2090 2688 bona.
2121 2650 2238 2699 Quod
2260 2650 2374 2689 etiam
2403 2651 2507 2689 Peri-

1428 2702 1578 2752 patetici
1607 2711 1818 2741 senserunt.
1850 2704 1898 2741 Et
1925 2703 2015 2742 ideo
2036 2704 2224 2743 contraria
2253 2716 2390 2742 eorum
2419 2712 2507 2743 sunt

1429 2756 1586 2806 quidem
1613 2756 1802 2795 timenda:
1826 2769 1905 2796 non
1933 2765 2063 2796 tamen
2091 2758 2271 2806 multum,
2287 2766 2328 2796 ut
2349 2770 2421 2808 pro
2451 2758 2505 2797 eis

1429 2810 1629 2848 recedatur
1656 2811 1705 2848 ab
1731 2823 1777 2848 eo
1807 2811 1914 2861 quod
1934 2819 1990 2849 est
2014 2811 2163 2850 bonum
2183 2811 2399 2851 secundum
2426 2811 2502 2851 vir-

1428 2872 1561 2901 tutem.

1482 3032 1507 3065 ὀ)
1527 3033 1665 3065 temporis.
1677 3046 1696 3052 -
1715 3033 1873 3066 temporalis
1892 3032 1960 3058 PlsC
1979 3038 2005 3058 et
2023 3040 2051 3058 a.

1482 3068 1504 3101 ε)
1524 3075 1619 3093 nom·
1637 3067 1699 3093 Om.
1719 3067 1923 3099 aecer-*inas
1941 3075 1990 3102 pro
2009 3068 2172 3102 praecedenti
2191 3068 2272 3098 mala,
2293 3068 2368 3093 nulla
2387 3067 2419 3094 K.

2555 371 2626 394 Num.
2641 378 2674 399 ιιι,
2692 378 2724 394 ιν.

2531 526 2646 575 ηεξ-,εἰῃ
2662 533 2686 548 n
2701 533 2722 555 7
2735 538 2746 542 -

2531 1807 2685 1856 amnis.
2705 1807 2745 1833 ιιι,

2571 1834 2711 1884 51¹3?
2699 1834 2746 1857 S'

2533 2606 2747 2636 ‘nmmum-nx.
