2768 4198
62 872 70 882 ⁸
80 871 158 892 Gloss.
167 869 272 892 Cassiod.

51 2305 60 2313 ·
75 2304 124 2326 Lu,v
142 2303 195 2330 vn,
214 2309 263 2331 cap.

53 3002 62 3010 ·
77 2999 111 3021 Ct‘.
128 2999 228 3027 Proles..

53 3026 183 3048 Commeat.

54 3054 62 3063 ⁸
77 3052 161 3074 inu-od.

305 309 378 345 366

360 388 392 424 3.
415 388 648 434 PRAETEREA,
671 386 795 423 omnis
822 385 1077 433 cognoscitiva
1096 383 1278 432 perfectio
1308 395 1368 419 ex-

304 440 416 476 cludit
437 440 628 477 stultitiam
650 447 686 476 et
706 439 904 475 insaniam.
937 437 1013 473 Sed
1033 438 1128 473 haec
1148 436 1260 473 simul
1280 448 1369 484 pos-

303 501 389 529 sunt
418 505 499 529 esse
526 505 612 529 cum
633 492 847 541 prophetia:
880 490 1011 527 dicitur
1031 489 1133 526 enirn
1154 490 1255 526 Osee
1276 501 1310 525 ix
1330 488 1367 525 *ε

303 546 447 591 Scitote,
469 546 601 591 Israel,
621 545 772 581 stultum
786 544 1024 591 proplietam,
1045 543 1233 579 insanum.
1264 542 1368 590 Ergo

302 599 501 647 prophetia
531 610 609 634 non
638 605 693 633 est
723 595 979 643 cognoscitiva
1008 595 1202 644 perfectio.

354 664 392 698 4.
423 652 665 695 PRAETEREA,
696 649 791 686 sicut
828 649 1010 685 revelatio
1047 649 1209 697 pertinet
1237 649 1284 685 ad
1314 648 1368 685 in-

302 705 512 750 tellectum,
544 703 591 739 ita
619 702 812 750 inspiratio
841 702 994 738 videtur
1021 702 1210 750 pertinere
1239 701 1288 738 ad
1317 702 1369 737 af-

302 757 457 793 fectum:
497 768 542 791 eo
573 756 675 803 quod
704 755 884 803 importat
914 755 1127 791 motionem
1158 755 1366 804 quandam.

302 810 377 846 Sed
407 808 606 857 prophetia
636 807 769 844 dicitur
798 820 878 844 esse
913 809 1106 856 inspiratio
1134 808 1196 844 vel
1226 808 1368 845 revela-

300 862 360 907 tio,
383 861 594 898 secundum
616 861 891 898 Cassiodorum
912 861 942 898 ²¹⁶.
969 862 1071 909 Ergo
1093 861 1244 898 videtur
1263 861 1368 911 quod

299 1074 396 1110 enim
416 1078 427 1094 ⁵
457 1074 643 1122 Propheta
671 1074 807 1110 dicitur
824 1074 945 1120 hodie,
965 1075 1175 1111 vocabatur
1193 1075 1281 1112 olim
1309 1076 1368 1113 Vi-

298 1127 397 1163 dens.
437 1127 514 1164 Sed
541 1127 639 1164 visio
678 1127 839 1175 pertinet
867 1128 915 1164 ad
954 1128 1224 1175 cognitionem.
1265 1130 1368 1178 Ergo

297 1180 498 1228 prophetia
527 1180 576 1217 ad
605 1180 864 1228 cognitionem
893 1181 1067 1229 pertinet.

351 1234 577 1270 RESPONDEO
603 1245 788 1271 DlCENDUM
813 1235 918 1282 quod
946 1235 1148 1283 prophetia
1177 1235 1303 1284 primo
1334 1244 1370 1273 et

296 1285 550 1335 principaliter
571 1286 738 1324 consistit
757 1287 794 1323 in
815 1286 1049 1335 cognitione:
1079 1288 1169 1336 quia
1193 1289 1369 1327 videlicet

297 1339 564 1386 cognoscunt<
593 1341 783 1388 quaedam
814 1353 913 1388 quae
943 1349 1031 1378 sunt
1056 1343 1191 1390 procul
1219 1351 1368 1380 remota

297 1392 344 1428 ab
373 1392 576 1429 hominum
607 1393 832 1441 cognitione.
863 1394 975 1431 Unde
1004 1403 1166 1443 possunt
1186 1395 1259 1432 dici
1279 1408 1367 1444 pro-

297 1446 433 1494 phetae
463 1458 484 1482 a
510 1447 656 1494 phanos
676 1452 706 1492 η,
737 1447 843 1495 quod
864 1455 920 1484 est
948 1448 1156 1496 apparitio:
1187 1449 1278 1497 quia
1300 1450 1368 1486 sci-

969 305 1236 353 QUAESTIO
1267 305 1441 350 CLXXI,
1471 304 1770 342 ARTICULUS
1801 307 1813 342 I

1425 383 1603 420 divinitus
1632 385 1863 430 revelantur,
1894 395 1972 420 non
2001 390 2162 432 possunt
2187 382 2404 420 confirmari
2434 395 2492 419 ra·

1423 435 1525 472 tione
1554 437 1744 483 humana,
1772 449 1887 484 quam
1917 437 2120 473 excedunt:
2151 436 2217 474 sed
2248 435 2492 485 operatione‘

1422 488 1569 525 virtutis
1586 489 1751 536 divinae,
1768 490 1980 527 secundum
1996 490 2085 527 illud
2103 490 2223 526 Marci
2239 490 2303 526 ult.
2320 489 2355 525 *ε
2376 489 2491 525 Prae-

1422 541 1646 578 dicaverunt
1672 542 1819 591 ubique,
1844 543 2010 580 Domino
2039 548 2265 591 cooperante
2291 547 2327 579 et
2351 553 2493 578 sermo-

1395 624 1396 639 ,
1424 606 1508 631 nem
1538 596 1788 642 confirmante
1814 596 2050 643 sequentibus
2079 596 2209 646 signis.
2240 595 2352 632 Unde
2383 594 2492 631 tertio

1423 647 1472 684 ad
1509 647 1752 696 prophetiam
1789 648 1951 696 pertinet
1988 649 2159 698 operatio
2198 649 2491 694 miraculorum,

1423 700 1532 749 quasi
1561 699 1801 737 confirmatio
1837 702 2027 749 quaedam
2065 702 2311 751 propheticae
2347 713 2493 738 annun-

1423 753 1599 790 tiationis.
1630 753 1741 790 Unde
1763 752 1897 790 dicitur
1923 755 2035 791 Deut.
2057 756 2121 792 ult.
2142 754 2181 791 *z
2211 756 2302 792 Non
2327 754 2496 791 surrexit
2521 763 2530 773 ·

1418 807 1605 854 propheta
1626 806 1724 843 ultra
1745 807 1781 842 in
1802 806 1926 843 Israel
1942 807 2039 843 sicut
2054 808 2225 856 Moyses,
2242 820 2352 856 quem
2373 813 2496 845 nosset

1424 860 1613 896 Dominus
1618 860 1731 908 facie
1749 860 1968 907 adfaciem,
1989 859 2026 896 in
2047 861 2219 898 omnibus
2238 862 2358 911 signis
2383 867 2495 909 atque

59 897 121 945 {iiiiii
134 895 272 945 pss‘iffissiifu
301 914 498 963 prophetia
514 926 592 950 non
608 914 729 962 magis
743 914 929 963 pertineat
944 915 990 951 ad
1007 915 1238 952 intellectum
1251 927 1368 964 quam
1418 912 1613 961 portentis.

301 969 346 1004 ad
377 967 570 1004 affectum.
1477 967 1536 1002 An
1551 977 1690 1003 Palmum
1705 976 1805 1002 ERGO
1821 976 2007 1002 montinum
2023 967 2130 1013 quod
2149 966 2391 1004 auctoritates
2410 966 2494 1003 illae

60 1030 69 1039 ·
83 1028 149 1049 νας.
165 1034 187 1055 9.
353 1021 427 1057 SED
448 1032 593 1057 CONTRA
617 1033 684 1058 EST
711 1020 816 1069 quod
842 1020 977 1058 dicitur
1007 1022 1018 1057 l
1049 1022 1147 1071 Reg.
1169 1034 1204 1058 ix
1223 1021 1262 1059 *ι
1297 1023 1372 1065 Qui
1423 1019 1632 1067 loquuntur
1660 1018 1707 1055 de
1727 1018 1929 1068 prophetia
1948 1021 2144 1067 quantum
2165 1019 2215 1056 ad
2234 1019 2309 1056 hoc
2329 1019 2493 1067 tertium,

1424 1072 1530 1120 quod
1560 1071 1763 1108 assumitur
1789 1078 1832 1108 ut
1858 1072 2082 1120 prophetiae
2108 1080 2389 1120 argumentum.

1476 1127 1535 1162 An
1556 1137 1748 1162 SECUNDUM
1777 1136 1963 1162 montinum
1992 1125 2099 1174 quod
2126 1126 2336 1175 Apostolus
2364 1125 2415 1162 ibi
2441 1126 2495 1162 lo-

1395 1211 1397 1214 ,
1423 1178 1549 1228 quitur
1577 1186 1764 1226 quantum
1793 1178 1840 1216 ad
1877 1179 2143 1228 propheticam
2178 1178 2493 1216 enuntiationem.

1476 1233 1535 1268 An
1572 1243 1734 1269 TERTJUM
1767 1243 1953 1269 mannhun
1990 1232 2095 1280 quod
2133 1231 2183 1268 illi
2220 1231 2285 1281 qui
2321 1231 2496 1269 dicuntur

1422 1286 1634 1334 prophetae
1660 1285 1782 1322 insani
1812 1292 1848 1321 et
1875 1284 1986 1332 stulti,
2007 1297 2086 1322 non
2111 1293 2199 1323 sunt
2223 1285 2305 1322 veri
2330 1285 2496 1335 prophe-

1422 1346 1495 1385 tae,
1525 1339 1592 1375 sed
1622 1338 1724 1375 falsi:
1759 1338 1806 1375 de
1842 1338 1982 1387 quibus
2018 1338 2154 1376 dicitur
2186 1339 2321 1376 Ierem.
2350 1337 2493 1376 xxm‘:

1421 1391 1552 1429 Nolite
1579 1392 1715 1428 audire
1740 1392 1857 1428 verba
1880 1392 2157 1440 prophetarum
2185 1393 2252 1441 qui
2267 1393 2497 1441 prophetant

1421 1445 1527 1482 vobis
1565 1450 1602 1481 et
1635 1445 1824 1494 decipiunt
1858 1456 1946 1482 vos:
1978 1445 2160 1482 visionem
2195 1445 2320 1483 cordis
2350 1445 2412 1482 sui
2441 1444 2495 1483 lo*

2623 444 2631 459 t

2519 495 2530 505 ⁸
2544 494 2609 516 Vers.
2624 500 2659 516 20.

2545 762 2611 784 Vere.
2627 768 2658 789 10,
2673 767 2696 783 ιι.

2521 1338 2532 1350 “
2545 1336 2685 1361 venais&
2701 1330 2704 1337 ¹
2724 1334 2729 1337 ⁴

296 1498 381 1535 licet
410 1499 462 1535 eis
491 1499 616 1548 aliqua
654 1511 752 1548 quae
789 1508 877 1537 sunt
904 1502 1058 1549 procul,
1089 1510 1284 1551 apparent.
1319 1504 1368 1540 Et
1423 1503 1610 1547 quumvr,
1641 1510 1715 1534 non
1745 1498 1791 1534 de
1831 1510 1898 1534 ore
1929 1499 2109 1543 Domini?
2138 1506 2174 1535 et
2207 1499 2347 1536 EZCCh·
2377 1497 2494 1535 X1¹¹⁸¹²
2522 1503 2648 1534 ·v-·.3.
2677 1550 2680 1555 Ι
2725 1544 2727 1546 ,

57 1563 266 1590 ⁸Lib.V11‚cap.
295 1559 452 1600 propter
480 1553 566 1600 hoc,
587 1561 628 1589 ut
657 1553 822 1590 Isidorus
853 1553 951 1600 dicit,
973 1554 1011 1591 in
1032 1554 1127 1591 libro
1147 1556 1314 1604 Ery-mol,
1335 1557 1367 1605 *7
1422 1552 1535 1588 Haec
1572 1551 1662 1588 dicit
1685 1551 1891 1588 Dominus:
1927 1552 2004 1588 Vae
2022 1557 2039 1573 ²
2062 1552 2256 1600 prophetis
2293 1551 2495 1601 insipienti³
2563 1546 2636 1599 ’Μᾷ
2687 1549 2690 1557 “

296 1605 332 1640 in
353 1607 471 1642 veteri
492 1607 527 1642 T
523 1611 726 1643 estamento
745 1607 1034 1655 appellabantur
1059 1609 1251 1646 Videntes:
1278 1611 1367 1658 quia
1422 1606 1502 1650 buS,
1523 1605 1590 1653 qui
1614 1610 1822 1652 sequuntur
1839 1605 2011 1653 spiritum
2039 1617 2163 1651 suum,
2183 1611 2219 1642 et
2242 1605 2335 1643 nihil
2356 1605 2493 1648 viden&

295 1658 471 1695 videbant
497 1671 542 1695 ea
571 1671 668 1707 quae
696 1661 810 1696 ceteri
836 1672 910 1697 non
940 1661 1134 1706 videbant,
1164 1667 1200 1698 et
1220 1664 1368 1711 prospi-
1475 1660 1534 1694 AD
1564 1669 1739 1700 QUARTUM
1767 1669 1954 1695 DICENDUM
1989 1659 2096 1706 quod
2125 1658 2163 1695 in
2199 1658 2402 1708 prophetia
2438 1667 2496 1695 ΓΘ*

296 1711 444 1750 ciebant
469 1723 567 1759 quae
585 1713 622 1748 in
652 1713 832 1760 mysterio
857 1714 1076 1751 abscondita
1104 1721 1224 1751 erant.
1255 1716 1367 1753 Unde
1423 1710 1583 1760 quiritur
1610 1711 1717 1758 quod
1746 1710 1903 1748 intentio
1932 1712 2069 1748 mentis
2100 1713 2271 1749 elevetur
2296 1712 2345 1749 ad
2373 1709 2495 1760 perci·

31 1773 187 1795 .⁸lbid.lib.
204 1773 266 1799 vm,
297 1770 332 1800 et
359 1764 544 1811 gentilitas
579 1777 645 1801 eos
674 1766 890 1814 appellabat
917 1772 1037 1812 vates,
1067 1779 1091 1803 a
1119 1768 1159 1803 vi
1184 1769 1316 1805 mentis
1335 1769 1365 1806 ²⁸.
1421 1763 1563 1812 pienda
1591 1763 1742 1801 divina:
1772 1764 1875 1801 unde
1905 1764 2040 1802 dicitur
2068 1765 2208 1802 Ezech.
2231 1764 2312 1802 11²⁸:
2342 1764 2420 1802 Fili
2429 1765 2495 1802 ho-
2522 1771 2646 1794 ’να-ιι·

56 1805 108 1827 ⁰⁸²
123 1806 164 1821 ’'¹''
350 1817 426 1854 Sed
447 1818 548 1865 quia,
569 1825 611 1854 ut
630 1815 642 1839 ⁰
673 1818 809 1854 dicitur
829 1820 841 1854 Ι
863 1819 915 1855 ad
937 1820 1024 1856 Cor.
1039 1831 1087 1856 ΧΠ
1107 1819 1138 1865 *,
1166 1821 1367 1870 unicuique
1421 1817 1546 1862 miniS,
1565 1822 1623 1853 sta
1642 1828 1756 1865 super
1768 1817 1884 1865 pedes
1903 1822 1997 1863 tuos,
2018 1823 2053 1854 et
2070 1818 2208 1866 loquar
2226 1823 2359 1855 tecum.
2386 1818 2494 1854 Haec

54 1868 144 1890 w...
160 1874 180 1894 ⁷·
294 1870 406 1906 datur
433 1871 683 1918 manffestatio
704 1872 863 1919 Spiritus
886 1872 938 1908 ad
956 1872 1173 1917 utilitatem‚·
1202 1882 1239 1910 et
1258 1874 1366 1922 infra,
1422 1876 1551 1906 autem
1573 1869 1736 1906 elevatio
1760 1869 1980 1907 intentionis
2009 1871 2052 1907 fit
2080 1871 2220 1919 Spiritu
2249 1869 2391 1909 Sancto
2410 1880 2495 1908 mo*

55 1925 188 1947 ’Vm-¹²·
293 1934 353 1958 xw
372 1922 402 1969 ²¹³,
433 1923 584 1970 dicitur,
614 1924 677 1960 Aa
707 1924 1006 1972 aedificationem
1033 1926 1227 1963 Ecclesiae
1254 1939 1366 1975 quae-
1420 1929 1552 1959 vente:
1587 1923 1690 1959 unde
1725 1922 1776 1958 ibi
1794 1922 1814 1944 '¹‘
1843 1922 2034 1960 subditur:
2071 1924 2122 1960 Et
2149 1923 2343 1973 ingressus
2375 1930 2430 1961 est
2454 1923 2494 1970 ‘in
2522 1929 2649 1953 ’Vm-¹-

2543 1976 2584 1996 mai
2601 1978 2622 1995 o·
2655 1978 2678 1990 -ν

293 1975 362 2011 rite
396 1981 435 2012 ut
465 1977 680 2013 abundetis:
718 1977 806 2015 inde
843 1985 898 2014 est
933 1979 1038 2027 quod
1071 1980 1274 2028 prophetIa
1309 1993 1367 2018 se-

294 2029 476 2065 cundario
507 2029 675 2066 consistit
703 2030 740 2067 in
769 2031 983 2078 locutione,
1012 2041 1128 2080 prout
1154 2034 1367 2082 prophetae

293 2093 337 2118 ea
366 2094 464 2130 quae
495 2082 673 2120 divinitus
694 2084 818 2121 edocti
840 2093 1089 2132 cognoscunt,
1110 2086 1159 2122 ad
1189 2086 1368 2124 aedifica-

292 2134 436 2171 tionem
457 2135 619 2173 aliorum
640 2137 876 2185 annuntiant,
897 2139 1110 2176 secundum
1131 2139 1221 2177 illud
1247 2141 1367 2178 Isaiae

292 2199 351 2224 xxi
371 2187 410 2225 *z
444 2189 551 2230 Quae
577 2190 709 2226 audivi
734 2202 758 2227 a
787 2191 955 2228 Domino
983 2192 1252 2239 Exercituum,
1285 2195 1366 2231 Deo

292 2241 434 2287 Israel,
465 2243 691 2280 annuntiavi
721 2244 839 2281 vobis.
879 2245 927 2281 Et
956 2245 1169 2283 secundum
1200 2247 1296 2294 hoc,
1326 2255 1367 2284 ut

294 2293 461 2331 Isidorus
495 2295 601 2342 dicit,
631 2295 669 2332 in
703 2297 798 2333 libro
835 2298 1003 2346 Etrmol.
1029 2298 1065 2345 ²¹⁶,
1094 2307 1256 2347 possunt
1294 2300 1367 2337 dici

293 2348 503 2396 prophetae
530 2349 641 2396 quasi
658 2351 927 2398 prae-satores,
949 2363 992 2387 eo
1014 2352 1117 2399 quod
1137 2363 1258 2400 porro
1271 2354 1367 2401 san-

1420 1987 1481 2012 me
1509 1975 1681 2023 Spiritus,
1703 1981 1738 2012 et
1754 1975 1883 2012 statuit
1900 1987 1961 2013 me
1977 1987 2093 2024 super·
2104 1977 2220 2024 pedes
2238 1988 2355 2014 meos.
2383 1975 2494 2016 1³0³ss

1420 2040 1538 2076 quam
1569 2036 1698 2065 autem
1728 2029 1885 2066 intentio
1916 2029 2054 2066 mentis
2084 2030 2232 2067 elevata
2270 2037 2326 2067 est
2355 2029 2404 2068 ad
2432 2031 2494 2068 sui*
2544 2031 2632 2046 ‘⁴⁷¹¹‘

2610 2085 2623 2098 Δ.

1420 2093 1553 2130 perna,
1573 2081 1732 2130 percipit
1762 2081 1912 2119 divina:
1941 2083 2045 2120 unde
2073 2083 2268 2120 subditur:
2296 2083 2347 2120 Et
2364 2084 2498 2122 audini

1420 2135 1630 2183 loquentem
1659 2135 1712 2172 ad
1736 2147 1807 2172 me.
1849 2135 1910 2172 Sic
1939 2135 2050 2183 igitur
2078 2137 2128 2173 ad
2160 2137 2404 2186 prophetiam
2436 2143 2495 2176 re-

1420 2188 1580 2236 quiritur
1617 2188 1811 2237 inspiratio
1841 2196 2028 2237 quantum
2057 2189 2106 2227 ad
2140 2189 2278 2228 mentis
2315 2190 2495 2230 elevatio·

1420 2253 1523 2288 nem,
1541 2242 1755 2279 secundum
1779 2241 1870 2279 illud
1883 2243 1955 2279 Iob
1973 2242 2112 2289 xxx11*,
2133 2243 2338 2292 Inspiratio
2367 2243 2496 2302 Omns}

1414 2295 1577 2342 potentis
1595 2295 1661 2332 dat
1678 2294 1981 2344 intelligentiam:
2007 2296 2188 2334 revelatio
2209 2303 2352 2345 autem,
2372 2297 2494 2346 quati-

1420 2354 1501 2384 tum
1531 2347 1580 2384 ad
1610 2347 1732 2396 ipsam
1762 2348 2050 2396 perceptionem
2081 2349 2318 2397 divinorum,
2347 2350 2387 2388 in
2415 2349 2494 2400 qut>

2521 2252 2532 2263 ⁸
2546 2251 2650 2300 vna&
2722 2286 2725 2289 ἱ

293 2405 366 2446 tur,
383 2400 492 2448 idest,
509 2413 530 2437 a
551 2402 708 2439 remotis
728 2403 864 2450 fantur,
882 2409 916 2440 et
934 2405 1136 2452 defuturis
1150 2417 1243 2442 vera
1251 2418 1366 2454 prae·
1418 2400 1614 2449 perficitur
1641 2400 1864 2449 propheti&
1893 2413 1963 2450 Per
1990 2401 2113 2451 ipsam
2132 2400 2146 2424 λ
2176 2411 2398 2440 removetur
2426 2405 2495 2441 Ob·
2617 2411 2637 2451 λ

293 2453 433 2490 dicunt.
1419 2453 1605 2490 scuritatis
1635 2461 1671 2490 et
1694 2453 1929 2502 ignorantiae
1948 2455 2140 2502 velamen,
2166 2457 2381 2493 secundum
2402 2457 2494 2495 illud

346 2507 403 2543 Ea
433 2514 562 2544 autem
592 2519 692 2555 quae
722 2521 837 2558 supra
865 2510 1077 2547 humanam
1108 2511 1365 2559 cognitionem
1418 2507 1488 2543 Iob
1506 2518 1554 2543 ΧΗ
1574 2506 1610 2543 *1
1645 2507 1721 2549 Qui
1746 2507 1890 2544 revelat
1911 2508 2107 2556 profunda
2136 2509 2182 2545 de
2209 2509 2380 2546 tenebris.
2522 2515 2661 2564 ’Vm-¹²²-

346 2639 368 2665 ε)
388 2640 467 2665 enim.
480 2654 498 2659 —
518 2647 589 2666 nunc
606 2641 792 2674 ABCEFLpK.
812 2642 880 2667 vivit
899 2643 930 2673 D,
950 2651 1004 2669 om.
1024 2644 1106 2669 HIsK.

1474 2646 1494 2678 ι)
1512 2646 1560 2671 sed
1585 2647 1751 2679 operatione.
1763 2660 1783 2666 -
1800 2647 1947 2672 secundum
1966 2647 2151 2680 operationem
2179 2649 2407 2683 PABDFHKLpC
2433 2657 2459 2676 et
2477 2659 2495 2677 a

344 2667 368 2706 ζ)
389 2679 561 2707 cognoscunt.
575 2690 592 2695 —
607 2677 757 2708 prophetae
782 2682 950 2711 cognoscunt
969 2679 1022 2705 PH.
1035 2693 1054 2699 -
1072 2680 1122 2704 Pro
1148 2681 1280 2712 quaedam
1299 2689 1368 2714 quae
1419 2682 1468 2707 sed
1485 2682 1633 2707 secundum
1651 2682 1836 2714 operationem
1855 2683 1923 2712 EsC.
1942 2683 1990 2708 sed
2003 2690 2056 2715 per
2074 2684 2258 2716 operationem
2278 2685 2325 2710 sG.

291 2713 353 2734 sunt
369 2711 473 2742 procul,
494 2718 525 2736 ea
543 2719 612 2744 quae
630 2716 694 2738 sunt
708 2715 807 2745 procul
825 2717 851 2739 et
870 2714 916 2739 Pa.

344 2746 370 2777 η)
390 2753 406 2770 a
422 2746 536 2777 pharios.
549 2762 569 2766 —
587 2755 604 2772 a
619 2748 725 2779 phonos
745 2749 785 2779 IL,
798 2757 815 2774 a
829 2750 989 2782 prophanos
1008 2751 1060 2779 AC,
1075 2758 1093 2775 a
1101 2752 1201 2783 procul
1219 2755 1246 2777 et
1261 2752 1367 2784 pharios

292 2780 323 2810 H,
343 2788 359 2805 a
375 2788 428 2812 pro
447 2783 519 2814 quod
538 2786 578 2808 est
592 2785 691 2815 procul
708 2788 735 2809 et
748 2785 855 2816 phanes
874 2785 921 2811 Pa.

344 2814 368 2847 θ)
389 2820 425 2842 ut.
438 2830 458 2836 —
475 2818 524 2843 hoc
542 2819 694 2851 ABEFpCK
715 2825 740 2844 et
758 2828 783 2850 a,
804 2821 868 2846 haec
887 2821 917 2852 L,
936 2829 988 2846 om.
1010 2821 1046 2852 D;
1067 2827 1094 2846 ut
1114 2830 1161 2846 nos
1181 2822 1213 2847 G.

1475 2718 1500 2749 n)
1524 2717 1585 2743 Vae.
1598 2731 1617 2737 -
1635 2718 1668 2742 de
1687 2718 1726 2743 Pa
1745 2723 1770 2743 et
1789 2718 1900 2743 codices.

1472 2751 1500 2784 λ)
1516 2760 1569 2785 per·
1591 2754 1686 2785 ipsam.
1699 2768 1717 2773 -
1736 2754 1799 2786 quia
1820 2761 1872 2786 per

1420 2788 1506 2820 ipsam
1527 2789 1591 2814 PsC.

967 2909 1303 2944 Conmentariis.
1327 2910 1582 2945 Oai-ainans
1605 2912 1806 2946 Caietam

293 2993 404 3074 Hm
427 2996 538 3036 incipit
561 3002 670 3027 octava
686 3006 758 3036 pars
782 2997 871 3027 istius
892 2997 976 3028 Libri
993 2998 1019 3034 ¹⁹⁸,
1036 3004 1172 3029 tractans
1195 2998 1235 3029 de
1257 2998 1365 3039 gratiis

375 3041 469 3082 gratis
487 3040 575 3071 datis.
602 3040 663 3071 Ubi
680 3041 909 3072 advertendum
931 3049 978 3072 est
1000 3042 1100 3083 quod,
1119 3049 1154 3073 ut
1177 3042 1209 3072 in
1233 3042 1365 3074 littera*

291 3088 414 3122 dicitur,
437 3085 554 3125 gratiae
577 3085 672 3124 gratis
697 3085 786 3116 datae
811 3085 999 3117 ordinantur
1022 3087 1062 3116 ad
1086 3086 1154 3123 tria,
1174 3086 1293 3118 scilicet
1312 3097 1364 3118 co-

290 3132 484 3172 gnitionem,
509 3129 706 3160 locutionem
731 3137 761 3161 et
785 3130 1022 3170 operationem:
1047 3130 1110 3162 hoc
1140 3138 1245 3163 tamen
1270 3139 1365 3172 pacto

289 3177 379 3217 quod
403 3175 443 3205 ad
467 3173 683 3214 cognitionem
703 3181 846 3215 spectant
862 3182 934 3211 tres,
951 3174 1068 3206 scilicet
1091 3175 1269 3216 prophetia,
1287 3175 1365 3207 fides

290 3227 319 3251 et
332 3219 477 3251 discretio
494 3218 680 3259 spirituum;
698 3218 737 3248 ad
752 3218 950 3250 locutionem
963 3226 1110 3261 quatuor,
1125 3219 1242 3251 scilicet
1258 3230 1363 3252 sermo

291 3264 470 3304 sapientiae,
484 3272 589 3293 sermo
606 3262 762 3299 scientiae,
776 3263 991 3304 interpretatio
1008 3273 1196 3294 sermonum
1209 3271 1239 3295 et
1250 3274 1364 3305 genera

292 3308 488 3347 linguarum
522 3307 561 3337 ad
585 3307 807 3347 operationem
831 3307 928 3344 duae,
954 3307 1072 3339 scilicet
1098 3308 1198 3348 gratia
1222 3309 1364 3340 sanitatis

292 3358 321 3382 et
341 3351 482 3391 operatio
498 3351 663 3382 virtutum.
688 3352 809 3382 Verum
830 3358 936 3383 tamen
962 3359 1008 3383 est
1031 3353 1121 3394 quod
1145 3353 1362 3394 interpretatio

290 3405 477 3426 sermonum
501 3395 622 3426 ratione
645 3395 777 3426 luminis
801 3406 868 3437 quo
892 3396 1108 3437 interpretatio
1133 3396 1178 3434 fit,
1203 3405 1234 3428 et
1257 3408 1362 3428 sermo

1416 3006 1559 3040 spectant
1582 3001 1621 3031 ad
1647 3001 1881 3041 cognitionem,
1914 3001 1969 3032 sed
1993 3001 2062 3032 vult
2084 3001 2161 3032 haec
2189 3011 2226 3032 ex
2249 3001 2316 3033 aliis
2339 3002 2490 3044 intelligi:

1415 3044 1489 3075 ideo
1513 3044 1635 3076 reducit
1657 3045 1690 3076 in
1714 3045 1776 3077 hoc
1800 3045 1957 3086 principio
1980 3045 2072 3076 valde
2092 3045 2265 3076 summarie
2288 3046 2329 3078 ad
2352 3047 2491 3088 prophe-

1415 3088 1493 3119 tiam
1516 3089 1631 3129 gratias
1647 3089 1742 3130 gratis
1759 3090 1846 3121 datas
1862 3095 2038 3130 spectantes
2053 3090 2093 3120 ad
2109 3089 2344 3130 cognitionem
2368 3098 2405 3123 ut
2423 3101 2490 3124 non

1415 3133 1558 3173 exigatur
1581 3134 1620 3165 ab
1643 3144 1683 3165 eo
1705 3134 1787 3165 alius
1810 3140 1960 3166 tractatus
1985 3133 2024 3165 de
2047 3133 2101 3170 eis,
2126 3134 2182 3165 sed
2205 3134 2302 3166 simul
2322 3145 2397 3166 cum
2416 3145 2490 3176 pro·

1416 3177 1522 3217 phetia
1553 3184 1701 3209 tractatae
1729 3177 1962 3219 intelligantur;
1992 3177 2091 3218 gratia
2114 3187 2189 3209 vero
2213 3179 2385 3211 sanitatum
2415 3189 2490 3212 cum

1417 3222 1602 3262 operatione
1625 3222 1791 3254 virtutum.

1446 3320 1466 3340 n
1483 3309 1616 3341 arficulo
1633 3310 1738 3350 primo
1761 3308 1956 3351 quaestionis
1980 3309 2488 3353 centesimaeseptuagesimaepri·

1419 3321 1527 3390 Imae,
1541 3354 1573 3384 in
1590 3354 1798 3395 responsione
1815 3353 1854 3383 ad
1871 3360 2032 3394 quartum,
2050 3354 2153 3395 incipe
2170 3355 2318 3396 colligere
2338 3366 2422 3398 quae
2440 3366 2488 3387 re-

1898 2754 1982 2786 ipsam
2004 2755 2037 2785 H,
2052 2762 2105 2787 per
2129 2755 2215 2788 Ipsam
2241 2756 2311 2781 enim
2335 2756 2381 2786 sK,
2401 2760 2428 2782 et
2441 2748 2503 2790 per·

1415 3398 1586 3438 quiruntur
1602 3398 1639 3428 ad
1656 3407 1764 3428 veram
1784 3397 1986 3437 prophetiam
2001 3397 2027 3428 ¹⁶¹.
2053 3399 2160 3430 Habes
2176 3399 2337 3441 siquidem
2353 3400 2405 3432 hic
2421 3400 2488 3432 duo
2515 3398 2726 3428 ‘Cf-mamon-

2514 3429 2586 3449 flmk.
2601 3432 2666 3449 1111..

1415 3442 1593 3473 claudentia
1620 3441 1652 3472 in
1677 3451 1710 3472 se
1740 3441 1819 3472 duas
1849 3441 1988 3472 actiones
2019 3449 2049 3473 et
2073 3443 2151 3474 duas
2175 3444 2350 3484 passiones.
2381 3445 2487 3476 Prima
2513 3452 2726 3482 fln.;m.5,com-

1414 3486 1496 3516 actio
1521 3485 1626 3516 divina
1649 3491 1695 3516 est
1709 3484 1890 3525 inspiratio:
1915 3493 1946 3517 et
1961 3486 2038 3517 haec
2053 3486 2089 3518 fit
2104 3487 2137 3518 in
2151 3488 2316 3519 voluntate
2333 3489 2485 3526 humana,
2513 3483 2725 3536 ffiwfin'g}

1414 3535 1445 3560 et
1463 3529 1557 3560 infert
1576 3529 1758 3569 passionem
1777 3539 1858 3570 quae
1875 3537 1922 3561 est
1941 3530 2059 3562 elevata
2075 3531 2209 3563 intentio
2226 3533 2265 3563 ad
2283 3533 2486 3574 percipienda
2512 3565 2536 3581 nv
2550 3536 2645 3556 ment.
2658 3538 2724 3556 ”²¹¹²-

1415 3573 1530 3604 divina.
1556 3573 1700 3604 Secunda
1724 3573 1816 3610 actio,
1838 3574 1933 3606 etiam
1957 3575 2074 3613 divina,
2095 3583 2142 3607 est
2164 3576 2330 3608 revelatio:
2355 3584 2386 3608 et
2409 3577 2486 3608 haec
2538 3575 2543 3581 ⁸

1415 3616 1450 3647 fit
1473 3617 1505 3647 in
1536 3616 1714 3654 intellectu,
1739 3624 1769 3648 et
1793 3617 1886 3649 infert
1912 3619 1943 3649 in
1968 3629 2006 3650 eo
2037 3620 2220 3660 passionem
2243 3631 2325 3662 quae
2347 3628 2393 3653 est
2417 3630 2484 3661 per-

291 3439 462 3479 sapientiae
491 3446 521 3469 et
550 3439 697 3471 scientiae
727 3440 848 3471 ratione
880 3441 1051 3481 sapientiae
1080 3448 1110 3473 et
1133 3441 1298 3479 scientiae,
1323 3442 1361 3472 ad

290 3483 507 3523 cognitionem
530 3493 661 3524 quoque
682 3491 832 3524 spectant.
858 3485 898 3516 Et
921 3485 1076 3526 quoniam
1091 3488 1214 3516 Auctor
1229 3486 1268 3516 de
1285 3496 1361 3527 qua-

290 3533 364 3558 tuor
388 3527 504 3557 horum
529 3537 642 3567 parurn
666 3535 719 3558 aut
744 3528 821 3558 nihil
849 3529 939 3570 loqui
963 3529 1114 3566 intendit,
1140 3529 1258 3561 scilicet
1280 3529 1361 3566 fide,

289 3571 478 3602 discretione
498 3571 678 3611 spirituum,
703 3572 801 3611 gratia
818 3573 958 3603 sanitatis
978 3580 1008 3604 et
1027 3573 1284 3613 interpretatione
1300 3583 1362 3604 ser-

289 3615 410 3651 monis,
441 3622 471 3646 et
501 3614 644 3645 similiter
675 3615 712 3645 de
741 3615 894 3655 sapientia
925 3624 954 3647 et
987 3617 1116 3648 scientia
1148 3627 1207 3657 pro
1238 3623 1360 3658 quanto
