2768 4198
209 843 435 926 Danum
471 829 795 866 considerandum
833 836 889 864 est
925 828 972 864 de
1008 827 1066 864 his
1106 839 1205 876 quae
1235 830 1346 876 per-l

16 893 102 941 nctf-oae
97 898 206 914 ,ΕΙ-ΚΒΝ

16 3431 25 3439 ’
39 3429 95 3457 Cap.
111 3434 157 3451 m.

244 259 322 305 466

895 251 1164 299 QUAESTIO
1195 249 1420 296 CLXXXV,
1450 249 1750 286 ARTICULUS
1781 250 1794 285 1

451 484 865 565 QUAESTIO
911 480 2243 558 CENTESIMAOCTOGESIMAQUINTA

505 607 586 648 DE
622 606 719 647 His
755 605 927 658 QUAE
961 603 1310 644 PERTINENT
1345 603 1431 644 AD
1467 602 1723 644 STATUM
1756 601 2191 643 EPISCOPORUM

1069 721 1104 746 IN
1134 720 1234 745 OCTO
1263 720 1469 746 ARTICULOS
1498 720 1617 746 DIVISA

326 885 445 922 tinent
472 883 522 920 ad
550 891 690 920 statum
722 883 995 931 episcoporum
1016 881 1048 918 ³¹⁸.
1344 873 1346 913 l

243 941 291 976 Et
320 939 419 975 circa
447 938 523 974 hoc
552 945 787 987 quaeruntur
816 944 917 973 octo,

295 992 447 1029 Primo:
477 999 607 1029 utrum
635 991 745 1028 liceat
774 991 1038 1040 episcopatum
1069 995 1261 1037 appetere.

296 1045 497 1083 Secundo:
534 1053 663 1083 utrum
702 1046 812 1082 liceat
851 1044 1115 1093 episcopatum
1154 1042 1318 1080 finaliter

348 1110 537 1137 recusare.

294 1153 447 1190 Tertio:
477 1161 607 1190 utrum
628 1160 803 1202 oporteat
823 1152 871 1189 ad
893 1151 1158 1201 episcopatum
1180 1150 1317 1198 eligere

349 1206 563 1244 meliorem.
1344 1236 1345 1252 ἶ

296 1262 466 1309 Quarto:
496 1269 623 1298 utrum
646 1259 851 1309 episcopus
870 1258 992 1309 possit
1017 1258 1066 1295 ad
1093 1257 1316 1306 religionem
1344 1255 1345 1301 ἶ

349 1315 520 1353 transire.
1344 1314 1345 1359 l

1428 828 1595 875 Quinto:
1625 835 1755 864 utrum
1784 827 1895 864 liceat
1925 827 1958 863 ei
1979 827 2225 876 corporaliter
2244 839 2335 864 suos
2359 827 2448 864 sub-

1481 895 1580 932 ditos
1611 895 1801 932 deserere.

1427 969 1565 1006 Sexto:
1594 976 1724 1004 utrum
1753 967 1875 1016 possit
1902 967 2046 1004 habere
2074 967 2289 1016 proprium.

1427 1035 1622 1085 Septimo:
1662 1042 1790 1071 utrum
1829 1041 1963 1083 peccet
2000 1033 2210 1071 mortaliter
2249 1035 2352 1071 bona
2391 1047 2450 1072 ec-

1481 1102 1690 1140 clesiastica
1719 1102 1954 1151 pauperibus
1983 1114 2063 1139 non
2092 1103 2300 1150 erogando.

1428 1175 1601 1211 Octavo:
1639 1181 1768 1210 utrum
1808 1172 1969 1221 religiosi
2003 1173 2068 1221 qui
2098 1173 2146 1210 ad
2184 1172 2449 1222 episcopatum

1479 1249 1740 1288 assumuntur,
1761 1248 1963 1278 teneantur
1982 1240 2031 1278 ad
2052 1240 2316 1278 observantias
2342 1252 2451 1289 regu-

1480 1310 1590 1346 lares.

1063 1420 1385 1464 ARTICULUS
1419 1420 1626 1462 PRIMUS

883 1516 1041 1547 UTRUM
1065 1514 1226 1546 LICEAT
1250 1513 1557 1545 EPISCOPATUM
1581 1513 1808 1544 APPETERE

442 1595 1121 1629 Quodt.1,.1quv,.;1ar11111,u,aq.wa.;rt1
1141 1594 1237 1625 v‚.qu
1256 1601 1289 1622 ιιι,
1309 1598 1355 1618 art.

1376 1600 1406 1623 23
1426 1593 1485 1624 XII,
1505 1600 1551 1625 qu.
1570 1600 1604 1622 xi,
1624 1597 1672 1618 art.
1694 1591 1723 1623 3,
1743 1592 1785 1617 De
1805 1592 1877 1626 Pers.
1901 1591 1977 1617 Vitae
1996 1591 2101 1623 Spiri.,t
2122 1599 2178 1624 cap.
2197 1598 2253 1622 1113

1101 1629 1168 1654 lad
1190 1628 1265 1658 Tim„
1286 1636 1342 1661 cap.
1361 1636 1398 1659 111,
1419 1629 1514 1654 lect.1.

330 1734 336 1746 ι
359 1735 402 1763 μ.
427 1738 431 1746 ‹
457 1726 479 1751 D
508 1725 647 1750 emmim
676 1724 729 1748 Sic
754 1721 996 1747 PROCEDlTUR.
1026 1709 1188 1746 Videtur
1213 1708 1319 1756 quod

292 1759 430 1878 &fibri
456 1767 566 1804 liceat
587 1766 852 1815 episcopatum
873 1770 1067 1812 appetere.
1093 1763 1195 1800 Dicit
1216 1761 1318 1799 enirn

438 1819 444 1823 “
702 1820 715 1855 Ι
745 1819 797 1855 ad
823 1817 919 1854 Tim.
941 1829 977 1854 111
997 1815 1038 1853 *ε
1077 1817 1153 1859 Qui
1178 1818 1318 1865 episco-

245 1929 320 1965 Sed
351 1890 502 1964 licitum
533 1936 569 1965 et
596 1926 786 1964 laudabile
817 1933 873 1962 est
906 1925 1054 1961 bonum
1088 1937 1187 1974 opus
1221 1924 1318 1962 desi-

244 1983 391 2019 derare.
421 1978 524 2030 Ergo
556 1981 671 2018 etiam
700 1979 890 2018 laudabile
921 1985 976 2015 est
1004 1978 1222 2016 desiderare
1243 1978 1319 2028 epi-

243 2042 458 2084 scopatum.

299 2101 333 2126 2.
364 2089 609 2137 PRAETEREA,
640 2096 758 2126 status
794 2086 1066 2136 episcoporum
1106 2093 1160 2123 est
1197 2086 1319 2135 perfe-

183 2156 215 2177 Ν,
244 2143 339 2181 ctior
368 2155 485 2192 quam
515 2150 632 2181 status
661 2141 939 2190 religiosorum,
960 2149 1002 2177 ut
1030 2152 1146 2189 supra
1164 2139 1185 2161 ‘¹‘
1212 2139 1319 2177 habi·
1346 2142 1347 2145 ’

244 2205 324 2234 tum
356 2205 423 2234 est.
455 2198 532 2234 Sed
553 2196 744 2234 laudabile
767 2203 822 2232 est
841 2195 947 2244 quod
967 2194 1104 2242 aliquis
1130 2194 1321 2231 desideret
1346 2195 1347 2200 ’

245 2252 293 2288 ad
323 2259 462 2288 statum
492 2249 683 2298 religionis
710 2249 881 2286 transire.
912 2248 1016 2295 Ergo
1047 2246 1160 2284 etiam
1189 2248 1319 2285 lauda-

246 2304 320 2341 bile
358 2312 414 2341 est
451 2304 558 2352 quod
597 2302 731 2352 aliquis
769 2308 923 2351 appetat
963 2301 1012 2338 ad
1052 2300 1319 2350 episcopatum

245 2357 483 2408 promoveri.

302 2412 336 2449 3
357 2412 593 2457 PRAETEREA,
613 2410 727 2447 Prov
748 2407 818 2445 XI*
846 2407 1002 2445 dicitur:
1037 2407 1111 2450 Qui
1128 2385 1347 2445 abscondit

235 2466 450 2513 frumenta,
481 2463 724 2501 maledicetur
752 2462 789 2499 in
812 2461 984 2511 populis.-
1020 2461 1224 2498 benedictio
1253 2473 1321 2498 au-

246 2524 319 2555 tem
338 2530 453 2567 super
471 2523 585 2567 caput
601 2516 854 2554 vendentium.
885 2515 963 2553 Sed
991 2514 1051 2551 ille
1077 2515 1141 2564 qui
1161 2522 1218 2552 est
1241 2514 1321 2552 ido-

247 2584 342 2608 neus
373 2581 408 2609 et
435 2572 513 2609 vita
543 2579 579 2608 et
607 2570 763 2607 scientia
792 2569 840 2606 ad
871 2570 1148 2618 episcopatum,
1169 2568 1322 2606 videtur

246 2626 434 2662 frumenta
463 2625 670 2675 spiritualia
699 2622 938 2661 abscondere
968 2622 998 2659 si
1027 2635 1067 2659 se
1097 2622 1146 2659 ab
1176 2622 1321 2671 episco-

246 2687 338 2728 patu
367 2679 583 2716 subtrahat:
617 2691 686 2728 per
712 2678 788 2715 hoc
817 2685 946 2714 autern
977 2677 1084 2724 quod
1123 2676 1320 2725 episcopa-

246 2741 329 2770 tum
358 2733 506 2782 accipit,
527 2732 681 2782 ponitur
710 2731 748 2768 in
777 2738 876 2768 statu
904 2730 1095 2767 frumenta
1115 2729 1322 2779 spiritualia
1348 2746 1349 2772 i

248 2786 505 2835 dispensandi.
536 2787 638 2835 Ergo
657 2785 810 2823 videtur
833 2784 939 2833 quod
967 2783 1158 2822 laudabile
1182 2783 1228 2821 sit
1249 2784 1324 2833 epi·
1348 2802 1349 2812 ι

249 2848 451 2889 scopatum
490 2848 692 2890 appetere,
731 2846 769 2875 et
803 2837 1056 2887 vituperabile
1099 2837 1226 2887 ipsum
1265 2850 1322 2874 re-

249 2895 391 2942 fugere.

302 2960 340 2994 4.
368 2947 610 2995 PRAETEREA,
641 2946 739 2983 facta
768 2946 999 2982 Sanctorum
1029 2956 1129 2992 quae
1159 2944 1197 2982 in
1228 2944 1324 2981 Scri-

250 3010 360 3050 ptura
379 3009 594 3048 narrantur,
611 3006 881 3049 proponuntur
900 2998 1012 3035 nobis
1032 2997 1071 3035 in
1092 2998 1322 3047 exemplum:

251 3054 464 3092 secundum
492 3054 582 3092 illud
611 3055 726 3091 Rom.
751 3065 799 3090 xv
817 3052 854 3089 *ε
890 3052 1159 3101 Quaecumque
1185 3052 1325 3101 scripta

250 3114 347 3154 sunt,
368 3108 419 3146 ad
437 3114 605 3145 nostram
629 3107 841 3144 doctrinam
869 3106 1008 3155 scripta
1036 3111 1134 3143 sunt.
1166 3106 1244 3143 Sed
1272 3106 1325 3142 le·
1351 3128 1352 3148 ι

252 3162 349 3209 gitur
387 3161 506 3198 Isaiae
526 3173 563 3198 vi
581 3160 613 3208 ²⁸⁸,
644 3160 751 3210 quod
786 3159 902 3197 Isaias
923 3172 963 3196 se
994 3159 1132 3197 obtulit
1160 3159 1210 3197 ad
1240 3159 1324 3196 offi-

254 3215 354 3251 cium
389 3214 699 3263 praedicationis:
738 3226 838 3262 quae
859 3218 876 3234 α
905 3212 1111 3263 praecipue
1146 3212 1354 3273 competit

1373 1719 1448 1744 non
1471 1713 1606 1756 potest,
1636 1708 1705 1744 etsi
1730 1708 2014 1745 administretur
2043 1715 2082 1746 ut
2108 1710 2222 1756 decet,
2243 1716 2369 1748 tamen
2397 1712 2452 1749 in-

1373 1761 1547 1798 decenter
1574 1762 1772 1810 appetitur.

1427 1815 1656 1851 Responmzo
1690 1826 1878 1852 met-:Noun
1913 1815 2019 1864 quod
2049 1815 2087 1853 in
2121 1816 2346 1866 episcopatu
2382 1818 2453 1857 tria

1373 1876 1536 1917 possunt
1569 1868 1815 1906 considerari.
1855 1868 2035 1916 Quorum
2070 1882 2191 1907 unum
2222 1879 2279 1908 est
2315 1872 2454 1921 princi-

1373 1923 1460 1971 pale
1485 1930 1521 1959 et
1549 1923 1683 1960 finale:
1718 1922 1859 1960 scilicet
1897 1922 2126 1972 episcopalis
2163 1924 2355 1974 operatio,
2384 1938 2455 1976 per

1374 1989 1491 2026 quam
1521 1976 1670 2014 utilitati
1698 1977 1961 2025 proximorum
1990 1976 2151 2015 intendit
2170 1976 2206 2025 β,
2236 1980 2451 2018 secundum

1373 2030 1464 2068 illud
1495 2032 1599 2068 loan.
1623 2031 1689 2067 ult.
1709 2029 1750 2067 *ε
1780 2031 1900 2067 Pasce
1926 2042 2015 2068 oves
2044 2043 2159 2069 meas.
2189 2052 2215 2060 -
2242 2031 2359 2070 Aliud
2389 2046 2454 2071 au·
2480 2043 2491 2054 ·

1374 2092 1452 2121 tem
1487 2092 1544 2122 est
1582 2084 1741 2122 altitudo
1777 2084 1934 2133 gradus:
1974 2084 2064 2134 quia
2100 2085 2306 2136 episcopus
2338 2099 2453 2138 super

1374 2138 1469 2176 alios
1499 2138 1750 2185 constituitur,
1772 2138 1988 2176 secundum
2016 2138 2108 2177 illud
2144 2140 2280 2178 Matth.
2305 2153 2393 2178 xxlv
2411 2140 2452 2179 *ε

1373 2192 1513 2229 Fidelis
1539 2203 1672 2229 servus
1699 2197 1736 2228 et
1756 2193 1938 2240 prudens,
1964 2204 2075 2241 quem
2104 2194 2295 2231 constituit
2319 2195 2454 2232 Domi·

1375 2258 1446 2282 nus
1471 2257 1587 2294 super
1608 2245 1803 2294 familiam
1831 2258 1955 2284 suam.
1985 2267 2010 2274 -
2040 2247 2215 2285 Tertium
2244 2255 2375 2286 autem
2397 2257 2455 2287 est

1346 2338 1347 2342 ,
1375 2299 1481 2347 quod
1512 2306 1794 2348 consequenter
1822 2311 1862 2336 se
1883 2300 2000 2337 habet
2029 2300 2077 2337 ad
2105 2299 2194 2338 ista:
2225 2301 2368 2340 scilicet
2395 2315 2454 2340 re·

1346 2354 1347 2370 ¹
1374 2352 1547 2390 verentia
1576 2360 1612 2389 et
1648 2353 1791 2400 honor,
1822 2360 1858 2390 et
1890 2353 2116 2391 sufficientia
2158 2355 2454 2405 temporalium,

1375 2407 1589 2443 secundum
1628 2405 1721 2443 illud
1751 2407 1765 2443 Ι
1795 2407 1848 2444 ad
1877 2407 1974 2444 Tim.
1996 2419 2019 2443 v
2037 2406 2077 2444 *ε
2113 2407 2188 2450 Qui
2222 2409 2317 2446 bene
2338 2421 2454 2458 prae-
2482 2417 2491 2427 ·

1373 2466 1462 2498 sunt
1481 2460 1716 2509 presbyteri,
1746 2460 1887 2508 duplici
1913 2461 2058 2498 honore
2085 2461 2196 2511 digni
2227 2462 2453 2501 habeantur.

1429 2516 1623 2563 Appetere
1643 2513 1752 2562 igitur
1772 2513 2036 2563 episcopatum
2057 2514 2204 2552 ratione
2230 2515 2455 2554 huiusmodi

1377 2567 1705 2613 circumstantium
1735 2568 1949 2616 bonorum,
1980 2567 2226 2606 manifestum
2263 2577 2320 2607 est
2348 2572 2454 2620 quod

1376 2630 1433 2659 est
1461 2621 1645 2668 illicitum,
1675 2629 1711 2658 et
1739 2621 1902 2671 pertinet
1930 2622 1979 2660 ad
2009 2622 2257 2672 cupiditatem
2282 2623 2344 2660 vel
2373 2636 2455 2661 arn-

1377 2675 1574 2712 bitionem.
1614 2675 1726 2713 Unde
1756 2683 1888 2713 contra
1917 2675 2148 2713 Pharisaeos
2175 2676 2371 2714 Dominus
2399 2677 2454 2715 di-

1377 2729 1440 2775 cit,
1472 2729 1607 2766 Matth.
1638 2741 1723 2766 xxm
1753 2728 1788 2766 ²¹⁸:
1827 2730 1974 2767 Amant
2000 2730 2149 2779 primos
2184 2730 2378 2768 accubitus
2415 2731 2452 2768 in

1377 2783 1477 2820 cenis
1505 2788 1540 2819 et
1562 2783 1712 2832 primas
1748 2783 1947 2820 cathedras
1975 2783 2012 2820 in
2047 2783 2283 2834 synagogis,
2311 2783 2454 2822 saluta-

1377 2837 1495 2874 tiones
1523 2837 1561 2873 in
1579 2838 1690 2885 foro,
1711 2842 1748 2873 et
1774 2837 1908 2874 vocari
1933 2838 1983 2874 ab
2010 2837 2236 2883 hominibus,
2260 2837 2398 2875 Rabbi.

2504 2041 2572 2065 Van.
2587 2048 2619 2071 ¹7·

2480 2145 2492 2156 ⁸
2504 2144 2571 2167 Vm.
2586 2151 2622 2174 45.

2506 2416 2573 2438 Vm.
2587 2421 2617 2444 ¹7.

2481 2735 2493 2747 ⁸
2505 2734 2573 2758 Vm.
2588 2735 2612 2762 6,
2626 2741 2647 2764 7.

1433 2890 1631 2937 Quantum
1660 2897 1789 2928 autem
1817 2890 1867 2928 ad
1896 2891 2124 2938 secundum,
2145 2890 2286 2928 scilicet
2305 2890 2354 2928 ad
2384 2891 2455 2928 cel·
2501 2903 2503 2906 ⁴

1378 2943 1582 2981 situdinem
1610 2943 1764 2992 gradus,
1785 2951 1965 2993 appetere
1985 2944 2252 2994 episcopatum
2273 2951 2330 2981 est
2347 2956 2455 2993 prae-

1378 3005 1663 3047 sumptuosum.
1693 2997 1806 3035 Unde
1826 2997 2030 3045 Dominus,
2051 2998 2187 3035 Matth.
2207 3009 2254 3034 xx
2269 2997 2301 3044 ¹⁸,
2332 2997 2454 3046 arguit
2482 3002 2492 3012 ⁸

1379 3051 1585 3115 discipulos
1619 3051 1830 3112 primatum
1869 3058 2116 3100 quaerentes,
2155 3050 2307 3088 dicens:
2346 3051 2454 3089 Scitis

1379 3105 1467 3154 quia
1495 3105 1689 3154 principes
1715 3105 1887 3155 gentium
1921 3105 2168 3142 dominantur
2194 3116 2352 3142 eorum.-
2386 3105 2454 3142 ubi

1352 3159 1680 3215 Chrysostomus
1701 3157 1829 3196 dicit*
1856 3157 1962 3208 quod
1980 3170 2051 3207 per
2069 3158 2144 3194 hoc
2168 3157 2326 3195 ostendit
2354 3158 2457 3207 quod
2472 3165 2491 3184 ··
2517 3171 2532 3187 ⁰

1352 3190 1520 3262 gentile
1537 3218 1593 3249 est
1604 3212 1794 3262 primatus
1809 3216 1824 3240 Υ
1846 3223 2007 3260 cupere‚·
2033 3216 2070 3248 et
2085 3211 2141 3248 sic
2157 3212 2331 3262 gentium
2350 3223 2452 3250 com-

255 3268 454 3327 episcopis.
485 3269 587 3317 Ergo
617 3268 768 3306 videtur
791 3266 897 3316 quod
917 3274 1098 3316 appetere
1128 3266 1326 3316 episcopa·
1375 3266 1579 3315 paratione
1597 3278 1730 3303 eorum
1750 3265 1921 3302 animam
1940 3270 2171 3302 aestuantem
2198 3265 2392 3302 convertit.

253 3329 335 3357 tum
366 3321 411 3358 sit
438 3322 640 3358 laudabile.

310 3375 383 3410 SED
404 3386 549 3411 CONTRA
570 3387 636 3412 EST
656 3374 762 3423 quod
782 3373 1017 3422 Augustinus
1046 3373 1146 3420 dicit,
1168 3374 1256 3410 XIX
1282 3374 1328 3411 de

261 3428 340 3464 Civ.
362 3428 436 3464 Dei
452 3427 492 3464 *ε
523 3429 648 3465 Locus
666 3428 851 3476 superior,
872 3427 952 3464 sine
971 3439 1045 3476 quo
1059 3427 1224 3476 populus
1244 3427 1355 3478 regi
1353 3402 1355 3453 l

1436 3319 1513 3356 Sed
1542 3326 1723 3368 appetere
1743 3317 1926 3367 proximis
1945 3318 2129 3367 prodesse
2158 3326 2215 3356 est
2239 3319 2453 3356 secundum

1381 3385 1422 3410 se
1443 3372 1634 3410 laudabile
1656 3379 1692 3409 et
1710 3371 1938 3408 virtuosum.
1968 3371 2114 3408 Verum
2136 3371 2237 3421 quia,
2258 3380 2373 3421 prout
2399 3379 2455 3409 est

1383 3425 1609 3475 episcopalis
1641 3431 1769 3471 actus,
1799 3424 1915 3461 habet
1947 3437 2136 3462 annexam
2175 3427 2314 3474 gradus
2351 3425 2455 3463 celsi-

310 3559 338 3590 α)
357 3566 434 3591 quae.
446 3573 465 3578 -
484 3559 556 3591 quod
574 3559 775 3584 PCDEFHIKL.

310 3593 335 3627 β)
356 3594 512 3620 intendit.-
530 3594 679 3619 intenditur
698 3594 749 3619 PL.

1436 3558 1463 3591 γ)
1479 3557 1626 3590 primatus.
1640 3570 1658 3575 -
1671 3556 1809 3588 primatos
1828 3556 2007 3590 BDEFKLpA
2027 3562 2053 3582 et
2071 3565 2097 3587 α,
2108 3557 2260 3590 primatum
2281 3557 2338 3589 lsA,
2354 3563 2383 3583 ut
2407 3565 2457 3583 nos

1382 3593 1419 3623 ῦς
1439 3596 1488 3626 pro
1505 3599 1610 3624 cupere,
1629 3599 1725 3624 capere
1744 3592 1810 3617 BDF
1811 3593 1843 3623 K,
1862 3593 1982 3625 accipere
2002 3593 2034 3622 H,
2054 3596 2181 3626 appetere
2199 3593 2217 3619 1.
