2768 4198
134 468 148 492 δ

36 521 43 528 ·
50 519 73 540 1²
82 519 136 545 11³⁸,
147 524 186 546 qu.
194 524 247 545 xxv,

35 550 70 567 art
91 553 115 572 4.

34 1214 44 1224 ⁴
59 1212 168 1234 Conelus.
183 1217 199 1238 1,

34 1244 56 1262 et
70 1238 102 1260 ad
117 1239 205 1260 ration.
221 1244 245 1259 m

34 1271 115 1295 oppos.

35 1356 42 1365 ⁸
61 1354 97 1376 Cf.
121 1359 187 1375 num.
214 1359 245 1374 vr.

34 1479 248 1528 sf²1¹²13fl5031135

38 1841 47 1851 ⁸
61 1839 95 1861 Cf.
111 1845 175 1861 num.
191 1845 230 1861 vu.

39 2387 48 2395 ⁴
63 2385 98 2407 Cf.
114 2391 162 2413 arg.
177 2391 196 2413 3.

40 2423 49 2432 ⁸
65 2421 100 2443 Cf.
117 2427 181 2443 num.
192 2426 244 2442 vin.

40 2513 98 2562 SC}
136 2518 253 2562 Igctffqcit'ni

39 2573 92 2596 §qq-

55 3544 63 3552 ·
78 3541 113 3563 cf.
129 3546 193 3563 num.
209 3546 242 3562 ix.

278 288 327 323 24

277 370 355 395 non
394 364 649 406 cooperantur
685 352 891 390 fortitudini
920 351 969 387 ad
998 357 1125 386 actum
1164 347 1245 384 eius
1282 347 1346 395 qui

928 269 1195 318 QUAESTIO
1227 267 1404 312 CXXIII,
1435 266 1736 304 ARTICULUS
1767 267 1817 302 XI

1403 346 1555 384 resistit:
1586 347 1634 384 ad
1655 347 1804 383 bonum
1826 354 1954 383 autem
1976 346 2132 384 rationis
2152 346 2248 383 sicut
2267 346 2316 383 ad
2345 346 2479 392 finem,

278 419 332 449 est
361 410 558 455 sustinere,
579 409 617 445 in
638 420 715 457 quo
745 405 948 455 praecipue
970 401 1265 438 commendatur
1284 400 1346 437 fir·
1374 402 1376 448 ζ
1402 412 1522 450 quem
1551 399 1711 437 intendit
1741 412 1983 438 conservare.

277 465 387 501 mitas
418 464 509 500 eius.
540 464 613 499 Per
632 463 734 498 hunc
755 459 856 496 enim
877 456 889 479 δ
919 464 1046 492 actum
1066 454 1172 491 fortis
1195 454 1348 491 cohibet
1374 452 1376 505 ξ

1457 455 1516 490 An
1544 465 1706 491 rastrum
1735 466 1922 492 DICENDUM
1956 454 2064 502 quod
2096 453 2276 502 quamvis
2311 452 2482 502 pericula

276 518 475 563 timorem,
506 516 569 564 qui
605 523 660 551 est
695 513 822 562 passio
852 508 1086 559 principalis,
1116 515 1158 544 ut
1195 519 1310 558 supra
1328 506 1349 529 '¹‘
1374 508 1376 558 l
1404 507 1536 544 mortis
1565 520 1651 544 raro
1672 507 1910 555 immineant,
1932 515 2063 545 tamen
2093 507 2316 544 occasiones
2340 507 2480 544 horum

277 571 446 608 habitum
477 577 542 606 est.

276 678 325 715 ad
353 678 500 714 bonurn
522 674 688 720 rationis,
710 671 815 719 quod
837 668 1056 706 conservari
1077 675 1229 717 oportet
1258 680 1348 705 con-

275 793 335 821 tur
363 784 411 820 ad
433 783 532 819 mala
553 777 766 828 corporalia
795 777 890 814 sicut
914 775 963 813 ad
984 775 1186 821 contraria,
1207 774 1348 822 quibus
1376 796 1378 822 ;

327 926 352 958 ὃ)
372 926 480 951 enim.-
499 924 561 949 Om.
580 922 796 955 BDEFKLpAC;
818 923 854 948 Et
867 929 920 954 per
938 922 1009 947 hunc
1027 924 1117 947 actum
1138 921 1179 946 ed.
1198 928 1226 946 a.

1375 578 1376 594 l
1403 561 1664 610 periculorum
1702 561 1921 610 frequenter
1954 569 2179 598 occurrunt:
2215 560 2309 598 dum
2342 559 2484 597 scilicet

330 626 388 661 AD
417 633 606 660 SECUNDUM
644 630 828 657 monimum
866 615 971 665 quod
999 614 1122 652 virtus
1151 614 1350 651 ordinatur
1374 595 1377 656 i

1404 614 1553 651 homini
1591 614 1800 652 adversarii
1839 616 2020 652 mortales
2062 615 2291 652 suscitantur
2327 621 2484 664 propter

1375 657 1377 696 !
1404 667 1584 704 iustitiam
1623 679 1741 716 quam
1779 668 1967 717 sequitur,
2008 675 2044 706 et
2076 675 2234 718 propter
2269 667 2344 705 alia
2380 667 2484 704 bona

276 739 331 767 tra
360 730 545 779 impulsus
572 728 775 763 malorum.
807 722 1006 760 Fortitudo
1037 729 1167 759 autem
1198 721 1350 758 ordina-
1376 728 1377 771 ᾗ
1405 733 1505 770 quae
1534 720 1633 758 facit.

956 1019 1292 1052 Commentaria
1315 1017 1579 1066 Cardinatis'
1591 1017 1794 1050 Caietam

304 1134 323 1153 N
343 1121 478 1153 articulo
503 1121 675 1152 undecimo
700 1120 844 1151 eiusdem
868 1119 1066 1161 quaestionis
1091 1119 1187 1150 dubia
1207 1126 1348 1160 quatuor
1373 1123 1375 1160 l
1401 1119 1483 1150 mori
1509 1125 1641 1160 propter
1663 1117 1818 1148 iustitiam
1842 1118 1909 1148 sine
1934 1117 2020 1148 bello
2041 1126 2108 1148 non
2131 1116 2269 1158 pertinet
2295 1117 2336 1148 ad
2360 1116 2486 1148 fortitu-

278 1136 477 1199 Ioccurrunt
501 1176 538 1196 ex
561 1165 676 1196 eodem
701 1165 857 1202 Martino,
882 1175 978 1205 supra
1007 1171 1147 1206 quatuor
1177 1164 1228 1195 hic
1255 1163 1347 1201 dicta,
1374 1162 1376 1198 ἒ
1403 1164 1528 1201 dinem,
1554 1163 1610 1194 sed
1633 1163 1674 1194 ad
1697 1162 1853 1194 iustitiam
1877 1162 2056 1194 secundum
2079 1162 2217 1202 gradum
2241 1161 2418 1193 heroicum.

221 1219 245 1242 4»
273 1213 461 1253 impugnata
488 1211 527 1241 ab
556 1221 594 1241 eo
623 1210 656 1240 in
681 1220 735 1251 qu.
760 1220 783 1240 11
797 1209 824 1241 *.
858 1209 1003 1240 Primum
1035 1217 1081 1240 est
1110 1216 1220 1241 contra
1251 1209 1347 1240 illud:

280 1258 419 1288 Virtutes
433 1256 618 1287 cardinales
633 1255 788 1286 dicuntur
809 1264 893 1296 quae
910 1256 1088 1296 praecipue
1109 1254 1170 1286 sibi
1185 1254 1350 1286 vindicant

274 1303 307 1333 id
329 1301 415 1343 quod
438 1301 650 1332 communiter
668 1301 810 1340 pertinet
832 1300 876 1330 ad
900 1301 1044 1331 virtutes.
1073 1299 1194 1331 Contra
1218 1299 1280 1330 hoc
1304 1309 1350 1329 ar-

274 1347 343 1388 guit
354 1346 520 1387 dupliciter
539 1345 565 1376 *.
580 1345 698 1381 Primo,
712 1344 788 1386 quia
804 1351 988 1386 sequeretur
999 1345 1088 1386 quod
1106 1351 1209 1375 essent
1225 1351 1351 1376 tantum

274 1399 336 1423 tres
359 1391 490 1422 virtutes
513 1390 696 1421 cardinales.
718 1407 739 1412 -
762 1389 918 1420 Probatur
941 1389 1079 1430 sequela.
1105 1389 1191 1427 Quia
1206 1389 1264 1420 tria
1283 1396 1351 1420 tan·
1377 1383 1379 1395 ¹

274 1444 345 1468 tum
369 1443 444 1467 sunt
459 1445 543 1477 quae
558 1435 717 1476 pertinent
741 1434 957 1465 communiter
977 1435 1016 1465 ad
1032 1434 1182 1471 virtutes,
1207 1441 1244 1465 ut
1267 1440 1353 1475 patet
1378 1446 1379 1452 ¹

276 1492 312 1512 ex
336 1481 362 1512 11
386 1480 535 1512 Ethic.*:
560 1479 678 1510 scilicet
701 1479 790 1521 quod
813 1480 918 1510 sciens
939 1489 979 1510 ac
1002 1479 1142 1521 eligens,
1168 1486 1199 1510 et
1216 1484 1354 1520 propter

269 1526 383 1567 finem,
409 1532 439 1556 et
452 1525 599 1567 firmiter
622 1535 662 1555 ac
684 1524 900 1556 immobiliter.

329 1570 489 1602 Secundo.
513 1570 602 1600 Haec
625 1569 683 1601 tria
707 1569 752 1600 sic
775 1576 851 1600 sunt
874 1569 1061 1600 communia
1085 1569 1237 1600 omnibus
1257 1569 1354 1600 virtu-

275 1615 360 1646 tibus
384 1615 473 1656 quod
498 1625 564 1645 non
588 1614 689 1654 magis
713 1614 822 1645 insunt
846 1613 901 1644 uni
926 1624 1025 1655 quam
1049 1614 1155 1645 alteri:
1190 1614 1250 1644 nisi
1273 1613 1354 1645 forte

277 1670 340 1691 una
362 1660 462 1691 virtus
487 1659 527 1690 sit
543 1659 643 1700 magis
659 1659 783 1690 intensa
798 1669 896 1700 quarn
913 1659 1019 1690 altera.
1044 1659 1129 1699 Ergo
1146 1659 1234 1690 nulla
1255 1658 1355 1690 virtus

275 1705 400 1736 videtur
423 1704 588 1735 cardinalis
612 1714 649 1734 ex
664 1703 726 1734 hoc
741 1704 831 1745 quod
855 1703 1026 1744 praecipue
1042 1703 1101 1735 sibi
1124 1703 1264 1735 vindicat
1279 1714 1355 1735 con-

276 1750 432 1781 ditionem
456 1759 665 1780 communem
690 1748 855 1779 virtutum.
880 1766 901 1772 —
925 1748 1126 1779 Antecedens
1149 1755 1249 1789 patet:
1279 1749 1354 1790 quia

276 1795 382 1826 omnis
405 1795 505 1825 virtus
530 1793 661 1824 moralis
684 1794 779 1824 habet
804 1794 881 1824 haec
905 1793 1024 1825 omnia.

333 1840 370 1871 11.
392 1839 579 1871 Secundum
594 1838 611 1857 *
634 1844 681 1868 est
697 1845 808 1868 contra
823 1837 920 1868 illud:
945 1837 1117 1868 Fortitudo
1133 1838 1204 1868 ideo
1219 1843 1268 1869 est
1283 1848 1354 1869 car-

275 1885 395 1915 dinalis
418 1885 494 1925 quia
511 1883 639 1914 laudem
654 1882 824 1922 firmitatis
834 1883 1002 1922 potissime
1020 1882 1081 1913 sibi
1096 1882 1248 1914 vindicat.
1267 1881 1354 1914 Con-

276 1937 322 1960 tra
346 1930 407 1960 hoc
431 1928 534 1969 arguit
558 1927 736 1968 dupliciter.
768 1927 887 1958 Primo.
913 1926 1029 1958 Omnis
1052 1926 1153 1957 virtus
1176 1927 1355 1958 secundum

275 1974 410 2015 gradum
434 1973 601 2004 heroicum
624 1973 719 2003 habet
742 1971 924 2003 firmitatem
950 1971 1123 2013 aequaliter
1150 1971 1355 2004 laudabilem.

276 2019 361 2059 Ergo
386 2019 540 2050 fortitudo
565 2028 631 2047 non
656 2024 703 2048 est
726 2017 825 2048 virtus
857 2016 1022 2047 cardinalis
1061 2016 1137 2057 quia
1160 2026 1261 2058 aeque
1288 2018 1357 2049 lau-

276 2064 414 2094 dabilem
447 2063 506 2094 sibi
529 2062 669 2093 vindicat
699 2061 894 2092 firmitatem.
918 2079 939 2086 -
963 2061 1164 2092 Antecedens
1191 2063 1355 2102 probatur.

276 2109 393 2140 Omnis
424 2109 523 2139 virtus
553 2107 731 2138 secundum
762 2107 898 2146 gradum
929 2106 1096 2138 heroicum
1126 2107 1220 2137 habet
1248 2115 1356 2139 actum

276 2154 500 2194 imperativum
534 2152 646 2183 mortis
680 2151 864 2182 subeundae
894 2150 1003 2191 potius
1034 2161 1133 2192 quam
1167 2151 1357 2184 deserendae

276 2199 410 2230 virtutis.
425 2199 494 2229 Hac
517 2204 626 2228 autem
649 2196 799 2227 firmitate
823 2195 911 2227 nulla
936 2203 982 2227 est
1006 2195 1109 2227 maior
1132 2203 1187 2227 aut
1216 2196 1358 2229 laudabi-

278 2245 348 2275 lior.
375 2243 470 2284 Ergo.

333 2288 496 2319 Secundo.
522 2286 608 2318 Cum
632 2286 820 2317 huiusmodi
845 2285 992 2316 firmitate
1016 2291 1077 2316 stat
1100 2285 1191 2327 quod
1210 2285 1274 2318 vita
1298 2286 1356 2317 hu-

279 2343 374 2365 mana
407 2343 473 2363 non
497 2331 645 2362 volvatur
677 2331 758 2362 circa
791 2330 887 2362 talem
912 2329 1063 2361 virtutem
1091 2337 1246 2372 tanquam
1277 2331 1358 2364 circa
1384 2322 1386 2344 ²

279 2378 441 2410 cardinem
456 2377 482 2408 ¹⁸².
507 2377 593 2417 Ergo
613 2386 679 2407 non
696 2383 743 2407 est
759 2385 795 2406 ex
812 2374 999 2406 huiusmodi
1016 2373 1163 2407 firmitate
1180 2375 1357 2408 cardinalis.

337 2423 388 2454 Ill.
413 2422 563 2453 Tertium
575 2421 592 2440 *
611 2427 658 2452 est
674 2427 784 2452 contra
801 2420 1044 2451 conclusionem
1064 2420 1284 2462 principalem,
1302 2421 1359 2452 sci-

279 2469 364 2499 licet:
388 2467 560 2498 Fortitudo
573 2466 709 2507 proprie
723 2466 809 2498 dicta
826 2463 923 2508 (quae
941 2464 1059 2496 scilicet
1073 2471 1121 2496 est
1135 2465 1283 2498 distincta
1297 2466 1359 2497 vir—

280 2521 332 2545 tus
346 2523 365 2544 a
381 2511 652 2552 magnanimitate,
669 2511 708 2542 de
727 2521 792 2552 qua
815 2517 927 2542 tractat
946 2507 1134 2542 Aristoteles
1150 2510 1191 2542 111
1207 2511 1312 2543 Ethic.
1327 2510 1358 2554 *)

281 2563 328 2589 est
358 2558 461 2588 virtus
497 2555 684 2588 cardinalis.
720 2555 842 2587 Contra
868 2555 931 2586 hoc
961 2554 1065 2596 arguit
1099 2556 1359 2598 quadrupliciter.

282 2602 400 2638 Primo,
425 2608 616 2642 argumento
631 2601 721 2641 quod
735 2600 768 2631 in
785 2600 847 2631 hoc
862 2599 997 2639 articulo
1022 2599 1097 2631 facit
1121 2603 1242 2632 Auctor
1265 2600 1359 2632 tertio

282 2649 365 2683 loco,
391 2646 524 2677 scilicet:
549 2646 655 2677 Virtus
679 2645 858 2676 cardinalis
873 2650 919 2676 est
935 2646 1022 2676 circa
1046 2654 1084 2675 ea
1109 2646 1142 2676 in
1159 2646 1274 2687 quibus
1289 2655 1359 2677 ver-

281 2698 377 2724 satur
401 2693 465 2723 vita
482 2691 636 2722 humana.
668 2689 731 2722 Sed
755 2689 894 2731 pericula
919 2689 1032 2721 bellica
1049 2696 1124 2721 sunt
1147 2700 1225 2722 rara.
1260 2691 1358 2732 Ergo.

338 2736 497 2768 Secundo.
529 2736 604 2766 Non
635 2742 682 2766 est
704 2735 875 2766 verisimile
905 2735 995 2776 quod
1018 2734 1077 2766 viri
1101 2735 1199 2767 sancti
1231 2742 1263 2767 et
1291 2745 1360 2777 per-

283 2781 355 2813 fecti
378 2782 410 2812 in
436 2780 549 2812 morali
573 2781 739 2812 honestate
770 2786 895 2811 careant
923 2779 1032 2821 aliquo
1057 2789 1124 2811 uno
1149 2787 1219 2812 toto
1246 2790 1360 2821 genere

283 2827 438 2857 virtutum
462 2825 681 2856 cardinalium.
712 2824 774 2856 Sed
798 2824 957 2856 innumeri
981 2825 1059 2855 tales
1083 2833 1252 2857 caruerunt
1276 2825 1363 2858 forti-

284 2870 394 2902 tudine
418 2870 546 2911 proprie
569 2877 707 2910 accepta,
727 2876 793 2900 tam
817 2877 888 2901 actu
913 2869 1054 2901 interiori
1073 2866 1173 2911 quam
1197 2870 1360 2902 exteriori:

285 2926 360 2947 curn
384 2915 477 2946 multi
507 2925 565 2946 nec
595 2915 689 2946 urbes
718 2914 906 2951 incolerent,
929 2924 986 2945 nec
1010 2915 1205 2955 respublicas
1229 2915 1362 2947 admini-
1388 2905 1390 2923 ¹

286 2967 428 2992 strarent.
454 2960 550 3000 Ergo.

342 3004 464 3036 Tertio.
497 3003 670 3035 Humilitas
694 3011 741 3036 est
765 3013 868 3034 unum
892 3004 931 3034 de
957 3003 1104 3034 maximis
1134 3004 1362 3042 fundamentis,

286 3058 316 3082 et
333 3059 418 3081 unus
434 3049 473 3081 de
490 3048 671 3080 cardinibus
685 3048 815 3079 moralis
830 3048 1014 3080 honestatis.
1035 3049 1122 3090 Ergo
1137 3050 1188 3080 vel
1203 3057 1250 3081 est
1264 3050 1365 3082 virtus

287 3093 463 3131 cardinalis,
480 3094 531 3125 vel
550 3103 621 3134 pars
645 3093 723 3124 eius.
749 3093 810 3124 Sed
827 3103 892 3124 non
917 3100 964 3124 est
987 3093 1164 3126 cardinalis.
1190 3094 1276 3135 Ergo
1292 3105 1365 3136 pars

1375 1229 1377 1237 l

1375 1248 1377 1259 ι

1459 1209 1498 1240 V.
1523 1208 1575 1239 Ad
1589 1207 1782 1239 evidentiam
1794 1207 1929 1244 horum,
1951 1207 2160 1238 recolendum
2176 1213 2223 1237 est
2238 1206 2329 1248 quod
2341 1206 2374 1237 in
2390 1205 2489 1248 priori

1403 1254 1511 1290 Libro,
1536 1263 1590 1295 qu.
1615 1263 1666 1283 mn
1680 1252 1708 1290 *,
1726 1252 1836 1283 docuit
1851 1255 1991 1283 Auctor:
2016 1252 2106 1293 quod
2123 1251 2242 1283 scilicet
2256 1251 2336 1282 istae
2348 1257 2490 1293 quatuor
2517 1257 2527 1268 ⁸

1376 1313 1378 1333 s
1402 1299 1534 1330 virtutes
1557 1307 1641 1340 quae
1657 1297 1808 1328 dicuntur
1828 1297 2012 1332 cardinales,
2030 1303 2168 1338 possunt
2187 1295 2358 1338 dupliciter
2378 1295 2488 1338 accipi.

1404 1344 1523 1380 Primo,
1541 1350 1576 1374 ut
1592 1342 1753 1384 quaelibet
1769 1352 1880 1373 earum
1894 1342 2048 1383 importat
2063 1341 2288 1373 rectitudinem
2304 1341 2401 1372 unius
2413 1351 2491 1372 con-

1405 1388 1536 1420 ditionis
1551 1387 1735 1419 communis
1751 1387 1904 1418 omnibus
1918 1387 2104 1418 virtutibus:
2130 1394 2166 1418 ut
2184 1386 2303 1418 scilicet
2321 1385 2491 1428 prudentia

1406 1433 1584 1465 bonitatem
1608 1432 1818 1469 discretionis,
1835 1431 1955 1463 iustitia
1979 1431 2177 1463 rectitudinis
2199 1441 2256 1462 seu
2277 1431 2386 1468 debiti,
2403 1429 2491 1462 forti-

1406 1479 1487 1511 tudo
1511 1477 1678 1514 firmitatis‚
1697 1477 1906 1518 temperantia
1930 1476 2020 1507 modi
2043 1487 2099 1507 seu
2125 1475 2364 1508 moderaminis.
2389 1475 2432 1507 Et
2446 1475 2492 1507 sic

1407 1534 1474 1555 non
1498 1530 1572 1554 sunt
1596 1523 1728 1554 virtutes
1744 1521 1907 1563 speciales,
1932 1521 1993 1552 nisi
2016 1522 2085 1552 sola
2108 1521 2288 1562 prudentia.
2318 1521 2360 1553 Et
2383 1528 2491 1552 tamen

1407 1569 1451 1600 sic
1475 1569 1515 1599 de
1539 1568 1583 1599 eis
1616 1567 1717 1598 locuti
1740 1567 1889 1598 videntur
1921 1573 2068 1598 auctores
2098 1566 2301 1598 ecclesiastici
2332 1573 2363 1597 et
2386 1564 2492 1607 philo-

1407 1613 1502 1655 sophi
1526 1612 1630 1644 multi.
1655 1612 1696 1643 Et
1720 1619 1888 1654 propterea
1912 1611 2071 1653 quidquid
2095 1618 2142 1643 est
2165 1610 2322 1643 firmitatis
2346 1610 2494 1642 tribuunt

1407 1657 1603 1695 fortitudini;
1622 1663 1653 1688 et
1665 1656 1824 1699 quidquid
1838 1656 2078 1693 moderaminis,
2092 1656 2336 1698 temperantiae;
2355 1662 2386 1687 et
2401 1655 2494 1698 quid-

1380 1722 1382 1741 ς
1408 1703 1487 1746 quid
1511 1702 1596 1740 recti,
1622 1701 1779 1738 iustitiae3
1804 1708 1835 1733 et
1858 1701 2017 1744 quidquid
2041 1701 2177 1738 discreti,
2201 1700 2400 1743 prudentiae.

1465 1748 1539 1779 Alio
1564 1747 1665 1778 modo
1689 1753 1863 1778 sumuntur
1886 1753 1922 1778 ut
1944 1746 2105 1788 quaelibet
2121 1756 2232 1778 earum
2247 1745 2323 1778 dicit
2346 1744 2491 1777 habitum

1409 1793 1490 1824 circa
1510 1792 1596 1823 illam
1622 1791 1790 1824 materiam
1805 1791 1838 1822 in
1854 1801 1918 1833 qua
1935 1790 2119 1823 difficillime
2137 1798 2167 1823 et
2183 1790 2401 1832 principaliter
2416 1800 2492 1822 con·

1408 1838 1487 1869 ditio
1517 1837 1572 1868 illa
1604 1837 1750 1867 habetur.
1779 1836 1875 1868 Verbi
1899 1836 2014 1877 gratia,
2041 1835 2267 1877 temperantia,
2292 1843 2329 1868 ut
2355 1835 2492 1867 modum

1409 1882 1502 1923 ponit
1513 1881 1547 1912 in
1559 1880 1825 1912 delectationibus
1839 1887 1957 1912 tactus:
1975 1880 2009 1911 in
2026 1881 2144 1922 quibus
2160 1887 2191 1913 et
2207 1879 2434 1913 difficillimum
2446 1886 2494 1912 est

1409 1926 1591 1968 persistere,
1617 1920 1648 1956 e‘t
1679 1925 1712 1956 in
1742 1925 1861 1966 quibus
1893 1925 2108 1966 principaliter
2147 1932 2277 1966 oportet
2309 1925 2492 1966 persistere,

1409 1972 1567 2014 quoniam
1591 1970 1647 2011 qui
1673 1969 1811 2010 persistit
1841 1969 1874 2000 in
1899 1969 2046 2001 maximis
2076 1969 2217 2010 persistit
2242 1970 2276 2001 in
2301 1969 2492 2001 minoribus.

1411 2016 1554 2053 lustitia,
1576 2023 1612 2046 ut
1635 2014 1859 2046 rectitudinem
1891 2014 1990 2047 debiti
2013 2021 2045 2046 et
2067 2014 2210 2056 aequalis
2229 2022 2332 2047 servat
2355 2015 2395 2045 ad
2418 2013 2495 2046 alte·

1411 2070 1499 2093 rum:
1525 2060 1683 2102 quoniam
1706 2066 1738 2090 et
1761 2059 1824 2090 hoc
1847 2058 2074 2091 difficillimum
2099 2066 2154 2096 est,
2179 2067 2211 2091 et
2233 2059 2267 2091 in
2291 2059 2354 2090 hoc
2377 2057 2493 2100 princi-

1410 2107 1523 2148 paliter
1542 2112 1672 2146 oportet
1696 2104 1864 2136 hominem
1887 2111 1971 2136 recta
1995 2104 2107 2142 facere,
2132 2104 2252 2136 scilicet
2278 2104 2319 2135 ad
2342 2104 2494 2141 alterum3

1411 2151 1473 2183 hoc
1488 2150 1576 2182 enim
1588 2149 1767 2181 maximum
1779 2149 1903 2181 virtutis
1917 2159 2002 2190 opus
2018 2157 2074 2186 est,
2089 2157 2125 2181 ut
2140 2149 2256 2182 dicitur
2267 2148 2301 2180 in
2314 2148 2456 2181 VEthtc.
2467 2148 2495 2186 *,

1412 2195 1570 2238 quoniam
1596 2195 1739 2236 seipsum
1770 2194 1954 2226 naturaliter
1984 2195 2086 2226 homo
2117 2201 2212 2226 amat.
2246 2193 2435 2231 Prudentia,
2459 2200 2497 2225 ut

1384 2269 1385 2288 i
1411 2242 1492 2272 bene
1519 2239 1672 2281 praecipit
1702 2238 1943 2279 operationibus
1966 2249 2003 2270 ac
2027 2239 2231 2280 passionibus
2254 2239 2337 2270 suis:
2365 2238 2429 2270 hoc
2451 2245 2496 2270 et-

1412 2285 1498 2317 enim
1523 2291 1554 2316 et
1577 2283 1803 2316 difficillimum
1827 2291 1890 2320 est,
1915 2291 1947 2316 et
1971 2284 2182 2325 praecipuum
2206 2284 2315 2321 valde,
2339 2283 2497 2326 quoniam

1412 2341 1480 2362 esse
1503 2329 1553 2361 sui
1581 2329 1683 2370 ipsius
1715 2328 1886 2360 dominum
1915 2327 2142 2360 difficillimum
2171 2335 2201 2360 et
2224 2337 2416 2370 supremum
2439 2328 2496 2360 do-

1412 2374 1552 2406 minium
1568 2381 1625 2405 est.
1651 2374 1692 2405 Et
1708 2373 1753 2404 sic
1770 2380 1846 2405 sunt
1861 2373 2014 2415 speciales
2031 2373 2164 2405 virtutes
2180 2372 2334 2406 habentes
2350 2372 2497 2415 propriu

1413 2420 1570 2452 materias.
1603 2419 1643 2450 Et
1667 2418 1818 2450 dicuntur
1839 2418 1973 2450 virtutes
2004 2418 2198 2454 cardinales,
2222 2418 2285 2449 hoc
2309 2424 2357 2450 est
2379 2417 2497 2459 prind-

1413 2465 1502 2507 pales
1514 2465 1547 2495 in
1559 2463 1673 2495 morali
1686 2463 1763 2495 vita:
1780 2463 1857 2505 quia
1868 2473 1941 2495 vere
1957 2463 2039 2495 circa
2052 2462 2243 2505 principales
2255 2462 2403 2494 materias
2414 2462 2498 2494 vitae

1413 2509 1544 2542 moralis
1567 2509 1793 2541 rectitudinem
1808 2508 2002 2541 conditionis
2021 2507 2230 2540 redundantis
2253 2507 2288 2539 in
2303 2516 2419 2539 omnes
2433 2506 2496 2539 vir*

1413 2562 1496 2587 tutes
1521 2561 1701 2596 apponunt.
1727 2561 1763 2586 ut
1786 2553 1919 2596 pulchre
1943 2553 2081 2585 declarat
2104 2555 2228 2585 Auctor
2242 2552 2276 2584 in
2293 2552 2377 2584 dicta
2400 2561 2498 2594 quae-

1413 2600 1528 2636 stione,
1553 2606 1610 2630 art.
1635 2609 1666 2639 4,
1691 2598 1732 2629 ad
1755 2609 1776 2630 1.

1472 2645 1524 2676 Vl.
1549 2644 1677 2682 Quibus
1707 2643 1905 2685 praemissis,
1931 2642 2117 2683 singillatim
2141 2643 2182 2673 ad
2213 2641 2339 2683 singula
2365 2650 2498 2683 respon·

1414 2689 1539 2726 dendo,
1564 2688 1680 2720 dicitur
1703 2688 1743 2719 ad
1767 2687 1910 2730 primum
1934 2693 2162 2728 argumentum
2189 2694 2300 2719 contra
2323 2686 2500 2728 primum*

1415 2734 1505 2777 quod
1530 2732 1760 2775 consequentia
1791 2743 1856 2764 non
1886 2733 1978 2765 valet.
2010 2733 2078 2764 Nec
2101 2732 2250 2773 probatio
2281 2741 2318 2764 ex
2342 2731 2368 2763 11
2392 2731 2498 2764 Ετὴὅο.

1416 2779 1538 2821 aliquid
1560 2779 1655 2815 valet,
1674 2785 1805 2819 propter
1828 2778 1897 2810 tria.
1921 2778 2078 2814 Primum,
2099 2777 2175 2819 quia
2198 2776 2318 2809 falsum
2332 2775 2500 2808 manifeste

1416 2824 1492 2856 dicit
1515 2824 1606 2866 quod
1625 2823 1811 2855 Aristoteles
1835 2830 1897 2855 tres
1920 2830 2047 2854 tantum
2064 2822 2266 2854 conditiones
2283 2829 2398 2863 ponat:
2424 2830 2500 2853 eum

1417 2870 1450 2901 in
1474 2876 1560 2901 textu
1585 2868 1648 2900 sint
1671 2874 1821 2909 quatuor,
1845 2867 1965 2900 scilicet
1987 2868 2017 2899 si
2038 2868 2153 2906 sciens,
2172 2868 2203 2899 si
2224 2867 2361 2909 eligens,
2379 2873 2410 2898 et
2421 2875 2500 2908 pro·

1413 2920 1490 2956 pter
1511 2915 1582 2951 hoc,
1607 2921 1638 2944 et
1651 2913 1810 2955 firmiter.
1839 2913 1899 2944 Iste
1926 2919 2036 2944 autem
2064 2922 2101 2944 ex
2129 2911 2256 2943 duabus
2287 2910 2399 2953 primis
2427 2910 2502 2942 fecit

1389 2984 1391 3001 5
1419 2968 1529 2991 unam.
1552 2976 1574 2982 -
1598 2958 1765 2995 Secundo,
1789 2957 1866 2999 quia
1889 2957 1948 2989 ista
1971 2964 2113 2999 quatuor
2140 2955 2339 2998 appropriari
2363 2962 2502 2997 possunt

1390 3026 1391 3044 3
1418 3011 1559 3047 quatuor
1581 3003 1753 3034 virtutibus
1776 3002 2000 3039 cardinalibus,
2019 3009 2055 3034 ut
2079 3002 2272 3042 adaptantur
2293 3001 2334 3032 ab
2357 3002 2502 3032 Auctore

288 3140 364 3171 eius.
390 3138 452 3170 Sed
476 3149 542 3170 non
566 3145 612 3169 est
632 3148 703 3179 pars
720 3137 780 3168 nisi
797 3137 1078 3178 magnanimitatis.
1104 3138 1190 3179 Ergo
1208 3138 1364 3171 fortitudo
1391 3129 1392 3152 ³

289 3191 324 3215 ut
341 3182 555 3215 communiter
578 3181 735 3223 significat
758 3182 979 3214 fortitudinem
1004 3182 1132 3223 proprie
1152 3190 1183 3215 et
1202 3183 1366 3225 magnani-
1391 3195 1393 3206 ¹

290 3229 443 3264 mitatem,
468 3235 514 3259 est
536 3228 636 3259 virtus
665 3227 847 3259 cardinalis:
873 3227 955 3259 sicut
981 3227 1100 3259 iustitia
1124 3235 1160 3259 ut
1183 3228 1367 3260 communis
1392 3226 1393 3231 ’
1421 3228 1529 3264 cretio,
1554 3227 1722 3263 rectitudo,
1747 3227 1956 3258 moderamen
1981 3233 2013 3257 et
2034 3224 2178 3257 firmitas.

291 3280 337 3304 est
361 3272 607 3304 commutativae
633 3279 663 3304 et
687 3272 916 3303 distributivae.

1419 3050 1452 3081 in
1468 3048 1657 3090 quaestione
1671 3048 1794 3085 eadem,
1808 3054 1865 3080 art.
1878 3057 1910 3087 4,
1924 3047 1956 3078 in
1973 3057 2038 3088 arg.
2056 3048 2072 3078 3
2089 3053 2120 3078 et
2135 3045 2225 3078 illiue
2239 3045 2464 3087 responsione.
2479 3062 2500 3068 -

1419 3093 1542 3131 Tertio,
1558 3093 1635 3135 quia
1657 3092 1819 3134 generales
1843 3092 2046 3124 conditiones
2067 3092 2106 3123 de
2129 3090 2249 3132 quibus
2273 3090 2418 3132 loquitur
2433 3092 2501 3122 Au·

1419 3147 1488 3171 ctor
1511 3138 1545 3169 in
1567 3138 1680 3174 littera,
1699 3147 1766 3169 non
1790 3144 1875 3174 sunt,
1893 3135 2022 3179 proprie
2046 3135 2222 3177 loquendo,
2240 3135 2312 3166 illae
2327 3145 2409 3177 quas
2428 3133 2499 3166 Ari-

1420 3183 1549 3216 stoteles
1572 3182 1698 3223 posuit:
1723 3181 1779 3214 sed
1795 3181 1868 3213 illae
1884 3190 1965 3223 quas
1989 3190 2086 3222 supra
2100 3180 2119 3200 *
2136 3179 2285 3217 diximus,
2303 3179 2423 3211 scilicet
2438 3179 2500 3211 dis-

1478 3273 1528 3304 Ad
1552 3271 1732 3304 secundum
1756 3270 1871 3302 dieitur
1890 3270 1981 3312 quod
2005 3269 2111 3302 deficit
2133 3275 2266 3311 propter
2281 3269 2350 3301 tria.
2375 3268 2502 3301 Scilicet

348 3317 481 3354 Quarto.
506 3317 629 3349 Omnes
652 3324 798 3348 auctores
821 3317 877 3358 qui
900 3317 1052 3348 virtutem
1080 3316 1112 3348 in
1138 3324 1279 3358 quatuor
1301 3327 1366 3349 car·
1392 3317 1395 3363 l
1422 3325 1453 3350 et
1475 3317 1552 3359 quia
1576 3326 1642 3348 non
1666 3316 1706 3347 de
1728 3315 1791 3347 illis
1821 3314 2014 3347 enumeratis
2037 3315 2077 3346 ab
2100 3314 2271 3347 Aristotele
2295 3321 2343 3346 est
2372 3313 2503 3355 proprie

1393 3379 1395 3406 l
1422 3372 1541 3394 sermo.
1565 3377 1587 3385 -
1609 3361 1651 3392 Et
1665 3360 1740 3402 quin
1757 3359 1875 3392 falsum
1898 3366 1945 3391 est
1967 3359 2058 3401 quod
2074 3358 2154 3390 nihil
2168 3358 2301 3390 illorum
2325 3358 2384 3390 sibi
2400 3358 2502 3400 maff's

293 3361 411 3391 dinales
443 3361 605 3397 dividunt,
631 3362 670 3392 de
694 3361 955 3402 magnanimitate
979 3369 1010 3393 et
1034 3360 1221 3393 fortitudine
1245 3361 1367 3394 indiffe-

292 3413 395 3436 renter
418 3406 605 3447 loquuntur.
638 3406 724 3446 Ergo
749 3406 903 3438 fortitudo
935 3416 1000 3437 non
1025 3405 1172 3448 proprie,
1197 3407 1252 3438 sed
1280 3417 1368 3438 com·
1394 3414 1395 3447 l
1424 3416 1488 3438 una
1511 3415 1610 3448 quam
1634 3404 1694 3436 alia
1718 3404 1817 3436 virtus
1844 3403 1998 3436 vindicet:
2029 3414 2104 3436 cum
2128 3403 2231 3445 prima
2255 3403 2416 3441 conditio,
2442 3402 2502 3434 sci-

293 3449 432 3481 muniter
455 3457 593 3490 sumpta,
617 3457 664 3481 est
678 3450 777 3481 virtus
801 3451 977 3482 cardinalis.
1003 3469 1022 3474 —
1047 3453 1262 3492 Assumptum
1283 3458 1370 3492 patet
1394 3464 1396 3488 ι,
1422 3450 1496 3481 licet
1517 3450 1612 3486 seire,
1636 3449 1676 3480 sit
1699 3448 1868 3490 proprium
1891 3448 2095 3489 prudentiae,
2121 3456 2151 3480 et
2179 3448 2285 3480 omnis
2318 3447 2378 3480 alia
2401 3448 2501 3479 virtus

294 3504 330 3526 ex
354 3494 537 3531 Ambrosio,
562 3494 730 3534 Gregorio,
755 3494 885 3531 Seneca,
909 3495 1032 3527 Tullio.
1394 3501 1397 3542 1
1423 3494 1506 3526 hanc
1538 3494 1652 3525 habeat
1682 3493 1804 3525 ratione
1834 3493 2031 3534 prudentiae.
2057 3511 2078 3518 -
2101 3494 2142 3525 Et
2164 3493 2241 3535 quia
2271 3493 2379 3535 aliqua
2402 3492 2501 3524 virtus

350 3539 403 3570 IV.
428 3539 588 3576 Quartum
603 3538 620 3558 *
644 3545 690 3569 est
713 3546 823 3570 contra
838 3540 1082 3580 responsionem
1105 3539 1145 3570 ad
1157 3539 1297 3576 tertium,
1314 3539 1369 3570 ubi
1395 3543 1397 3583 Ι
1425 3545 1531 3580 potest
1558 3538 1678 3579 aliquid
1707 3538 1838 3569 illorum
1868 3538 1926 3569 sibi
1956 3546 1992 3570 ut
2016 3538 2184 3580 proprium
2207 3538 2368 3570 vindicare
2391 3536 2501 3579 quoad

295 3583 408 3614 dicitur
432 3583 522 3625 quod
544 3584 728 3614 occasiones
741 3584 962 3623 periculorum
978 3586 1091 3616 mortis
1104 3583 1304 3625 frequenter
1318 3593 1370 3615 oc·
1396 3587 1397 3597 ¹
1424 3582 1591 3614 materiam
1613 3582 1832 3624 principalem.
1858 3582 1900 3614 Et
1923 3583 1967 3615 sic
1992 3583 2160 3620 fortitudo,
2184 3582 2260 3624 quia
2284 3582 2379 3614 habet
2400 3587 2499 3613 mate-

295 3633 443 3659 currunt.
475 3628 564 3664 Non,
590 3627 711 3669 inquit,
736 3627 814 3658 mihi
843 3628 944 3668 placet
975 3628 1052 3660 haec
1076 3628 1254 3670 responsio.
1285 3628 1370 3666 Quia
1396 3601 1399 3653 i
1424 3628 1505 3659 riam
1525 3627 1733 3668 principalem
1749 3636 1894 3669 respectu
1915 3627 2082 3665 firmitatis,
2098 3628 2131 3659 in
2151 3637 2217 3670 qua
2236 3626 2356 3659 scilicet
2378 3625 2499 3657 difficil-

2523 2147 2725 2226 1ζὲῑὲῙῆ

2526 2689 2655 2713 ’Nan-r.

2528 3185 2617 3209 ’Num
2631 3185 2743 3214 praecem
