2768 4198
0 1092 1 1095 =
35 1077 246 1106 ‘hamana-5.

34 1122 161 1147 ‘Nun-1.

0 1250 203 1281 ἠιαμωι

943 299 1212 346 QUAESTIO
1242 298 1417 345 CLXIX,
1446 298 1745 337 ARTICULUS
1775 299 1806 335 Il

276 386 378 418 quens
408 383 454 408 est
480 378 570 418 quod
594 387 651 408 nec
679 377 884 418 pulchritudo
915 376 1081 408 artificialis
1109 378 1286 409 secundum
1310 387 1342 408 se

276 421 316 452 sit
338 421 524 462 perniciosa.
548 438 569 444 —
593 422 634 452 Et
656 421 682 451 si
707 421 791 452 dicas
820 422 909 462 quod
932 432 980 452 ars
1005 422 1038 452 in
1062 422 1136 453 fuco
1161 433 1227 453 non
1251 422 1341 458 facit,

276 466 330 496 sed
346 465 498 496 mentitur
512 465 784 506 pulchritudinem
800 465 954 496 mulieris:
974 484 996 489 -
1019 467 1230 506 respondetur
1252 466 1342 507 quod

275 518 386 540 verum
410 516 472 546 est,
496 510 552 540 sed
575 516 733 551 quantum
756 510 795 540 ad
826 510 1030 551 propositum
1054 517 1187 551 spectat,
1212 510 1342 551 perinde

276 559 322 584 est
345 563 380 584 ac
403 554 429 584 si
453 553 567 584 faceret
589 553 878 594 pulchritudinem:
903 555 1060 595 quoniam
1082 555 1162 586 ratio
1186 554 1341 586 mendacii

275 597 421 637 apposita
449 607 515 628 non
538 598 626 628 addit
654 598 890 629 deformitatem
916 599 1100 635 mortalem,
1126 609 1163 629 ex
1185 599 1247 630 hoc
1270 599 1341 640 ipso

275 641 364 681 quod
387 642 539 672 mentitur
561 641 831 682 pulchritudinem
855 653 922 674 non
945 643 1166 683 perniciosam.

330 685 371 716 Et
394 685 473 716 scito
496 687 585 727 quod
609 687 655 717 uti
680 687 800 727 capillis
815 687 925 718 alienis
948 688 988 718 ad
1011 695 1234 728 opportunum
1250 697 1342 717 orna-

274 735 354 764 tum,
379 739 445 760 non
469 730 508 760 ad
533 731 733 761 mentiendos
756 732 913 772 proprios,
939 741 1005 762 non
1029 732 1136 762 minus
1159 731 1283 763 videtur
1305 731 1342 761 li-

274 773 374 803 citum
397 783 496 815 quam
519 775 565 805 uti
589 775 660 806 lana
684 785 721 806 ex
744 776 857 807 ovibus
881 783 912 807 et
933 777 1001 806 lino
1025 786 1062 807 ex
1084 782 1175 806 terra.
1204 776 1245 806 Et
1267 775 1342 816 quia

274 823 405 848 ornatus
435 818 493 849 iste
523 819 598 850 facit
627 820 795 850 mulierem
825 820 857 851 in
880 820 1010 852 veritate
1041 820 1207 860 pulchram
1234 829 1342 850 coram

274 861 474 899 hominibus,
501 863 682 904 supplendo
706 871 835 895 naturae
862 864 1022 896 defectum
1045 865 1077 895 in
1101 864 1186 895 illius
1209 871 1340 895 ornatu:

274 904 347 936 ideo
376 913 465 938 actus
493 907 551 938 iste
581 918 647 939 non
675 909 799 940 videtur
827 910 867 939 ad
894 908 1089 940 fucationem
1120 909 1247 950 proprie
1271 918 1341 948 spe-

275 956 367 981 ctare.

328 995 380 1024 Ad
403 995 615 1027 obiectionem
638 997 671 1027 in
695 997 892 1037 oppositum,
917 998 1006 1038 quod
1030 997 1127 1038 aliqui
1161 997 1248 1028 aliter
1272 996 1341 1037 opi-

275 1045 410 1069 nantur:
443 1040 557 1071 dicitur
586 1041 675 1082 quod
706 1041 948 1081 trepidaverunt
971 1043 1086 1072 timore
1109 1041 1162 1071 ubi
1186 1051 1247 1071 non
1272 1046 1344 1071 erat

275 1083 372 1112 timor
386 1083 412 1114 *.

332 1127 384 1158 VI.
409 1128 460 1158 Ad
482 1134 633 1169 quartum
657 1128 788 1159 dubium
808 1129 826 1147 *
849 1129 963 1159 dicitur
990 1129 1080 1169 quod
1108 1129 1220 1168 procul
1244 1128 1342 1158 dubio

275 1171 432 1211 pretiosus
455 1172 568 1203 vitiose
587 1179 718 1203 ornatus
734 1173 904 1213 respective
919 1172 1108 1203 iudicandus
1125 1179 1180 1203 est.
1205 1175 1344 1212 Aposto-

273 1214 382 1246 lorum
404 1222 512 1246 autem
535 1217 630 1246 verba
653 1217 703 1246 vel
727 1216 946 1253 exhortatorie,
969 1217 1019 1247 vel
1035 1217 1067 1246 in
1083 1226 1167 1251 casu,
1188 1223 1224 1247 ut
1242 1217 1275 1246 in
1294 1216 1342 1246 lit-

273 1265 339 1290 tera
360 1259 379 1279 *
406 1259 538 1296 dicitur,
563 1259 747 1300 accipienda
773 1261 929 1291 videntur.
967 1260 1099 1291 Videtur
1129 1267 1236 1291 autem
1264 1260 1343 1290 mihi

249 1298 594 1344 -quod*†espiciebant
616 1304 764 1344 Apostoli
789 1305 828 1335 ad
852 1311 979 1345 tempus
1002 1304 1082 1335 illud
1105 1304 1137 1334 in
1161 1314 1228 1344 quo
1253 1303 1344 1335 Chri-

0 1358 247 1413 mma...

0 1409 248 1474 {ww

273 1346 464 1378 suauitatem
487 1347 670 1388 profitentes
685 1348 907 1379 abiectioribus
927 1348 1141 1379 communiter
1156 1349 1342 1379 utebantur:

273 1390 360 1422 iuxta
382 1391 516 1423 verbum
539 1392 681 1432 Agathae
694 1392 727 1422 *z
750 1393 880 1424 Ancilla
902 1393 1023 1424 Christi
1040 1400 1132 1424 sum:
1154 1398 1185 1423 et
1206 1392 1276 1423 ideo
1293 1402 1344 1422 me

273 1435 405 1468 ostendo
427 1436 576 1468 servilem
594 1446 781 1477 personam.

329 1479 372 1511 Et
393 1479 466 1512 licet
489 1480 689 1522 superfluitas
713 1488 843 1512 ornatus
873 1481 907 1511 in
930 1481 1076 1521 pretiosis
1103 1487 1246 1521 respectu
1271 1490 1342 1520 per-

274 1533 372 1555 sonae
395 1524 435 1555 sit
452 1524 575 1562 vitiosa,
600 1525 626 1556 si
645 1525 725 1556 desit
740 1532 847 1556 tamen
863 1532 1077 1566 contemptus,
1093 1531 1124 1555 et
1140 1524 1244 1555 malus
1260 1534 1344 1555 mor-

273 1567 376 1599 taliter
397 1567 480 1606 finis,
505 1575 535 1600 et
557 1569 621 1606 lex;
646 1569 708 1600 hoc
725 1576 780 1606 est,
800 1570 964 1611 loquendo
989 1570 1027 1600 de
1043 1569 1111 1610 ipsa
1127 1569 1343 1610 superfluitate

273 1612 452 1644 secundum
474 1620 522 1644 se:
554 1623 621 1644 non
645 1620 691 1644 est
718 1621 885 1656 peccatum
909 1614 1057 1650 mortale,
1082 1613 1178 1644 etiarn
1202 1613 1227 1644 si
1251 1619 1343 1644 nota-

273 1655 345 1687 bilis
368 1657 408 1688 sit
431 1667 589 1694 excessus;
614 1658 761 1699 quamvis
784 1658 964 1698 ignoranter
986 1658 1119 1699 quidam
1143 1657 1231 1689 aliter
1246 1657 1344 1689 credi-

274 1700 386 1738 deriut,
409 1701 517 1732 minus
540 1708 740 1742 penetrantes
763 1709 910 1734 naturam
934 1703 1054 1743 peccati
1078 1702 1230 1733 mortalis.
1259 1702 1343 1732 Nam

273 1745 314 1776 ad
337 1753 505 1786 peccatum
528 1747 662 1778 mortale
693 1747 827 1787 exigitur
853 1748 942 1788 quod
966 1747 1006 1778 sit
1029 1753 1139 1777 contra
1162 1746 1341 1777 caritatem:

274 1795 306 1820 et
327 1798 394 1820 non
416 1789 532 1822 sufficit
553 1791 642 1832 quod
658 1791 698 1822 sit
721 1798 830 1822 contra
846 1792 987 1832 aliquam
1001 1791 1160 1822 virtutem.
1185 1790 1343 1821 Maximus

273 1843 414 1876 namque
443 1844 588 1866 excessus
617 1841 726 1866 contra
755 1835 975 1867 liberalitatem
1005 1845 1071 1866 non
1101 1841 1147 1865 est
1175 1841 1341 1875 peccatum

274 1878 426 1915 mortale,
457 1879 516 1909 nisi
544 1880 584 1910 ad
612 1879 730 1920 aliquid
762 1886 872 1910 contra
900 1880 1061 1911 caritatem
1089 1879 1240 1915 deducat,
1265 1885 1342 1919 puta

274 1923 364 1964 quod
386 1922 420 1953 in
443 1923 578 1963 pecunia
601 1930 740 1964 ponatur
762 1923 833 1954 finis
849 1924 991 1960 ultimus,
1015 1930 1071 1954 aut
1093 1930 1246 1963 negentur
1270 1933 1341 1963 pro-

241 1984 247 1990 ·
272 1965 361 1997 ximo
385 1977 452 2003 sua,
476 1974 507 1998 et
530 1967 734 1999 huiusmodi:
761 1975 797 1999 ut
820 1975 907 2008 patet
930 1979 967 1999 ex
989 1977 1085 2008 supra
1100 1967 1117 1987 *
1141 1967 1241 1998 dictis.
1272 1968 1340 1998 No-

274 2010 378 2042 tabilis
407 2021 540 2052 quoque
567 2022 711 2043 excessus
741 2012 774 2042 in
801 2013 985 2044 mentiendo
1015 2022 1082 2043 non
1106 2019 1152 2043 est
1175 2019 1342 2052 peccatum

274 2055 424 2091 mortale,
449 2056 510 2086 nisi
533 2057 572 2086 ad
595 2056 767 2097 perniciem
791 2067 873 2098 quae
896 2063 1006 2088 contra
1028 2057 1135 2088 Deum
1159 2063 1214 2087 aut
1236 2056 1341 2097 proxi-

274 2109 367 2130 mum
390 2105 452 2136 est,
477 2100 580 2131 ducat.
612 2101 654 2131 Et
677 2101 741 2131 iam
768 2101 890 2132 dictum
912 2108 959 2132 est
984 2101 1023 2131 ab
1046 2102 1186 2132 Auctore
1204 2099 1222 2120 *
1252 2101 1342 2142 quod

233 2154 236 2158 ·
273 2143 393 2175 fucatio
428 2151 688 2186 quantacumque
721 2155 787 2176 non
820 2152 866 2176 est
898 2151 1065 2186 peccatum
1100 2145 1252 2182 mortale,
1282 2145 1342 2176 nisi

273 2198 331 2228 per
353 2194 577 2229 contemptum
597 2189 648 2220 vel
670 2189 848 2220 lasciviam:
873 2196 904 2220 et
926 2199 992 2220 non
1016 2195 1064 2220 est
1086 2189 1207 2220 dictum
1231 2189 1270 2220 de
1289 2189 1340 2220 fu-

274 2233 399 2264 catione
422 2243 527 2273 parva,
551 2234 606 2264 sed
629 2234 783 2264 absolute.
809 2233 944 2265 Constat
959 2240 1067 2264 autem
1090 2233 1180 2274 quod
1195 2233 1276 2265 inter
1290 2244 1340 2264 or-

274 2283 367 2308 natus
386 2277 572 2314 mulierum,
597 2277 715 2309 fucatio
738 2278 915 2318 pessimum
937 2278 1061 2309 videtur
1087 2285 1194 2309 tenere
1220 2278 1339 2309 locum.

273 2321 314 2352 Et
336 2321 363 2352 si
392 2321 462 2362 ipsa
490 2322 644 2359 absolute,
667 2332 704 2353 ac
733 2332 790 2362 per
818 2322 891 2359 hoc,
915 2329 1174 2363 quantacumque
1197 2322 1246 2359 sit,
1275 2332 1341 2353 non

273 2371 320 2396 eet
343 2365 520 2396 secundum
543 2376 576 2396 se
600 2372 766 2406 peccatum
789 2367 934 2403 mortale,
958 2367 1013 2397 sed
1029 2367 1136 2397 solum
1152 2373 1281 2407 propter
1296 2367 1340 2397 la-

273 2409 403 2440 sciviam
425 2410 476 2440 vel
499 2417 740 2451 contemptum;
765 2421 964 2452 consequens
987 2418 1034 2443 est
1057 2418 1092 2442 ut
1115 2411 1198 2442 male
1221 2411 1341 2442 intelle-

271 2453 373 2484 xerint
396 2453 533 2485 dicentes
561 2455 650 2496 quod
677 2455 856 2486 secundum
879 2456 1024 2486 doctores
1053 2455 1267 2487 communiter
1289 2466 1341 2486 su-

271 2497 413 2540 perfluus
436 2498 615 2530 notabiliter
637 2506 768 2530 ornatus
792 2506 839 2530 est
861 2506 1027 2540 peccatum
1051 2500 1194 2531 mortale.
1226 2499 1339 2540 Oppo-

272 2542 370 2573 situm
386 2542 544 2583 siquidem
560 2542 634 2574 hinc
648 2543 754 2574 habes.
769 2561 788 2566 -
803 2544 845 2575 Et
859 2544 980 2575 ratione
995 2545 1157 2585 probatur.
1175 2544 1260 2582 Quia
1275 2554 1342 2575 non

273 2592 320 2617 est
348 2592 437 2617 actus
459 2586 517 2617 iste
545 2594 653 2618 contra
679 2588 802 2624 Deum,
828 2594 863 2619 ut
886 2594 980 2628 patet.
1009 2589 1075 2619 Nec
1105 2594 1214 2618 contra
1237 2588 1341 2628 proxi-

273 2639 383 2661 mum:
408 2641 483 2661 cum
506 2641 572 2662 non
589 2631 628 2662 sit
651 2631 691 2662 ad
715 2632 870 2663 damnum
884 2632 1020 2668 alterius,
1042 2632 1096 2662 sed
1120 2632 1159 2662 ad
1178 2632 1342 2672 propriam

273 2674 456 2706 vanitatem.
479 2675 546 2706 Nec
569 2682 678 2706 contra
701 2676 858 2716 seipsum:
892 2676 1048 2717 quoniam
1075 2675 1107 2706 in
1131 2676 1222 2706 nullo
1246 2676 1341 2707 laedit

273 2718 425 2759 seipsum,
438 2726 475 2750 ut
488 2726 574 2760 patet
588 2719 792 2751 discurrendo
809 2731 865 2761 per
883 2721 969 2751 bona
985 2727 1114 2751 naturae
1131 2726 1162 2750 et
1177 2719 1339 2757 fortunae;

273 2763 334 2794 nisi
365 2763 445 2794 forte
472 2763 506 2794 in
533 2763 633 2799 fama,
659 2764 735 2805 quia
761 2764 928 2795 haberetur
956 2771 991 2795 ut
1013 2764 1129 2796 stultus
1152 2764 1177 2794 si
1201 2764 1341 2804 privatus

274 2807 350 2838 civis
373 2817 452 2838 auro
484 2815 515 2839 et
540 2808 675 2848 gemmis
699 2818 732 2839 se
756 2816 890 2840 ornaret.
923 2808 1125 2849 Relinquitur
1148 2818 1222 2848 ergo
1251 2809 1341 2849 quod

273 2851 454 2892 superfluus
477 2858 607 2883 ornatus
622 2862 688 2883 non
704 2859 751 2883 est
766 2854 944 2884 secundum
960 2863 992 2883 se
1012 2860 1179 2893 peccatum
1195 2853 1338 2884 mortale.

329 2896 397 2927 VII.
422 2896 473 2927 Ad
495 2898 642 2937 quintum
665 2897 796 2927 dubium
811 2898 838 2934 *‚
863 2898 902 2928 de
917 2897 1130 2938 imputatione
1146 2897 1185 2927 ad
1202 2897 1340 2937 culpam,

274 2939 387 2971 dicitur
408 2941 507 2981 quod,
528 2951 603 2971 cum
619 2942 878 2983 unumquodque
893 2942 1071 2972 secundum
1087 2941 1251 2981 propriam
1267 2951 1341 2972 cau-

274 2993 343 3015 sam
364 2984 572 3015 iudicandum
587 2985 627 3016 sit
649 2992 680 3016 et
694 2995 759 3016 non
776 2986 954 3017 secundum
969 2985 1186 3021 occasionem;
1210 2985 1339 3025 propria

274 3034 383 3059 autem
411 3038 504 3059 causa
535 3029 809 3069 concupiscentiae
841 3030 880 3061 sit
910 3030 1058 3060 voluntas
1089 3029 1340 3069 concupiscentis

275 3070 348 3108 viri;
372 3072 486 3103 mulier
508 3079 616 3104 autem
635 3083 751 3104 ornans
775 3084 808 3105 se
823 3084 911 3111 vane,
932 3084 990 3104 nec
1013 3083 1069 3114 per
1084 3083 1115 3104 se
1140 3083 1197 3103 nec
1220 3083 1276 3113 per
1290 3083 1339 3104 ac-

277 3114 383 3146 cidens
404 3117 515 3148 volens
538 3127 570 3148 se
594 3118 794 3159 concupisci,
819 3116 885 3149 hon
910 3128 1019 3154 causa,
1045 3118 1099 3148 sed
1122 3117 1247 3147 occasio
1272 3123 1338 3148 tan-

277 3164 347 3188 tum
369 3159 409 3190 sit
430 3160 539 3192 ruinae
562 3161 708 3193 alterius:
733 3172 799 3192 non
816 3169 862 3193 est
885 3162 1010 3192 mulieri
1026 3161 1232 3201 imputandus
1249 3171 1340 3192 casus

277 3202 335 3232 viri
359 3204 618 3244 concupiscentis.
642 3206 683 3237 Et
705 3207 851 3247 quamvis
874 3207 927 3237 det
949 3205 1063 3236 mulier
1084 3215 1215 3245 operam
1238 3205 1281 3235 rei
1305 3206 1340 3236 il-

277 3245 398 3283 licitae,
422 3256 459 3277 ex
481 3248 549 3279 eius
577 3255 683 3280 tamen
706 3260 802 3291 opere
830 3261 896 3280 non
921 3256 1066 3280 causatur
1089 3249 1179 3280 ruina
1203 3249 1339 3286 alterius,

278 3289 333 3320 sed
356 3299 394 3320 ex
415 3290 499 3322 mala
519 3293 682 3324 voluntate
704 3294 862 3325 virorum:
888 3301 919 3325 et
941 3301 1107 3335 propterea
1130 3300 1260 3324 eventus
1283 3293 1341 3324 iste

278 3341 420 3365 remotus
444 3341 475 3365 et
496 3344 562 3366 non
580 3336 718 3368 intentus
742 3348 808 3369 non
824 3346 870 3369 est
893 3338 921 3369 ei
934 3338 1151 3379 imputandus.
1177 3337 1265 3367 Sicut
1283 3347 1340 3368 nec

278 3377 508 3418 pulcherrimae
534 3379 658 3411 mulieri
684 3391 764 3412 vane
795 3383 965 3423 egredienti
992 3383 1091 3413 domo
1115 3381 1341 3422 imputandum

279 3428 326 3452 est
354 3428 520 3462 peccatum
547 3424 840 3464 concupiscentium
866 3437 953 3463 eam,
978 3437 1076 3468 quam
1100 3436 1166 3456 non
1190 3425 1340 3466 concupi-

279 3473 400 3497 scerent
418 3466 444 3497 si
467 3466 556 3497 domi
578 3466 696 3498 fuisset.

336 3510 375 3541 Et
398 3510 476 3540 scias
500 3511 589 3551 quod
612 3510 688 3542 haec
705 3512 813 3543 omnia
833 3523 928 3554 supra
944 3515 1035 3551 dicta,
1051 3521 1087 3545 ut
1109 3514 1202 3545 toties
1218 3523 1340 3553 expres-

279 3564 352 3584 sum
375 3561 430 3591 est,
451 3554 667 3595 intelliguntur
689 3555 728 3585 de
751 3563 865 3587 ornatu
887 3559 1064 3589 secundum
1087 3568 1128 3589 se.
1152 3559 1285 3598 Propter
1299 3557 1341 3587 ia-

279 3598 429 3629 ctantiam
452 3605 559 3629 autern
583 3605 637 3629 aut
660 3599 856 3639 superbiam,
880 3608 935 3632 aut
961 3602 1059 3632 alium
1086 3602 1208 3633 malum
1234 3601 1340 3638 finem,

279 3642 417 3674 iudicato
434 3643 525 3673 illurn
548 3643 634 3674 iuxta
657 3650 822 3683 peccatum
845 3645 934 3684 quod
950 3655 986 3676 ex
1001 3646 1056 3676 illo
1074 3647 1159 3676 malo
1176 3646 1238 3676 fine
1254 3656 1342 3676 com-

422 3704 532 3729 Summa
551 3703 651 3729 Timon.
672 3703 702 3728 D.
716 3703 831 3728 THOMAE
850 3703 882 3728 Τ.
900 3703 952 3728 Vll.

2392 302 2459 338 361

1396 378 1539 410 mittitur.
1564 379 1647 409 Nam
1671 379 1696 409 si
1720 379 1866 410 iactantia
1889 378 1943 409 illa
1966 386 2012 409 est
2036 379 2174 414 venialis,
2196 385 2326 410 ornatus
2343 380 2399 411 erit
2414 391 2466 411 ve-

1397 423 1505 454 nialis:
1538 430 1568 454 et
1591 423 1616 453 si
1641 423 1800 460 mortalis,
1826 423 1884 454 erit
1906 423 2058 453 mortalis.
2093 423 2134 454 Et
2161 430 2329 464 propterea
2357 424 2389 454 in
2417 425 2466 455 lit-

1396 474 1461 498 tera
1476 467 1494 487 *
1513 467 1626 498 dicitur
1644 467 1734 508 quod
1746 473 1885 508 propter
1903 469 2089 498 iactantiam
2106 473 2243 499 ornatus
2262 478 2324 498 non
2341 478 2467 509 semper

1397 517 1443 543 est
1465 512 1602 543 mortale
1626 517 1810 552 peccatum.
1841 512 1883 543 Et
1905 511 2008 543 simile
2032 519 2078 543 est
2108 512 2146 543 de
2174 512 2321 553 superbia
2345 520 2375 544 et
2398 513 2465 544 aliis

1395 555 1512 587 finibus
1536 556 1636 587 malis.

1451 601 1533 631 VIII.
1558 601 1608 631 Ad
1631 606 1758 632 sextum
1777 601 1907 632 dubium
1923 601 1950 638 *,
1971 602 2010 632 de
2026 601 2214 632 clericorum
2231 602 2343 637 abusu,
2361 601 2465 632 dicen-

1397 644 1476 675 dum
1500 645 1636 676 occurrit
1659 645 1738 676 illud
1754 646 1888 676 verbum
1902 646 2047 677 Abrahae
2062 645 2102 676 ad
2118 645 2248 677 divitem
2263 645 2296 675 *:
2321 645 2358 676 Si
2371 647 2466 687 Moy-

1395 698 1451 719 sen
1476 694 1507 719 et
1529 689 1705 730 Prophetas
1729 699 1792 720 non
1817 690 1971 728 audiunt,
1996 699 2098 731 neque
2120 691 2150 721 si
2171 691 2243 731 quis
2265 699 2308 721 ex·
2329 693 2466 722 mortuis

1396 735 1626 772 resurrexerit,
1651 734 1829 765 crederent.
1853 735 1885 765 Si
1909 735 2011 775 legem
2035 743 2094 774 pro
2119 734 2220 765 nihilo
2243 734 2376 772 habent,
2401 735 2465 775 pri-

1396 784 1484 808 vatae
1504 778 1676 818 scripturae
1695 788 1791 819 quem
1808 779 1895 819 apud
1910 789 1965 810 eos
1981 779 2091 810 locum
2107 777 2287 810 invenient?
2310 779 2373 819 Ipsi
2390 789 2464 820 ergo

1396 822 1541 852 viderint.

1453 866 1506 897 IX.
1532 867 1567 896 In
1590 866 1798 907 responsione
1820 867 1861 897 ad
1884 874 2035 908 quartum
2059 867 2201 898 eiusdem
2225 867 2361 904 articuli,
2386 868 2467 899 circa

1398 910 1620 941 discretionem
1645 911 1759 942 artium
1782 911 1940 942 licitarum
1963 912 2002 942 ab
2025 911 2151 950 illicitis,
2175 911 2271 942 dubia
2295 913 2387 952 plura
2410 922 2464 943 oc-

1398 962 1528 985 currunt
1551 955 1759 995 particularia.
1783 956 1927 986 Primum
1939 956 1958 975 *
1980 963 2036 992 est,
2053 966 2093 986 an
2109 956 2231 987 licitum
2248 956 2287 987 sit
2303 956 2465 988 aedificare

1397 1009 1454 1029 seu
1485 1009 1628 1039 reparare
1658 1009 1834 1040 synagogas
1858 1000 2050 1031 Iudaeorum
2079 1007 2110 1031 et
2133 1000 2313 1031 muschetas
2335 1002 2463 1032 Mauro-

1397 1053 1479 1073 rum.
1512 1043 1552 1073 Et
1583 1050 1630 1074 est
1657 1044 1736 1074 ratio
1766 1044 1854 1074 dubii
1884 1045 1959 1085 quia
1987 1055 2163 1085 synagogas
2187 1055 2329 1085 reparare
2357 1056 2375 1076 a
2398 1046 2464 1076 iure

1397 1097 1586 1118 concessum
1610 1094 1655 1118 est
1673 1088 1699 1118 *.
1731 1089 1771 1119 Et
1794 1089 1882 1118 nulla
1905 1089 2083 1119 idololatria
2108 1089 2326 1126 committitur,
2342 1096 2407 1120 tam
2431 1091 2463 1120 in

1398 1141 1559 1172 synagoga
1582 1142 1680 1172 quam
1703 1132 1735 1161 in
1760 1133 1934 1163 muscheta.

1453 1175 1635 1205 Secundum
1655 1176 1672 1194 *
1696 1183 1750 1211 est,
1777 1187 1816 1207 an
1836 1187 1976 1207 exercere
2000 1183 2098 1207 artem
2115 1177 2294 1217 gladiorum
2318 1185 2349 1209 et
2372 1178 2463 1218 sagit-

1397 1226 1502 1249 tarum
1525 1219 1672 1250 factivam
1696 1226 1839 1260 tempore
1862 1221 1935 1251 belli
1959 1221 2080 1257 iniusti,
2106 1221 2145 1252 sit
2167 1222 2324 1253 illicitum.
2355 1223 2396 1253 Et
2419 1230 2465 1254 est

1397 1263 1477 1293 ratio
1499 1263 1587 1293 dubii
1611 1263 1686 1304 quia
1709 1271 1784 1294 tunc
1801 1275 1866 1295 non
1883 1265 2064 1296 venduntur
2078 1265 2137 1295 nisi
2153 1267 2193 1296 ad
2209 1267 2354 1297 illicitum
2370 1277 2464 1307 opus.

1397 1307 1438 1337 Et
1460 1306 1618 1337 invenitur
1642 1308 1673 1337 in
1693 1308 1760 1338 iure
1783 1309 1842 1338 sub
1867 1309 2204 1340 excommunicationis
2228 1321 2332 1351 poena
2355 1312 2464 1351 prohi-

1396 1350 1510 1387 bitum,
1535 1351 1638 1387 Extra,
1662 1352 1713 1382 De
1736 1352 1931 1393 Sagittariis,
1958 1364 2024 1393 cap.
2045 1353 2149 1384 unico.

1456 1395 1599 1425 Tertium
1623 1395 1753 1426 dubium
1769 1396 1787 1415 *
1811 1403 1873 1434 est,
1898 1407 1938 1426 an
1966 1397 2097 1428 artifices
2122 1398 2301 1429 chartarum
2324 1405 2355 1429 et
2382 1400 2463 1430 alea-

1396 1448 1469 1469 rum
1493 1446 1631 1479 peccent.
1657 1439 1698 1470 Et
1717 1446 1763 1470 est
1782 1440 1861 1471 ratio
1881 1441 1968 1470 dubii
1992 1441 2065 1482 quia
2082 1442 2296 1473 communiter
2319 1443 2464 1474 homines

1395 1482 1543 1514 videntur
1567 1483 1612 1513 uti
1635 1483 1701 1514 istis
1726 1484 1765 1514 ad
1789 1484 1920 1515 malum.

1456 1527 1616 1564 Quartum
1641 1527 1771 1558 dubium
1787 1528 1804 1547 *
1828 1535 1884 1565 est,
1909 1538 1949 1558 an
1973 1528 2105 1560 artifices
2129 1530 2252 1560 curiosa
2272 1537 2303 1561 et
2316 1541 2396 1561 vana
2412 1532 2465 1562 ad-

1397 1571 1564 1602 miscentes
1594 1579 1734 1612 peccent.
1765 1573 1806 1602 Et
1834 1572 1913 1603 ratio
1942 1573 2029 1603 dubii
2054 1573 2176 1604 videtur
2209 1574 2283 1615 quia
2310 1575 2343 1604 in
2366 1575 2466 1606 littera

1397 1616 1459 1646 hoc
1483 1615 1613 1656 ponitur
1629 1616 1688 1646 sub
1706 1616 1816 1652 dubio,
1833 1617 1912 1647 dum
1929 1616 2057 1647 dicitur:
2082 1619 2144 1648 nisi
2154 1618 2248 1659 forte
2265 1620 2463 1651 inveniendo.

1452 1660 1491 1691 X.
1515 1660 1566 1690 Ad
1596 1661 1736 1700 primum
1763 1661 1893 1691 dubium
1924 1661 2037 1702 dicitur
2067 1662 2173 1702 quod,
2199 1672 2273 1692 cum
2304 1670 2368 1693 tam
2393 1674 2463 1704 syn-

1397 1714 1498 1744 agoga
1521 1714 1620 1745 quam
1645 1705 1808 1735 muscheta
1832 1706 1949 1736 domus
1973 1705 2013 1736 sit
2042 1716 2098 1746 per
2120 1716 2152 1736 se
2177 1707 2327 1746 deputata
2350 1709 2389 1738 ad
2413 1719 2465 1739 su-

1397 1748 1613 1788 perstitiosum
1637 1749 1770 1785 cultum,
1790 1749 1863 1780 licet
1886 1750 1982 1780 unius
2005 1750 2074 1786 Dei,
2099 1751 2252 1791 quoniam
2274 1758 2406 1792 uterque
2426 1753 2466 1782 ri-

1397 1799 1457 1829 tus,
1482 1792 1600 1824 scilicet
1624 1793 1769 1824 Iudaicus
1794 1800 1824 1824 et
1846 1794 2110 1830 Mahumetanus,
2136 1795 2373 1836 superstitiosus
2402 1803 2464 1827 est:

1396 1847 1594 1878 consequens
1618 1844 1665 1868 est
1689 1845 1724 1868 ut
1748 1847 1922 1878 cooperans
1946 1838 1986 1868 ad
2010 1837 2271 1875 aedificationem,
2297 1840 2393 1871 etiam
2417 1851 2465 1871 re-

1396 1881 1597 1922 paratoriam‚
1623 1882 1675 1912 det
1699 1892 1830 1922 operam
1845 1882 1889 1912 rei
1913 1882 2003 1913 cuius
2027 1893 2104 1913 usus
2122 1890 2168 1914 est
2191 1884 2324 1914 omnino
2341 1884 2467 1916 illicitus

1396 1932 1491 1966 atque
1515 1925 1648 1957 mortale
1673 1933 1847 1966 peccatum.
1873 1926 1914 1956 Et
1936 1934 2103 1967 propterea
2126 1927 2169 1958 ita
2194 1935 2325 1968 peccant
2347 1936 2465 1960 morta-

1395 1970 1466 2001 liter
1495 1970 1571 2000 tales
1595 1969 1727 2001 artifices
1757 1971 1839 2001 sicut
1862 1969 1994 2001 artifices
2018 1971 2181 2002 idolorum
2212 1980 2242 2004 et
2265 1973 2402 2003 aliorum
2426 1974 2466 2004 ad

1397 2015 1520 2045 cultum
1543 2014 1740 2045 idololatriae
1764 2015 1999 2055 pertinentium.
2025 2016 2091 2046 Nec
2107 2017 2211 2047 obstat
2236 2016 2313 2047 iuris
2337 2027 2465 2048 conces-

1395 2059 1461 2090 sio:
1479 2058 1634 2100 quoniam
1651 2059 1835 2100 permissiva
1848 2067 1903 2090 est.
1918 2060 2146 2091 Permittuntur
2161 2068 2278 2097 autem,
2292 2071 2358 2092 non
2371 2062 2464 2097 bona,

1397 2104 1451 2134 sed
1475 2103 1569 2134 mala.

1451 2147 1505 2178 XI.
1530 2147 1581 2177 Ad
1609 2148 1784 2178 secundum
1806 2147 1823 2166 *
1852 2147 1966 2178 dicitur
1994 2158 2068 2178 cum
2099 2148 2218 2188 duplici
2247 2149 2464 2180 distinctione:

1397 2191 1502 2228 altera,
1520 2191 1558 2222 de
1575 2191 1688 2221 notitia
1710 2191 1819 2222 iniusti
1842 2192 1933 2228 belli;
1958 2192 2062 2229 altera,
2080 2193 2118 2223 de
2137 2192 2316 2224 artificibus.
2341 2194 2424 2224 Nam
2440 2195 2465 2224 si

1395 2236 1516 2266 bellum
1536 2235 1691 2266 iniustum
1711 2243 1757 2266 est
1781 2236 1945 2276 cognitum
1969 2237 2059 2277 quod
2082 2244 2128 2268 est
2151 2237 2320 2273 iniustum;
2345 2247 2399 2268 seu
2424 2239 2463 2269 de

1396 2290 1430 2311 se
1453 2279 1613 2311 notoriam
1636 2280 1822 2310 iniustitiam
1845 2280 1978 2316 habens,
2003 2287 2115 2321 utpote
2138 2291 2278 2311 errorem
2301 2282 2465 2312 continens

1396 2324 1637 2360 intolerabilem,
1662 2331 1698 2354 ut
1721 2324 1746 2354 si
1769 2324 1915 2364 princeps
1938 2325 2052 2365 aliquis
2075 2325 2196 2356 bellum
2211 2333 2331 2365 gereret
2353 2333 2389 2357 ut
2412 2327 2465 2357 de-

1396 2368 1474 2399 leret
1504 2369 1633 2399 clericos
1661 2375 1691 2399 et
1714 2368 1854 2399 redditus
1882 2369 1920 2399 ab
1944 2369 2099 2399 Ecclesia:
2134 2376 2257 2400 constat
2284 2380 2396 2400 omnes
2424 2371 2463 2401 ad

1396 2413 1458 2443 hoc
1474 2412 1748 2454 qualitercumque
1765 2413 1874 2444 dantes
1890 2413 1939 2443 vel
1954 2413 2126 2444 vendentes
2141 2424 2374 2455 quaecumque,
2393 2425 2465 2456 pec-

1396 2467 1465 2489 care
1488 2457 1663 2488 mortaliter
1686 2464 1716 2488 et
1740 2457 1907 2497 sacrilegos
1931 2467 2007 2488 esse.

1452 2501 1484 2532 Si
1500 2512 1575 2532 vero
1592 2501 1713 2532 bellum
1729 2508 1776 2532 est
1791 2501 1955 2537 iniustum,
1973 2509 2003 2532 et
2017 2501 2049 2531 in
2066 2508 2190 2532 tantum
2206 2501 2357 2532 iniustitia
2377 2502 2462 2533 illius

1394 2546 1470 2577 latet
1491 2552 1527 2576 ut
1558 2545 1771 2576 communiter
1794 2546 1937 2576 credatur
1966 2545 2102 2576 iustum:
2136 2552 2323 2576 excusantur
2352 2556 2464 2576 omnes

1395 2589 1544 2626 artifices,
1569 2590 1644 2630 quia
1668 2599 1734 2620 non
1758 2597 1804 2620 est
1827 2599 1938 2620 eorum
1963 2589 2116 2620 discutere
2140 2589 2216 2619 haec
2240 2589 2404 2620 subtiliter.

1450 2636 1494 2664 At
1516 2634 1542 2664 si
1566 2634 1599 2664 in
1623 2634 1758 2664 dubium
1781 2633 1911 2664 vertitur
1934 2643 1973 2663 an
1988 2634 2109 2663 bellum
2125 2633 2246 2663 iustum
2269 2633 2462 2664 iniustumve

1395 2678 1444 2715 sit,
1469 2688 1527 2709 nec
1550 2685 1656 2719 potest
1679 2677 1814 2708 dubium
1834 2677 1969 2717 deponi:
1994 2683 2182 2708 excusantur
2197 2676 2328 2707 artifices
2344 2677 2461 2708 subditi

1395 2722 1516 2753 ratione
1540 2721 1752 2757 obedientiae;
1778 2721 1859 2752 sicut
1882 2721 1975 2752 etiarn
1999 2721 2114 2752 milites
2133 2728 2278 2752 vacantes
2297 2717 2387 2761 opeH
2402 2731 2461 2752 suo

1396 2773 1427 2797 et
1449 2766 1661 2807 relinquentes
1690 2775 1799 2796 curam
1821 2766 1958 2796 iustitiae
1988 2765 2037 2795 his
2061 2766 2100 2795 ad
2123 2775 2206 2805 quos
2233 2771 2352 2805 spectat
2374 2765 2461 2796 iusti-

1394 2810 1471 2841 tiam
1494 2810 1580 2841 intus
1604 2817 1634 2840 et
1657 2817 1741 2840 extra
1765 2810 1932 2840 custodire.
1966 2810 2006 2839 Et
2036 2809 2108 2840 licet
2135 2808 2304 2839 artificibus
2331 2819 2397 2839 non
2422 2810 2460 2840 sit

1395 2865 1412 2884 a
1435 2854 1577 2896 principe
1601 2853 1744 2894 explicite
1763 2861 1967 2894 praeceptum
1992 2860 2027 2884 ut
2050 2853 2186 2883 vendant
2210 2853 2362 2889 ballistas,
2392 2860 2459 2889 etc„

1395 2905 1442 2929 est
1471 2905 1577 2929 tamen
1601 2898 1644 2928 εἰς
1667 2897 1819 2938 implicite
1843 2899 2030 2929 mandatum
2059 2907 2094 2927 ex
2118 2897 2180 2927 hoc
2204 2897 2274 2936 ipso
2305 2897 2393 2938 quod
2419 2898 2459 2927 ad

1394 2942 1515 2973 bellum
1539 2949 1691 2973 conatum
1716 2942 1857 2982 apponit.
1883 2942 1923 2972 Et
1947 2942 2072 2982 signum
2097 2941 2164 2971 eius
2179 2947 2225 2971 est
2247 2941 2345 2981 quod,
2370 2941 2395 2970 si
2412 2951 2459 2971 ar-

1394 2986 1470 3017 tifex
1500 2997 1567 3017 non
1589 2986 1756 3021 venderet,
1781 2985 1953 3016 offenderet
1981 2985 2176 3025 principem,
2204 2992 2356 3025 tanquam
2383 2985 2461 3024 plus

1393 3040 1508 3071 sapere
1532 3031 1641 3061 volens
1663 3039 1758 3070 quam
1783 3035 1927 3070 oporteat
1944 3030 1980 3065 *,
2004 3030 2037 3059 in
2060 3029 2200 3059 iuvando
2224 3029 2263 3058 ad
2287 3029 2457 3068 expeditio-

1395 3084 1470 3104 nem
1485 3074 1568 3105 belli.
1587 3074 1747 3114 Scriptum
1763 3084 1894 3114 quoque
1911 3084 2018 3104 rursus
2035 3080 2082 3104 est
2092 3073 2109 3092 *
2125 3073 2213 3114 quod
2228 3082 2341 3103 servus
2355 3074 2459 3103 sciens

1395 3119 1590 3149 voluntatem
1615 3118 1736 3148 domini
1759 3123 1790 3148 et
1812 3127 1874 3148 non
1890 3118 2022 3158 faciens
2045 3127 2127 3154 eam,
2148 3118 2259 3157 plagis
2278 3117 2460 3156 vapulabit:

1395 3169 1517 3193 constat
1540 3162 1626 3192 enirn
1649 3162 1847 3192 voluntatem
1871 3161 2020 3201 principis
2044 3171 2109 3191 esse
2134 3167 2170 3191 ut
2193 3170 2304 3190 omnes
2323 3161 2460 3191 vendant

1394 3206 1480 3237 iuxta
1497 3215 1569 3236 suas
1592 3212 1672 3236 artes
1689 3206 1773 3235 unde
1790 3205 1890 3245 possit
1906 3205 2063 3245 expeditio
2087 3204 2160 3234 belli
2183 3203 2260 3234 fieri.
2276 3221 2297 3227 -
2313 3205 2355 3235 Et
2377 3215 2460 3245 quo-

1394 3250 1480 3280 niam
1504 3250 1640 3279 extranei
1664 3249 1719 3289 qui
1742 3249 1847 3289 adepti
1870 3249 1934 3279 iam
1957 3249 2131 3279 incolatum
2160 3254 2260 3284 erant,
2286 3255 2320 3278 ut
2343 3248 2460 3279 subditi

1394 3301 1478 3330 sunt,
1503 3293 1641 3323 excusari
1666 3302 1797 3333 quoque
1811 3293 1967 3325 videntur.
1991 3310 2011 3315 -
2036 3293 2214 3332 Ingerentes
2231 3299 2339 3322 autem
2357 3303 2389 3323 se
2407 3293 2459 3323 de-

1395 3347 1462 3368 nuo
1490 3337 1568 3367 lucri
1592 3347 1704 3372 causa,
1728 3346 1874 3367 excusare
1898 3336 2021 3367 nescio:
2050 3336 2230 3367 immiscent
2257 3336 2376 3377 quippe
2399 3337 2460 3377 ipsi

1394 3381 1515 3421 seipsos
1538 3380 1710 3411 involucris
1734 3380 1821 3411 dubii
1846 3390 1946 3411 casus.
1971 3380 2095 3410 Debent
2114 3387 2221 3410 autem
2237 3380 2354 3411 subditi
2370 3391 2458 3420 prae-

1395 3435 1519 3455 sumere
1542 3425 1632 3465 quod
1654 3424 1776 3455 iustum
1799 3431 1861 3460 est,
1884 3425 2003 3454 bonam
2030 3424 2179 3455 habentes
2207 3424 2459 3455 aestimationem

1395 3470 1434 3499 de
1458 3479 1517 3499 suo
1541 3468 1695 3508 principe:
1721 3468 1880 3509 quamvis,
1905 3468 2012 3508 quoad
2036 3467 2269 3504 certitudinem,
2294 3468 2456 3499 fluctuent.

1450 3513 1517 3543 XII.
1542 3513 1593 3543 Ad
1621 3513 1749 3543 tertium
1780 3512 1909 3542 dubium
1925 3511 1943 3532 '⁸‘
1965 3512 2079 3542 dicitur
2106 3512 2212 3552 quod,
2237 3512 2317 3543 sicut
2345 3519 2457 3542 ornatu

1395 3557 1542 3587 mulieres
1573 3563 1708 3596 possunt
1738 3557 1817 3587 bene
1845 3562 1875 3586 et
1902 3556 1984 3589 male
2016 3556 2080 3592 uti;
2114 3563 2145 3586 et
2167 3556 2286 3587 multae
2316 3556 2397 3586 male
2428 3563 2458 3585 et

1396 3601 1514 3632 multae
1538 3601 1617 3631 bene
1641 3606 1791 3636 utuntur;
1821 3607 1851 3631 et
1874 3610 1955 3641 quae
1979 3600 2018 3630 sit
2041 3600 2143 3630 maior
2167 3610 2255 3640 pars,
2280 3610 2345 3630 non
2370 3599 2457 3629 facile

1396 3652 1481 3686 patet
1508 3643 1667 3687 (quamvis
1698 3644 1736 3674 de
1759 3654 1819 3674 usu
1844 3644 1898 3685 qui
1923 3644 1961 3675 sit
1989 3651 2154 3684 peccatum
2179 3644 2328 3678 mortale,
2354 3643 2458 3673 minor

2282 3702 2316 3734 46

2493 475 2503 485 ⁸
2517 475 2542 496 ln
2557 481 2661 503 corpore.

2494 609 2502 617 ⁸
2518 607 2587 629 Num.
2605 615 2618 629 ι.

2495 651 2502 659 “
2517 650 2572 671 Luc.
2590 656 2640 678 cap.
2658 658 2705 679 xvi,

2493 682 2551 698 vers.
2568 683 2597 705 31.

2493 960 2502 970 ⁸
2518 959 2553 981 Cf.
2569 966 2631 982 num.
2647 967 2669 983 x.

2492 1089 2704 1138 {effluafissfflffl’

2494 1181 2502 1190 “
2517 1179 2552 1201 Cf.
2567 1185 2631 1201 num.
2648 1186 2678 1202 ιι.

2492 1405 2502 1414 ’·
2517 1404 2553 1426 Cf.
2569 1410 2632 1426 num,
2648 1410 2687 1426 ιιι,

2493 1532 2503 1542 “
2517 1531 2552 1552 Cf.
2575 1537 2638 1552 num.
2653 1537 2704 1552 ¹111.

2493 2152 2503 2162 ⁸
2516 2150 2585 2172 Num.
2604 2158 2633 2172 rx.

2488 3030 2498 3039 ⁴
2511 3029 2549 3051 Ad
2562 3029 2634 3055 Rom,
2648 3036 2697 3057 cap.

2487 3062 2637 3110 kauvcerscag
2657 3089 2698 3109 xn,

2487 3115 2545 3131 vers.
2559 3115 2596 3136 47.

2485 3508 2496 3518 ⁸
2510 3507 2578 3528 Num.
2595 3512 2624 3527 tx.
