2768 4198
40 506 50 516 ⁸
65 505 120 527 Loc.
135 504 174 527 cit.

39 554 50 564 ⁸
63 552 120 581 eap-
135 557 218 574 xxx-111.

39 580 60 590 ⁴·
74 578 131 600 Ord
147 579 209 606 Aug.

39 606 50 617 ⁸
62 605 128 627 Vera.
144 611 165 627 2.

39 667 49 678 ⁶
63 665 134 693 lbid„
148 671 208 688 ven.
227 671 250 691 4.

39 825 49 836 ·
61 824 90 847 D.
105 824 156 851 48²·

36 873 49 886 ⁸
60 874 127 896 ven.
141 879 165 900 4.

929 310 1196 356 QUAESTIO
1228 311 1419 358 CLXXV,
1449 313 1747 351 ARTICULUS
1778 316 1826 352 III

280 388 382 435 tiam,
412 388 480 425 sed
509 388 704 436 quandam
734 388 995 435 refulgentiam
1027 390 1198 426 claritatis
1219 390 1346 438 ipsius.

281 442 358 478 Sed
387 441 618 478 contrarium
639 441 837 478 manifeste
858 443 1091 490 Augustinus
1112 444 1347 491 determinat,

280 507 359 532 non
379 495 504 531 solum
523 494 561 531 in
582 494 677 531 libro
698 495 743 531 de
764 495 928 532 Videndo
948 497 1073 533 Deum
1092 496 1122 537 ³⁸,
1145 497 1212 534 sed
1233 498 1346 534 etiam

279 549 349 585 XII
365 559 478 596 super
496 548 589 584 Gen.
605 547 657 584 ad
675 547 738 584 litt.
754 547 792 584 *ε
815 556 850 585 et
865 549 1027 586 habetur
1042 550 1080 586 in
1096 550 1232 587 Glossa
1245 550 1296 597 ²⁸³⁸,
1316 552 1346 587 II

279 602 331 638 ad
349 602 435 637 Cor.
452 613 500 637 xu
515 600 546 637 *.
569 601 617 637 Et
631 601 706 638 hoc
726 601 840 638 etiam
862 602 942 650 ipsa
957 604 1076 640 verba
1092 605 1266 652 Apostoli
1284 605 1348 641 de-

279 654 436 702 signant.
452 653 567 702 ‘Dicit
596 654 697 691 enim
713 654 733 676 '¹‘
760 667 800 691 se
818 656 965 692 audisse
993 654 1199 707 ineffabilia
1218 659 1346 704 verba,

279 719 376 756 quae
409 719 483 744 non
512 707 595 743 licet
628 708 774 744 homini
806 708 931 757 loqui.-
959 709 1182 747 huiusmodi
1218 719 1346 748 autem

277 760 456 797 videntur
489 773 533 797 ea
569 773 668 808 quae
700 761 889 811 pertinent
921 764 967 799 ad
997 763 1188 801 visionem
1218 765 1347 802 beato-

277 826 376 859 rum,
402 825 500 863 quae
521 814 668 852 excedit
696 822 834 852 statum
855 815 940 853 viae
960 816 991 863 ³¹²,
1022 818 1235 855 secundum
1255 817 1347 856 illud

278 866 396 904 Isaiae
417 879 501 904 thv
519 867 557 904 *ε
593 867 731 905 Oculus
759 881 833 905 non
855 869 957 915 vidit,
987 871 1102 916 Deus,
1132 872 1273 920 absque
1301 877 1346 918 te,

277 931 374 968 quae
396 922 641 970 praeparasti
665 922 903 972 diligentibus
931 929 976 960 te.
1012 924 1060 960 Et
1088 923 1175 960 ideo
1206 937 1347 961 conve-

277 973 440 1011 nientius
470 974 605 1011 dicitur
633 976 736 1024 quod
761 976 888 1012 Deum
916 988 984 1024 per
1007 977 1211 1014 essentiam
1239 977 1346 1015 vidit.

330 1029 389 1064 AD
418 1039 557 1065 patmum
580 1040 679 1066 ERGO
708 1041 894 1066 mcENDuM
920 1031 1027 1077 quod
1046 1043 1156 1068 mens
1176 1031 1347 1069 humana

277 1079 458 1118 divinitus
501 1081 644 1130 rapitur
685 1082 733 1118 ad
772 1082 1109 1131 contemplandam
1146 1084 1346 1122 veritatem

277 1133 460 1182 divinam,
491 1134 691 1184 tripliciter.
721 1135 808 1172 Uno
838 1135 971 1183 modo,
1000 1144 1041 1172 ut
1070 1138 1348 1186 contempletur

277 1199 362 1224 eam
398 1200 468 1236 per
495 1188 758 1226 similitudines
791 1189 978 1237 quasdam
1007 1188 1259 1238 imaginarias.
1299 1191 1348 1228 Et

274 1240 357 1278 talis
390 1241 459 1278 fuit
496 1254 672 1279 excessus
701 1241 839 1279 mentis
878 1242 943 1292 qui
971 1242 1106 1279 cecidit
1134 1256 1248 1292 supra
1276 1245 1346 1280 Pe-

274 1302 390 1341 trum.
406 1313 444 1325 ψ’-
471 1294 558 1332 Atio
593 1295 734 1341 modo,
762 1302 804 1331 ut
841 1296 1120 1344 contempletur
1146 1296 1346 1334 veritatem

276 1346 447 1386 divinam
475 1361 545 1397 per
573 1347 823 1396 intelligibiles
853 1349 1028 1386 effectus:
1065 1348 1161 1386 sicut
1189 1349 1258 1386 fuit
1286 1362 1347 1387 ex-

276 1413 406 1440 cessus
425 1401 554 1439 David
575 1401 732 1439 dicentis
746 1400 786 1438 *z
807 1402 896 1452 Ego
910 1402 992 1439 dixi
1011 1402 1048 1438 in
1068 1414 1222 1440 excessu
1243 1415 1346 1440 meo.-

280 1454 410 1493 Omnis
428 1456 541 1493 homo
561 1455 739 1492 mendax.
769 1476 794 1483 -
823 1455 969 1502 Tertio,
998 1462 1040 1492 ut
1068 1457 1348 1505 contempletur

275 1520 362 1546 eam
391 1508 429 1545 in
459 1521 528 1546 sua
557 1508 731 1546 essentia.
768 1509 817 1546 Et
849 1509 932 1546 talis
959 1508 1028 1546 fuit
1056 1517 1186 1558 raptus
1215 1510 1343 1547 Pauli:

179 1573 195 1606 ἡ
240 1581 245 1613 3
275 1569 312 1599 et
333 1561 448 1599 etiam
469 1561 638 1610 Moysi*.
660 1562 710 1598 Et
728 1562 816 1599 satis
837 1569 1110 1610 congruenter:
1138 1575 1228 1600 nam
1250 1563 1347 1602 sicut

273 1615 432 1664 Moyses
451 1615 521 1652 fuit
539 1614 686 1663 primus
705 1616 853 1653 Doctor
873 1616 1117 1664 Iudaeorum,
1134 1616 1184 1654 ita
1203 1618 1345 1655 Paulus

238 1691 245 1698 -
273 1667 342 1707 fuit
371 1668 517 1718 primus
545 1669 691 1706 Doctor
722 1668 898 1707 Gentium
917 1669 948 1706 ³¹².

325 1723 384 1760 An
404 1733 596 1760 SECUNDUM
615 1733 802 1760 mceunum
822 1722 928 1772 quod
958 1722 1088 1760 divina
1108 1724 1271 1761 essentia
1291 1724 1345 1762 vi-

273 1774 355 1815 deri
382 1775 430 1812 ab
459 1774 650 1813 intellectu
681 1783 807 1813 creato
837 1789 916 1814 non
944 1784 1069 1826 potest
1096 1776 1166 1814 nisi
1193 1789 1262 1826 per
1290 1779 1345 1816 lu-

272 1840 364 1868 men
391 1828 533 1877 gloriae
552 1828 584 1875 ²⁸,
615 1828 662 1866 de
693 1841 770 1878 quo
800 1829 936 1867 dicitur
963 1829 1003 1867 in
1030 1830 1184 1867 Psalmo
1205 1830 1265 1868 *⁷¹⁸2
1295 1833 1342 1869 In

238 1877 244 1884 '
271 1881 415 1921 lumine
438 1888 501 1919 tuo
519 1882 728 1919 videbimus
747 1882 885 1920 lumen.
916 1882 1035 1930 Quod
1063 1891 1193 1921 tamen
1223 1884 1342 1933 dupli-

273 1936 364 1974 citer
392 1935 607 1985 participari
635 1943 772 1984 potest.
802 1936 890 1974 Uno
920 1936 1052 1983 modo,
1083 1949 1151 1986 per
1179 1938 1342 1975 modum

270 1989 419 2027 formae
447 1988 711 2027 immanentis:
752 1993 789 2026 et
821 1989 874 2026 sic
908 1990 1040 2028 beatos
1078 1991 1165 2027 facit
1193 1999 1344 2029 sanctos

270 2042 311 2081 in
337 2041 469 2092 patria.
498 2042 586 2079 Alio
607 2042 739 2089 modo,
769 2055 838 2092 per
857 2043 1019 2081 modum
1040 2043 1239 2082 cuiusdam
1258 2057 1344 2094 pas-

236 2117 244 2124 ·
271 2095 389 2134 sionis
417 2095 666 2134 transeuntis:
697 2096 793 2134 sicut
822 2097 965 2134 dictum
997 2097 1090 2134 est*
1119 2097 1167 2135 de
1201 2098 1343 2136 lumine

269 2149 508 2200 prophetiae.
553 2150 603 2186 Et
640 2150 715 2187 hoc
752 2150 872 2188 modo
907 2151 1039 2188 lumen
1076 2150 1168 2188 illud
1201 2151 1270 2189 fuit
1306 2152 1344 2190 in

270 2204 406 2251 Paulo,
435 2202 591 2253 quando
620 2211 750 2252 raptus
777 2203 846 2240 fuit
863 2203 895 2240 ³¹⁸.
929 2204 978 2240 Et
1006 2203 1093 2243 ideo
1124 2217 1169 2242 ex
1198 2205 1260 2242 tali
1289 2205 1344 2243 vi-

271 2257 379 2295 sione
415 2269 494 2295 non
530 2256 598 2294 fuit
630 2255 851 2305 simpliciter
885 2257 1042 2306 beatus,
1071 2265 1113 2294 ut
1148 2258 1258 2295 fieret
1291 2271 1345 2296 re-

270 2310 480 2348 dundantia
500 2311 548 2347 ad
579 2321 739 2359 corpus:
769 2310 838 2348 sed
857 2311 983 2348 solum
1004 2311 1218 2349 secundum
1237 2312 1343 2360 quid.

269 2364 320 2402 Et
347 2364 435 2402 ideo
461 2363 545 2400 talis
565 2371 695 2413 raptus
724 2363 853 2413 aliquo
875 2365 994 2401 modo
1024 2365 1073 2402 ad
1101 2365 1344 2414 prophetiam

267 2417 443 2467 pertinet.

303 2473 380 2518 &An
420 2482 582 2508 TERTIUM
623 2482 808 2507 DtCENDuM
851 2470 956 2520 quod
997 2470 1087 2519 quia
1129 2472 1272 2510 Paulus
1309 2473 1346 2510 in

264 2526 379 2574 raptu
408 2536 488 2561 non
511 2523 580 2561 fuit
608 2524 743 2560 beatus
771 2523 1024 2571 habitualiter,
1045 2524 1113 2561 sed
1133 2525 1260 2563 solum
1279 2526 1346 2564 ha-

267 2577 350 2616 buit
379 2585 508 2615 actum
537 2577 762 2622 beatorum;
803 2589 1044 2626 consequens
1074 2585 1130 2614 est
1165 2586 1205 2615 ut
1234 2578 1346 2616 simul

322 2707 350 2739 α)
369 2709 448 2732 est.-
466 2705 568 2730 dicitur
582 2705 629 2731 Pa.

322 2740 347 2775 β)
368 2741 486 2767 tertium.
498 2755 517 2760 -
534 2741 644 2766 tertium
664 2741 766 2766 caelum
786 2740 804 2771 1,
824 2740 926 2766 caelum
945 2741 1054 2766 tertium
1075 2741 1142 2767 PsK.

2395 318 2470 363 405

1404 399 1492 428 tunc
1520 393 1558 429 in
1589 405 1634 429 eo
1664 406 1741 430 non
1770 393 1880 430 fuerit
1908 402 2013 431 aetus
2042 395 2151 441 fidei,
2182 395 2250 432 fuit
2277 404 2406 434 tamen
2436 399 2473 435 in

1405 457 1450 480 eo
1481 445 1594 482 simul
1623 446 1713 483 fidei
1742 447 1904 484 habitus.

1456 499 1515 535 AD
1545 511 1718 541 QUARTUM
1747 512 1933 538 D1CENDUM
1956 502 2061 549 quod
2082 502 2239 539 nomine
2264 503 2362 539 tertii
2379 504 2475 540 caeli

1402 559 1527 599 potest
1547 565 1625 589 uno
1647 555 1765 590 modo
1787 554 1937 602 intelligi
1961 554 2104 603 aliquid
2126 568 2355 604 corporeum
2372 556 2401 593 ²³².
2425 558 2473 593 Et
2500 553 2555 600 gi?
2564 553 2643 601 ,(3ῗῇ
2639 553 2713 575 om,

1403 604 1455 640 sic
1475 605 1626 642 tertium
1649 608 1796 643 caelum
1818 616 1873 644 est
1888 613 1905 629 α
1926 609 2075 645 caelum
2097 621 2341 669 empyreum:
2366 610 2471 658 quod
2599 616 2615 632 α

1404 657 1538 695 dicitur
1566 660 1713 696 tertium
1744 669 1917 708 respectu
1948 662 2041 698 caeli
2070 663 2170 699 aerei
2200 671 2235 700 et
2256 663 2348 700 caeli
2375 663 2471 700 side-

1403 711 1473 756 rei;
1503 713 1565 749 vel
1594 713 1720 772 potius
1750 722 1923 762 respectu
1953 715 2043 752 caeli
2066 716 2202 753 siderei
2233 725 2268 753 et
2297 725 2472 766 respectu

1403 765 1496 801 caeli
1524 766 1635 815 aquei
1663 766 1743 803 sive
1773 768 1986 827 crystallini.
2026 770 2074 806 Et
2104 769 2238 807 dicitur
2266 776 2395 819 raptus
2423 771 2474 807 ad

1402 819 1550 856 tertium
1586 820 1752 866 caelum,
1782 833 1862 858 non
1897 821 1984 869 quia
2017 831 2147 871 raptus
2180 822 2225 860 sit
2257 823 2305 861 ad
2337 823 2471 861 viden-

1403 871 1495 909 dum
1530 873 1812 910 similitudinem
1853 874 2010 912 alicuius
2048 876 2101 912 rei
2136 888 2365 926 corporeae:
2403 879 2470 915 sed

1402 933 1557 975 propter
1589 927 1664 963 hoc
1698 929 1802 976 quod
1831 928 1937 964 locus
1966 928 2025 965 ille
2056 937 2111 966 est
2140 930 2471 979 contemplationis

1403 979 1616 1016 beatorum.
1647 980 1759 1018 Unde
1789 981 1926 1018 Glossa
1946 981 1965 1003 '¹‘
1994 981 2091 1029 dicit,
2115 984 2145 1019 lI
2166 984 2218 1020 ad
2241 984 2327 1021 Cor.
2348 996 2397 1021 xn
2416 984 2509 1030 ⁰¹³2.
2511 988 2626 1036 &gg-2

1403 1034 1507 1081 quod
1537 1032 1720 1070 tertium?³
1749 1039 1803 1070 est
1827 1034 2021 1082 spirituale
2048 1036 2215 1083 caelum,
2246 1038 2309 1073 uhi
2342 1038 2473 1088 angeli
2596 1030 2635 1075 ’β’

1402 1091 1438 1122 et
1463 1091 1616 1123 sanctae
1643 1087 1796 1124 animae
1820 1089 2012 1135 fruuntur
2045 1090 2121 1126 Dei
2147 1090 2468 1138 contemplatione.

1401 1139 1464 1175 Ad
1499 1140 1601 1187 quod
1631 1151 1718 1177 cum
1753 1141 1841 1182 dicit
1871 1153 1912 1177 se
1945 1147 2116 1190 raptum,
2145 1143 2336 1192 significat
2371 1145 2472 1205 quod

1402 1192 1507 1228 Deus
1541 1193 1698 1230 ostendit
1732 1194 1768 1230 ei
1800 1194 1916 1230 vitam
1955 1195 1991 1231 in
2029 1207 2104 1243 qua
2138 1196 2318 1234 videndus
2346 1203 2400 1234 est
2431 1198 2468 1235 in

1402 1250 1608 1282 aeternum.

1455 1298 1541 1334 Alio
1566 1299 1685 1336 modo
1715 1311 1783 1347 per
1807 1300 1964 1338 tertium
1989 1302 2136 1338 caelum
2164 1310 2290 1350 potest
2317 1303 2470 1352 intelligi

1402 1350 1529 1409 aliqua
1544 1351 1639 1387 visio
1660 1353 2018 1400 supermundana*.
2040 1355 2152 1401 Quae
2171 1363 2295 1404 potest
2311 1356 2383 1394 dici
2398 1364 2470 1394 ter·
2498 1368 2554 1390 &Cf
2564 1367 2642 1389 moss-
2652 1368 2685 1389 Or
2687 1368 2709 1389 d-

1401 1403 1497 1441 tium
1527 1405 1676 1442 caelum
1706 1405 1837 1454 triplici
1866 1406 2023 1444 ratione.
2053 1408 2140 1444 Uno
2170 1409 2305 1468 modo,
2336 1422 2469 1447 secun-
2497 1396 2534 1416 Au
2620 1394 2692 1416 ⁰mb

1402 1456 1495 1494 dum
1526 1458 1701 1495 ordinem
1735 1459 1992 1519 potentiarum
2023 1461 2390 1508 cognoscitivarum:
2429 1471 2470 1500 ut

1402 1510 1570 1559 primum
1596 1512 1744 1548 caelum
1775 1512 1920 1549 dicatur
1938 1513 2035 1550 visio
2057 1515 2367 1564 supermundana
2387 1529 2470 1552 cor-

1401 1564 1552 1613 poralis,
1574 1577 1674 1613 quae
1695 1565 1739 1602 fit
1766 1577 1835 1614 per
1854 1578 2021 1614 sensum,
2043 1566 2138 1605 sicut
2157 1568 2238 1605 visa
2259 1576 2314 1605 est
2333 1581 2469 1607 manus

1402 1617 1599 1655 scribentis
1627 1618 1665 1659 in
1693 1618 1848 1667 pariete,
1878 1620 1976 1656 Dan.
1998 1632 2021 1656 v
2040 1619 2075 1667 *3
2106 1621 2319 1659 secundum
2342 1630 2469 1660 autem

1401 1671 1551 1708 caelum
1589 1671 1635 1708 sit
1672 1671 1769 1709 visio
1808 1672 2050 1721 imaginaria,
2088 1682 2180 1722 puta
2222 1687 2339 1734 quam
2376 1676 2471 1713 vidit

1400 1724 1561 1772 Isaias*,
1583 1733 1620 1762 et
1640 1725 1829 1762 Ioannes
1820 1738 1859 1762 1n
1872 1727 2108 1776 Apocalypsi
2123 1727 2181 1749 ²⁸²⁸·
2172 1728 2354 1775 ‚tertium
2373 1741 2467 1766 vero
2499 1742 2573 1764 τι
2585 1748 2616 1768 w,
2626 1748 2676 1763 vers
2679 1748 2708 1763 ι..

1400 1779 1549 1816 caelum
1579 1778 1725 1816 dicatur
1751 1778 1847 1816 visio
1867 1779 2138 1828 intellectualis,
2168 1789 2209 1818 ut
2236 1783 2469 1830 Augustinus
2497 1801 2508 1816 2
2525 1774 2589 1823 sqqp
2605 1774 2627 1790 ¹
2651 1775 2709 1790 ω’

1400 1831 1566 1880 exponit,
1596 1832 1665 1868 XII
1701 1844 1815 1881 super
1852 1833 1944 1870 Gen.
1981 1834 2033 1870 ad
2062 1834 2126 1871 litt.
2154 1834 2186 1871 ³¹⁸.
2225 1856 2249 1862 -
2288 1836 2467 1874 Secundo
2499 1850 2508 1858 ·
2535 1848 2608 1877 ουρ».
2642 1855 2709 1876 xm,

1399 1885 1518 1922 modo
1547 1892 1673 1934 potest
1692 1885 1764 1923 dici
1793 1886 1945 1923 tertium
1967 1888 2114 1924 caelum
2135 1888 2347 1926 seeundum
2369 1889 2468 1928 ordi·
2495 1881 2540 1896 ¹¹
2542 1881 2578 1902 ¹¹¹’
2603 1882 2634 1897 ¹¹
2636 1882 2680 1896 ’‘¹⁸''

1399 1951 1489 1976 nem
1511 1938 1825 1986 cognoscibilium
1844 1939 1883 1976 ²¹⁸:
1908 1948 1950 1976 ut
1962 1941 2133 1988 primum
2155 1942 2301 1979 caelum
2321 1943 2469 1980 dicatur
2496 1954 2578 2002 bg]
2602 1954 2660 1976 G¹0s

1399 1992 1564 2042 cognitio
1585 1993 1798 2030 caelestium
1818 2004 2044 2041 corporum;
2065 1995 2281 2041 secundum,
2302 1997 2466 2046 cognitio
2495 1986 2679 2029 et‘nixii'gnm

1399 2046 1613 2083 caelestium
1627 2046 1846 2094 spirituum
1861 2047 2022 2094 tertium,
2039 2048 2203 2097 cognitio
2219 2049 2333 2097 ipsius
2346 2050 2432 2086 Dei.
2443 2070 2466 2078 -

1399 2099 1531 2136 Tertio
1569 2107 1693 2148 potest
1722 2099 1792 2136 dici
1827 2100 1979 2137 tertium
2017 2102 2163 2137 caelum
2199 2103 2466 2151 contemplatio

1400 2153 1472 2190 Dei
1501 2153 1714 2190 secundum
1735 2157 1750 2181 Υ
1778 2154 1916 2201 gradus
1938 2154 2163 2202 cognitionis
2193 2167 2268 2204 qua
2287 2156 2394 2192 Deus
2412 2156 2468 2192 vi·
2595 2167 2612 2193 γ

1401 2206 1529 2244 detur:
1565 2218 1731 2254 quorum
1760 2206 1908 2255 primus
1936 2207 2097 2255 pertinet
2125 2208 2172 2244 ad
2202 2209 2356 2256 angelos
2384 2209 2468 2246 infi-

1402 2272 1488 2296 mae
1524 2259 1770 2306 hierarchiae,
1801 2261 1992 2297 secundus
2029 2261 2078 2297 ad
2111 2262 2267 2309 angelos
2302 2262 2468 2310 mediae,

1401 2313 1530 2350 tertius
1564 2313 1613 2349 ad
1648 2313 1804 2361 angelos
1841 2326 2057 2362 supremae,
2086 2322 2128 2350 ut
2165 2314 2253 2352 dicit
2282 2316 2417 2352 Glossa
2436 2315 2457 2337 '¹‘

1403 2368 1434 2403 11
1454 2366 1506 2403 ad
1528 2366 1615 2403 Cor.
1635 2378 1687 2404 ΧΠ
1705 2366 1736 2403 ²¹⁴.

1455 2421 1504 2457 Et
1524 2419 1613 2469 quia
1641 2419 1738 2457 visio
1758 2419 1831 2458 Dei
1852 2432 1930 2457 non
1950 2427 2076 2468 potest
2105 2433 2186 2458 esse
2208 2421 2287 2458 sine
2309 2422 2469 2459 delecta-

1401 2473 1515 2521 tione,
1531 2481 1733 2522 propterea
1753 2486 1831 2511 non
1851 2474 1976 2510 solum
1998 2486 2038 2510 se
2059 2473 2147 2511 dicit
2161 2482 2310 2524 raptum
2330 2475 2382 2512 ad
2399 2481 2469 2512 ter-

1401 2527 1494 2564 tium
1522 2527 1683 2574 caelum,
1703 2526 1847 2564 ratione
1877 2527 2226 2576 contemplationis:
2257 2529 2324 2566 sed
2354 2528 2466 2565 etiam

1401 2580 1438 2617 in
1467 2580 1707 2626 Paradisum,
1732 2580 1876 2617 ratione
1906 2579 2164 2618 delectationis
2189 2582 2466 2630 consequentis.

2498 1634 2507 1642 ¹¹
2522 1633 2587 1654 Vers.
2603 1639 2621 1661 5.

2498 2323 2507 2330 ·
2518 2320 2574 2342 Ord.
2586 2321 2634 2342 sine
2646 2327 2709 2343 nom.

2459 2345 2468 2363 ²
2498 2351 2519 2369 et
2534 2347 2615 2369 Lomb.

2498 2379 2507 2387 '
2522 2377 2587 2399 Vens.
2604 2383 2623 2399 2.

1452 2708 1479 2741 γ)
1499 2708 1653 2734 secundum.
1665 2721 1685 2728 -
1701 2708 1835 2734 secundus
1851 2708 1971 2740 BLpDK,
1983 2708 2116 2733 secundas
2127 2709 2176 2740 ρΑ,
2189 2709 2333 2734 secundum
2353 2712 2409 2734 tres
2420 2711 2466 2741 sA,

1399 2744 1545 2769 secundum
1565 2744 1708 2777 (gradum)
1726 2743 1756 2769 F.

951 2820 1287 2853 commentaria
1311 2821 1565 2856 cardinalis
1587 2823 1788 2856 Caietam

299 2904 320 2924 N
343 2893 476 2924 articulo
505 2892 597 2923 tertio
629 2892 773 2922 eiusdem
803 2891 1000 2932 quaestionis
1024 2891 1342 2932 centesimaeseptua-

271 2905 581 2978 Igesimaequintae‚
605 2936 661 2967 ubi
681 2937 720 2967 de
735 2944 828 2976 raptu
845 2936 934 2966 Pauli
958 2936 998 2966 ad
1015 2936 1184 2966 videndam
1202 2936 1343 2967 divinam

268 2982 438 3013 essentiam
470 2981 667 3012 ineffabilitas
695 2982 866 3011 verborum
896 2980 1043 3019 affertur,
1067 2980 1236 3021 scrupulus
1264 2981 1343 3011 mihi

268 3026 395 3059 accidit:
420 3026 577 3068 quoniam
600 3026 719 3057 Paulus
743 3035 809 3056 non
834 3025 909 3056 dicit
932 3035 965 3055 se
984 3025 1109 3062 vidisse,
1127 3025 1182 3056 sed
1198 3025 1343 3063 audisse;

269 3079 304 3100 ac
328 3080 384 3111 per
406 3071 483 3108 hoc,
508 3071 548 3101 ad
571 3070 678 3101 minus
702 3070 780 3111 quid
805 3080 837 3100 se
861 3076 989 3110 raptum
1012 3069 1088 3100 dicit
1111 3079 1209 3110 quam
1233 3070 1273 3100 ad
1295 3070 1341 3100 vi-

269 3114 411 3146 dendum
432 3116 541 3146 Deum
567 3125 624 3156 per
647 3115 825 3145 essentiam.
858 3114 977 3145 Audire
1001 3114 1087 3144 enim
1110 3115 1204 3145 verba
1228 3124 1341 3144 arcana

268 3157 437 3190 ineffabilia
463 3169 530 3190 non
554 3166 602 3190 est
623 3159 729 3190 videre
753 3159 860 3190 Deum
888 3168 945 3199 per
968 3158 1154 3189 essentiam:
1184 3158 1340 3200 quoniam

267 3201 403 3234 intuitus
424 3202 478 3235 ille
501 3203 597 3235 unius
620 3211 676 3241 est,
702 3214 768 3235 non
791 3203 985 3240 multorum:
1010 3203 1097 3234 visus
1120 3209 1177 3239 est,
1201 3213 1268 3234 non
1284 3213 1340 3233 au-

270 3245 366 3277 ditus.

324 3290 376 3320 Ad
398 3290 460 3321 hoc
484 3291 598 3322 dicitur
619 3293 723 3333 quod,
748 3292 824 3334 quia
848 3302 914 3322 non
938 3302 975 3322 ex
998 3291 1177 3332 Scripturae
1201 3291 1338 3322 auctori-

268 3340 348 3370 tate,
373 3334 427 3364 sed
457 3334 522 3364 divi
550 3336 722 3376 Augustini
753 3343 784 3368 et
811 3336 1014 3378 sequacium,
1040 3336 1176 3367 creditur
1200 3335 1338 3366 Paulum

268 3385 398 3419 raptum
428 3388 530 3419 usque
559 3379 599 3410 ad
625 3379 783 3411 visionem
815 3381 938 3412 divinae
967 3380 1134 3417 essentiae;
1167 3380 1240 3411 ideo
1271 3390 1337 3412 non

269 3429 396 3463 oportet
419 3429 485 3452 tam
509 3422 637 3463 proprie
661 3423 816 3456 discutere
840 3435 895 3456 seu
920 3426 1093 3466 intelligere
1108 3425 1203 3456 verba
1219 3424 1281 3461 illa,
1299 3425 1339 3454 ad

269 3466 471 3507 opinandum
495 3467 694 3507 oppositum.

325 3511 362 3542 11.
386 3511 423 3541 In
445 3510 654 3551 responsione
676 3512 716 3542 ad
737 3513 868 3544 tertium
890 3514 1035 3544 eiusdem
1050 3514 1184 3552 articuli,
1201 3513 1334 3544 dubium

269 3555 408 3587 occurrit
429 3555 526 3586 etiam
549 3555 588 3586 de
610 3555 682 3596 ipso
705 3555 814 3587 habitu
837 3555 912 3588 fidei
926 3558 960 3588 in
975 3559 1092 3589 Paulo:
1118 3558 1194 3600 quia
1211 3558 1336 3589 videtur

1397 2896 1485 2936 quod
1514 2895 1628 2927 frustra
1650 2895 1842 2927 remanserit.
1875 2895 2038 2933 Quoniam
2067 2894 2197 2926 actualis
2221 2895 2301 2926 visio
2332 2895 2465 2926 alicuius

1396 2940 1439 2970 rei
1463 2951 1528 2971 non
1553 2940 1660 2971 solum
1684 2940 1821 2971 excludit
1843 2940 1999 2970 actualem
2022 2938 2118 2969 fidem
2135 2947 2279 2979 respectu
2296 2939 2381 2970 illius
2405 2950 2463 2979 pro

1395 2992 1482 3022 tunc,
1503 2985 1558 3015 sed
1581 2985 1676 3016 etiam
1693 2985 1725 3015 in
1742 2984 1898 3015 futurum.
1923 2984 1987 3021 Qui
2005 2984 2089 3014 enim
2106 2984 2204 3014 semel
2220 2983 2298 3014 vidit
2314 2984 2462 3020 Romam,

1395 3039 1461 3060 non
1485 3030 1583 3061 credit
1607 3030 1745 3070 amplius
1769 3027 1810 3072 (si
1833 3029 1938 3060 Roma
1955 3036 2035 3060 esset
2050 3027 2337 3069 incommutabilis)
2361 3028 2464 3067 ipsam

1395 3084 1471 3104 esse.
1497 3074 1583 3105 Cum
1607 3074 1702 3114 igitur
1721 3074 1841 3104 Paulus
1858 3079 2058 3113 supponatur
2072 3073 2187 3102 vidisse
2204 3072 2343 3102 divinam
2360 3082 2463 3104 essen-

1395 3119 1482 3154 tiam,
1506 3119 1539 3149 in
1563 3129 1627 3159 qua
1651 3118 1760 3148 omnia
1775 3117 1849 3147 fidei
1865 3117 2013 3158 mysteria
2029 3117 2185 3153 relucent;
2210 3123 2383 3156 postquam
2399 3127 2463 3147 ces-

1393 3162 1474 3193 savit
1496 3163 1618 3199 videre,
1643 3172 1710 3192 non
1734 3162 1879 3192 credebat
1901 3161 2056 3201 amplius,
2081 3161 2136 3191 sed
2161 3167 2262 3191 certus
2286 3168 2351 3191 erat
2375 3161 2462 3192 certi—

1393 3206 1503 3238 tudine
1526 3207 1710 3247 praeteritae
1734 3206 1918 3242 evidentiae,
1944 3206 2033 3237 cuius
2057 3212 2123 3237 erat
2145 3215 2280 3236 memor.

1447 3253 1498 3283 Ad
1521 3252 1583 3282 hoc
1607 3251 1723 3282 dicitur
1745 3251 1834 3291 quod
1853 3250 1971 3281 Paulus
1988 3260 2055 3280 non
2070 3249 2150 3280 vidit
2165 3249 2275 3279 omnia
2290 3259 2372 3289 quae
2388 3257 2463 3281 sunt

1391 3295 1464 3327 fidei
1482 3296 1516 3326 in
1540 3295 1646 3326 divina
1661 3294 1811 3325 essentia:
1836 3304 1910 3325 cum
1934 3304 2001 3324 non
2017 3294 2129 3324 viderit
2145 3304 2177 3324 se
2199 3294 2231 3323 in
2256 3303 2390 3333 corpore
2413 3295 2464 3325 vel

1392 3346 1485 3371 extra
1510 3349 1635 3380 corpus.
1666 3339 1707 3369 Et
1730 3345 1898 3379 propterea
1927 3338 2054 3368 habitus
2077 3337 2150 3368 fidei
2175 3337 2325 3368 remansit
2348 3337 2382 3368 in
2406 3347 2460 3368 eo:

1391 3385 1498 3425 quoad
1522 3384 1624 3414 multa
1640 3383 1805 3418 credenda,
1823 3382 1962 3413 exiturus
1978 3382 2011 3412 in
2031 3390 2138 3413 actum
2154 3381 2354 3421 simpliciter;
2379 3392 2460 3422 quo-

1390 3430 1429 3459 ad
1448 3429 1501 3459 illa
1523 3438 1599 3458 vero
1623 3438 1706 3468 quae
1730 3427 1818 3463 vidit,
1843 3427 1982 3457 exiturus
2005 3426 2038 3456 in
2062 3433 2169 3457 actum
2193 3426 2251 3456 sub
2276 3426 2460 3457 conditione

1390 3481 1419 3504 et
1442 3472 1680 3514 praeparatione
1697 3471 1805 3508 animi,
1822 3471 1940 3502 scilicet
1962 3471 2052 3512 quod
2075 3470 2170 3501 etiam
2193 3471 2332 3502 crederet
2352 3471 2377 3501 si
2394 3481 2459 3501 non

1389 3518 1526 3548 vidisset.
1543 3535 1564 3540 —
1588 3517 1629 3547 Et
1644 3516 1703 3547 hac
1718 3515 1879 3546 solutione
1903 3516 2059 3546 utendum
2076 3522 2124 3546 est
2139 3525 2213 3546 cum
2230 3516 2268 3546 de
2283 3515 2459 3546 visionibus

1390 3562 1618 3603 prophetarum
1642 3567 1673 3591 et
1696 3570 1809 3591 eorum
1831 3559 1894 3590 fide
1917 3567 1964 3591 est
1986 3559 2141 3602 quaestio.

1233 3639 1497 3654 W
