2768 4198
224 332 388 352 ARTICULUS
405 333 435 352 111
477 325 579 353 Utrum
602 332 756 361 paupertas
780 324 943 361 requiratur
963 325 1001 352 ad
1023 324 1115 360 perfe-

507 365 633 393 ctionem
659 365 804 402 religionis
808 385 1117 392 ...........
1137 373 1210 402 pag.
1239 372 1298 400 490

307 415 321 430 ιο
406 413 435 432 ιν
476 405 579 433 Utrum
601 412 740 441 perpetua
758 404 935 433 continentia
955 403 1118 441 requiratur

506 446 542 472 ad
566 445 771 481 perfectionem
793 444 940 481 religionis
956 465 1116 472 ......
1201 455 1215 469 »
1239 445 1296 480 493Ι

306 495 320 510 »
404 493 422 512 v
471 485 573 513 Utrum
598 485 763 512 obedientia
789 484 932 521 pertineat
959 485 997 512 ad
1025 485 1118 520 perfe-

503 524 631 553 ctionem
652 524 800 561 religionis
802 544 1115 552 ...........
1200 534 1215 549 »
1238 534 1298 560 494

404 573 434 592 vt
475 566 577 592 Utrum
600 565 762 601 requiratur
782 566 819 593 ad
842 564 1049 601 perfectionem
1071 573 1116 591 re-

504 605 618 642 ligionis
649 606 729 641 quod
751 611 915 641 paupertaS,
938 603 1117 632 continentia

503 651 531 672 et
552 645 718 673 obedientia
743 646 849 673 cadant
869 646 923 672 sub
943 651 1023 673 voto.
1047 666 1054 672 .
1078 666 1084 672 .
1108 665 1115 672 .
1200 655 1214 670 »
1238 645 1297 681 496

402 694 443 712 vn
470 686 574 713 Utrum
596 685 802 713 convenienter
817 685 930 713 dicatur
951 685 981 712 in
1002 684 1045 712 his
1066 684 1116 712 tri-

503 727 556 753 bus
583 725 659 753 votis
691 725 848 753 consistere
876 724 1023 762 religionis
1051 734 1117 761 per-

502 765 657 793 fectionem
679 786 1113 793 ...............
1199 775 1213 790 »
1237 774 1295 801 497

401 814 452 833 vm
473 806 577 834 Utrum
605 812 706 833 votum
735 805 920 834 obedientiae
941 805 978 833 sit
998 805 1114 842 potissi-

503 855 584 874 mum
606 845 680 873 inter
701 845 754 874 tria
775 852 843 874 vota
865 845 1052 883 religionis..
1075 867 1082 873 .
1106 866 1113 873 .
1199 856 1214 871 ι
1237 855 1296 882 499

302 898 317 912 ι
402 894 431 914 ιιι
473 887 577 914 Utrum
592 886 743 923 religiosus
757 895 872 922 semper
887 892 986 922 peccet
1002 892 1115 914 morta-

500 926 564 954 liter
585 926 825 977 transgrediendo
849 935 882 954 ea
898 932 973 964 quae
995 933 1063 954 sunt
1086 926 1116 954 in

500 967 599 1003 regula
619 987 1113 995 .................
1198 977 1213 992 t
1239 967 1296 994 500

301 1017 316 1033 ›
400 1015 418 1034 x
469 1008 573 1035 Utrum
595 1006 747 1044 religiosus
762 1008 867 1035 eodem
882 1016 989 1044 genere
1003 1006 1115 1043 peccati

501 1047 616 1084 gravius
637 1054 736 1083 peccet
757 1057 846 1084 quam
867 1047 1023 1076 saecularis
1045 1068 1052 1075 .
1075 1068 1082 1074 .
1106 1067 1113 1074 .
1198 1057 1213 1072 »
1239 1047 1296 1082 504

325 1119 520 1154 QUAESTIO
542 1119 1189 1148 CENTESIMAOCTOGESIMASEPTIMA

419 1184 466 1212 De
486 1182 545 1212 his
566 1190 655 1219 quae
676 1185 878 1220 competunt
903 1183 1091 1219 religiosis.

217 1255 382 1275 ARTICULUS
397 1255 407 1274 1
468 1247 572 1276 Utrum
601 1247 742 1286 religiosis
766 1248 851 1277 liceat
879 1249 1001 1284 docere,
1029 1258 1114 1286 prae-

499 1287 605 1323 dicare,
628 1295 656 1316 et
677 1288 733 1317 alia
753 1288 923 1317 huiusmodi
947 1289 1050 1318 facere.
1074 1310 1080 1316 .
1104 1310 1111 1316 .
1195 1300 1210 1315 ι
1237 1290 1292 1317 506

300 1338 314 1353 »
398 1336 419 1355 ιι
471 1328 574 1356 Utrum
602 1328 744 1366 religiosis
772 1329 858 1358 liceat
884 1329 1043 1358 saecularia
1064 1338 1113 1357 ne·

498 1367 578 1406 gotia
598 1375 721 1398 tractare
737 1390 1109 1398 .............
1196 1380 1211 1396 »
1237 1371 1293 1397 508

297 1419 312 1434 »
395 1416 427 1436 111
467 1409 572 1437 Utrum
600 1409 727 1447 religiosi
755 1409 890 1438 manibus
925 1409 1040 1447 operari
1070 1415 1113 1438 te-

499 1456 623 1478 neantur
645 1470 1110 1478 ................
1196 1461 1210 1476 »
1237 1451 1293 1487 509

297 1499 312 1515 ι»
396 1497 426 1516 ιν
466 1489 571 1518 Utrum
595 1490 737 1527 religiosis
757 1490 843 1519 liceat
863 1491 900 1518 de
921 1489 1113 1526 eleemosynis

497 1529 593 1558 vivere
615 1551 1109 1559 .................
1194 1541 1208 1556 »
1235 1531 1290 1558 513

297 1580 312 1595 »
396 1578 416 1596 v
470 1570 574 1598 Utrum
596 1570 736 1607 religiosis
754 1570 839 1599 liceat
855 1570 1021 1599 mendicare
1043 1591 1050 1598 .
1074 1592 1080 1598 .
1104 1592 1110 1598 .
1195 1581 1210 1597 υ
1236 1572 1291 1599 516

297 1621 312 1635 ι
396 1618 425 1638 v1
467 1611 572 1648 Utrum
593 1610 678 1639 liceat
698 1610 839 1648 religiosis
853 1610 1003 1639 vilioribus
1024 1610 1110 1639 vesti-

498 1651 552 1678 bus
573 1649 614 1678 uti
636 1661 725 1688 quam
746 1650 847 1679 ceteris
861 1671 1108 1678 .........
1194 1661 1209 1676 ι
1235 1653 1291 1688 519

325 1722 520 1758 QUAESTIO
543 1723 1180 1752 CENTESIMAOCTOGESIMAOCTAVA

500 1782 549 1813 De
571 1783 764 1815 differentia
786 1784 1000 1821 religionum.
1024 1787 1031 1796 ·

212 1859 402 1880 Λιιτιευιυει
464 1851 568 1879 Utrum
590 1851 626 1879 sit
647 1861 705 1879 una
727 1856 840 1879 tantum
855 1850 962 1888 religio
979 1871 1107 1879 .....
1193 1862 1206 1877 »
1233 1853 1284 1879 521

295 1902 309 1917 ι
393 1899 413 1918 ιι
466 1892 570 1920 Utrum
591 1891 691 1930 aliqua
705 1890 805 1928 religio
827 1890 937 1919 institui
951 1891 1057 1920 debeat
1070 1892 1108 1920 ad

495 1941 586 1968 opera
606 1931 716 1960 activae
737 1931 812 1960 vitae
827 1952 1106 1960 ..........
1190 1942 1206 1958 »
1232 1933 1287 1960 522

294 1983 309 1998 ιι
393 1981 423 2000 ιιι
465 1972 569 2000 Utrum
600 1972 699 2010 aliqua
728 1971 829 2009 religio
857 1970 987 2000 ordinari
1016 1971 1110 2008 possit

494 2013 531 2040 ad
550 2011 732 2041 militandum
735 2033 1106 2042 .............
1191 2023 1207 2039 ι
1233 2013 1289 2048 524

1245 245 1413 282 INDEX

1352 332 1519 354 ARTICULUS
1535 335 1563 354 ιν
1605 328 1710 356 Utrum
1731 329 1831 366 aliqua
1851 330 1954 367 religio
1969 331 2062 368 possit
2082 331 2194 360 institui
2215 332 2254 360 ad

1437 456 1451 471 t

1437 537 1451 552 ὓ

1350 1046 1517 1068 ARTICULUS
1533 1048 1541 1067 l

1435 1131 1449 1146 ³}

1432 1333 1447 1348 t

1429 1901 1444 1916 ἱ

1635 369 1864 404 praedicandum
1896 371 1941 399 vel
1973 371 2170 400 confessiones
2201 381 2253 400 au-

1637 408 1777 437 diendum
1789 431 2251 441 ................
2267 421 2342 452 pag.
2377 413 2432 442 525

1536 455 1555 473 v
1606 448 1709 476 Utrum
1730 450 1767 478 sit
1787 450 1964 480 instituenda
1978 452 2078 490 aliqua
2092 452 2194 490 religio
2215 453 2253 481 ad

1637 490 1814 519 studendum
1819 513 2250 522 ...............

1538 535 1565 554 vx
1607 529 1711 557 Utrum
1737 530 1838 568 religio
1866 541 1942 568 quae
1967 539 2050 562 vacat
2079 533 2156 562 vitae
2181 542 2252 562 con-

1638 570 1831 606 templativae,
1845 571 1883 599 sit
1903 573 2002 609 potior
2022 583 2056 602 ea
2078 583 2153 611 quae
2168 581 2251 602 vacat

1636 611 1857 646 operationibus
1880 612 1955 640 vitae
1980 614 2090 642 activae
2093 635 2252 643 ......

1534 657 1575 676 vu
1605 650 1709 678 Utrum
1726 651 1833 680 habere
1851 651 1962 690 aliquid
1983 653 2013 682 in
2033 655 2186 683 communi
2207 654 2251 683 di-

1636 690 1749 719 minuat
1770 692 1977 728 perfectionem
1999 694 2188 740 religionis..
2211 716 2219 723 .

1535 738 1587 758 vm
1607 731 1710 759 Utrum
1726 732 1880 777 perfectior
1893 733 1930 762 sit
1944 734 2046 780 religio
2068 734 2099 762 in
2113 735 2250 764 societate

1635 770 1794 800 viventium
1816 782 1905 810 quam
1927 774 2076 811 agentium
2091 775 2252 806 solitariam

1635 811 1723 840 vitam
1727 834 2250 844 ..................

1488 892 1684 925 QUAESTIO
1706 893 2295 924 CENTESIMAOCTOGESIMANONA

1667 960 1717 990 De
1737 943 1903 999 ingressu
1923 962 2114 999 religionis.

1606 1041 1710 1068 Utrum
1732 1051 1794 1070 non
1810 1043 1937 1072 debeant
1950 1041 2124 1079 religionem
2137 1040 2263 1080 ingredi-

1633 1080 1689 1109 nisi
1711 1082 1762 1119 qui
1782 1083 1894 1112 suntin
1909 1082 2071 1119 praeceptis
2092 1082 2249 1112 exercitati.

1533 1129 1553 1148 11
1604 1123 1708 1151 Utrum
1730 1123 1857 1152 debeant
1876 1122 1967 1160 aliqui
1981 1129 2051 1152 voto
2066 1122 2190 1161 oblifflri
2210 1123 2250 1152 ad

1633 1162 1782 1200 religionis
1800 1163 1962 1201 ingressum
1965 1184 2250 1193 ..........

1533 1210 1564 1230 ιιι
1605 1204 1710 1232 Utrum
1739 1203 1787 1232 ille
1815 1204 1866 1242 qui
1891 1203 2036 1241 obligatus
2057 1210 2100 1232 est
2119 1210 2190 1233 voto
2210 1204 2250 1233 ad

1632 1243 1780 1281 religionis
1815 1245 1994 1283 ingressum,
2034 1250 2166 1273 teneatur
2203 1244 2249 1273 in-

1633 1291 1710 1312 trare
1716 1305 2243 1314 ..................

1533 1333 1561 1352 ιν
1602 1325 1706 1353 Utrum
1734 1325 1782 1354 ille
1819 1325 1870 1363 qui
1897 1331 1985 1354 vovet
2009 1324 2183 1362 religionem
2202 1324 2248 1354 in-

1630 1365 1722 1404 gredi,
1737 1372 1871 1395 teneatur
1891 1371 2034 1404 perpetuo
2054 1365 2085 1394 in
2106 1365 2247 1404 religione

1632 1414 1804 1442 permanere
1812 1427 2248 1437 ...............

1530 1454 1548 1472 v
1600 1447 1704 1476 Utrum
1738 1447 1820 1484 pueri
1848 1447 1908 1476 sint
1933 1446 2093 1484 recipiendi
2121 1446 2152 1476 in
2178 1446 2246 1478 reli·

1630 1495 1717 1524 grone
1720 1507 2246 1517 ..................

1530 1535 1560 1554 v1
1600 1527 1703 1556 Utrum
1735 1534 1855 1565 propter
1885 1527 2061 1566 obsequium
2093 1534 2248 1565 parentum

1629 1568 1756 1636 ldebeant
1769 1568 1860 1606 aliqui
1881 1569 1989 1598 retrahi
2003 1569 2040 1597 ab
2054 1568 2187 1607 ingressu
2199 1578 2247 1599 to-

1639 1617 1744 1646 lglonls
1747 1630 2244 1639 .................

1526 1655 1570 1676 vn
1598 1649 1703 1677 Utrum
1724 1649 1886 1686 presbyteri
1913 1649 2006 1678 curati
2027 1649 2141 1686 possint
2167 1649 2246 1683 lieite

1630 1688 1803 1726 religionem
1823 1689 1936 1728 ingredi
1958 1701 1977 1718 .’
1989 1710 2243 1719 .........

1528 1736 1580 1756 νιιι
1599 1728 1704 1756 Utrum
1719 1729 1805 1758 liceat
1824 1730 1862 1758 de
1881 1739 1943 1759 una
1959 1729 2103 1768 religione
2121 1730 2246 1760 mandre

1629 1769 1667 1797 ad
1687 1769 1784 1798 aliam.
1808 1790 1815 1798 .
1838 1783 1862 1798 .>
1869 1790 2244 1801 .............

1528 1817 1557 1836 ιιι
1599 1809 1703 1838 Utrum
1723 1809 1829 1847 aliquis
1842 1810 1948 1840 debeat
1961 1810 2035 1840 aiios
2055 1787 2194 1840 inducere
2207 1813 2247 1841 ad

1630 1849 1801 1888 religionem
1819 1850 1989 1880 intrandum
1992 1872 2244 1880 .........

1527 1898 1547 1918 x
1597 1890 1702 1919 Utrum
1723 1890 1760 1920 sit
1780 1891 1929 1921 laudabile
1949 1893 2032 1930 quod
2050 1891 2157 1930 aliquis
2179 1878 2246 1923 reti-

1628 1929 1748 1968 gionem
1765 1931 1944 1970 ingrediatur
1957 1934 2069 1971 absque
2083 1943 2121 1962 m
2124 1933 2245 1963 tltorum

1629 1971 1769 2008 consitio,
1799 1979 1830 2002 et
1863 1972 2001 2002 diuturna
2034 1973 2245 2004 deliberatione

1629 2013 1822 2050 praecedente
1837 2033 2242 2045 ..............

211 2097 500 2133 RE'SPONffloNEs
520 2105 690 2134 THOMAE
712 2105 763 2132 DE
783 2105 850 2133 vlo
873 2105 1056 2134 CAIETAM
1057 2125 2241 2138 .......................................

1175 3170 1452 3204 lMPRlMATUR

826 3250 876 3281 Fr.
901 3250 1050 3282 Albertus
1074 3251 1187 3292 Lepidi
1210 3251 1289 3283 Ord.
1314 3252 1424 3284 Praed.
1448 3251 1480 3284 S.
1505 3251 1604 3285 PJ'A.
1629 3254 1790 3295 Magister.

1174 3411 1451 3444 IMPRIMATUR

825 3489 1009 3521 Franciscus
1032 3490 1176 3523 Cassam
1197 3491 1366 3524 Petriarch.
1390 3492 1540 3524 Antioch.
1566 3492 1780 3532 Vicesgerens·

2336 504 2350 519 ι»
2376 494 2432 530 527

2334 624 2350 640 2
2376 614 2432 642 528
2469 597 2476 603 ³

2335 706 2349 721 »
2375 695 2433 723 530

2335 827 2350 842 »
2375 816 2432 851 534

2331 1094 2347 1110 ι
2373 1084 2430 1113 536

2332 1175 2347 1191 ι
2373 1165 2430 1202 539

2328 1296 2345 1312 t
2371 1287 2430 1322 540

2332 1418 2347 1434 »
2371 1407 2427 1444 543

2331 1499 2346 1515 ι
2371 1489 2427 1526 545

2330 1621 2345 1637 »
2370 1604 2427 1674 543

2329 1703 2344 1719 ι
2371 1693 2428 1729 548
2441 1741 2443 1744 Υ

2329 1783 2344 1800 »
2369 1775 2427 1812 549

2328 1865 2344 1880 2
2369 1855 2422 1884 551

2329 2018 2443 2073 »ιιι

2327 2121 2342 2137 ι
2367 2109 2423 2140 55⁵
