2768 4198
11 391 20 412 1
35 390 68 412 ad
83 389 138 411 Cor.
150 395 200 416 cap.

4 424 38 443 ni,
54 423 82 438 ve
108 433 112 437 .
131 422 147 437 1.

12 444 79 466 Vers.
94 450 114 471 5.

0 553 6 563 ·
13 549 79 571 Vers.
96 555 127 570 ιο.

3 2967 12 2976 ·
24 2954 105 2987 1,οῐηὶ’>.
115 2954 144 2986 ex
153 2965 214 2991 Aug.

233 250 306 286 528

228 330 341 366 Prov.
363 341 422 365 xm
449 327 484 374 ²⁸,
519 328 624 364 Inter
650 326 830 374 superbos
857 333 1006 370 semper
1032 325 1120 357 sunt
1147 318 1299 368 iurgia,-

230 383 298 419 sed
325 394 413 419 cum
435 381 586 418 caritate
607 380 781 427 aedificat
798 377 830 422 ²⁸,
853 384 889 412 et
921 373 1168 411 concordiam
1190 370 1298 420 parit.

229 435 341 473 Unde
371 436 384 471 I
406 435 457 471 ad
480 435 567 471 Cor.
590 445 598 469 1
618 433 648 479 ²¹⁸,
678 430 899 479 Apostolus,
931 439 1018 464 cum
1046 425 1210 472 dixisset,
1231 425 1298 461 Di·
1328 459 1330 464 Α

230 489 319 525 vites
335 488 439 537 facti
465 488 549 524 estis
578 487 614 522 in
639 484 745 522 omni
763 483 878 520 verbo
899 481 990 518 etin
1011 479 1118 516 omni
1133 478 1300 523 scientia,

230 542 479 591 postmodum
500 540 520 561 '¹‘
548 538 694 575 subdit:
725 536 893 584 Idipsum
931 533 1062 571 dicatis
1090 544 1238 577 omnes,
1269 536 1306 568 et
1329 541 1331 561 1

230 608 304 632 non
329 596 403 632 sint
420 595 457 630 in
477 593 581 630 vobis
599 591 813 628 schismata.
838 609 863 616 -
888 588 1152 634 Hieronymus
1172 593 1303 622 tamen
1330 604 1331 638 ᾖ

837 241 1105 290 QUAESTIO
1137 238 1420 284 CLXXXVIII,
1450 237 1751 274 ARTICULUS
1779 236 1831 274 VI

1356 316 1514 354 tendere
1545 316 1670 354 studio
1700 316 1907 353 litterarum
1936 314 2209 364 pertinentium
2230 314 2278 352 ad
2299 314 2435 351 doctri-

1357 382 1448 407 nam
1469 381 1567 418 quae
1580 370 1787 407 secundum
1802 370 1982 418 pietatem
1999 374 2063 415 est,
2079 377 2121 405 ut
2137 368 2271 405 dicitur
2290 368 2359 404 Tit.
2377 366 2433 404 1²¹⁸.
2466 369 2629 425 ,xm-0:951
2643 369 2682 423 ξιξ

1357 423 1451 460 Aliis
1480 431 1610 460 autem
1641 423 1820 460 doctrinis
1849 423 2045 460 intendere
2083 435 2162 459 non
2190 421 2354 471 pertinet
2387 420 2437 458 ad
2465 429 2561 452 “m-³·

1358 476 1565 524 religiosos,
1587 488 1754 525 quorum
1769 484 1850 514 tota
1864 476 1943 514 vita
1960 475 2100 514 divinis
2116 474 2313 524 obsequiis
2328 487 2436 511 man-

1359 530 1517 578 cipatur,
1547 530 1618 567 nisi
1638 530 1865 579 inquantum
1885 530 2109 567 ordinantur
2129 529 2178 566 ad
2198 540 2347 565 sacram
2369 527 2437 564 do-

1359 582 1533 620 ctrinam.
1555 583 1668 620 Unde
1683 583 1920 632 Augustinus
1940 583 2040 630 dicit,
2057 583 2094 620 in
2114 583 2192 620 fine
2214 582 2392 619 Musicae
2404 580 2437 618 *z
2467 582 2549 631 {VH-¹³-
2570 582 2611 610 Ἧι
2631 588 2682 610 0¹⁹·

230 661 308 685 non
343 647 507 696 loquitur
543 644 594 681 ibi
631 643 678 681 de
718 642 848 680 studiis
886 641 1116 678 litterarum:
1151 638 1219 675 sed
1255 637 1302 675 de
1330 644 1332 686 ζ
1358 637 1464 682 Nos,
1503 637 1593 673 dum
1631 636 1880 686 negligendos
1906 642 1924 664 '¹
1963 648 2042 673 esse
2079 648 2155 674 non
2193 636 2440 673 aestimamus
2565 647 2581 671 η

230 701 361 739 studiis
391 698 683 743 dissensionum,
705 708 804 745 quae
824 707 893 744 per
911 693 1124 731 haereticos
1154 700 1189 729 et
1208 691 1303 728 schi-
1330 689 1332 736 ξ

229 754 408 792 smaticos
437 753 671 789 intraverunt
699 749 736 786 in
767 748 947 796 religione
977 746 1192 784 Christiana
1211 744 1235 782 ².

1359 702 1452 739 quos
1471 690 1651 727 haeretici
1669 691 1861 727 rationum
1882 695 1918 726 et
1934 690 2111 728 scientiae
2132 689 2273 738 fallaci
2293 687 2440 739 pollici-

1359 745 1499 781 tatione
1517 743 1716 792 decipiunt,
1737 743 1882 780 tardius
1910 742 2118 780 incedimus
2140 742 2442 781 consideratione

282 809 340 844 An
367 817 529 844 TER-rium
549 815 736 842 montinum
763 802 870 851 quod
898 799 1120 850 philosophi
1147 798 1305 848 profite-
1331 787 1333 843 ἱ
1360 798 1529 846 ipsarum
1550 797 1714 834 viarum,
1739 797 1852 839 Quod
1877 802 2002 834 tamen
2018 797 2160 845 facere
2187 808 2263 834 non
2282 797 2440 834 audere-

230 862 367 898 bantur
395 859 520 896 studia
548 858 757 895 litterarum
793 863 979 905 quantum
1012 854 1062 891 ad
1091 853 1305 890 saeculares

1360 863 1456 897 mus,
1466 850 1538 888 nisi
1551 850 1688 887 multos
1696 850 1783 899 pios
1791 850 1987 888 Ecclesiae
1991 849 2111 898 filios,
2121 849 2254 887 eadem
2269 850 2443 897 refellen-

229 914 431 951 doctrinas.
464 912 540 949 Sed
566 910 750 959 religiosis
771 909 953 958 competit
972 906 1231 958 principaliter
1250 905 1306 942 in·
1331 921 1334 954 i
1359 905 1497 941 dorum
1512 905 1791 942 haereticorum
1809 904 2039 950 necessitate,
2045 903 2194 952 secisse
2213 902 2440 941 videremus.

281 1050 306 1083 ζ)
327 1049 457 1083 religione
478 1048 643 1074 Christiana.
655 1061 674 1067 -
692 1047 850 1080 religionem
873 1045 1057 1071 Christianam
1077 1043 1151 1070 PHa.

281 1086 308 1118 η)
328 1085 513 1119 negligendos.
531 1098 551 1104 -
575 1083 742 1117 negligentes
767 1081 946 1114 PBEHKLpC
971 1086 997 1106 et
1021 1087 1046 1110 a,
1073 1079 1242 1113 negligenter
1266 1077 1308 1119 ᾼΙ,

230 1122 369 1155 negligent
386 1121 415 1151 F,
435 1120 626 1155 negligendum
646 1119 720 1150 DsC3
738 1126 788 1152 pro
806 1117 955 1147 rationum,
979 1116 1151 1142 vocationum
1170 1115 1202 1143 Α,
1221 1117 1311 1139 notio-

1363 1048 1427 1066 num
1447 1040 1524 1066 ceteri
1537 1045 1564 1066 et
1576 1041 1631 1070 Pa,·
1649 1049 1697 1073 pro
1717 1040 1874 1071 incedimus,
1884 1040 2054 1066 incendimus
2068 1039 2172 1072 BFlpc.
2185 1040 2350 1066 intendimus
2363 1040 2444 1072 ADK,

1363 1077 1528 1102 intendimus
1552 1076 1821 1109 (considerationem)
1845 1077 1893 1106 La,
1919 1076 2066 1108 incepimus
2091 1076 2131 1108 H;
2151 1084 2200 1110 pro
2225 1075 2444 1110 refellendorum,

1363 1112 1575 1146 refellandorum
1601 1113 1741 1146 BEKLpC.
1766 1112 1989 1145 repetundorum
2014 1113 2046 1143 Α,
2065 1111 2295 1146 refrenandos-nm
2314 1111 2351 1137 sC
2375 1117 2401 1137 et
2418 1119 2448 1138 a.

910 1202 1251 1237 commentar-ia
1273 1199 1531 1232 Cardinalis
1554 1199 1760 1233 Caietam

260 1310 280 1330 N
305 1299 437 1330 articulo
462 1298 577 1339 quinto
602 1296 746 1327 eiusdem
770 1295 968 1337 quaestionis
988 1294 1307 1334 centesimaeoctoge-

233 1313 503 1379 Isimaeoctavae‚
527 1342 561 1372 in
584 1341 793 1382 responsione
813 1340 852 1371 ad
870 1339 1011 1377 tertium,
1037 1346 1114 1370 nota
1137 1338 1309 1379 diligentis-

230 1389 309 1420 sime
334 1387 577 1420 conclusionem
603 1393 634 1417 et
657 1385 815 1417 rationem
841 1385 944 1416 illius:
976 1384 1095 1415 scilicet
1123 1384 1213 1425 quod
1240 1383 1310 1414 reli-

230 1434 328 1474 giosis
361 1443 428 1464 non
456 1431 607 1465 convenit
630 1430 776 1463 studium
803 1429 1027 1471 philosophiae
1058 1436 1089 1460 et
1111 1428 1310 1465 huiusmodi,

231 1478 307 1519 quia
325 1484 392 1509 tota
410 1487 523 1508 eorum
538 1476 603 1507 vita
626 1475 806 1517 mancipata
821 1482 868 1506 est
887 1474 1002 1506 divinis
1019 1473 1192 1516 obsequiis.
1217 1474 1311 1506 Unde

231 1524 313 1554 sicut
335 1522 463 1564 negotia
487 1520 659 1552 saecularia
687 1527 762 1551 sunt
792 1519 939 1550 absolute
973 1518 1132 1560 prohibita
1156 1518 1311 1559 religiosis

232 1567 398 1604 omnibus,
423 1567 466 1598 ita
490 1565 595 1597 studia
618 1565 822 1596 scientiarum
846 1564 1073 1600 saecularium,
1099 1564 1216 1595 scilicet
1241 1563 1311 1604 phi·

232 1612 409 1653 losophiae,
427 1610 668 1642 mathematicae
685 1617 715 1640 et
735 1609 851 1640 artium
867 1608 1058 1640 liberalium.
1082 1609 1204 1639 Verum
1221 1608 1312 1645 sicut,

1363 1293 1490 1334 pietatis
1513 1294 1628 1334 gratia,
1654 1294 1693 1325 de
1717 1294 1921 1336 superiorum
1943 1294 2090 1331 licentia,
2120 1294 2284 1326 moderate
2307 1300 2446 1334 possunt
2565 1325 2567 1329 ,

1363 1338 1503 1379 religiosi
1520 1339 1692 1370 saecularia
1707 1346 1839 1370 tractare
1854 1339 1992 1379 negotia,
2006 1346 2043 1370 ut
2058 1338 2181 1370 dictum
2194 1345 2241 1370 est
2257 1337 2444 1380 superius·;
2471 1341 2547 1391 :thg-
2568 1345 2687 1366 mxxv-1.

1364 1384 1418 1419 ita,
1443 1383 1569 1414 divinae
1592 1383 1741 1415 scientiae
1764 1383 1872 1424 gratia,
1898 1383 2022 1414 licitum
2039 1390 2086 1415 est
2109 1383 2275 1424 religiosis,
2300 1393 2375 1414 cum
2393 1393 2446 1414 su-
2509 1385 2515 1390 “
2545 1384 2551 1390 “

1364 1428 1530 1469 periorum
1553 1438 1689 1459 suorum
1713 1428 1923 1469 beneplacito,
1943 1438 2054 1460 vacare
2069 1428 2204 1469 logicae,
2219 1427 2451 1469 philosophiae

1364 1473 1510 1510 naturali,
1529 1480 1559 1504 et
1574 1473 1778 1510 huiusmodi;
1804 1482 1839 1505 ut
1856 1473 1974 1505 scilicet
1992 1473 2117 1514 possint
2131 1482 2252 1504 errores
2269 1473 2446 1510 confutare,

1365 1525 1396 1550 et
1419 1518 1592 1549 divinitatis
1616 1517 1766 1559 mysteria
1789 1517 1974 1558 intelligere.
2011 1519 2052 1550 Et
2077 1518 2156 1550 haec
2178 1518 2260 1550 bene
2282 1518 2448 1549 advertant

1354 1563 1504 1604 ·re1igiosi
1529 1563 1585 1604 qui
1610 1570 1716 1594 totum
1741 1563 1822 1594 vitae
1846 1573 1922 1594 suae
1946 1570 2075 1604 tempus
2098 1563 2131 1594 in
2151 1562 2290 1595 scientiis
2306 1562 2448 1601 saecula-

1368 1608 1455 1639 ribus
1480 1614 1688 1638 consumunt.

1373 1704 1445 1711 w

1057 1761 1380 1803 ARTICULUS
1411 1760 1624 1803 SEXTUS

698 1857 857 1889 UTRUM
881 1857 1058 1888 RELIGIO
1083 1857 1204 1894 QUAE
1227 1855 1379 1888 VACAT
1403 1857 1536 1887 VITAE
1561 1855 1979 1893 CONTEMPLATIVAE,

633 1902 700 1933 SIT
724 1901 889 1934 POTIOR
913 1902 971 1933 EA
995 1901 1115 1939 QUAE
1140 1901 1291 1933 VACAT
1315 1901 1667 1933 OPERATIONIBUS
1691 1901 1825 1933 VITAE
1847 1900 2042 1933 ACTIVAE

1117 1981 1193 2006 Cont.
1213 1980 1334 2014 impugn.
1355 1979 1455 2015 Relig„
1475 1988 1532 2013 cap.
1552 1988 1570 2006 ι.

268 2087 330 2122 ‘1:2·
351 2092 422 2138 κη(
448 2084 472 2109 n
497 2083 641 2110 surum
665 2082 719 2108 stc
746 2081 991 2108 enocemwa.
1020 2070 1183 2108 Videtur
1206 2069 1314 2119 quod

365 2116 417 2172 ’ἧῆ
449 2125 581 2174 religio
601 2137 700 2174 quae
718 2132 833 2162 vacat
850 2124 954 2162 vitae
975 2124 1312 2174 contemplativae,

302 2196 373 2225 pr,
384 2164 529 2224 “finon
557 2178 604 2216 sit
631 2178 760 2228 potior
787 2191 834 2216 ea
861 2190 962 2227 quae
980 2186 1094 2216 vacat
1123 2178 1313 2228 operatio-

292 2227 389 2260 ffl'q'*
404 2224 435 2266 X<
450 2233 563 2271 nibus
577 2232 680 2270 vitae
700 2231 861 2270 activae.
885 2232 1034 2269 Dicitur
1055 2232 1159 2270 enim
1183 2232 1312 2278 Extra,

236 2288 282 2324 de
309 2286 568 2336 Regularibus
596 2291 633 2323 et
658 2291 864 2323 transeunt.
894 2286 947 2323 ad
963 2286 1105 2336 Relig„
1135 2298 1219 2334 cap.
1249 2285 1313 2322 Li-

237 2346 315 2377 cet:
356 2340 460 2377 Sicut
495 2340 620 2376 maius
663 2340 805 2376 bonum
839 2339 984 2376 minori
1014 2340 1113 2376 bono
1149 2349 1315 2387 praepo-

239 2394 352 2439 nitur,
382 2393 433 2431 ita
462 2393 674 2430 communis
694 2392 831 2429 utilitas
853 2392 1009 2441 speciali
1031 2392 1180 2430 utilitati
1200 2403 1315 2440 prae-

225 2450 381 2497 fertur:
410 2453 447 2484 et
473 2447 510 2484 in
540 2447 612 2484 hoc
638 2457 729 2484 casu
758 2451 858 2483 recte
869 2446 1124 2495 praeponitur
1142 2446 1315 2483 doctrina

237 2500 395 2547 silentio,
422 2500 632 2537 sollicitudo
656 2500 976 2548 contemplationi,
995 2505 1030 2537 et
1058 2499 1166 2537 labor
1189 2499 1315 2548 quieti.

240 2555 316 2592 Sed
347 2553 477 2602 religio
509 2561 565 2591 est
593 2553 730 2591 melior
752 2566 852 2602 quae
872 2553 921 2591 ad
942 2553 1068 2592 maius
1086 2554 1235 2591 bonum
1256 2565 1316 2590 or-

241 2609 403 2648 dinatur.
447 2608 550 2655 Ergo
579 2607 731 2646 videtur
759 2607 866 2656 quod
895 2607 1096 2656 religiones
1126 2619 1226 2656 quae
1255 2619 1315 2644 or-

240 2663 419 2701 dinantur
438 2662 487 2699 ad
506 2661 627 2698 vitam
646 2661 827 2707 activam,
844 2661 917 2700 sint
936 2661 1106 2710 potiores
1125 2661 1196 2698 illis
1216 2673 1316 2710 quae

241 2715 466 2755 ordinantur
494 2716 542 2754 ad
570 2715 691 2752 vitam
721 2715 1077 2764 contemplativam.

296 2780 332 2807 2.
358 2770 602 2815 PRAETEREA,
634 2768 761 2806 omnis
782 2768 912 2817 religio
942 2768 1141 2807 ordinatur
1159 2769 1208 2807 ad
1231 2780 1317 2819 per-

79 2837 154 2879 v1‚2;
189 2837 213 2870 2¹:
242 2823 445 2861 sectionem
476 2822 648 2869 caritatis,
677 2830 718 2860 ut
748 2835 864 2871 supra
882 2822 902 2844 *
929 2822 1102 2860 habitum
1133 2829 1199 2860 est.
1239 2822 1317 2860 Sed

147 2874 213 2910 xvn‘ss
243 2889 358 2926 super
386 2876 477 2914 illud
504 2876 606 2914 Heb.
633 2888 682 2913 xn
706 2875 746 2923 ²¹⁸,
785 2876 971 2914 Nondum
1008 2887 1125 2925 usque
1152 2876 1204 2914 ad
1229 2887 1316 2914 san-

242 2931 397 2981 guinem
419 2930 612 2975 restitistis,
632 2929 722 2968 dicit
741 2930 879 2968 Glossa
893 2929 933 2967 *z
958 2930 1169 2978 Perfectior
1187 2930 1226 2967 in
1245 2931 1318 2968 hac

243 2985 319 3022 vita
347 2983 494 3021 dilectio
523 2983 627 3021 nulla
647 2991 702 3021 est
718 2995 763 3021 ea
782 2983 835 3021 ad
851 2995 968 3032 quam
986 2984 1109 3021 sancti
1125 2989 1318 3033 martyres

238 3043 507 3087 pervenerunt,
536 3037 603 3086 qui
628 3043 761 3075 contra
784 3042 984 3086 peccatum
1015 3049 1132 3086 usque
1158 3038 1211 3074 ad
1231 3049 1318 3075 san-

243 3092 399 3142 guinem
419 3097 670 3128 certaverunt.
693 3091 850 3129 Certare
871 3098 1000 3128 autem
1020 3103 1143 3139 usque
1163 3090 1211 3128 ad
1232 3103 1318 3129 san-

245 3145 401 3193 guinem
436 3144 619 3194 competit
651 3144 896 3193 religionibus
934 3156 1033 3193 quae
1066 3146 1115 3183 ad
1144 3144 1318 3183 militiam

247 3198 482 3246 ordinantur,
512 3211 611 3248 quae
640 3206 769 3236 tamen
799 3198 990 3248 pertinent
1018 3198 1067 3236 ad
1088 3198 1210 3236 vitam
1230 3198 1319 3237 acti-

246 3264 346 3289 vam.
393 3253 494 3300 Ergo
527 3252 680 3290 videtur
714 3252 821 3301 quod
855 3252 1077 3290 huiusmodi
1116 3252 1320 3300 religiones

249 3305 320 3342 sint
349 3305 582 3354 potissimae.

305 3359 339 3395 3.
360 3359 596 3406 PRAETEREA,
625 3367 729 3398 tanto
758 3359 910 3397 videtur
929 3372 1012 3397 esse
1041 3359 1168 3408 aliqua
1188 3359 1319 3408 religio

249 3411 461 3461 perfectior,
490 3420 634 3460 quanto
656 3420 712 3451 est
734 3413 884 3450 arctior.
915 3414 994 3451 Sed
1023 3412 1114 3451 nihil
1142 3413 1321 3462 prohibet

250 3465 393 3514 aliquas
413 3465 612 3513 religiones
632 3467 680 3503 ad
699 3466 817 3503 vitam
838 3466 1003 3504 activam
1024 3466 1216 3504 ordinatas
1237 3479 1320 3504 esse

305 3595 333 3629 α)
351 3595 498 3621 secundum
518 3599 670 3628 utrumque.
682 3609 701 3617 -
719 3599 833 3630 utraque
851 3597 881 3622 P.

1366 2069 1537 2107 arctioris
1558 2069 1829 2107 observantiae
1857 2082 1975 2119 quam
1994 2069 2080 2108 illae
2099 2082 2202 2120 quae
2221 2070 2451 2110 ordinantur

1339 2155 1341 2172 ζ
1368 2125 1414 2162 ad
1448 2123 1570 2161 vitam
1604 2123 1961 2173 contemplativam.
1996 2124 2101 2173 Ergo
2139 2131 2230 2163 sunt
2263 2124 2447 2175 potiores.

1423 2178 1498 2215 sm>
1514 2189 1663 2215 con-rm
1678 2189 1745 2215 EST
1759 2177 1867 2226 quod
1895 2177 2104 2226 Dominus,
2135 2178 2230 2216 Luc.
2250 2190 2275 2216 x
2293 2177 2326 2227 ⁸⁸,
2356 2178 2448 2217 dicit
2474 2180 2486 2192 ⁸
2500 2179 2567 2203 V*-
2580 2185 2619 2208 ⁴³·

1367 2232 1549 2281 optimam
1572 2237 1725 2280 partem
1747 2243 1830 2269 esse
1850 2230 2010 2278 Mariae,
2030 2243 2101 2282 per
2118 2243 2237 2281 quam
2256 2231 2337 2270 vita
2356 2245 2448 2272 con-
2470 2240 2471 2244 ’

1367 2284 1590 2334 templativa
1619 2284 1855 2333 significatur
1872 2284 1904 2322 ²¹¹.
2475 2284 2691 2342 Jiff-Gvffiqrss

1424 2339 1652 2375 Responnsso
1672 2350 1860 2376 mesanum
1879 2339 1999 2388 quod,
2019 2338 2116 2376 sicut
2133 2351 2250 2388 supra
2263 2339 2283 2362 *
2302 2340 2447 2378 dictum
2474 2338 2692 2395 {afflffllffig

1370 2399 1441 2437 est,
1473 2391 1686 2429 differentia
1720 2392 1833 2429 unius
1867 2392 2057 2441 religionis
2086 2392 2136 2430 ad
2163 2392 2280 2430 aliam
2308 2393 2447 2444 princi·
2475 2392 2636 2443 ηιξ-’.ιη

1369 2445 1504 2495 paliter
1531 2445 1690 2494 quidem
1723 2445 1929 2484 attenditur
1957 2458 2004 2484 ex
2031 2453 2139 2496 parte
2167 2446 2276 2495 finis,
2313 2459 2449 2486 secun-

1370 2499 1478 2537 dario
1508 2506 1637 2537 autem
1669 2511 1713 2536 ex
1742 2508 1849 2549 parte
1880 2499 2060 2538 exercitii.
2090 2500 2140 2538 Et
2167 2500 2257 2550 quia
2281 2513 2360 2539 non
2379 2513 2449 2551 po-

1369 2560 1442 2590 test
1470 2553 1614 2602 aliquid
1644 2553 1717 2590 dici
1747 2554 1866 2591 altero
1900 2554 2027 2602 potius
2065 2553 2136 2591 nisi
2164 2554 2382 2593 secundum
2410 2554 2449 2593 id

1370 2606 1408 2644 in
1439 2619 1518 2655 quo
1548 2607 1597 2644 ab
1628 2619 1675 2644 eo
1705 2607 1850 2654 differt,
1881 2607 1968 2645 ideo
1999 2608 2221 2646 excellentia
2248 2609 2364 2647 unius
2391 2621 2449 2646 re-

1370 2660 1517 2709 ligionis
1555 2673 1672 2710 super
1707 2660 1822 2698 aliam
1855 2661 2113 2711 principaliter
2139 2661 2298 2711 quidem
2328 2669 2452 2700 atten-

1371 2714 1472 2752 ditur
1500 2715 1716 2752 secundum
1746 2714 1939 2764 religionis
1966 2715 2101 2763 finem,
2128 2716 2358 2754 secundario
2382 2728 2450 2754 au·

1370 2776 1449 2806 tem
1482 2768 1697 2806 secundum
1737 2768 1971 2807 exercitium.
2011 2769 2285 2808 Diversimode
2317 2778 2448 2808 tamen

1372 2823 1587 2860 secundum
1602 2827 1837 2872 utrumque*
1852 2823 2092 2872 comparatio
2112 2823 2339 2862 attenditur:
2351 2835 2449 2862 -natn
2575 2829 2593 2848 ⁸

1373 2876 1612 2925 comparatio
1641 2888 1741 2925 quae
1771 2884 1828 2914 est
1855 2877 2072 2915 secundum
2100 2877 2223 2915 finem
2252 2884 2311 2915 est
2335 2876 2449 2915 abso·

1372 2931 1468 2977 luta,
1498 2942 1546 2967 eo
1576 2929 1683 2980 quod
1710 2930 1798 2967 finis
1827 2937 1985 2980 propter
2013 2943 2054 2968 se
2083 2931 2303 2981 quaer-itum
2343 2942 2450 2968 cotn-

1372 2984 1519 3033 paratio
1560 2991 1690 3021 autem
1729 2996 1828 3034 quae
1865 2991 1922 3022 est
1958 2984 2176 3022 secundum
2204 2983 2449 3032 exercitium,

1374 3045 1429 3075 est
1467 3037 1700 3087 respectiva,
1745 3037 1837 3087 quia
1874 3037 2100 3076 exercitium
2135 3049 2215 3075 non
2254 3037 2452 3086 quaeritur

1372 3099 1531 3140 propter
1559 3104 1620 3138 se,
1650 3091 1718 3129 sed
1746 3099 1906 3141 propter
1933 3091 2066 3130 finem.
2105 3091 2157 3128 Et
2182 3090 2271 3128 ideo
2301 3091 2363 3129 illa
2392 3104 2450 3130 re-

1372 3145 1461 3193 ligio
1490 3145 1597 3182 alteri
1634 3145 1846 3194 praefertur
1881 3157 1983 3194 quae
2016 3143 2215 3182 ordinatur
2251 3145 2301 3183 ad
2328 3145 2454 3183 finem

1374 3199 1547 3236 absolute
1575 3198 1791 3248 potiorem:
1829 3199 1894 3236 vel
1920 3197 2010 3248 quia
2040 3205 2097 3235 est
2123 3198 2250 3236 maius
2278 3199 2449 3245 bonum;

1377 3253 1436 3289 vel
1465 3252 1555 3302 quia
1589 3252 1639 3290 ad
1666 3252 1777 3302 plura
1805 3253 1908 3290 bona
1941 3251 2152 3289 ordinatur.
2197 3252 2238 3290 Si
2270 3265 2369 3291 vero
2404 3252 2452 3290 sit

1375 3305 1462 3344 finis
1497 3305 1624 3354 idem,
1659 3305 1887 3344 secundario
1916 3305 2120 3343 attenditur
2148 3306 2454 3355 praeeminentia

1376 3359 1588 3408 religionis,
1626 3371 1707 3397 non
1733 3357 1949 3396 secundum
1984 3359 2235 3407 quantitatem
2265 3359 2452 3407 exercitii,

1376 3413 1445 3450 sed
1480 3412 1696 3450 secundum
1730 3411 2024 3461 proportionem
2055 3412 2136 3450 eius
2168 3413 2218 3451 ad
2245 3413 2367 3451 finem
2395 3413 2454 3451 in-

1377 3474 1536 3504 tentum.
1576 3465 1689 3503 Unde
1726 3472 1763 3502 et
1797 3464 1834 3502 in
1868 3465 2139 3504 Collationibus
2170 3467 2328 3504 Patrum
2347 3466 2368 3489 '⁸'
2396 3467 2451 3504 in·
2478 3455 2693 3506 i=.⁶⁰¹‘⁸‘'¹¹'⁰⁸⁸''
