2768 4198
58 446 67 454 '⁵
91 444 137 471 Qu.
163 449 269 470 cmxiV,

56 475 97 493 art.
112 477 132 497 7.

58 927 67 935 ⁸
81 927 136 953 Arg.
152 931 166 946 ι.

57 1300 66 1309 ·
77 1299 132 1320 Can.
141 1298 177 1320 De
183 1297 269 1319 Mona-

55 1326 111 1347 clais.
155 1352 170 1386 β

57 1516 66 1525 ·
80 1515 131 1536 Art.
148 1521 162 1541 ι,
178 1514 206 1535 ad
220 1519 240 1535 2.

57 2635 67 2645 ⁸
81 2634 117 2657 Cf.
132 2641 181 2663 cap.
194 2634 269 2657 Cleri-

57 2662 79 2683 ci
87 2667 101 2683 o
127 2662 172 2688 cia,
184 2661 213 2683 de
225 2661 267 2683 Vit.

58 2690 83 2720 e<
122 2690 196 2711 oneet.
215 2688 267 2710 Cle-

58 2721 102 2736 ric.

154 2755 171 2781 t

59 3234 69 3243 ⁴
84 3232 118 3255 Cf.
140 3239 203 3255 num.
222 3239 269 3262 aeq.

60 3498 70 3509 ⁸
84 3498 119 3520 Cf.
136 3504 199 3520 num.
214 3504 249 3520 ni.

298 258 378 304 484
914 254 1182 301 QUAESTIO
1214 254 1443 301 CLXXXV,
1473 255 1772 294 ARTicULUS
1801 257 1887 294 v111

300 344 389 373 vota
426 348 524 385 quae
558 335 596 372 in
631 336 783 372 saeculo
819 334 914 370 fecit.
957 334 1033 370 Sed
1072 333 1270 381 religiosus
1303 333 1368 380 qui
1395 342 1397 402 ἱ
1425 345 1524 382 quae
1553 334 1682 371 officio
1710 335 1918 383 pontificali
1948 343 2173 385 repugnent,
2204 336 2300 373 sicut
2328 344 2385 373 est
2412 336 2498 373 soli-

299 390 502 426 assumitur
536 389 583 425 ad
619 389 901 437 episcopatum,
937 387 1107 423 ascendit
1144 387 1191 423 ad
1226 386 1369 434 aliquid
1395 404 1397 448 4
1423 387 1529 433 tudo,
1551 386 1751 435 silentium,
1774 396 1810 425 et
1829 388 1978 438 aliquae
1998 389 2248 427 abstinentiae
2267 390 2330 427 vel
2348 389 2498 438 vigiliae

298 443 432 490 maius,
454 451 495 479 ut
515 442 662 491 supra*
689 441 861 478 habiturn
883 449 949 476 est.
971 441 1073 487 Ergo
1094 439 1244 476 videtur
1264 439 1369 488 quod
1396 450 1397 474 i
1424 451 1581 487 graves,
1622 453 1667 477 ex
1695 442 1835 489 quibus
1863 443 2055 492 impotens
2085 455 2248 492 corpore
2277 442 2501 480 redderetur

299 509 375 534 non
413 496 598 544 obligetur
636 495 837 543 episcopus
870 494 919 530 ad
954 506 999 530 ea
1035 505 1134 542 quae
1168 494 1370 535 tenebatur
1424 493 1474 529 ad
1503 493 1774 542 exequendum
1803 495 2023 544 pontificale
2053 497 2246 534 officium:
2286 497 2335 534 ad
2370 497 2499 534 huius-

299 551 504 587 observare
534 549 571 585 in
602 556 698 584 statu
728 547 947 595 religioniss
1425 546 1532 583 modi
1560 547 1806 585 observanda
1833 561 1914 586 non
1941 557 2102 587 tenetur.

354 605 387 640 3.
418 604 657 648 PRAETEREA,
689 601 854 638 maxime
876 599 1038 647 religiosi
1059 600 1217 648 obligari
1237 599 1370 636 viden·
1396 629 1397 645 ¹
1479 601 1521 636 In
1541 599 1622 636 aliis
1650 608 1781 637 tamen
1809 609 1936 650 potest
1965 603 2249 652 dispensatione
2269 603 2335 650 uti,
2365 616 2499 640 secun-

299 665 357 693 tur
376 657 423 693 ad
445 655 716 701 obedientiam,
738 663 774 691 et
794 654 844 691 ad
863 654 938 690 hoc
968 654 1072 702 quod
1102 653 1182 690 sine
1210 653 1368 702 proprio
1395 648 1397 678 {
1426 653 1519 690 dum
1546 653 1652 702 quod
1672 654 1830 702 requirit
1847 656 2053 694 necessitas
2076 669 2266 707 personae
2285 657 2348 694 vel
2369 657 2498 704 officii,

296 710 439 746 vivant.
475 709 551 745 Sed
581 708 743 755 religiosi
771 707 837 756 qui
866 714 1115 743 assumuntur
1144 708 1192 744 ad
1223 707 1370 756 episco-
1423 707 1487 743 vel
1507 707 1676 744 conditio
1697 707 1901 745 hominum
1923 721 2012 746 cum
2031 710 2172 759 quibus
2191 710 2297 758 vivit,
2326 723 2396 760 per
2415 723 2499 748 mo-

296 771 448 811 patum,
484 775 562 798 non
598 769 773 798 tenentur
809 761 965 798 obedire
1003 760 1182 807 praelatis
1211 772 1368 798 suarum
1396 772 1397 812 j
1424 762 1518 798 dum
1556 773 1635 809 quo
1674 761 1789 798 etiam
1826 762 1985 811 praelati
2021 763 2249 812 religionum
2286 764 2326 801 in
2362 764 2499 802 talibus

297 817 541 863 religionum:
572 815 662 863 quia
691 824 778 852 sunt
808 815 860 852 eis
890 814 1118 863 superiores.
1149 815 1234 851 Nec
1254 814 1368 851 etiam
1396 849 1397 852 ,
1425 826 1559 851 secum
1589 814 1825 863 dispensant.

295 870 472 906 videntur
507 869 626 906 teneri
660 869 708 906 ad
741 876 1028 918 paupertatem:
1069 868 1176 917 quia,
1207 867 1304 905 sicut
1331 867 1369 904 in
1396 862 1397 869 ¹
1477 869 1537 904 An
1557 879 1696 905 ramum
1721 880 1820 905 ERGO
1846 880 2033 906 meramnum
2061 871 2168 918 quod
2196 870 2257 907 ille
2285 870 2351 919 qui
2379 871 2422 908 fit
2450 871 2499 908 de

295 925 458 959 Decreto
489 935 604 971 supra
622 922 642 943 ²¹⁶
670 923 827 960 inducto
858 922 1004 970 dicitur,
1034 933 1144 970 quem
1173 934 1286 959 sacra
1308 933 1369 958 or·
1425 922 1618 974 monacho
1641 921 1857 971 episeopus,
1882 923 2094 960 absolvitur
2113 936 2135 960 a
2154 923 2244 972 iugo
2265 924 2500 963 monasticae

294 977 435 1014 dinatio
471 976 517 1013 de
544 977 730 1013 monacho
760 977 974 1026 episcopum
997 976 1120 1024 facit,
1149 976 1251 1013 velut
1277 976 1370 1026 legi·
1422 975 1683 1024 professionis,
1713 988 1792 1012 non
1821 984 2009 1025 quantum
2040 976 2089 1014 ad
2108 977 2253 1024 omnia,
2282 977 2351 1016 sed
2379 990 2499 1027 quan-

294 1031 406 1067 timus
433 1032 552 1076 heres,
576 1036 781 1079 paternam
810 1031 880 1067 sibi
906 1030 1149 1067 hereditatem
1179 1030 1261 1066 iure
1287 1029 1368 1067 vin·
1422 1036 1506 1066 tum
1535 1029 1585 1066 ad
1613 1029 1675 1066 illa
1703 1041 1804 1078 quae
1834 1030 1963 1067 officio
1984 1030 2196 1079 pontificali
2215 1039 2439 1080 repugnant,
2459 1039 2500 1074 ut
2528 1080 2539 1091 ⁸

294 1084 446 1121 dicandi
470 1090 692 1132 potestatem
721 1085 868 1122 habeat.
909 1083 1106 1121 Interdum
1136 1083 1250 1120 etiam
1279 1095 1370 1120 con·
1424 1082 1569 1119 dictum
1600 1090 1656 1119 est
1674 1082 1706 1119 *.

296 1138 442 1174 ceditur
483 1137 536 1174 eis
577 1145 805 1175 testamenta
848 1138 1052 1175 conficere.
1101 1138 1203 1186 Ergo
1247 1137 1367 1174 multo
1396 1137 1397 1147 ¹
1477 1138 1536 1173 Ao
1570 1147 1763 1174 SECUNDUM
1801 1148 1988 1174 monimum
2025 1137 2134 1185 quod
2169 1144 2261 1174 vota
2296 1138 2500 1175 saecularis

295 1191 421 1228 minus
458 1198 635 1229 tenentur
663 1191 713 1228 ad
743 1192 833 1229 alias
862 1190 1127 1229 observantias
1166 1192 1367 1240 regulares.
1396 1231 1397 1234 Ἰ
1423 1190 1524 1227 vitae
1554 1202 1595 1227 se
1623 1190 1768 1227 habent
1796 1191 1844 1228 ad
1869 1198 1961 1228 vota
1990 1190 2184 1239 religionis
2213 1190 2310 1228 sicut
2337 1191 2500 1241 particu-

351 1246 425 1282 SED
449 1256 597 1282 CONTRA
623 1257 690 1282 EST
710 1245 816 1294 quod
846 1245 982 1283 dicitur
1001 1244 1039 1282 in
1059 1245 1245 1292 Decretis,
1266 1245 1370 1292 XVI,
1423 1244 1502 1280 lare
1531 1244 1581 1281 ad
1610 1244 1839 1292 universale,
1867 1251 1910 1281 ut
1938 1255 2054 1294 supra
2072 1243 2093 1266 '¹‘
2120 1243 2294 1282 habitum
2323 1251 2391 1282 est.
2421 1245 2501 1285 Sed

297 1311 359 1347 qu.
382 1311 391 1335 1
411 1298 450 1334 *z
481 1299 541 1335 De
568 1300 764 1336 monachis
793 1299 858 1348 qui
884 1299 947 1336 diu
977 1304 1169 1335 morantes
1188 1297 1203 1328 β
1232 1299 1269 1335 in
1289 1311 1368 1335 mo-
1395 1300 1398 1358 j
1423 1305 1515 1335 vota
1545 1297 1737 1346 religionis
1770 1309 1811 1334 se
1839 1298 1983 1336 habent
2010 1297 2060 1335 ad
2088 1297 2353 1347 pontificalem
2382 1298 2502 1348 digni-

296 1353 479 1398 nasteriis‚
508 1353 542 1389 si
562 1359 694 1401 postea
723 1354 775 1391 ad
795 1353 993 1390 clericatus
1012 1353 1163 1390 ordines
1185 1364 1370 1401 pervene-
1396 1368 1397 1388 i
1423 1359 1540 1389 tatem
1571 1351 1667 1388 sicut
1695 1351 1892 1400 dispositio
1922 1351 1972 1389 ad
2000 1351 2289 1400 perfectionem.
2328 1353 2502 1390 Particu-

296 1406 381 1452 rint,
410 1406 609 1443 statuimus
647 1419 722 1443 non
760 1407 895 1444 debere
929 1419 992 1443 eos
1020 1418 1044 1443 a
1072 1407 1199 1455 priori
1227 1418 1369 1455 propo·
1396 1398 1397 1411 ¹
1423 1406 1501 1442 lare
1531 1412 1661 1442 autern
1687 1405 1900 1454 superfluit,
1920 1405 2051 1442 habito
2071 1405 2298 1443 universali:
2329 1406 2398 1444 sed
2427 1406 2500 1444 dis-

295 1461 363 1497 sito
394 1460 594 1497 discedere.
1423 1458 1562 1508 positio
1593 1460 1718 1496 adhuc
1747 1459 1963 1496 necessaria
1984 1466 2050 1507 est,
2075 1459 2311 1509 perfectione
2331 1460 2500 1498 obtenta.

350 1515 578 1551 RESPONDEO
599 1525 785 1551 moi-:noum
805 1514 922 1563 quod,
945 1513 1041 1550 sicut
1060 1513 1205 1562 supra*
1224 1513 1368 1551 dictum
1396 1507 1397 1518 ¹
1477 1514 1535 1549 AD
1564 1524 1726 1550 TERTiuM
1755 1524 1942 1551 Dicannum
1979 1513 2086 1562 quod
2119 1513 2196 1550 hoc
2225 1520 2281 1550 est
2308 1525 2378 1563 per
2406 1513 2502 1553 acci—

297 1576 372 1614 est,
417 1575 533 1604 status
571 1567 762 1615 religionis
805 1567 854 1604 ad
891 1567 1166 1616 perfectionem
1207 1567 1371 1616 pertinet
1396 1560 1397 1602 i
1425 1565 1520 1603 dens
1562 1566 1670 1614 quod
1709 1565 1879 1616 episcopi
1916 1566 2081 1614 religiosi
2123 1565 2282 1604 obedire
2323 1567 2501 1616 praelatis

296 1620 404 1669 quasi
442 1621 634 1670 quaedam
672 1621 736 1658 via
773 1621 811 1658 in
849 1621 1126 1669 perfectionem
1165 1620 1368 1667 tendendi,
1425 1632 1582 1656 suarum
1602 1619 1830 1668 religionum
1851 1632 1930 1657 non
1949 1627 2138 1667 tenentur,
2168 1620 2258 1668 quia
2285 1619 2386 1658 sibi⁶
2414 1621 2502 1659 sub-

296 1682 414 1711 status
434 1682 563 1710 autem
586 1674 813 1723 episcopalis
834 1675 881 1711 ad
911 1674 1187 1723 perfectionem
1208 1673 1371 1722 pertinet
1425 1673 1490 1710 diti
1520 1685 1604 1710 esse
1633 1673 1848 1711 desierunt:
1883 1673 1979 1711 sicut
2007 1681 2044 1711 et
2072 1673 2142 1723 ipsi
2169 1674 2328 1723 praelati
2356 1674 2502 1724 religio·

295 1735 478 1776 tanquam
495 1727 691 1776 quoddam
706 1727 950 1776 perfectionis
965 1727 1239 1775 magisterium.
1256 1726 1369 1764 Unde
1424 1738 1532 1764 num.
1563 1727 1698 1764 Manet
1725 1734 1856 1764 tamen
1885 1727 2012 1764 adhuc
2041 1727 2220 1776 obligatio
2247 1727 2329 1766 voti
2356 1728 2500 1766 virtua-

295 1789 414 1817 status
442 1780 633 1828 religionis
663 1788 907 1830 comparatur
934 1780 982 1818 ad
1010 1788 1151 1818 statum
1172 1780 1370 1830 episcopa·
1396 1758 1398 1833 i
1423 1779 1525 1817 liter:
1556 1779 1607 1816 ita
1627 1779 1768 1817 scilicet
1787 1781 1905 1830 quod,
1927 1780 1958 1817 si
1979 1781 2032 1818 eis
2051 1780 2216 1829 legitime
2236 1781 2372 1832 aliquis
2389 1794 2500 1832 prae-

295 1835 369 1870 lem
396 1833 491 1870 sicut
512 1834 710 1883 disciplina
730 1836 778 1872 ad
799 1833 1072 1882 magisterium,
1104 1842 1140 1871 et
1169 1834 1369 1883 dispositio
1396 1836 1398 1883 ξ
1423 1833 1636 1881 ficeretur‘‚
1659 1833 1818 1871 obedire
1833 1841 2064 1881 tenerentur,
2080 1833 2309 1883 inquantum
2323 1842 2501 1874 tenentur

295 1888 342 1924 ad
371 1887 658 1936 perfectionem.
698 1888 909 1937 Dispositio
944 1896 1074 1925 autem
1107 1900 1187 1925 non
1215 1887 1368 1935 tollitur,
1396 1887 1397 1939 ¹
1425 1886 1584 1925 obedire
1603 1887 1750 1924 statutis
1771 1888 1924 1936 regulae
1943 1899 2013 1936 per
2030 1887 2193 1925 modum
2212 1888 2451 1937 praedictum
2465 1889 2498 1938 ¹⁸¹,
2527 1891 2538 1902 ⁴

294 1941 526 1990 perfectione
551 1941 799 1979 adveniente:
830 1941 901 1978 nisi
929 1942 1025 1979 forte
1054 1949 1241 1990 quantum
1263 1941 1311 1978 ad
1332 1941 1369 1978 id
1396 1967 1397 1972 ,
1425 1949 1462 1978 et
1490 1941 1566 1978 suis
1595 1940 1869 1990 superioribus,
1899 1941 1930 1978 si
1959 1953 2058 1990 quos
2087 1941 2241 1979 habent.

294 1995 331 2032 in
361 2007 438 2043 quo
467 1995 691 2044 perfectioni
721 2003 924 2045 repugnat3
954 2003 1141 2045 quantum
1169 2003 1298 2032 autern
1320 1995 1368 2033 ad
1396 2029 1397 2036 ,
1478 1994 1685 2044 Proprium
1715 2002 1844 2032 autern
1875 1995 1979 2032 nullo
2002 1994 2122 2032 modo
2151 1995 2295 2033 habere
2322 2002 2497 2046 possunt.

293 2049 331 2085 id
360 2048 466 2097 quod
493 2049 718 2098 perfectioni
748 2049 932 2098 congruit,
963 2049 1084 2098 magis
1105 2049 1367 2087 confirmatur.
1426 2049 1518 2086 Non
1540 2048 1644 2086 enim
1673 2048 1924 2086 hereditatem
1945 2055 2147 2098 paternam
2167 2048 2363 2088 vindicant
2390 2049 2501 2100 quasi

295 2102 400 2139 Sicut
427 2102 626 2151 discipulo,
658 2115 747 2140 curn
776 2104 826 2141 ad
847 2102 1109 2151 magisterium
1138 2102 1369 2152 pervenerit,
1424 2102 1644 2152 propriam:
1666 2102 1735 2140 sed
1754 2102 1864 2153 quasi
1883 2101 2069 2140 ecclesiae
2089 2101 2272 2141 debitam.
2300 2103 2415 2142 Unde
2435 2103 2501 2142 ibi-

294 2169 371 2193 non
402 2156 574 2204 congruit
609 2157 714 2206 quod
749 2157 795 2194 sit
831 2157 1002 2194 auditor:
1039 2157 1212 2205 congruit
1240 2165 1369 2194 tamen
1426 2156 1515 2194 dem
1531 2155 1552 2178 '¹‘
1580 2155 1755 2193 subditur
1774 2155 1892 2205 quod,
1908 2162 2112 2206 postquam
2132 2157 2328 2206 episcopus
2346 2157 2500 2196 ordina-

295 2210 365 2246 sibi
394 2210 499 2258 quod
529 2211 628 2258 legat
657 2218 692 2247 et
720 2210 935 2258 meditetur,
967 2211 1079 2248 etiam
1102 2211 1223 2259 magis
1252 2222 1370 2259 quarn
1396 2217 1397 2221 ¹
1425 2215 1497 2256 tur,
1513 2210 1565 2247 ad
1577 2210 1700 2247 altare
1713 2210 1766 2247 ad
1777 2210 1880 2259 quod
1896 2211 2166 2259 sanctificatur,
2182 2211 2284 2260 quod
2301 2211 2501 2261 acquirere

295 2272 393 2300 ante.
1395 2268 1398 2317 4
1419 2263 1543 2313 potuit
1569 2263 1750 2300 restituat.

350 2316 413 2353 Sic
441 2316 553 2364 igitur
581 2316 788 2354 dicendum
819 2324 874 2353 est
902 2317 1021 2365 quod,
1051 2317 1081 2353 si
1110 2329 1186 2366 qua
1215 2324 1303 2354 sunt
1330 2316 1369 2354 in
1396 2320 1397 2336 ¹
1477 2317 1774 2354 Testamentum
1794 2324 1924 2355 autem
1945 2317 2050 2354 nullo
2066 2317 2187 2355 modo
2207 2317 2333 2355 facere
2354 2325 2498 2368 potest:

296 2370 531 2418 regularibus
551 2370 806 2407 observantiis
825 2382 927 2418 quae
947 2383 1025 2408 non
1047 2370 1256 2419 impediant
1274 2382 1371 2419 pon·
1396 2385 1397 2401 i
1423 2370 1514 2420 quia
1542 2371 1626 2407 sola
1654 2370 1888 2420 dispensatio
1909 2370 1944 2408 ei
1963 2370 2212 2408 committitur
2230 2383 2360 2409 rerum
2381 2372 2501 2410 eccle-

295 2423 434 2461 tificale
463 2423 648 2471 officium,
679 2423 746 2460 sed
771 2423 892 2472 magis
911 2425 1065 2461 valeant
1093 2424 1141 2461 ad
1170 2423 1370 2473 perfectio·
1396 2458 1398 2470 ‚
1425 2423 1682 2472 siasticarum,
1713 2436 1813 2472 quae
1843 2431 1966 2461 morte
1995 2424 2146 2472 finitur,
2185 2436 2232 2462 ex
2259 2436 2337 2474 qua
2369 2424 2500 2476 incipit

296 2477 353 2514 nis
384 2476 608 2523 custodiam,
640 2477 735 2514 sicut
755 2485 810 2514 est
830 2477 1074 2524 continentia,
1099 2485 1304 2527 paupertas
1335 2485 1371 2515 et
1423 2485 1694 2515 testamentum
1705 2479 1847 2525 valere,
1860 2485 1901 2514 ut
1915 2479 2125 2527 Apostolus
2141 2477 2241 2526 dicit,
2253 2479 2411 2517 adHeb.
2425 2477 2498 2517 ix!

297 2531 369 2567 alia
388 2530 633 2569 huiusmodi:
655 2532 702 2568 ad
721 2530 818 2568 haec
834 2539 1007 2569 remanet
1022 2531 1232 2580 religiosus,
1254 2531 1369 2568 etiam
1425 2531 1464 2568 Si
1491 2539 1622 2569 tamen
1652 2543 1697 2568 ex
1726 2531 1977 2569 concessione
1998 2532 2127 2581 Papae
2156 2539 2429 2570 testamentum
2449 2532 2501 2571 fa-

296 2585 415 2621 factus
445 2583 668 2633 episcopus,
698 2584 906 2633 obligatus;
947 2593 983 2622 et
1010 2597 1079 2634 per
1108 2597 1369 2634 consequens,
1425 2585 1508 2632 ciat,
1538 2597 1618 2623 non
1637 2585 1854 2634 intelligitur
1883 2597 1927 2623 ex
1955 2585 2113 2635 proprio
2142 2585 2266 2624 facere
2294 2594 2501 2625 testamen-

296 2638 344 2676 ad
367 2637 602 2686 portandum
630 2638 805 2676 habitum
835 2651 927 2675 suae
957 2638 1149 2687 religionis
1166 2638 1198 2686 ²¹²,
1220 2639 1285 2687 qui
1315 2646 1372 2676 est
1424 2647 1525 2676 tum:
1565 2638 1632 2676 sed
1662 2638 1885 2688 Apostolica
1914 2639 2138 2677 auctoritate
2166 2639 2382 2688 intelligitur
2416 2652 2500 2678 esse

295 2691 408 2729 huius
428 2695 444 2720 ἵ
473 2691 714 2740 obligationis
743 2692 905 2740 signum.
1425 2692 1605 2742 ampliata
1634 2700 1803 2742 potestas
1823 2705 1916 2730 suae
1935 2692 2241 2742 dispensationis,
2262 2701 2304 2731 ut
2324 2693 2406 2732 eius
2425 2693 2500 2732 dis-

351 2745 390 2781 Si
419 2757 495 2794 qua
522 2758 616 2782 vero
656 2754 743 2782 sunt
775 2746 814 2783 in
848 2746 1102 2783 observantiis
1135 2746 1371 2794 regularibus
1425 2746 1599 2795 pensatio
1628 2746 1750 2796 possit
1776 2747 1907 2784 valere
1934 2754 2023 2796 post
2051 2753 2230 2784 mortem.

350 2870 375 2903 13)
395 2871 441 2903 qui
459 2871 505 2895 diu
527 2873 670 2896 morantes.
683 2884 703 2889 -
722 2870 768 2896 diu
789 2870 956 2896 morantibus
972 2871 1025 2901 Pa;
1045 2878 1092 2904 pro
1106 2870 1250 2901 discedere,
1266 2871 1372 2896 descen·
1479 2869 1503 2902 δ)
1523 2871 1582 2896 sibi.
1594 2884 1614 2890 ·—
1631 2871 1732 2896 scilicet
1751 2871 1779 2901 P,
1799 2878 1852 2896 om.
1873 2870 1927 2896 CH.

295 2906 358 2932 dere
377 2906 562 2939 BEFKLpAD,
583 2906 738 2931 discendere
758 2906 775 2935 Ι,
796 2906 923 2932 decedere
942 2907 974 2932 H.
1478 2907 1500 2939 ε)
1517 2907 1720 2940 praeficeretur.
1731 2920 1751 2926 -
1765 2906 1944 2940 praeficiatur
1957 2907 2010 2937 Pa,·
2028 2914 2076 2939 pro
2088 2909 2252 2936 tenerentur,
2267 2909 2411 2932 teneantur
2422 2908 2463 2933 ed.
2473 2914 2499 2939 a,

349 2942 376 2976 γ)
397 2942 484 2967 huius.
498 2956 515 2962 -·
534 2942 596 2967 Om.
617 2942 663 2968 Pa.
1425 2945 1551 2968 tenentur
1569 2943 1623 2968 ΡΗ.

972 3022 1311 3056 Commentariis.
1333 3021 1588 3057 Cardinalis
1610 3022 1815 3057 Caietam

328 3114 347 3133 N
371 3103 505 3134 articulo
530 3109 644 3133 octavo
668 3102 812 3133 eiusdem
832 3101 1038 3143 quaestionis,
1064 3101 1160 3133 dubia
1178 3102 1243 3132 duo
1261 3112 1371 3133 occur·
1395 3101 1397 3112 ¹
1424 3101 1583 3143 praecepti
1606 3109 1662 3133 aut
1681 3112 1832 3133 censurae
1846 3101 2072 3133 ecclesiasticae
2087 3101 2227 3139 vinculo,
2252 3111 2291 3132 an
2316 3101 2418 3134 factus
2433 3102 2499 3144 epi-

301 3115 402 3178 Irunt
426 3148 465 3178 de
489 3147 648 3188 episcopis
672 3146 844 3188 religiosis:
869 3147 1014 3183 alterum,
1040 3147 1078 3178 de
1102 3146 1296 3188 quibusdam
1320 3157 1368 3178 re·
1423 3157 1541 3188 scopus
1565 3147 1726 3179 subiectus
1750 3146 1790 3178 sit
1812 3146 1941 3178 vinculo
1965 3145 2124 3188 praecepti
2146 3146 2197 3177 vel
2221 3156 2372 3178 censurae
2394 3147 2497 3185 iuius,

297 3192 458 3231 gularibus
486 3191 607 3222 actibus
637 3191 669 3221 in
699 3191 841 3232 speciali;
874 3191 1026 3228 alterum,
1052 3192 1091 3222 de
1114 3192 1214 3222 modo
1238 3191 1368 3223 vinculi.
1423 3191 1465 3222 ita
1490 3191 1590 3233 quod,
1615 3191 1640 3222 si
1665 3190 1919 3232 transgrediatur,
1935 3197 2044 3232 peccet
2059 3189 2234 3221 mortaliter
2253 3191 2304 3222 vel
2319 3190 2499 3225 niteamu-

297 3236 353 3266 Est
376 3236 471 3276 igitur
494 3236 598 3276 primo
619 3235 755 3267 dubium
771 3236 805 3266 *ι
831 3237 881 3266 An
899 3236 1064 3277 religiosus
1081 3235 1182 3268 factus
1198 3236 1369 3277 episcopus
1424 3236 1616 3267 manicatus.
1640 3236 1682 3267 Et
1705 3242 1752 3267 est
1773 3234 1853 3266 ratio
1867 3233 1958 3266 ‘dubii
1983 3234 2058 3275 quia
2075 3234 2149 3266 hinc
2166 3243 2297 3276 apparet
2317 3235 2412 3278 quod
2423 3237 2497 3271 aub-

298 3287 440 3311 teneatur
470 3281 509 3311 ad
534 3281 718 3312 habendum
748 3280 873 3311 socium
897 3281 946 3311 sui
971 3280 1104 3318 ordinis;
1136 3287 1167 3312 et
1192 3281 1368 3312 bibendum
1424 3281 1517 3312 datur
1540 3280 1727 3312 huiusmodi
1750 3278 1895 3310 vinculis.
1925 3279 2010 3317 Quia
2035 3289 2071 3310 ex
2094 3289 2161 3321 quo
2186 3279 2333 3312 subditur
2354 3286 2496 3319 nauto,

2529 1245 2741 1288 'Qssmffi

2528 2164 2741 2194 amacina-1„

2526 2480 2710 2510 ‘Vama

299 3334 373 3355 cum
397 3325 520 3355 duabus
545 3325 709 3362 manibus;
734 3332 765 3356 et
781 3325 946 3357 similibus.
972 3326 1013 3356 Et
1028 3332 1075 3356 est
1089 3325 1169 3357 ratio
1186 3325 1275 3357 dubii
1292 3325 1368 3367 quia
1423 3325 1570 3357 subditur
1593 3325 1690 3357 etiam
1712 3323 1842 3355 vinculo
1866 3323 1991 3355 statuti:
2017 3323 2160 3355 eiusdem
2185 3324 2343 3366 siquidem
2365 3325 2498 3362 tationis
2540 3332 2559 3343 ‘¹

298 3368 374 3399 haec
399 3379 464 3399 non
488 3369 669 3410 impediunt
692 3369 836 3401 officium
860 3369 1058 3410 pontificale:
1084 3377 1115 3401 et
1138 3378 1305 3411 propterea
1324 3370 1369 3401 vi-
1423 3377 1470 3401 est
1492 3370 1583 3412 quod
1605 3368 1721 3411 aliquis
1745 3368 1898 3400 subdatur
1922 3374 2052 3405 statuto,
2077 3375 2107 3400 et
2126 3369 2255 3401 vinculo
2270 3369 2391 3403 statuti».
2415 3387 2437 3394 -
2460 3370 2496 3407 {a

300 3413 413 3444 dentur
437 3414 475 3443 ad
492 3413 553 3445 hoc
568 3415 677 3446 teneri.
702 3432 723 3438 -
748 3415 782 3445 ln
798 3414 987 3455 oppositum
1003 3421 1111 3446 autem
1128 3422 1174 3446 est
1197 3414 1273 3456 quia
1291 3415 1369 3446 haec
1423 3414 1612 3455 oppositum
1636 3420 1744 3445 autem
1768 3419 1814 3443 est
1838 3419 1868 3443 et
1891 3412 1966 3454 quia
1991 3422 2056 3444 non
2081 3413 2226 3446 subditur
2250 3413 2362 3455 poenis
2385 3413 2419 3447 in
2436 3421 2497 3447 sta-

300 3457 461 3487 dissonare
485 3458 631 3489 videntur
654 3459 693 3489 ab
717 3459 891 3500 episcopali
916 3459 1076 3499 dignitate.
1423 3466 1493 3490 tuto
1517 3457 1681 3499 appositis,
1706 3463 1785 3498 puta
1814 3457 1916 3497 gravis
1939 3457 1989 3487 vel
2016 3458 2169 3498 gravioris
2199 3458 2328 3501 culpae,
2354 3465 2386 3489 et
2408 3455 2495 3491 sirni-

355 3501 500 3532 Dubium
529 3502 641 3532 deinde
671 3509 717 3533 est
734 3503 768 3533 *z
800 3506 850 3533 An
879 3504 1033 3534 subdatur
1055 3503 1186 3534 vinculo
1210 3502 1369 3544 praecepti
1422 3502 1512 3534 lium.
1546 3502 1590 3533 Et
1618 3501 1693 3542 quia
1725 3500 1910 3532 huiusmodi
1934 3501 2062 3533 vincula
2086 3503 2236 3544 derogare
2259 3502 2408 3534 videntur
2430 3496 2495 3545 epi·

298 3546 348 3576 vel
365 3555 514 3576 censurae
532 3546 755 3577 ecclesiasticae
772 3547 804 3577 in
821 3547 971 3578 institutis
989 3547 1114 3587 regulae
1130 3547 1247 3588 posito.
1273 3547 1368 3578 Verbi
1423 3546 1544 3587 scopali
1568 3545 1713 3587 dignitati
1737 3555 1773 3576 ac
1797 3546 1994 3586 perfectioni,
2013 3554 2070 3578 etc.

299 3589 415 3631 gratia:
449 3590 474 3620 si
503 3590 535 3620 in
559 3590 666 3630 regula
695 3590 851 3621 ieiunium
884 3591 978 3622 feriae
1005 3599 1107 3622 sextae
1131 3591 1280 3622 statuitur
1309 3591 1368 3622 sub
1480 3590 1516 3622 11.
1543 3590 1593 3621 Ad
1618 3589 1807 3621 evidentiam
1832 3590 1959 3628 horum,
1980 3591 2147 3623 sciendum
2163 3598 2210 3623 est
2228 3591 2318 3633 quod
2334 3591 2494 3623 distinctio
