2768 4198
58 869 119 900 ’.Ωιι
123 868 268 895 deSabrn’et„

57 895 83 918 in
101 895 194 917 notand.
216 898 268 916 ante

2 951 5 953 .
59 922 160 944 conclus.

58 1047 70 1060 ⁸
82 1045 151 1074 neap.
166 1046 195 1068 ad
210 1052 226 1068 1.

16 2805 20 2839 i
58 2820 112 2845 ἀ
115 2821 270 2853 ,Δῆιεοῑ-Μο-

13 2845 161 2904 (upk're.
171 2849 211 2871 lib.
227 2848 269 2876 VI,

14 2880 208 2925 .s·i·12.1t=‚¹¹·
217 2881 269 2929 3'11‘,

58 2928 166 2951 και-ιιι,

965 289 1232 336 QUAESTIO
1264 290 1437 338 CXLIX,
1466 290 1764 328 ARTICULUS
1795 291 1826 327 11

298 380 375 405 non
406 376 461 405 est
480 368 579 404 circa
609 368 716 404 cibos
740 375 776 404 et
804 375 917 417 potus
937 368 1164 417 inquantum
1194 377 1281 406 sunt
1299 382 1368 406 nu-
1394 371 1397 437 l

296 421 438 468 tritiva,
468 422 536 458 sed
573 420 798 470 inquantum
838 420 1053 470 impediunt
1081 422 1280 459 rationem.
1321 423 1370 459 Et

297 475 383 512 ideo
412 486 491 511 non
520 482 671 522 oportet
700 474 807 522 quod
835 474 1046 523 specialitas
1074 475 1221 513 virtutis
1251 483 1369 513 atten-

298 528 408 565 datur
436 527 650 564 secundum
680 527 866 564 rationem
896 528 1122 566 nutritionis.

350 583 410 618 At>
429 592 590 618 Tam-lun
618 592 805 617 manDUM
824 581 930 629 quod
954 581 992 618 in
1017 582 1197 619 omnibus
1217 582 1370 631 potibus

298 634 484 671 inebriare
504 633 717 671 valentibus
738 642 794 671 est
811 647 888 671 una
909 643 945 671 et
965 636 1101 672 eadem
1127 635 1219 672 ratio
1249 635 1369 684 impe·
1396 637 1399 677 ξ

2425 303 2495 339 179

1424 369 1554 407 diendi
1582 381 1697 407 usum
1726 370 1893 407 rationis.
1925 370 1974 406 Et
2002 369 2055 406 sic
2090 369 2151 406 illa
2179 377 2343 418 potuum
2373 370 2497 406 diver-

1424 423 1512 460 sitas
1541 435 1610 472 per
1637 422 1814 460 accidens
1834 435 1875 460 se
1903 423 2019 460 habet
2043 422 2092 460 ad
2119 422 2311 459 virtutem.
2342 423 2391 459 Et
2408 435 2495 472 pro-

1423 483 1506 525 pter
1534 477 1620 523 hoc,
1642 478 1855 514 secundum
1882 475 2104 514 huiusmodi
2138 475 2396 513 diversitatem
2423 476 2498 512 vir-

1423 537 1522 566 tutes
1549 541 1630 566 non
1658 529 1974 567 diversificantur.
2003 530 2053 566 Et
2082 529 2218 566 eadem
2243 529 2336 566 ratio
2367 537 2422 566 est
2451 530 2498 566 de

1425 582 1640 620 diversitate
1670 583 1855 620 ciborum.

982 739 1318 773 Commentaria
1341 739 1592 774 Car-dinatus
1615 740 1819 774 Caieta-ni

302 829 349 892 IN
373 818 506 850 articulo
531 819 673 849 secundo
697 819 841 850 eiusdem
865 819 1078 860 quaestionis,
1103 820 1229 851 adverte
1252 819 1368 860 primo,
1396 822 1399 845 ἴ
1425 820 1508 851 stitia
1532 827 1563 851 et
1585 820 1812 856 delectatione,
1837 828 1868 851 et
1892 821 1946 851 ira.
1982 820 2074 852 Circa
2104 831 2201 851 usum
2231 828 2338 852 tamen
2368 821 2499 852 rationis

329 863 418 904 quod
441 863 596 894 Martinus
611 863 629 882 *
652 863 791 903 imponit
814 864 869 906 (ob
887 871 1076 904 corruptum
1099 863 1180 894 forte
1204 874 1301 894 suum
1317 874 1370 894 co-

299 905 416 950 dicem)
446 908 536 958 quod
561 910 683 938 Auctor
706 907 842 938 diversas
867 908 905 939 de
929 908 1117 939 abstinentia
1139 908 1276 939 tenuerit
1298 908 1371 948 opi-
1396 921 1398 932 ι

299 951 429 988 niones;
454 952 496 982 ita
520 952 610 992 quod
640 952 796 992 superius,
819 952 852 982 in
876 963 930 993 qu.
956 963 1061 988 chvr,
1085 954 1208 983 Auctor
1231 952 1372 983 distinxit
1397 953 1399 988 J.

299 995 522 1026 abstinentiam
551 1003 582 1026 et
610 996 813 1027 sobrietatem
843 1006 941 1036 penes
969 976 1078 1027 cibum
1103 1003 1134 1027 et
1157 1003 1288 1036 potum;
1319 996 1371 1027 hic

299 1050 374 1071 vero
389 1040 406 1059 *
429 1040 594 1080 distinguit
612 1040 688 1081 quia
703 1041 892 1072 abstinentia
916 1047 963 1071 est
987 1041 1067 1071 circa
1083 1040 1191 1071 cibum
1206 1047 1236 1071 et
1256 1047 1371 1080 potum

300 1085 523 1121 communiter,
541 1084 694 1115 sobrietas
709 1095 784 1115 vero
801 1085 881 1116 circa
896 1090 1012 1125 potum
1030 1084 1184 1115 inebriare
1202 1085 1371 1115 valentem.

300 1129 431 1160 Falsum
454 1129 613 1170 siquidem
633 1129 798 1160 manifeste
815 1136 862 1160 est
885 1129 975 1170 quod
998 1129 1103 1168 primo
1129 1129 1214 1159 dicit.
1239 1129 1322 1159 Nam
1338 1128 1371 1158 in

300 1173 457 1214 principio
481 1173 676 1215 quaestionis
692 1183 792 1209 chvr,
808 1172 863 1203 ubi
879 1172 1044 1212 distinguit
1062 1179 1166 1212 partes
1183 1172 1371 1203 subiectivas

300 1218 544 1258 temperantiae,
570 1227 713 1258 expresse
736 1217 901 1257 distinguit
923 1216 1014 1252 istas,
1039 1216 1192 1247 dicendo:
1218 1216 1371 1247 Conside-

300 1262 441 1294 randum
465 1267 513 1294 est
534 1262 575 1293 de
590 1262 795 1299 abstinentia,
819 1271 904 1302 quae
919 1266 967 1292 est
989 1261 1077 1292 circa
1101 1261 1186 1291 cibos
1209 1266 1239 1291 et
1256 1266 1372 1301 Ρῶμε,-

300 1312 331 1344 et
351 1307 393 1340 de
380 1306 589 1347 sobrietate,
606 1315 690 1347 quae
705 1311 752 1337 est
766 1306 949 1346 specialiter
970 1306 1059 1336 circa
1077 1310 1202 1346 potum.
1229 1305 1373 1336 Eandem

301 1361 376 1392 ergo
400 1350 590 1382 sententiam
613 1349 785 1391 utrobique
808 1348 911 1380 tenuit
934 1351 1066 1380 Auctor.

355 1395 455 1426 11.1n
479 1394 593 1426 eodem
617 1393 751 1425 articulo
774 1393 911 1424 dubium
934 1392 1070 1424 occurrit
1094 1392 1174 1423 circa
1198 1392 1373 1423 distinctio-

300 1449 375 1471 nem
398 1438 575 1470 sobrietatis
598 1438 637 1468 ab
661 1437 858 1469 abstinentia.
883 1437 1018 1468 Videtur
1039 1437 1127 1467 enim'
1149 1437 1238 1478 quod
1263 1436 1372 1467 distin-

300 1483 363 1515 ctio
387 1483 427 1514 sit
449 1482 628 1523 superflua,
657 1489 687 1513 et
710 1482 799 1512 nulla
822 1481 1008 1512 formaliter.
1037 1480 1206 1521 Superflua
1229 1481 1372 1522 quidem,

299 1527 376 1569 quia
398 1527 468 1558 sola
490 1526 679 1558 abstinentia
701 1525 818 1557 sufficit
837 1526 877 1557 ad
901 1525 1082 1557 tollendum
1103 1525 1373 1566 impedimentum

299 1571 389 1615 quod
412 1570 528 1602 rationi
551 1576 710 1611 praestare
733 1577 839 1611 potest
862 1577 960 1611 potus
982 1570 1151 1601 inebrians.
1179 1570 1256 1601 Non
1280 1580 1371 1611 ergo,

299 1622 423 1657 praeter
448 1614 690 1651 abstinentiam,
714 1621 843 1656 oportet
870 1624 989 1655 ponere
1015 1613 1229 1646 sobrietatem.
1254 1632 1274 1637 —
1297 1615 1374 1645 Pro-

299 1660 392 1692 batur
414 1659 612 1690 antecedens.
638 1659 723 1697 Quia
739 1659 899 1690 abstinens
922 1659 955 1690 in
972 1659 1062 1690 omni
1081 1665 1162 1700 potu
1183 1665 1285 1690 servat
1303 1669 1373 1690 mo-

300 1703 379 1735 dum
402 1703 542 1735 rationis.
566 1703 653 1744 Ergo
677 1703 774 1735 etiarn
796 1703 829 1733 in
852 1710 934 1746 potu
958 1703 1112 1734 inebriare
1135 1710 1276 1744 potente.

301 1768 305 1770 -
353 1748 450 1780 Nulla
473 1754 600 1784 autem,
624 1747 700 1789 quia
723 1747 851 1778 nullum
881 1748 1042 1779 invenitur
1065 1747 1283 1779 distinctivum
1306 1747 1372 1777 for-

299 1793 431 1826 maliter.
458 1793 494 1823 In
515 1792 618 1823 littera
641 1792 802 1833 siquidem
824 1792 1002 1832 assignatur
1024 1802 1084 1832 pro
1101 1792 1284 1823 distinctivo
1304 1801 1374 1831 spe—

299 1836 386 1869 cialis
408 1836 489 1868 ratio
513 1836 709 1877 impediendi
732 1836 900 1867 rationem.
929 1837 970 1868 Et
993 1836 1127 1876 explicat
1149 1836 1183 1866 in
1206 1846 1274 1877 quo
1298 1845 1373 1866 con-

299 1881 380 1913 sistit
402 1881 461 1912 ista
484 1881 628 1922 specialis
647 1880 728 1911 ratio
752 1880 948 1921 impediendi
964 1880 1135 1911 rationem:
1160 1880 1279 1912 scilicet
1298 1880 1374 1921 quia

300 1935 356 1967 per
378 1925 465 1956 viam
488 1925 682 1956 fumositatis
706 1931 799 1955 natus
816 1931 863 1955 est
885 1932 983 1964 potus
999 1924 1203 1955 inebriativus
1219 1924 1374 1965 impedire

299 1977 355 2001 aut
370 1970 552 2010 perturbare
569 1969 735 2000 rationem.
753 1968 815 2000 Sed
828 1968 905 1999 haec
921 1969 1000 2000 ratio
1016 1975 1072 1999 aut
1087 1978 1154 1999 non
1170 1969 1374 2009 distinguitur

300 2013 490 2045 formaliter:
515 2020 571 2044 aut
593 2013 745 2044 sobrietas
768 2019 815 2043 est
837 2013 957 2053 species
980 2013 1197 2044 abstinentiae.
1217 2031 1239 2036 -
1255 2013 1373 2044 Proba-

300 2066 362 2091 tur.
388 2058 472 2096 Quia
495 2058 607 2093 littera,
631 2058 665 2088 in
688 2057 898 2098 responsione
922 2058 961 2088 ad
977 2058 1166 2094 secundum,
1191 2058 1267 2088 dicit
1285 2058 1375 2098 quod

301 2102 489 2134 abstinentia
512 2109 559 2133 est
583 2102 664 2133 circa
687 2101 776 2133 cibos
799 2108 830 2132 et
853 2108 951 2143 potus
981 2103 1172 2143 inquantum
1197 2102 1375 2143 impediunt

301 2148 470 2179 rationem.
494 2146 589 2177 Tunc
613 2146 666 2177 sic.
691 2146 848 2187 Impedire
863 2146 1031 2183 rationem,
1056 2153 1087 2177 et
1105 2146 1260 2187 impedire
1280 2146 1374 2177 ratio-

300 2201 375 2223 nem
398 2201 455 2232 per
469 2191 555 2221 viam
571 2190 774 2225 fumositatis.
792 2200 858 2221 non
873 2191 1073 2221 constituunt
1089 2190 1226 2221 diversas
1243 2190 1373 2230 species,

301 2237 356 2267 sed
379 2235 487 2276 potius
502 2235 593 2276 quasi
611 2245 712 2275 genus
729 2242 760 2266 et
775 2234 923 2275 speciem,
945 2235 970 2265 si
995 2235 1234 2274 distinguuntur
1256 2234 1374 2265 forma-

299 2281 379 2312 liter.
408 2280 494 2320 Ergo
517 2280 568 2310 vel
591 2279 746 2310 sobrietas
769 2287 816 2310 est
839 2279 960 2319 species
983 2279 1208 2310 abstinentiae:
1234 2279 1284 2309 vel
1307 2289 1374 2309 non

301 2325 541 2365 distinguuntur
563 2323 749 2354 formaliter.
791 2348 796 2350 .

354 2368 388 2402 Si
411 2368 534 2400 dicatur
556 2377 593 2398 ex
615 2367 727 2404 littera,
752 2367 785 2397 in
809 2367 1018 2408 responsione
1043 2367 1082 2398 ad
1107 2367 1260 2408 primum,
1285 2367 1375 2408 quod

299 2417 365 2444 'non
390 2412 534 2443 absolute
557 2411 738 2443 attribuitur
761 2411 969 2443 abstinentiae
999 2412 1089 2453 quod
1113 2412 1154 2443 sit
1181 2418 1290 2443 contra
1314 2411 1374 2442 irn-

299 2457 482 2499 pedimenta
505 2456 637 2487 rationis
667 2466 703 2487 ex
728 2455 799 2486 cibo
824 2462 855 2487 et
877 2463 975 2496 potu,
1001 2457 1056 2487 sed
1079 2456 1141 2493 sic,
1167 2456 1285 2487 scilicet
1310 2466 1376 2497 per

277 2537 279 2539 ¹
299 2501 578 2533 immoderantiam
594 2501 834 2531 delectationis:
852 2500 896 2531 ita
911 2501 1001 2542 quod
1018 2507 1128 2531 contra
1144 2500 1375 2542 impedimenta

298 2546 429 2578 rationis
458 2555 495 2576 ex
517 2545 578 2576 cibi
603 2551 633 2576 et
655 2551 753 2585 potus
776 2545 988 2576 immoderata
1011 2545 1219 2576 delectatione
1242 2545 1375 2586 ponitur

299 2590 498 2626 abstinentia,
522 2596 632 2621 contra
655 2589 885 2630 impedimenta
904 2599 980 2620 vero
995 2590 1128 2620 rationis
1151 2600 1188 2620 ex
1211 2597 1310 2630 potus
1324 2590 1375 2620 in-

299 2634 440 2666 ebriativi
464 2633 648 2665 fumositate
675 2634 807 2674 ponitur
829 2633 998 2665 sobrietas:
1022 2652 1044 2658 -
1068 2641 1195 2670 contra,
1220 2634 1374 2665 sobrietas

298 2686 346 2711 est
369 2678 488 2720 species
512 2678 750 2719 temperantiae,
775 2688 875 2719 quam
897 2684 1021 2709 constat
1044 2688 1111 2709 esse
1135 2678 1216 2709 circa
1240 2678 1373 2710 delecta-

297 2723 401 2755 tiones
423 2729 535 2754 tactus.
568 2723 654 2763 Ergo
679 2722 831 2753 sobrietas
855 2729 903 2753 est
929 2723 1010 2754 circa
1032 2723 1094 2753 tale
1118 2723 1303 2753 delectabile
1325 2733 1374 2753 se-

298 2769 442 2800 cundum
465 2774 602 2798 tactum:
628 2766 772 2808 alioquin
797 2777 863 2797 non
884 2773 966 2797 esset
988 2777 1045 2807 per
1060 2777 1092 2797 se
1108 2767 1228 2807 species
1252 2773 1373 2808 tempe-

297 2812 426 2849 rantiae,
444 2819 480 2843 ut
496 2818 582 2852 patet
598 2811 770 2842 exercitatis
785 2811 818 2841 in
835 2811 1052 2852 metaphysica
1067 2811 1094 2842 *.
1115 2811 1200 2852 Ergo
1221 2812 1373 2843 sobrietas

298 2864 345 2888 est
367 2856 464 2888 etiarn
487 2863 597 2887 contra
619 2856 850 2896 impedimenta
874 2855 1004 2886 rationis
1029 2865 1065 2886 ex
1084 2862 1165 2895 potu
1183 2856 1370 2886 delectabili.

298 2901 340 2932 Et
366 2901 411 2932 sic
441 2900 586 2941 sequitur
617 2907 652 2931 ut
675 2900 778 2940 prius:
811 2899 930 2931 scilicet
958 2900 1048 2941 quod
1072 2900 1112 2931 sit
1135 2900 1255 2941 species
1278 2900 1372 2932 absti-

298 2945 438 2982 nentiae;
470 2952 525 2976 aut
554 2955 621 2975 non
645 2945 856 2985 distinguatur
879 2945 917 2975 ab
942 2954 979 2975 ea
1002 2943 1187 2975 formaliter.
1220 2945 1372 2982 Quorum

298 2997 473 3031 utrumque
492 2997 539 3020 est
560 2996 668 3020 contra
685 2991 871 3024 Auctorem,
888 2989 921 3019 in
936 2989 1145 3029 responsione
1167 2989 1207 3019 ad
1231 2989 1371 3026 tertium,

298 3041 467 3076 utramque
490 3034 641 3065 virtutem
665 3034 926 3074 specialissimam
949 3040 1121 3064 tenentem.

353 3079 394 3110 Et
417 3089 473 3120 per
495 3078 574 3109 haec
595 3078 722 3109 videtur
745 3078 847 3119 quod,
871 3078 945 3109 licet
967 3077 1099 3108 ebrietas
1123 3077 1163 3108 sit
1186 3077 1371 3108 distinctum

297 3123 412 3154 vitium
435 3133 454 3153 a
476 3123 561 3163 gula,
586 3123 663 3164 quia
684 3123 759 3163 gula
778 3122 956 3163 opponitur
971 3122 1153 3153 moderatae
1169 3122 1371 3153 delectationi

298 3167 359 3198 cibi
383 3174 415 3198 et
436 3173 550 3207 potus,
576 3174 607 3198 et
635 3167 766 3198 ebrietas
795 3167 973 3207 opponitur
1002 3166 1096 3197 saluti
1123 3165 1270 3203 rationis;
1304 3176 1371 3197 non

298 3217 404 3242 tamen
427 3211 580 3242 sobrietas
603 3211 826 3252 distinguenda
849 3218 896 3242 est
919 3212 957 3242 ab
980 3210 1185 3242 abstinentia:
1211 3211 1287 3251 quia
1301 3211 1371 3241 abs-

297 3255 430 3286 tinentia
453 3262 627 3297 utrumque
645 3256 747 3296 ponit,
772 3256 890 3287 scilicet
913 3263 944 3286 et
967 3256 1165 3286 moderatam
1190 3255 1371 3286 delectatio—

299 3309 374 3330 nem
398 3306 428 3330 et
450 3300 607 3331 rau'onem
630 3301 820 3341 expeditam.

356 3343 408 3374 111.
433 3343 484 3374 Ad
506 3343 603 3374 huius
627 3345 835 3382 evidentiam,
861 3344 1027 3375 sciendum
1057 3350 1104 3374 est
1134 3343 1223 3385 quod
1246 3344 1371 3374 bonum

298 3387 429 3418 rationis
453 3389 707 3420 conservandum
731 3399 748 3419 a
771 3389 946 3420 moralibus
970 3388 1140 3420 virtutibus
1171 3394 1281 3419 contra
1310 3387 1369 3418 im-

299 3439 392 3472 petus
422 3431 610 3471 passionum
637 3439 685 3464 est
711 3433 848 3474 duplex:
879 3433 997 3464 scilicet
1025 3432 1197 3469 rectitudo,
1223 3440 1253 3463 et
1279 3442 1367 3463 usus.

298 3477 480 3516 Utrumque
504 3475 663 3517 siquidem
685 3487 742 3517 per
764 3477 928 3518 passiones
951 3477 1144 3518 impeditur:
1169 3487 1245 3507 narn
1273 3476 1369 3507 timor

299 3527 330 3551 et
345 3530 445 3556 arnor,
462 3520 638 3556 delectatio,
654 3520 710 3556 ira,
727 3527 796 3558 etc„
816 3521 972 3552 rationem
988 3532 1007 3552 a
1021 3521 1208 3552 rectitudine
1227 3521 1368 3558 flectunt,

299 3571 334 3596 ut
354 3564 504 3595 continue
524 3564 716 3604 experimur;
741 3571 772 3595 et
794 3565 820 3595 si
843 3565 960 3596 fuerint
974 3566 1177 3597 vehementes
1193 3565 1367 3605 passiones,
1394 3541 1396 3586 l

299 3609 494 3651 quandoque
519 3608 649 3639 rationis
674 3618 770 3639 usum
794 3609 931 3646 tollunt,
955 3617 991 3641 ut
1019 3618 1106 3650 patet
1129 3610 1167 3640 de
1192 3610 1289 3640 nimia
1313 3610 1368 3641 tri·
1393 3587 1396 3643 l

1397 865 1398 868 ’
1424 864 1677 905 impediendum,
1698 865 1774 905 quia
1797 864 1942 905 pluribus
1959 865 2064 895 modis
2088 872 2194 905 potest
2209 865 2366 905 impediri,
2384 873 2414 896 et
2434 866 2498 896 cul-

1424 908 1570 949 pabiliter
1593 916 1624 939 et
1647 909 1714 939 sine
1739 909 1834 949 culpa
1865 907 1915 951 (ut
1942 916 2028 949 patet
2052 919 2127 940 cum
2150 910 2323 950 impeditur
2347 920 2403 950 per
2426 910 2498 940 dor-

1425 951 1618 995 mitionem),
1643 953 1873 984 advertendum
1890 961 1936 984 est
1960 953 2049 994 quod
2074 954 2241 994 dupliciter
2264 954 2370 994 passio
2394 961 2500 995 potest

1424 997 1579 1038 impedire
1602 1007 1700 1027 usum
1723 996 1864 1027 rationis.
1889 997 1964 1027 Uno
1982 997 2093 1035 modo,
2111 1008 2148 1028 ex
2164 1009 2221 1028 sua
2237 998 2497 1029 immoderantia:

1424 1041 1467 1072 ita
1490 1041 1579 1082 quod
1602 1041 1672 1081 ipsa
1694 1041 1919 1071 immoderatio
1943 1041 2098 1081 passionis
2128 1049 2174 1072 est
2196 1043 2276 1073 ratio
2300 1043 2436 1082 peccati;
2470 1049 2501 1073 et

1425 1091 1514 1116 tanto
1545 1085 1697 1124 gravioris
1725 1092 1847 1125 quanto
1875 1085 2025 1126 pertingit
2056 1096 2157 1126 usque
2189 1087 2228 1116 ad
2258 1087 2500 1127 impediendum

1425 1129 1556 1160 rationis
1580 1139 1686 1160 usum.
1719 1129 1761 1160 Et
1790 1129 1852 1159 hoc
1876 1129 1976 1159 modo
2008 1129 2163 1170 impedire
2187 1141 2283 1160 usum
2307 1131 2437 1161 rationis
2461 1132 2500 1162 ad

1398 1199 1399 1202 ,
1424 1173 1511 1203 idem
1534 1172 1650 1203 vitium
1674 1179 1794 1213 spectat
1817 1173 1856 1203 ad
1875 1173 1964 1214 quod
1981 1180 2102 1213 spectat
2117 1174 2311 1206 inordinatio
2327 1175 2411 1206 illius
2431 1185 2500 1215 pas-

1426 1217 1539 1247 sionis:
1570 1216 1656 1247 verbi
1681 1217 1796 1257 gratia,
1825 1218 1866 1247 ad
1889 1217 2107 1254 timiditatem,
2133 1218 2159 1248 si
2188 1228 2224 1248 ex
2254 1218 2354 1249 nimio
2385 1219 2500 1250 timore

1426 1261 1529 1301 perdit
1552 1261 1624 1302 quis
1648 1271 1745 1291 usum
1769 1261 1916 1297 rationis,
1941 1262 2098 1302 quoniam
2124 1263 2164 1292 ad
2186 1262 2362 1294 timiditatis
2385 1263 2500 1294 vitium

1427 1311 1547 1345 spectat
1570 1305 1795 1336 immoderatio
1820 1305 1954 1336 timoris.
1979 1306 2020 1336 Et
2043 1306 2186 1337 similiter
2209 1307 2248 1337 ad
2263 1307 2419 1338 illammet
2441 1308 2501 1338 vir-

1427 1356 1529 1381 tutem
1560 1349 1600 1380 ad
1623 1360 1723 1390 quam
1747 1356 1868 1389 spectat
1892 1349 2050 1381 ordinatio
2074 1350 2144 1381 talis
2168 1351 2342 1390 passionis,
2367 1351 2502 1392 pertinet

1426 1393 1523 1425 etiarn
1547 1403 1733 1424 conservare
1757 1404 1854 1424 usum
1877 1394 2008 1424 rationis
2033 1401 2142 1425 contra
2165 1394 2445 1426 immoderantiam
2469 1396 2503 1426 il-

1426 1438 1488 1468 lius
1512 1437 1687 1478 passionis:
1712 1437 1798 1468 verbi
1821 1438 1935 1478 gratia,
1960 1438 2000 1468 ad
2030 1438 2250 1470 fortitudinem
2278 1446 2398 1480 spectat
2426 1450 2502 1470 con-

1427 1492 1549 1513 servare
1574 1490 1604 1514 et
1627 1481 1851 1513 rectitudinem
1875 1489 1906 1513 et
1930 1492 2026 1513 usum
2050 1483 2180 1514 rationis
2211 1490 2321 1514 contra
2344 1483 2502 1514 immode-

1427 1527 1563 1558 rantiam
1586 1526 1722 1558 timoris.

1482 1571 1558 1601 Alio
1581 1571 1683 1601 modo
1707 1571 1813 1611 passio
1838 1577 1944 1611 potest
1967 1571 2121 1612 impedire
2141 1581 2237 1602 usum
2256 1571 2387 1602 rationis
2411 1582 2448 1602 ex
2463 1582 2501 1603 eo

1428 1616 1518 1656 quod
1542 1622 1589 1646 est
1604 1615 1684 1646 ratio
1701 1615 1834 1646 alicuius
1850 1615 2053 1656 impedientis
2076 1626 2172 1646 usum
2196 1615 2336 1652 rationis,
2353 1615 2395 1646 ita
2415 1617 2504 1657 quod

1428 1669 1465 1690 ex
1481 1659 1543 1690 hoc
1559 1659 1665 1700 primo
1682 1660 1789 1700 passio
1804 1659 1900 1690 habet
1915 1660 2071 1691 rationem
2089 1660 2252 1696 deformis,
2269 1660 2344 1701 quia
2360 1667 2406 1691 est
2422 1661 2502 1691 ratio

1427 1704 1649 1745 impedimenti
1674 1714 1750 1734 usus
1774 1703 1914 1735 rationis.
1942 1705 1983 1735 Et
2006 1704 2050 1735 sic
2073 1704 2228 1745 impedire
2251 1714 2349 1735 usum
2373 1705 2503 1735 rationis

1428 1748 1564 1789 pertinet
1587 1748 1626 1778 ad
1650 1748 1737 1778 aliud
1761 1748 1875 1779 vitium
1898 1749 1938 1778 ab
1959 1749 2015 1779 illo
2039 1750 2129 1789 quod
2146 1749 2273 1789 respicit
2288 1749 2503 1779 immoderan-

1427 1793 1506 1824 tiam
1528 1792 1615 1823 illius
1638 1792 1796 1832 passionis
1820 1792 1853 1823 in
1877 1792 1990 1834 seipsa.
2015 1793 2056 1823 Et
2079 1793 2222 1824 similiter
2238 1794 2424 1824 conservare
2447 1794 2504 1824 bo-

1428 1847 1508 1868 num
1531 1836 1663 1868 rationis
1686 1836 1719 1867 in
1739 1836 1928 1867 rectitudine
1952 1844 1983 1868 et
2002 1847 2062 1867 usu
2087 1845 2197 1868 contra
2216 1837 2401 1878 passionem
2421 1848 2503 1878 quae

1428 1891 1465 1911 ex
1489 1881 1551 1911 hoc
1575 1881 1780 1912 deordinatur
1810 1881 1900 1921 quod
1931 1888 1977 1912 est
2000 1881 2080 1912 ratio
2103 1881 2323 1922 impedimenti
2354 1892 2431 1912 usus
2455 1892 2503 1912 ra-

1428 1925 1545 1961 tionis,
1570 1931 1690 1966 spectat
1720 1925 1760 1955 ad
1788 1925 1945 1956 moralem
1972 1926 2122 1956 virtutem
2152 1925 2248 1956 aliam
2279 1927 2317 1956 ab
2341 1925 2396 1956 illa
2420 1936 2501 1967 quae

1429 1969 1614 2000 moderatur
1637 1968 1820 2010 passionem
1844 1969 1932 1999 illam
1956 1969 1988 1999 in
2014 1980 2056 2000 se.

1485 2014 1584 2051 Quod
1607 2020 1780 2055 antequam
1804 2014 1995 2054 probemus,
2021 2013 2262 2045 manifestemus
2286 2014 2439 2055 exemplis
2468 2014 2501 2044 in

1428 2058 1607 2098 proposito.
1631 2058 1679 2088 Ex
1702 2058 1879 2089 delectabili
1903 2065 1983 2098 potu
2008 2058 2164 2098 contingit
2187 2058 2355 2099 dupliciter
2371 2058 2501 2090 rationis

1429 2103 1554 2133 bonum
1576 2102 1668 2134 laedi.
1697 2103 1824 2138 Primo,
1850 2102 1925 2143 quia
1948 2103 2115 2133 delectatio
2140 2110 2236 2146 pqtus
2261 2109 2308 2133 est
2329 2103 2363 2133 in
2388 2113 2420 2133 se
2443 2103 2502 2133 im-

1429 2147 1609 2177 moderata:
1633 2146 1844 2178 immoderata
1869 2146 1956 2177 enim
1971 2147 2137 2177 delectatio
2153 2147 2304 2184 alimenti,
2328 2147 2378 2177 vel
2402 2157 2502 2188 quan-

1429 2198 1500 2222 tum
1525 2191 1565 2221 ad
1588 2191 1675 2232 quid,
1699 2191 1750 2221 vel
1773 2196 1942 2231 quantum,
1966 2191 2016 2221 vel
2040 2192 2145 2232 quale,
2164 2198 2232 2228 etc.,
2258 2198 2304 2222 est
2327 2191 2406 2221 ratio
2431 2201 2502 2232 pec-

1429 2235 1505 2271 cati,
1530 2242 1561 2265 et
1584 2235 1730 2275 obliquat
1752 2235 1927 2271 rationem,
1953 2241 1983 2265 et
2007 2235 2202 2276 quandoque
2226 2235 2322 2266 etiam
2346 2236 2503 2267 absorbet.

1429 2279 1471 2310 Et
1489 2279 1552 2310 hoc
1576 2286 1695 2319 spectat
1714 2279 1754 2309 ad
1777 2279 1891 2310 vitium
1914 2279 2016 2319 gulae.
2042 2279 2238 2310 Conservare
2253 2286 2361 2310 autem
2379 2281 2504 2311 bonum

1428 2323 1560 2355 rationis
1584 2330 1694 2354 contra
1713 2323 1901 2354 huiusmodi
1916 2324 2162 2354 immoderatam
2179 2324 2421 2355 delectationem
2437 2334 2506 2365 spe-

1430 2374 1492 2399 ctat
1515 2369 1555 2398 ad
1578 2367 1810 2399 abstinentiam.
1835 2386 1856 2391 —
1881 2368 2046 2404 Secundo,
2071 2368 2147 2409 quia
2175 2368 2340 2399 delectatio
2365 2376 2400 2399 ut
2424 2369 2503 2400 ratio

1428 2419 1526 2453 potus
1549 2411 1669 2443 fumosi
1693 2412 1898 2453 perturbativi
1918 2412 2049 2443 rationis
2069 2423 2157 2448 usus,
2177 2420 2223 2444 est
2246 2413 2426 2444 inordinata
2450 2414 2503 2444 de-

1428 2456 1571 2488 lectatio:
1604 2456 1764 2498 siquidem
1787 2463 1884 2497 potus
1908 2467 1945 2487 ex
1968 2457 2030 2487 hoc
2053 2457 2231 2493 inordinat,
2258 2464 2289 2488 et
2315 2464 2433 2488 rectam
2457 2468 2503 2488 ra-

1428 2501 1551 2532 tionem
1574 2501 1729 2542 obliquat,
1755 2509 1784 2532 et
1808 2511 1904 2532 usum
1928 2501 2058 2531 rationis
2082 2501 2216 2541 impedit
2239 2508 2334 2542 atque
2358 2502 2442 2532 tollit
2464 2503 2503 2532 ad

1427 2552 1566 2596 tempus.
1590 2546 1632 2576 Et
1655 2552 1776 2586 spectat
1798 2545 1986 2576 huiusmodi
2010 2545 2176 2576 delectatio
2201 2546 2241 2576 ad
2264 2545 2379 2576 vitium
2403 2546 2501 2576 ebrie-

1427 2590 1509 2621 tatis.
1534 2590 1576 2621 Et
1598 2600 1722 2621 servare
1744 2590 1875 2621 rationis
1899 2591 2024 2620 bonum
2043 2597 2154 2620 contra
2178 2590 2222 2620 sic
2246 2590 2428 2621 delectabile
2452 2600 2502 2620 so-

1428 2634 1568 2665 brietatis
1593 2641 1650 2666 est.

1483 2679 1641 2709 Probatur
1663 2688 1738 2709 vero
1763 2678 1923 2709 distinctio
1948 2677 2092 2717 specifica
2116 2677 2271 2708 virtutum
2296 2677 2501 2708 abstinentiae

1428 2730 1458 2754 et
1482 2723 1659 2754 sobrietatis
1683 2733 1720 2753 ex
1743 2722 1870 2753 formali
1893 2722 2095 2753 distinctione
2119 2721 2426 2761 impedimentorum
2453 2732 2501 2752 ra-

1426 2767 1542 2799 tionis:
1567 2777 1642 2797 nam
1666 2767 1793 2797 alterius
1817 2767 1948 2797 rationis
1972 2773 2018 2797 est
2035 2766 2216 2796 delectabile
2234 2776 2271 2796 ex
2286 2766 2500 2796 immoderan-

1426 2812 1469 2843 tia
1493 2822 1550 2842 sua
1573 2811 1751 2852 impediens
1775 2811 1906 2843 rationis
1929 2811 2070 2846 bonum;
2095 2817 2126 2840 et
2149 2810 2276 2841 alterius
2299 2810 2429 2841 rationis
2454 2817 2501 2841 est

1427 2856 1610 2887 delectabile
1634 2865 1671 2886 ex
1695 2865 1733 2886 eo
1758 2855 1848 2896 quod
1871 2862 1918 2885 est
1940 2854 2020 2885 ratio
2045 2854 2238 2885 fumositatis
2258 2854 2436 2895 impediens
2452 2865 2500 2885 ra-

1426 2900 1522 2932 tionis
1546 2901 1681 2931 bonum.
1698 2917 1719 2922 -
1742 2900 1809 2930 Nec
1833 2905 1960 2940 oportet
1983 2899 2117 2939 probare
2141 2899 2218 2930 haec
2241 2909 2308 2929 esse
2332 2899 2371 2929 de
2393 2906 2499 2929 mente

1425 2944 1585 2976 Auctoris.
1611 2943 1776 2981 Quoniam
1791 2943 1824 2973 in
1843 2943 1977 2974 articulo
1994 2943 2066 2980 hoc,
2084 2950 2114 2974 et
2129 2943 2304 2983 specialiter
2319 2943 2352 2973 in
2367 2953 2499 2983 respon-

1426 2989 1515 3020 sione
1545 2989 1585 3019 ad
1613 2988 1772 3029 primum,
1797 2988 1879 3018 clare
1909 2994 1996 3028 patet
2019 2987 2100 3018 hanc
2124 2997 2191 3018 esse
2219 2987 2396 3018 doctrinam
2420 2987 2498 3018 eius.

1482 3033 1534 3064 IV.
1555 3033 1607 3063 Ad
1627 3033 1764 3073 primam
1781 3042 1855 3072 ergo
1875 3032 2090 3063 obiectionem
2104 3032 2138 3062 in
2153 3031 2341 3072 oppositum
2353 3032 2369 3050 *
2385 3031 2500 3062 dicitur

1424 3078 1512 3118 quod
1538 3077 1698 3108 distinctio
1723 3076 1900 3108 sobrietatis
1917 3077 1956 3107 ab
1973 3076 2162 3107 abstinentia
2178 3086 2245 3107 non
2262 3083 2308 3107 est
2327 3076 2497 3116 superflua,

1423 3122 1480 3152 sed
1496 3121 1679 3152 necessaria.
1697 3121 1738 3152 Et
1753 3131 1828 3152 cum
1843 3121 1967 3157 dicitur,
1983 3121 2016 3152 Si
2031 3121 2133 3151 homo
2150 3127 2196 3151 est
2210 3120 2380 3156 abstinens,
2398 3127 2500 3151 servat

1424 3175 1608 3196 mensuram
1631 3165 1665 3196 in
1689 3172 1785 3205 potu,
1810 3175 1845 3210 ac
1868 3175 1925 3205 per
1947 3165 2027 3201 hoc,
2052 3175 2119 3195 non
2142 3171 2212 3204 eget
2235 3164 2418 3195 sobrietate.
2450 3174 2497 3195 re-

1423 3210 1601 3250 spondetur
1624 3210 1715 3250 quod
1738 3207 1859 3240 servare
1883 3219 2067 3239 mensuram
2089 3209 2123 3239 in
2146 3216 2226 3249 potu
2261 3208 2417 3248 contingit
2440 3209 2498 3239 du-

1423 3254 1560 3304 pliciter.
1586 3263 1652 3284 uno
1677 3254 1788 3290 modo,
1813 3254 1992 3284 secundum
2016 3254 2106 3294 quod
2129 3260 2226 3293 potus
2242 3259 2290 3284 est
2305 3253 2498 3284 delectabilis

1423 3298 1456 3328 in
1480 3298 1603 3338 seipso;
1636 3298 1699 3328 alio
1723 3299 1840 3334 modo,
1865 3298 2044 3328 secundum
2072 3298 2162 3338 quod
2185 3304 2282 3338 potus
2307 3297 2497 3328 delectabilis

1423 3349 1469 3373 est
1492 3342 1571 3373 ratio
1588 3342 1781 3373 fumositatis
1795 3342 2028 3382 perturbativae
2044 3342 2185 3372 rationis.
2209 3341 2380 3373 Abstinens
2395 3349 2498 3372 servat

1423 3396 1608 3417 mensuram
1631 3386 1664 3416 in
1689 3393 1768 3426 potu
1794 3386 1899 3427 primo
1915 3386 2032 3417 modo:
2057 3386 2096 3416 de
2114 3386 2256 3417 secundo
2273 3393 2381 3417 autem
2396 3387 2496 3417 modo

1423 3441 1490 3462 non
1513 3441 1546 3461 se
1569 3430 1714 3471 impedit,
1739 3431 1815 3471 quia
1839 3437 1885 3461 est
1908 3430 1968 3461 sibi
1983 3430 2200 3471 impertinens,
2219 3437 2250 3461 et
2264 3430 2417 3471 relinquit
2436 3431 2496 3461 hoc

1423 3475 1594 3506 sobrietati.
1619 3492 1638 3498 —
1662 3475 1703 3505 Et
1726 3475 1752 3505 si
1775 3475 1918 3511 instetur,
1942 3475 2028 3515 Ergo
2044 3475 2214 3511 abstinens,
2235 3475 2321 3506 salva
2338 3475 2495 3506 abstinen-

1423 3520 1476 3557 tia,
1500 3526 1606 3560 potest
1628 3519 1790 3550 inebriari:
1815 3537 1836 3542 —
1860 3527 1993 3560 negatur
2017 3520 2159 3561 sequela:
2185 3519 2260 3560 quia
2275 3520 2406 3550 virtutes
2422 3526 2496 3549 sunt

1424 3575 1595 3603 connexae,
1620 3571 1650 3594 et
1673 3564 1729 3604 qui
1753 3574 1817 3594 una
1841 3570 1923 3594 caret
1946 3564 2070 3594 nullam
2093 3564 2197 3595 habet.

2526 3037 2536 3047 ·
2549 3036 2620 3058 Num.
2637 3042 2663 3058 n.

1479 3609 1530 3640 Ad
1555 3609 1727 3639 secundam
1743 3608 1957 3639 obiectionem
1976 3608 2040 3639 iarn
2055 3608 2073 3627 *
2096 3615 2183 3649 patet
2201 3607 2380 3649 responsio:
2406 3607 2494 3647 quod
2521 3611 2531 3622 ⁴
2544 3611 2615 3632 Num-
2631 3616 2664 3632 111.
