2768 4198
292 300 366 337 308
959 296 1229 343 QUAESTIO
1260 296 1399 342 CLXI,
1428 296 1726 334 ARTICULUS
1755 297 1805 334 v1

341 379 400 414 AD
420 389 556 414 PRIMUM
585 389 683 414 ERGO
707 388 891 414 DlCENDUM
920 375 1025 422 quod
1045 373 1177 422 aliquis
1205 374 1351 420 absque
1377 379 1379 405 ἓ
1407 374 1510 410 Nam
1530 375 1676 423 primus
1699 375 1838 423 gradus
1856 377 2018 425 pertinet
2037 378 2085 414 ad
2110 377 2364 425 cognitionem
2384 389 2472 426 pro-

286 431 443 467 falsitate
471 438 596 479 potest
612 442 652 466 se
680 430 831 466 credere
859 434 894 464 et
904 427 1156 476 pronuntiare
1179 426 1351 463 omnihus
1376 406 1379 484 i
1405 426 1475 474 prii
1494 427 1674 464 defectus.
1695 449 1720 456 —
1742 430 1818 466 Sed
1843 430 1931 478 quia
1950 430 2200 479 vituperabile
2222 438 2319 467 esset
2339 431 2368 467 si
2389 431 2472 479 quis

285 484 468 529 viliorem,
489 483 698 520 secundum
730 482 897 518 defectus
918 481 1086 516 occultos
1116 491 1213 528 quos
1242 479 1280 515 in
1310 491 1349 516 se
1376 487 1378 538 Ι
1404 481 1603 528 proprium
1639 481 1829 518 defectum
1867 491 2030 530 amaret,
2059 484 2134 520 hoc
2162 496 2230 532 per
2258 484 2471 521 secundum

286 537 532 585 recognoscit,
549 543 585 572 et
605 537 706 572 dona
725 535 796 571 Dei
817 545 914 582 quae
935 533 972 569 in
992 532 1071 569 aliis
1090 533 1215 569 latent.
1238 532 1349 569 Unde
1376 542 1377 573 ξ
1404 534 1565 580 gradum
1587 534 1806 572 excluditur.
1828 556 1851 562 -
1882 536 1959 573 Sed
1979 537 2028 573 ad
2048 537 2393 574 manifestationem
2414 537 2471 575 sui

45 593 179 620 ὈΨ-Μ’-
285 590 518 637 Augustinus
548 588 644 634 dicit,
674 588 711 623 in
738 587 833 623 libro
862 587 908 622 de
933 586 1105 635 Virginit.
1126 585 1168 621 *z
1210 585 1349 622 Existi·
1375 594 1377 636 2
1405 585 1574 623 defectus
1611 586 1799 635 pertinent
1835 589 1966 626 tertius
1996 597 2032 626 et
2060 598 2216 639 quartus
2245 592 2402 638 gradus:
2431 598 2473 627 ut

285 649 384 679 mate
411 643 555 690 aliquos
574 642 610 677 in
640 640 782 676 occulto
802 639 1025 687 superiores,
1046 639 1179 687 quibus
1207 639 1291 675 estis
1310 639 1347 676 in
1403 638 1543 675 scilicet
1571 639 1705 688 aliquis
1730 653 1808 677 non
1837 642 1962 679 solum
1983 642 2201 692 simpliciter
2229 656 2342 681 suum
2371 644 2472 681 defe-

284 696 480 744 manifesto
509 694 691 730 meliores.
1374 693 1376 721 l
1404 699 1506 729 ctum
1527 693 1707 739 enuntiet,
1724 694 1791 731 sed
1812 694 1926 731 etiam
1946 697 2184 744 persuadeat.
2204 717 2229 725 -
2249 697 2322 734 Alii
2341 705 2471 735 autem

337 748 514 785 Similiter
542 746 654 783 etiam
693 746 838 792 absque
867 744 1024 781 falsitate
1052 752 1177 793 potest
1213 745 1348 793 aliquis
1374 756 1375 783 1
1402 753 1475 782 tres
1495 746 1633 793 gradus
1652 746 1842 795 pertinent
1870 749 1918 785 ad
1938 749 2159 798 appetitum.
2191 750 2267 797 Qui
2287 752 2471 788 excellen—

283 801 454 848 confiteri
478 805 513 836 et
539 800 691 835 credere
718 798 770 835 ad
787 798 915 835 omnia
937 810 977 835 se
1004 798 1172 835 inutilem
1191 804 1227 834 et
1254 798 1347 834 indz'-
1373 785 1375 857 i
1401 797 1493 835 tiam
1515 799 1739 836 exteriorem
1760 812 1839 837 non
1859 802 2016 849 quaerit,
2037 803 2104 840 sed
2125 803 2350 841 exteriorem
2369 804 2470 842 abie-

280 866 412 904 gnum,
434 853 645 889 secundum
674 851 847 900 proprias
874 852 987 898 vires,
1012 859 1052 888 ut
1081 851 1346 889 sufficientiam
1373 861 1375 902 ᾗ
1402 851 1568 889 ctionem
1597 854 1659 889 vel
1688 854 1965 901 aequanimiter
1992 855 2141 903 patitur,
2168 857 2248 894 sive
2275 857 2314 895 in
2342 858 2471 895 verbis

281 919 387 943 suam
418 913 534 942 totam
557 906 595 942 in
619 906 747 942 Deum
775 905 930 942 referat:
961 905 1172 942 secundum
1202 904 1293 942 illud
1314 906 1345 942 11
1373 904 1375 935 ἶ
1401 905 1481 942 sive
1501 905 1539 942 in
1559 906 1681 943 factis:
1712 906 1814 954 quia,
1834 907 1932 944 sicut
1959 908 2166 956 Gregorius
2195 910 2302 958 dicit,
2331 910 2369 947 in
2396 912 2471 948 Re-

44 963 167 991 ·Vm-5·
280 960 331 996 ad
361 961 447 996 Cor.
469 971 503 996 111
523 960 561 995 *ε
591 960 683 996 Non
713 959 814 1006 quod
838 959 1063 1007 sufficientes
1098 959 1215 995 simus
1243 959 1347 1008 cogi·
1373 943 1374 999 i
1399 959 1519 1009 gistro
1538 958 1570 1006 ²¹⁸,
1591 971 1666 996 non
1694 961 1844 1010 grande
1870 966 1925 997 est
1942 966 1960 988 η
1988 962 2045 998 his
2069 974 2137 999 nos
2164 974 2243 1000 esse
2269 964 2427 1001 humiles
2446 976 2470 1002 a
2498 972 2710 1000 ‘Lib-11‚¹ndict-

279 1018 360 1049 tare
377 1013 521 1061 aliquid
545 1024 569 1049 a
589 1013 706 1058 nobis,
727 1013 836 1061 quasi
853 1024 903 1048 ex
921 1013 1049 1049 nobis:
1077 1013 1142 1049 sed
1158 1013 1346 1060 sufficien-
1400 1013 1534 1061 quibus
1552 1014 1800 1060 honoramur,
1821 1014 1910 1062 quia
1929 1020 1965 1051 et
1990 1016 2062 1052 hoc
2079 1016 2292 1054 saeculares
2321 1018 2473 1066 quilibet
2496 999 2710 1048 {heip'mn'fl'

279 1067 329 1102 tia
359 1072 486 1102 nostra
514 1078 564 1102 ex
591 1067 674 1102 Deo
703 1072 766 1102 est.
1372 1065 1374 1114 ἶ
1391 1066 1566 1113 jaciunt.-
1593 1067 1659 1103 sed
1695 1067 1765 1104 illis
1793 1067 1962 1104 maxime
1995 1069 2154 1106 humiles
2190 1081 2268 1106 esse
2295 1070 2471 1108 dehemus
2596 1063 2612 1087 ⁷¹

332 1120 423 1156 Non
451 1126 507 1155 est
535 1127 663 1156 autern
682 1118 957 1156 inconveniens
979 1118 1082 1166 quod
1105 1131 1149 1155 ea
1177 1130 1277 1166 quae
1297 1119 1346 1156 ad

279 1172 369 1209 alias
398 1172 554 1209 virtutes
589 1173 796 1222 pertinent,
834 1171 1035 1209 humilitati
1071 1172 1344 1209 adscribantur.

280 1225 379 1272 Quia
407 1226 502 1262 sicut
521 1238 642 1263 unum
670 1226 806 1263 vitium
832 1226 950 1262 oritur
979 1238 1024 1262 ex
1053 1225 1138 1271 alio,
1160 1226 1209 1262 ita
1238 1234 1345 1263 natu—

279 1279 344 1315 rali
372 1279 505 1316 ordine
534 1288 640 1316 actus
669 1279 781 1316 unius
809 1279 956 1316 virtutis
984 1279 1158 1328 procedit
1187 1291 1231 1316 ex
1260 1287 1346 1316 actu

279 1332 442 1370 alterius.

280 1493 456 1541 cipaliter,
478 1505 546 1542 per
564 1493 703 1541 gratiae
724 1493 883 1530 donum.
914 1493 962 1529 Et
981 1501 1166 1542 quantum
1189 1492 1239 1529 ad
1258 1493 1344 1540 hoc,

278 1546 456 1583 interiora
475 1546 708 1594 praecedunt
728 1546 924 1583 exteriora.
945 1566 969 1574 -
998 1545 1114 1583 Aliud
1141 1553 1269 1582 autem
1291 1554 1346 1583 est

278 1600 494 1636 humanum
523 1600 710 1637 studium:
740 1612 809 1649 per
837 1600 941 1648 quod
963 1600 1083 1636 homo
1113 1599 1216 1648 prius
1246 1607 1344 1636 exte·
1370 1611 1371 1648 i

279 1653 378 1690 riora
407 1653 570 1699 cohibet,
601 1661 637 1690 et
664 1653 912 1702 postmodum
950 1652 1124 1701 pertingit
1157 1652 1206 1689 ad
1236 1652 1343 1689 extir-
1370 1650 1371 1689 l

277 1707 449 1755 pandum
476 1707 693 1743 interiorem
724 1707 902 1744 radicem.
933 1706 981 1743 Et
1001 1706 1213 1743 secundum
1242 1706 1345 1743 hunc

278 1760 452 1797 ordinem
481 1760 718 1808 assignantur
745 1759 806 1796 hic
834 1759 1050 1796 humilitatis
1078 1760 1228 1806 gradus.

330 1815 388 1850 AD
408 1825 567 1850 TERTIUM
588 1825 772 1850 DICENDUM
793 1813 898 1860 quod
919 1823 1055 1849 omnes
1083 1812 1222 1859 gradus
1247 1824 1344 1860 quos
1370 1819 1371 1860 l

276 1867 481 1903 Anselmus
501 1866 619 1915 ponit,
642 1865 874 1903 reducuntur
892 1865 941 1902 ad
963 1864 1187 1914 opinionem
1208 1872 1244 1901 et
1263 1877 1344 1902 ma·
1370 1876 1371 1914 ἐ

276 1919 554 1956 nifestationem
581 1927 617 1955 et
644 1919 882 1956 voluntatem
901 1918 1079 1967 propriae
1109 1918 1342 1955 abiectionis.
1370 1928 1372 1942 ³

1372 1122 1374 1169 ζ
1400 1131 1424 1156 a
1444 1120 1577 1168 quibus
1595 1120 1724 1168 aliqua
1738 1121 1920 1168 patimur.
1951 1122 2000 1158 Et
2018 1123 2093 1159 hoc
2111 1123 2274 1171 pertinet
2293 1123 2342 1160 ad
2362 1123 2471 1172 quin·

1372 1179 1374 1221 ᾗ
1400 1180 1481 1210 tum
1502 1181 1538 1210 et
1566 1181 1715 1217 sextum
1735 1175 1908 1222 gradum.
1930 1196 1954 1202 -
1973 1175 2044 1212 Vel
2074 1175 2188 1213 etiam
2212 1176 2472 1214 desideranter

1372 1230 1374 1272 ζ
1401 1227 1624 1263 exteriorem
1655 1227 1909 1264 abiectionem
1933 1229 2193 1278 amplectitur:
2224 1229 2330 1278 quod
2358 1229 2471 1278 perti·

1372 1278 1373 1326 i
1400 1287 1463 1317 net
1482 1281 1531 1317 ad
1551 1280 1756 1329 septimum
1778 1281 1952 1329 gradum.
1969 1304 1993 1310 -
2014 1283 2063 1319 Et
2081 1283 2134 1320 sic
2156 1294 2294 1320 omnes
2311 1283 2370 1320 isti
2389 1295 2472 1331 gra-

1372 1342 1373 1379 i
1401 1334 1472 1370 dus
1510 1334 1751 1371 continentur
1779 1335 1850 1371 sub
1886 1343 1992 1372 sexto
2027 1343 2063 1372 et
2097 1335 2261 1386 septimo
2297 1336 2471 1385 superius

331 1387 391 1423 An
419 1398 611 1423 SECUNDUM
641 1398 823 1423 DICENDUM
848 1386 954 1433 quod
980 1387 1100 1423 homo
1121 1385 1169 1423 ad
1197 1385 1346 1422 humili·
1371 1416 1373 1428 ζ

279 1446 396 1476 tatem
426 1439 598 1488 pervenit
625 1452 694 1488 per
723 1439 812 1477 duo.
843 1439 973 1476 Primo
995 1439 1151 1487 quidem
1182 1446 1218 1475 et
1246 1439 1346 1487 prin·

1401 1387 1643 1424 enumeratis.

1452 1442 1511 1477 Au
1545 1452 1719 1483 QUARTUM
1752 1453 1937 1479 meh-unum
1970 1443 2076 1491 quod
2096 1442 2146 1479 illi
2174 1442 2313 1490 gradus
2332 1440 2345 1463 θ
2374 1442 2471 1480 acci-

1398 1493 1552 1542 piuntur
1580 1507 1659 1531 non
1687 1506 1732 1530 ex
1760 1502 1867 1543 parte
1896 1495 2012 1543 ipsius
2041 1496 2107 1543 rei,
2133 1495 2230 1533 idest
2256 1496 2470 1534 secundum

1370 1575 1372 1598 3
1399 1554 1574 1584 naturam
1603 1547 1845 1585 humilitatis:
1876 1548 1944 1585 sed
1971 1561 2041 1598 per
2070 1549 2400 1598 comparationem
2421 1549 2471 1587 ad

1398 1601 1537 1648 gradus
1565 1601 1781 1648 hominurn,
1808 1601 1873 1649 qui
1902 1610 1989 1639 sunt
2016 1603 2078 1640 vel
2107 1603 2271 1640 maiores
2308 1604 2370 1640 vel
2400 1602 2470 1640 rni-

1399 1666 1512 1690 nores
1544 1655 1607 1691 vel
1636 1655 1827 1703 aequales.

1451 1708 1510 1744 AD
1531 1719 1694 1749 Quini-um
1714 1720 1899 1745 mcaNDUM
1919 1709 2025 1756 quod
2046 1708 2158 1746 etiam
2180 1709 2242 1746 illa
2262 1708 2356 1745 ratio
2381 1721 2469 1758 pro-

1370 1771 1371 1793 }
1399 1759 1498 1796 cedit
1517 1772 1562 1797 ex
1581 1761 1761 1808 gradibus
1776 1761 1997 1799 humilitatis
2017 1775 2096 1799 non
2116 1763 2328 1799 secundum
2345 1762 2468 1811 ipsam

1398 1820 1573 1850 naturam
1603 1814 1670 1860 rei,
1700 1814 1913 1851 secundum
1943 1827 2060 1864 quam
2096 1815 2333 1864 assignantur
2360 1827 2468 1865 prae·
2502 1835 2508 1842 ·

1398 1865 1502 1902 missi
1531 1866 1692 1913 gradus:
1722 1867 1790 1904 sed
1819 1868 2032 1905 secundum
2063 1868 2232 1906 diversas
2265 1869 2469 1907 hominum

1400 1918 1650 1956 conditiones.

326 2043 353 2074 η)
373 2042 478 2075 grande
496 2045 543 2067 est.
557 2056 574 2061 —
592 2041 686 2074 gratia
706 2041 779 2066 deest
797 2041 1002 2073 BDEFIpACK;
1022 2049 1069 2073 pro
1084 2048 1139 2071 nos,
1155 2048 1206 2066 non
1227 2041 1346 2074 BLpCH.
1371 2052 1375 2078 Ι
1453 2039 1478 2074 Θ)
1498 2042 1611 2075 gradus.
1623 2056 1642 2061 —
1660 2045 1715 2067 tres
1732 2042 1837 2076 gradus
1856 2043 1902 2068 Pa.

954 2138 1288 2171 Commentaria
1310 2138 1564 2172 Ocu-ainans
1585 2139 1787 2172 Caietam

305 2247 325 2267 N
342 2236 474 2267 articulo
488 2244 575 2267 sexto
592 2236 788 2277 quaestionis
805 2236 1341 2277 centesimaesexagesimaeprimae,
1365 2234 1367 2272 Ι,
1394 2237 1531 2267 rationes
1551 2237 1750 2277 accipiuntur
1765 2237 1906 2268 termini:
1931 2237 2004 2268 ideo
2022 2245 2068 2270 est
2082 2238 2266 2279 simpliciter
2281 2249 2355 2270 vera
2377 2239 2465 2272 locu-

278 2248 338 2311 lin
363 2281 570 2320 responsione
595 2281 633 2310 ad
658 2281 811 2321 primum,
836 2280 972 2311 dubium
996 2290 1032 2311 ex
1056 2280 1205 2317 Martino,
1229 2281 1261 2311 in
1286 2291 1341 2321 qu.
1366 2292 1367 2311 1
1394 2280 1439 2312 tio
1464 2291 1538 2312 cum
1562 2281 1746 2321 simpliciter
1769 2282 1840 2323 quis
1865 2292 1897 2312 se
1921 2282 2041 2322 profert
2065 2289 2095 2313 et
2117 2290 2202 2314 tenet
2225 2283 2381 2315 viliorem.

35 2330 127 2378 2122}st
136 2336 199 2378 gia„
218 2330 248 2351 de
275 2327 313 2356 de
337 2325 533 2356 Humilitatis
558 2325 714 2355 Gradibus
728 2325 755 2361 *‚
780 2325 930 2361 occurrit,
955 2332 1105 2365 arguente
1129 2332 1237 2356 contra
1260 2325 1342 2356 hanc
1451 2325 1487 2356 11.
1514 2326 1548 2355 ln
1565 2326 1680 2356 eodem
1697 2326 1839 2362 articulo,
1865 2325 1897 2356 in
1921 2327 2128 2367 responsione
2148 2328 2187 2357 ad
2203 2329 2390 2364 secundum,
2407 2328 2466 2359 du-

37 2382 246 2412 *lurespsdargss
274 2370 526 2410 responsionem,
545 2370 679 2400 dicendo
693 2370 710 2388 *
726 2370 824 2410 quod,
853 2384 867 2398 κ
886 2369 911 2400 si
927 2370 1038 2400 beatus
1054 2370 1198 2400 Thomas
1215 2369 1343 2400 dixisset
1367 2387 1368 2399 l

275 2415 364 2455 quod
387 2421 493 2455 potest
515 2414 586 2455 quis
607 2414 731 2444 credere
747 2424 779 2444 se
795 2415 946 2445 omnibus
961 2414 1107 2446 viliorem
1121 2414 1240 2455 absque
1254 2424 1341 2445 men·
1366 2447 1368 2452 ,

1394 2369 1484 2400 bium
1501 2380 1538 2400 ex
1554 2370 1702 2406 Martino,
1722 2370 1840 2401 ibidem
1858 2370 1885 2407 *,
1910 2371 2055 2407 occurrit,
2080 2378 2231 2411 arguente
2254 2379 2364 2403 contra
2384 2372 2466 2404 hanc
2493 2380 2706 2411 ’mre-padam.

1394 2413 1590 2445 solutionem
1604 2415 1630 2446 *.
1660 2415 1735 2445 Non
1764 2421 1811 2445 est
1837 2415 1963 2447 bonitas
1986 2415 2018 2445 in
2043 2422 2113 2446 actu
2138 2415 2281 2446 exteriori
2308 2416 2367 2447 nisi
2391 2426 2466 2457 pro·
2490 2413 2679 2461 &mm-„-

275 2460 378 2496 dacio,
404 2458 534 2489 faciliter
557 2459 806 2489 consensissem:
831 2459 886 2490 sed
905 2459 980 2499 quia
996 2459 1082 2495 dixit,
1107 2459 1226 2500 absque
1240 2458 1342 2499 falsi·
1366 2465 1368 2486 ἲ

275 2509 351 2541 tate,
369 2513 433 2533 non
458 2503 582 2533 videtur
598 2503 676 2533 mihi
692 2513 803 2534 verum
823 2516 850 2534 ».
878 2504 918 2534 Et
934 2504 1096 2544 probatur.
1126 2503 1211 2541 Quia
1234 2503 1259 2534 si
1280 2503 1342 2534 sint

276 2549 385 2578 decem
408 2547 465 2578 viri
488 2547 643 2584 humiles,
668 2555 722 2578 aut
752 2547 885 2588 quilibet
911 2555 957 2579 est
980 2548 1131 2579 omnibus
1153 2547 1262 2578 vilior:
1287 2555 1343 2579 aut

275 2603 352 2623 non.
381 2592 413 2622 Si
437 2602 513 2628 non,
538 2602 613 2632 ergo
637 2592 714 2622 falsa
739 2599 785 2622 est
808 2592 984 2624 aestimatio
1008 2603 1072 2633 qua
1095 2592 1229 2633 quilibet
1251 2599 1342 2632 putat

275 2647 307 2668 se
324 2636 431 2668 ceteris
446 2636 602 2668 viliorem.
622 2654 642 2659 -
662 2637 694 2667 Si
711 2636 764 2673 sic,
782 2647 856 2677 ergo
876 2637 999 2677 primus
1016 2644 1062 2668 est
1081 2636 1173 2667 vilior
1187 2637 1341 2668 secundo.
1367 2661 1368 2670 2

275 2682 316 2712 Et
338 2688 423 2717 tunc,
449 2681 540 2717 ultra,
565 2691 639 2721 ergo
664 2681 822 2712 secundus
846 2692 911 2712 non
936 2689 982 2712 est
1005 2681 1099 2712 vilior
1121 2681 1237 2722 primo.
1265 2682 1342 2712 Pro—

275 2727 366 2757 batur
381 2726 438 2756 ista
455 2726 592 2756 secunda
613 2726 856 2767 consequentia:
881 2726 956 2767 quia
973 2725 997 2756 si
1015 2726 1173 2756 secundus
1189 2732 1235 2756 est
1250 2725 1343 2756 vilior

275 2770 388 2810 primo,
414 2777 444 2800 et
467 2770 589 2810 primus
614 2776 660 2801 est
681 2770 775 2800 vilior
797 2770 954 2801 secundo:
983 2779 1058 2810 ergo
1082 2769 1205 2810 primus
1228 2777 1274 2800 est
1296 2771 1342 2801 vi·

275 2815 335 2845 lior
359 2814 475 2854 seipso.

330 2859 381 2889 Ad
405 2859 466 2889 hoc
489 2858 623 2889 breviter
646 2858 759 2889 dicitur
782 2859 870 2899 quod
887 2859 1008 2899 optime
1024 2858 1101 2889 dixit
1116 2861 1238 2889 Auctor
1252 2860 1341 2900 quod

275 2913 340 2934 non
358 2903 465 2934 solum
489 2903 607 2943 absque
623 2902 800 2939 mendacio,
823 2903 878 2933 sed
901 2903 1019 2944 absque
1033 2903 1186 2944 salsitate
1208 2903 1342 2944 quilibet

275 2954 379 2988 potest
403 2957 435 2978 se
455 2947 516 2977 alio
538 2947 682 2977 viliorem
705 2947 829 2978 credere
848 2954 879 2978 et
902 2947 1014 2978 dicere.
1039 2948 1079 2979 Et
1099 2958 1174 2978 cum
1189 2948 1340 2988 arguitur,

275 2992 340 3022 Aut
357 2991 487 3032 quilibet
503 2996 550 3022 est
565 2992 630 3022 alio
650 2992 745 3022 vilior
759 2997 817 3022 aut
833 3000 916 3023 non:
938 2993 1147 3032 respondetur
1166 2993 1254 3034 quod
1271 2993 1341 3034 qui·
1367 3024 1368 3029 ,

275 3036 350 3067 libet
374 3043 420 3067 est
442 3036 505 3066 alio
528 3035 621 3066 vilior
644 3035 808 3066 referendo
833 3036 922 3077 quod
946 3046 1042 3067 suum
1065 3044 1111 3067 est
1134 3037 1174 3067 ad
1197 3037 1229 3067 id
1253 3037 1341 3078 quod
1367 3038 1368 3047 ¹

275 3080 334 3110 Dei
358 3087 404 3111 est
427 3080 460 3111 in
484 3079 557 3110 alio.
589 3080 633 3110 Ita
662 3080 747 3110 enim
778 3081 811 3110 in
837 3080 1024 3111 huiusmodi
1053 3081 1181 3112 materia
1204 3081 1341 3112 sumitur

275 3124 308 3165 ly
329 3134 364 3156 se
387 3131 418 3155 et
440 3125 472 3166 ly
495 3125 572 3162 alio,
597 3134 672 3155 cum
687 3124 801 3155 dicitur
823 3125 913 3166 quod
937 3124 1070 3166 quilibet
1093 3135 1124 3156 se
1140 3125 1190 3156 alii
1207 3126 1341 3157 subdere
1367 3123 1368 3136 ³

276 3179 331 3208 per
350 3168 563 3200 humilitatem
587 3169 687 3200 debet.
713 3169 753 3200 Et
770 3179 844 3200 cum
860 3177 969 3200 contra
985 3170 1135 3209 arguitur,
1159 3170 1195 3200 Si
1211 3171 1342 3211 primus

276 3218 322 3243 est
345 3214 439 3244 vilior
460 3213 618 3251 secundo,
637 3220 712 3250 etc.,
743 3214 874 3244 concedi
903 3221 1007 3255 potest
1030 3221 1154 3245 totum:
1186 3215 1341 3256 quoniam
1367 3222 1368 3245 ὲ

277 3266 342 3286 non
372 3257 553 3289 inconvenit
581 3257 670 3299 quod
700 3257 822 3298 primus
850 3258 889 3289 sit
915 3258 1008 3289 vilior
1031 3258 1135 3299 seipso
1164 3260 1341 3290 secundum

278 3300 412 3331 diversas
435 3302 581 3333 rationes.
605 3302 831 3339 Veruntamen,
851 3303 890 3333 ad
907 3313 983 3339 rem,
1001 3303 1171 3334 dicendum
1187 3311 1233 3334 est
1251 3305 1341 3345 quod
1367 3298 1368 3333 ἕ

278 3344 418 3384 quilibet,
443 3346 562 3376 ratione
583 3347 650 3377 eius
673 3347 762 3388 quod
786 3357 881 3378 suum
898 3355 952 3383 est,
971 3348 1114 3389 quolibet
1130 3347 1202 3384 alio,
1220 3348 1341 3379 ratione

279 3387 346 3418 eius
362 3390 448 3429 quod
465 3397 510 3420 est
522 3390 590 3426 Dei,
604 3398 650 3421 est
665 3391 810 3422 inferior:
831 3392 872 3422 ita
887 3392 976 3432 quod
992 3392 1125 3432 quilibet
1137 3400 1182 3424 est
1197 3393 1342 3433 quolibet
1367 3405 1368 3412 ¹

278 3431 406 3462 inferior
433 3434 607 3464 secundum
631 3445 740 3472 suum,
764 3442 794 3466 et
817 3436 961 3476 superior
984 3437 1161 3468 secundum
1184 3437 1340 3468 divinum.

279 3476 320 3506 Et
335 3475 360 3505 si
376 3486 413 3506 ex
429 3476 489 3507 hoc
505 3477 663 3515 inferatur,
681 3480 773 3521 Ergo
789 3481 918 3520 quilibet
933 3480 1070 3521 inferior
1085 3486 1132 3512 est
1148 3486 1178 3512 et
1192 3483 1342 3522 superior
1367 3480 1368 3484 ’

278 3521 392 3560 seipse,
413 3521 586 3551 secundum
607 3522 725 3553 diversa
741 3534 822 3564 quae
838 3525 870 3554 in
896 3535 934 3555 eo
957 3532 1046 3556 sunt:
1068 3525 1175 3556 nullus
1192 3536 1278 3556 error
1292 3525 1341 3556 in·
1367 3513 1368 3539 l

280 3564 422 3595 curritur.
452 3564 492 3595 Et
515 3565 590 3605 quia
614 3576 774 3597 sermones
797 3567 1015 3609 intelliguntur
1038 3570 1215 3601 secundum
1238 3570 1340 3601 subie-
1367 3566 1368 3569 ¹

280 3614 363 3639 ctam
386 3608 565 3643 materiam;
590 3616 620 3640 et
643 3609 674 3640 in
699 3611 826 3642 materia
853 3612 1037 3644 humilitatis
1067 3614 1244 3645 secundum
1267 3614 1340 3645 istas
1367 3609 1368 3641 l

1394 2465 1463 2498 pter
1485 2458 1661 2490 bonitatem
1686 2466 1773 2490 actus
1796 2459 1964 2491 interioris.
1990 2460 2085 2499 Ergo,
2111 2459 2135 2490 si
2159 2459 2245 2501 quis,
2270 2470 2326 2500 per
2349 2461 2466 2501 gratiae

1395 2503 1518 2533 donum
1535 2503 1600 2534 sive
1620 2513 1676 2544 per
1690 2503 1869 2534 humanum
1886 2503 2038 2540 studium,
2054 2504 2161 2535 veniat
2176 2504 2215 2534 ad
2234 2504 2464 2543 humilitatam

1395 2557 1520 2578 necesse
1551 2554 1597 2578 est
1627 2548 1716 2588 quod
1748 2548 1835 2588 prius
1864 2548 1976 2579 habeat
2004 2555 2111 2579 actum
2134 2548 2318 2579 interiorem
2342 2550 2465 2581 bonum

1395 2601 1492 2632 quam
1516 2600 1623 2623 actum
1647 2592 1845 2624 exteriorem.

1450 2636 1630 2673 Praeterea,
1660 2637 1813 2668 cohibitio
1846 2637 1899 2667 illa
1929 2637 2120 2668 exteriorum
2152 2644 2207 2668 aut
2236 2644 2283 2669 est
2312 2637 2466 2678 imperata

1395 2680 1553 2712 mediante
1576 2681 1686 2722 aliquo
1710 2682 1798 2712 bono
1821 2681 1962 2712 interiori
1986 2689 2058 2712 actu
2081 2682 2284 2713 humilitatis:
2309 2689 2364 2714 aut
2387 2692 2464 2715 non.

1395 2724 1427 2755 Si
1451 2735 1526 2762 non,
1552 2735 1627 2766 ergo
1652 2736 1718 2756 non
1743 2726 1877 2766 pertinet
1900 2726 1940 2757 ad
1962 2726 2186 2758 humilitatem.
2211 2726 2243 2758 Si
2263 2726 2317 2763 sic,
2335 2736 2409 2768 ergo
2431 2727 2464 2758 in

1395 2769 1602 2810 acquisitione
1633 2770 1820 2802 humilitatis
1851 2780 1907 2811 per
1935 2770 2117 2802 humanum
2144 2770 2287 2802 studium
2315 2770 2466 2802 interiora

1395 2815 1587 2854 praecedunt
1610 2815 1772 2846 exteriora.

1451 2858 1503 2890 111.
1528 2859 1650 2890 Deinde
1666 2859 1769 2900 arguit
1789 2866 1898 2890 contra
1914 2859 1994 2890 illud
2013 2859 2144 2898 litterae,
2168 2859 2264 2891 Prius
2279 2861 2465 2891 exteriora:

1395 2908 1426 2933 et
1441 2903 1646 2943 postmodum
1666 2905 1827 2945 pertingit
1848 2904 1892 2935 ad
1915 2904 2142 2944 extirpandum
2167 2905 2351 2935 interiorem
2376 2904 2465 2935 radi-

1367 2963 1368 2983 ,
1394 2957 1460 2978 cem
1476 2948 1502 2978 *.
1526 2948 1645 2985 Primo,
1662 2948 1737 2989 quia
1757 2948 1913 2988 contingit
1928 2948 2018 2989 quod
2033 2948 2158 2989 aliquis,
2175 2949 2294 2989 absque
2309 2948 2465 2980 contraria

1395 2992 1513 3029 radice,
1539 2993 1577 3023 ab
1605 2992 1736 3024 ineunte
1765 3000 1867 3024 aetate
1894 2999 2052 3023 assuescat
2080 2992 2268 3024 humilitati:
2300 2999 2330 3024 et
2354 3003 2463 3024 conse-

1394 3044 1528 3077 quenter
1551 3047 1618 3068 non
1642 3044 1731 3077 egeat
1753 3036 1960 3077 extirpatione
1984 3036 2104 3068 radicis.

1450 3081 1608 3118 Secundo,
1626 3081 1701 3123 quia
1717 3082 1750 3112 in
1769 3081 1874 3122 primo
1893 3081 1992 3122 gradu
2013 3081 2126 3112 dicitur
2138 3081 2172 3111 *ε
2201 3080 2307 3112 Corde
2322 3086 2353 3112 et
2367 3091 2465 3122 opere
2492 3088 2501 3097 ·

1393 3135 1519 3166 semper
1533 3126 1744 3157 humilitatem
1761 3126 1938 3163 ostendere,
1950 3125 2066 3167 defixis
2080 3125 2112 3155 in
2129 3130 2250 3156 terram
2268 3126 2380 3156 oculis.
2397 3127 2464 3157 Aut

1394 3180 1469 3210 ergo
1486 3171 1613 3202 iubetur
1629 3171 1794 3202 ostendere
1810 3170 2022 3201 humilitatem
2038 3179 2120 3211 quae
2135 3176 2200 3200 est:
2225 3176 2280 3200 aut
2298 3179 2380 3211 quae
2396 3179 2463 3201 non

1395 3221 1452 3245 est.
1475 3215 1550 3245 Non
1574 3225 1656 3256 quae
1680 3225 1746 3246 non
1770 3222 1831 3246 est:
1861 3214 1937 3255 quia
1960 3221 2041 3245 esset
2063 3213 2161 3245 fictio.
2190 3214 2274 3254 Ergo
2299 3224 2381 3255 quae
2404 3221 2461 3246 est.

1367 3260 1368 3266 ¹
1394 3259 1456 3290 Sed
1473 3270 1539 3290 non
1556 3266 1602 3290 est
1618 3259 1780 3290 humilitas
1796 3258 1855 3290 nisi
1872 3265 2020 3299 corrupta
2034 3258 2074 3289 sit
2089 3257 2175 3288 radix
2191 3258 2355 3290 contraria.
2377 3259 2462 3299 Ergo

1394 3314 1460 3334 non
1491 3303 1578 3344 prius
1602 3310 1648 3335 est
1678 3303 1845 3335 exteriores
1868 3309 1956 3334 actus
1981 3302 2127 3333 cohibere
2157 3312 2254 3343 quam
2278 3302 2462 3334 interiorem

1394 3348 1531 3379 radicem
1555 3348 1716 3388 extirpare,
1741 3348 1796 3378 sed
1819 3357 1836 3378 e
1860 3353 1977 3378 contra.

1450 3393 1503 3424 lv.
1527 3392 1579 3423 Ad
1594 3392 1671 3423 haec
1688 3391 1802 3423 dicitur
1816 3391 1905 3432 quod
1920 3393 2041 3421 Auctor
2057 3400 2224 3431 nunquam
2249 3390 2334 3427 dicit,
2350 3398 2387 3422 ut
2404 3390 2462 3422 iste

1367 3436 1368 3440 ’
1394 3437 1557 3477 arguendo
1587 3435 1743 3472 somniat,
1767 3435 1857 3476 quod
1888 3434 1975 3475 pn'us
2005 3434 2059 3466 fiat
2088 3442 2175 3466 actus
2199 3435 2334 3466 exterior
2356 3436 2462 3467 bonus

1395 3491 1492 3522 quam
1516 3481 1555 3511 sit
1578 3480 1706 3511 interior
1730 3480 1845 3516 bonus,
1861 3486 1915 3510 aut
1931 3479 1998 3510 sine
2014 3479 2154 3510 interiori
2178 3481 2275 3511 bono.
2301 3480 2362 3511 Sed
2386 3479 2462 3511 dicit

1395 3525 1484 3566 quod
1514 3524 1693 3555 humanum
1721 3523 1863 3554 studium
1893 3523 2021 3563 inchoat
2049 3534 2066 3554 a
2090 3524 2269 3555 cohibendo
2294 3524 2460 3555 exteriores

1396 3576 1498 3605 actus,
1523 3575 1554 3599 et
1577 3568 1689 3599 deinde
1713 3568 1752 3598 ad
1776 3567 1958 3598 interiorem
1982 3567 2120 3598 radicem
2143 3568 2359 3609 extirpandam
2390 3577 2460 3609 per—

1396 3613 1489 3644 venit.
1514 3613 1611 3650 Quod
1631 3612 1820 3653 experientia
1839 3612 2023 3653 quotidiana
2039 3618 2179 3644 testatur.
2204 3612 2358 3650 Quotidie
2374 3611 2459 3643 enim

2491 2955 2500 2965 ·
2514 2954 2551 2977 ef.
2565 2961 2630 2979 nun.
2644 2961 2666 2978 v.
