2768 4198
47 998 55 1007 ·
84 996 130 1022 Qu.
159 999 256 1020 ‹zi-xxxx,

46 1027 86 1044 art.
104 1029 118 1043 1.

53 1643 62 1653 ⁸
82 1642 130 1663 Lib,
151 1641 191 1667 VI,
214 1646 265 1668 cap.

55 1857 64 1866 ⁸
79 1858 127 1877 Art.
143 1861 163 1876 2.

276 253 354 299 448

900 244 1168 294 QUAESTIO
1199 240 1446 286 CLXXXIII,
1476 240 1775 278 ARTICULUS
1807 240 1855 276 III

1086 365 1407 410 ARTICULUS
1436 365 1668 408 TERTIUS

874 464 1030 496 UTRUM
1056 460 1231 494 OFFICIA
1255 457 1616 490 DISTINGUANTUR
1640 461 1722 491 PER
1746 461 1890 492 ACTUS

340 581 378 597 κ»
402 600 408 611 ,
494 575 516 599 D
535 571 696 598 TERTIUM
716 570 769 594 sm
789 566 1033 593 PROCEDITUR.
1063 553 1223 590 Videtur
1245 548 1351 598 quod

337 606 355 635 '⁸
423 606 470 664 ’ζῖ
496 614 619 651 officia
640 624 717 648 non
740 610 1015 657 distinguantur
1030 619 1098 656 per
1118 614 1235 643 actus.
1258 605 1354 641 Sunt

478 665 596 704 enim
627 664 797 702 infinitae
828 661 1065 700 diversitates
1090 661 1352 697 humanorum

496 728 672 766 actuum,
702 726 780 755 tam
810 717 848 754 in
878 715 1134 764 spiritualibus
1168 724 1286 762 quam
1316 709 1355 747 in

282 774 568 825 temporalibus,
609 773 686 809 Sed
721 771 958 809 infinitorum
995 781 1074 805 non
1111 774 1237 816 potest
1273 776 1355 802 esse

284 838 384 867 certa
406 826 605 865 distinctio.
632 827 735 874 Ergo
756 837 824 874 per
845 823 1081 861 diversitates
1102 830 1256 859 actuum
1278 830 1356 856 non
1383 836 1385 843 ·

282 890 407 932 potest
429 893 509 917 esse
526 881 787 917 humanorum
804 878 1019 915 officiorum
1038 883 1139 913 certa
1155 871 1356 912 distinctio.

339 949 373 973 2.
395 936 632 980 PRAETEREA‚
661 933 739 970 vita
769 931 892 969 activa
913 939 949 968 et
974 928 1272 978 contemplativa
1302 938 1358 963 se-

285 989 455 1026 cundum
476 995 582 1024 actus
603 986 892 1034 distinguuntur,
914 993 955 1022 ut
975 984 1119 1022 dictum
1146 990 1200 1019 est
1219 981 1249 1018 ³¹².
1282 981 1359 1017 Sed

285 1042 357 1080 alia
385 1041 537 1078 videtur
575 1053 658 1077 esse
697 1039 884 1077 distinctio
920 1038 1139 1076 officiorum
1173 1050 1195 1073 a
1231 1034 1360 1073 distin-

286 1096 411 1134 ctione
448 1094 629 1132 vitarum.
664 1095 757 1138 Non
791 1105 881 1142 ergo
916 1092 1043 1130 officia
1079 1091 1361 1139 distinguuntur

285 1163 354 1200 per
383 1156 500 1186 actus.

342 1204 376 1240 3.
416 1203 663 1248 PRAETEREA,
704 1199 856 1238 ordines
892 1200 1005 1237 etiam
1045 1198 1287 1237 ecclesiastici
1326 1205 1362 1234 et

287 1264 405 1294 status
435 1264 471 1292 et
499 1255 638 1304 gradus
667 1267 736 1304 per
765 1262 870 1291 actus
900 1253 1077 1302 distingui
1100 1252 1290 1291 videntur.
1323 1251 1361 1288 Si

289 1323 378 1359 ergo
406 1310 532 1347 officia
562 1309 839 1358 distinguantur
858 1320 927 1357 per
947 1315 1064 1355 actus,
1085 1307 1236 1345 videtur
1255 1306 1362 1355 sequi
1390 1303 1391 1309 ’

289 1364 396 1413 quod
434 1364 571 1401 eadem
607 1363 653 1400 sit
688 1362 876 1400 distinctio
916 1362 1146 1409 officiorum,
1176 1361 1362 1410 graduum

289 1426 327 1455 et
354 1425 534 1454 statuum.
566 1418 653 1453 Hoc
682 1424 810 1454 autem
833 1423 888 1453 est
908 1417 1067 1454 falsum:
1098 1415 1187 1464 quia
1208 1414 1364 1452 diversi-

290 1472 407 1509 mode
428 1472 467 1509 in
486 1485 574 1510 suas
594 1478 720 1520 partes
741 1469 974 1507 dividuntur.
995 1470 1087 1506 Non
1109 1481 1199 1518 ergo
1214 1469 1366 1506 videtur

291 1525 397 1575 quod
426 1526 554 1564 officia
581 1524 859 1574 distinguantur
887 1536 956 1573 per
984 1531 1103 1560 actus.

347 1580 422 1616 SED
451 1591 599 1618 CONTRA
629 1591 695 1616 Esr
723 1579 829 1628 quod
859 1578 1026 1617 Isidorus
1061 1576 1165 1624 dicit,
1196 1577 1232 1614 in
1269 1576 1365 1614 libro

291 1634 459 1681 Etymol.
480 1634 512 1682 ²¹²,
534 1633 639 1684 quod
659 1633 828 1682 officium
848 1634 897 1670 ab
916 1630 1113 1682 efficiendo
1138 1636 1193 1668 est
1214 1631 1364 1675 dictum,

293 1687 404 1736 quasi
420 1689 600 1736 efficium,
615 1692 774 1736 propter
792 1686 965 1724 decorem
984 1685 1170 1722 sermonis
1190 1696 1266 1721 una
1286 1695 1368 1721 mu—

294 1746 372 1778 tata
409 1742 542 1779 littera.
583 1740 659 1778 Sed
689 1739 840 1777 efficere
878 1739 1040 1789 pertinet
1078 1737 1126 1775 ad
1163 1737 1367 1774 actionem.

296 1795 399 1842 Ergo
429 1795 557 1834 officia
584 1806 653 1844 per
681 1802 785 1831 actus
815 1793 1108 1842 distinguuntur.

350 1849 577 1888 RESPONDEo
600 1859 786 1886 D1CENDUM
811 1848 933 1897 quod,
963 1848 1060 1884 sicut
1088 1845 1232 1884 dictum
1263 1852 1319 1882 est
1337 1843 1367 1891 *,

297 1901 495 1941 diversitas
524 1903 562 1940 in
591 1901 777 1940 membris
812 1901 1007 1939 Ecclesiae
1035 1899 1086 1937 ad
1114 1898 1183 1936 tria
1219 1898 1370 1936 ordina-

296 1963 356 1994 tur
377 1961 413 1993 ⁶⁶:
450 1956 590 1995 scilicet
618 1956 667 1994 ad
695 1955 991 2005 perfectionem,
1022 1953 1212 1991 actionem
1243 1960 1278 1989 et
1307 1951 1371 1990 de-

298 2023 441 2048 corem.
472 2012 522 2049 Et
541 2009 754 2047 secundum
774 2010 870 2047 haec
898 2008 966 2046 tria
985 2006 1001 2038 β
1028 2007 1162 2057 triplex
1182 2006 1371 2044 distinctio

298 2065 523 2104 diversitatis
552 2064 726 2102 fidelium
755 2063 876 2114 accipi
904 2070 1041 2112 potest.
1077 2062 1163 2099 Una
1201 2060 1371 2110 quidem,

298 2132 367 2171 per
403 2125 621 2169 respectum
658 2118 706 2155 ad
744 2116 1033 2167 perfectionem.
1072 2116 1121 2152 Et
1157 2114 1371 2152 secundum

298 2174 374 2212 hoc
402 2172 585 2223 accipitur
613 2172 827 2210 differentia
856 2178 1043 2216 statuum,
1073 2176 1187 2219 prout
1215 2168 1372 2218 quidam

300 2234 388 2266 sunt
415 2227 496 2266 aliis
524 2225 781 2277 perfectiores.
812 2247 836 2254 -
864 2224 950 2262 Alia
977 2236 1072 2262 vero
1095 2222 1283 2261 distinctio
1313 2234 1373 2259 ac-

301 2281 436 2332 cipitur
463 2293 533 2330 per
561 2287 778 2328 respectum
807 2280 854 2316 ad
884 2277 1088 2315 actionem.
1119 2277 1168 2314 Et
1195 2277 1292 2313 haec
1321 2282 1376 2312 est

302 2335 490 2374 distinctio
510 2339 526 2363 Υ
555 2333 796 2372 officiorum:
827 2332 1004 2371 dicuntur
1024 2331 1124 2368 enim
1155 2330 1193 2367 in
1217 2329 1376 2368 diversis

302 2389 439 2428 officiis
468 2400 550 2427 esse
580 2387 645 2438 qui
673 2395 759 2425 sunt
788 2386 837 2425 ad
867 2386 1038 2423 diversas
1058 2384 1228 2422 actiones
1257 2383 1375 2433 depu-

1406 549 1696 598 pulchritudinis
1717 551 2005 588 ecclesiasticae.
2027 552 2076 588 Et
2095 550 2310 587 secundum
2327 550 2403 586 hoc
2423 562 2483 586 ac-

1408 602 1544 651 cipitur
1565 603 1777 640 differentia
1796 605 2004 652 graduum:
2033 613 2148 653 prout
2167 605 2318 651 scilicet,
2341 604 2456 641 etiam
2471 601 2484 624 ⁶
2610 596 2624 621 ὃ

1408 656 1447 692 in
1477 657 1616 693 eodem
1648 664 1745 694 statu
1773 658 1836 694 vel
1874 658 2020 704 officio,
2050 671 2150 695 unus
2180 666 2236 695 est
2264 659 2339 695 alio
2373 669 2484 706 supe-

1409 709 1496 747 rior.
1518 710 1630 747 Unde
1651 718 1688 747 et
1709 711 1745 747 in
1760 711 1917 748 Psalmo
1933 711 1953 733 ²¹²
1973 711 2119 759 dicitur,
2136 712 2351 750 secundum
2371 712 2485 749 aliam
2514 714 2727 768 Lamum

1409 763 1572 801 litteram
1592 763 1632 800 *ε
1662 765 1767 801 Deus
1785 764 1823 801 in
1851 764 2036 814 gradibus
2064 766 2143 802 eius
2171 772 2433 817 cognoscetur.
2516 770 2705 799 ’LXXInta-r-

1465 819 1523 854 AD
1554 829 1693 854 ptumum
1721 830 1821 856 ERGO
1851 830 2038 856 DtCENDUM
2067 821 2172 867 quod
2201 820 2406 859 materialis
2435 818 2488 856 di-

1411 871 1571 909 versitas
1599 872 1860 910 humanorum
1896 868 2052 911 actuum
2083 880 2138 910 est
2164 873 2324 912 infinita.
2355 875 2404 912 Et
2432 885 2489 909 se-

1414 925 1584 962 cundum
1615 926 1715 962 hanc
1743 939 1822 964 non
1853 927 2137 976 distinguuntur
2164 927 2313 965 officia:
2343 929 2411 966 sed
2431 939 2489 964 se-

1414 979 1585 1016 cundum
1623 980 1826 1018 formalem
1864 981 2144 1029 diversitatem,
2174 994 2274 1030 quae
2307 981 2491 1031 accipitur

1415 1033 1629 1070 secundum
1670 1034 1841 1076 diversas
1879 1036 2026 1086 species
2061 1045 2239 1083 actuum;
2277 1036 2491 1074 secundum

1415 1099 1534 1136 quam
1564 1094 1671 1124 actus
1700 1088 1868 1126 hominis
1898 1103 1976 1127 non
2006 1097 2094 1128 sunt
2120 1090 2268 1128 infiniti.

1469 1142 1528 1178 AD
1549 1153 1741 1179 SECUNDUM
1762 1155 1948 1187 DlCENDUM
1977 1144 2084 1193 quod
2111 1145 2191 1182 vita
2215 1144 2351 1182 dicitur
2378 1145 2491 1181 abso-

1416 1196 1504 1233 lute.
1537 1195 1585 1232 Et
1613 1195 1702 1233 ideo
1733 1196 1932 1236 diversitas
1960 1198 2126 1236 vitarum
2155 1199 2339 1248 accipitur
2358 1209 2493 1235 secun-

1418 1250 1511 1287 dum
1542 1250 1715 1288 diversos
1745 1259 1852 1288 actus
1890 1252 1954 1302 qui
1984 1253 2221 1291 conveniunt
2257 1251 2408 1290 homini
2436 1263 2493 1288 se-

1419 1304 1590 1341 cundum
1620 1305 1800 1355 seipsum.
1833 1306 1910 1344 Sed
1939 1306 2154 1354 efficientia,
2177 1319 2199 1344 a
2227 1319 2304 1355 qua
2333 1306 2494 1344 sumitur

1419 1370 1564 1395 nomen
1584 1360 1712 1407 officii,
1734 1367 1775 1397 ut
1795 1359 1938 1397 dictum
1959 1368 2015 1398 est
2033 1360 2064 1408 ²⁸,
2095 1362 2278 1411 importat
2301 1360 2494 1398 actionem
2523 1366 2659 1396 ‘Ars-Sed
2673 1367 2736 1388 ⁰⁰⁸¹-

1419 1412 1641 1450 tendentem
1671 1413 1709 1450 in
1735 1413 1850 1460 aliud,
1871 1421 1912 1450 ut
1941 1414 2077 1452 dicitur
2105 1415 2143 1452 in
2164 1415 2218 1452 IX
2235 1415 2456 1463 Metaphys.
2476 1413 2496 1436 ²⁸³
2522 1412 2737 1463 ζῇχῖξῑάἦῗῗζζ

1421 1467 1470 1503 Et
1497 1465 1585 1509 ideo
1616 1466 1743 1504 officia
1773 1467 2054 1516 distinguuntur
2089 1468 2244 1519 proprie
2280 1468 2495 1507 secundum
2523 1467 2587 1523 ,ξιξ
2610 1472 2662 1495 ⁰⁸⁹·
2686 1471 2738 1493 '¹¹¹’

1421 1527 1527 1557 actus
1557 1520 1621 1568 qui
1659 1521 1874 1558 referuntur
1901 1522 1951 1559 ad
1980 1522 2094 1560 alios:
2131 1523 2227 1560 sicut
2255 1521 2392 1560 dicitur
2429 1523 2496 1560 do-

1422 1581 1504 1610 ctor
1531 1573 1675 1611 habere
1704 1574 1900 1622 officium,
1929 1576 1991 1612 vel
2021 1576 2147 1624 iudex,
2179 1584 2215 1614 et
2242 1575 2296 1615 sic
2325 1576 2373 1614 de
2403 1577 2497 1615 aliis.

1422 1628 1471 1664 Et
1500 1627 1587 1664 ideo
1609 1627 1777 1665 Isidorus
1798 1627 1920 1666 dicit*
1939 1630 2045 1678 quod
2066 1630 2239 1669 officium
2265 1638 2322 1668 est
2341 1636 2382 1667 ut
2399 1631 2498 1680 quis·
2526 1636 2663 1664 ’δοιὼ
2685 1662 2690 1669 .

1422 1692 1495 1729 que
1523 1680 1587 1717 illa
1615 1687 1711 1731 agat
1728 1693 1826 1730 quae
1854 1682 1949 1720 nulli
1975 1684 2157 1732 officiant,
2178 1684 2217 1722 id
2246 1692 2302 1722 est
2321 1691 2498 1732 noceant,

1422 1734 1489 1772 sed
1508 1734 1661 1782 prosint
1686 1736 1872 1773 omnibus.

1478 1789 1537 1824 An
1556 1799 1719 1827 TERTmM
1743 1801 1930 1826 DlCENDuM
1953 1791 2059 1838 quod
2089 1790 2289 1829 diversitas
2318 1797 2500 1838 statuum,

1426 1843 1644 1881 officiorum
1673 1850 1710 1880 et
1737 1845 1928 1892 graduum
1956 1845 2171 1882 secundum
2206 1844 2357 1883 diversa
2384 1845 2502 1883 sumi-

1425 1905 1498 1944 tur,
1527 1904 1570 1934 ut
1597 1897 1741 1934 dictum
1772 1906 1828 1936 est
1846 1898 1876 1936 *.
1917 1898 2114 1948 Contingit
2139 1906 2270 1937 tamen
2299 1897 2405 1948 quod
2432 1898 2503 1937 ista
2530 1902 2702 1931 ’hm

1426 1951 1496 1989 tria
1525 1950 1563 1988 in
1593 1952 1732 1989 eodem
1756 1961 2003 1991 concurrant:
2033 1960 2138 2003 puta,
2159 1965 2248 1991 cum
2278 1952 2414 2004 aliquis
2439 1953 2504 1992 de·

1426 2012 1580 2055 putatur
1599 2005 1649 2044 ad
1669 2005 1837 2055 aliquem
1866 2014 1995 2044 actum
2024 2007 2211 2054 altiorem,
2232 2006 2345 2045 simul
2364 2017 2410 2045 ex
2427 2007 2505 2045 hoc

1426 2060 1543 2096 habet
1572 2067 1608 2096 et
1637 2059 1808 2097 officium
1848 2068 1884 2097 et
1912 2060 2097 2109 gradum;
2127 2068 2166 2099 et
2191 2060 2349 2099 ulterius
2383 2073 2506 2110 quan-

1428 2114 1557 2162 doque
1577 2118 1589 2134 ·
1618 2113 1861 2163 perfectionis
1890 2121 2043 2162 statum,
2070 2122 2227 2165 propter
2253 2122 2361 2152 actus
2389 2114 2504 2153 subli-
2633 2121 2646 2139 ⁸

1427 2167 1612 2213 mitatem,
1635 2167 1732 2205 sicut
1759 2175 1862 2218 patet
1881 2168 1930 2206 de
1960 2168 2155 2219 episcopo.
2187 2168 2354 2207 Ordines
2373 2176 2505 2207 autem

1428 2220 1670 2258 ecclesiastici
1689 2221 1901 2270 specialiter
1921 2221 2201 2271 distinguuntur
2221 2222 2434 2261 secundum
2451 2223 2507 2261 of·

1429 2273 1517 2312 ficia
1545 2273 1676 2311 divina
1698 2273 1729 2312 ‘z
1760 2275 1848 2312 dicit
1877 2275 1979 2314 enim
2010 2276 2191 2324 Isidorus,
2220 2276 2259 2314 in
2288 2276 2386 2314 libro
2412 2277 2508 2326 Εζγ-
2630 2273 2647 2306 ζ

1430 2327 1520 2366 mol.
1535 2326 1576 2364 *ε
1602 2328 1827 2377 Officiorum
1841 2329 2013 2378 plurima
2031 2342 2177 2380 genera
2194 2336 2299 2368 sunt.-
2316 2331 2384 2368 sed
2394 2341 2509 2379 prae-
2537 2335 2548 2347 ·
2561 2335 2617 2358 ¹⁴⁰⁶·
2631 2333 2672 2356 ‘²¹⁸-

1431 2381 1585 2475 {spitum
1613 2382 1707 2419 illud
1733 2388 1788 2419 est
1813 2383 1916 2431 quod
1941 2383 1979 2420 in
2007 2384 2128 2421 sacris
2154 2384 2365 2433 divinisque
2397 2385 2510 2421 rebus

1458 2449 1482 2474 a
1508 2442 1603 2474 etur.

301 2443 379 2482 tati.
409 2465 433 2472 -
462 2442 548 2480 Alia
583 2449 731 2488 autem,
759 2453 829 2490 per
863 2446 1079 2489 respectum
1118 2438 1166 2475 ad
1200 2437 1375 2475 ordinem

356 2558 383 2591 α)
403 2557 558 2583 ordinatur.
571 2570 591 2575 -
609 2556 776 2582 ordinantur
795 2555 892 2581 BEFL.

358 2593 383 2627 β)
403 2594 468 2619 haec
487 2593 551 2618 tria.
566 2606 587 2613 -
604 2593 654 2618 hoc
672 2591 769 2617 PDHa.

356 2631 383 2663 γ)
403 2632 444 2655 est
462 2628 610 2654 distinctio.
621 2642 640 2648 -
655 2627 794 2653 distinctio
814 2627 916 2652 dicitur
934 2627 982 2653 Pa.

356 2665 381 2699 ὃ)
402 2665 493 2691 etiam.
505 2678 524 2684 -
543 2665 605 2690 Om.
625 2664 769 2690 PCDHLa.

1491 2552 1514 2584 ε)
1533 2553 1702 2586 quandoque.
1713 2566 1733 2572 —
1750 2552 1884 2585 quendam
1904 2552 1950 2583 Pa,
1969 2559 2024 2578 om.
2043 2552 2092 2586 pC.

1490 2588 1516 2622 ζ)
1536 2589 1626 2624 officia
1645 2589 1746 2615 divina.
1758 2603 1777 2608 -
1796 2588 1904 2614 diversa
1922 2587 2013 2622 officia
2030 2588 2124 2614 divina
2143 2588 2204 2622 pIK.
2221 2587 2330 2614 diversa
2349 2588 2439 2623 officia
2454 2589 2513 2615 Psi<

1438 2630 1465 2649 et
1482 2633 1508 2651 a.

976 2743 1318 2780 commentaria
1340 2746 1599 2780 Oardjnalis
1621 2744 1827 2778 Caietam

337 2837 357 2858 n
382 2825 521 2858 articulis
545 2825 686 2856 secundo
703 2831 734 2855 et
755 2824 858 2861 tertio,
883 2825 1009 2856 adverte
1033 2826 1122 2865 quod
1146 2825 1309 2858 diversitas
1332 2826 1381 2858 of-

313 2839 496 2906 Ificiorutn,
521 2870 680 2911 graduum
704 2877 735 2901 et
757 2877 899 2902 statuum
922 2869 956 2901 in
980 2869 1121 2902 Ecclesia
1140 2880 1206 2902 non
1229 2871 1273 2902 ita
1297 2872 1381 2903 ordi-

309 2923 402 2947 natur
425 2915 463 2946 ad
488 2915 565 2945 haec
588 2914 657 2951 tria,
681 2914 800 2946 scilicet
823 2914 1066 2955 perfectionem,
1091 2915 1250 2948 actionem
1274 2923 1305 2947 et
1328 2917 1382 2947 de-

310 2970 428 2999 corem,
453 2959 542 3001 quod
566 2958 690 3000 singula
714 2959 846 3000 singulis
869 2959 998 3000 propria
1023 2960 1103 2997 sint,
1128 2967 1205 3001 puta
1229 2960 1381 3002 perfectio

309 3004 414 3041 statui,
439 3004 522 3036 actio
546 3003 663 3039 officio,
688 3010 719 3035 et
741 3004 837 3035 decor
859 3004 981 3044 gradui.
1005 3005 1170 3043 Quoniam
1189 3005 1221 3036 in
1238 3005 1383 3047 quolibet

310 3050 428 3081 horum
455 3048 564 3080 omnia
587 3048 809 3081 inveniuntur:
844 3049 876 3079 in
900 3049 1033 3081 statibus
1057 3059 1198 3092 namque
1224 3045 1383 3082 invenitur

311 3105 377 3126 non
401 3094 509 3126 solum
533 3092 697 3135 perfectio,
721 3093 776 3124 sed
793 3093 889 3125 etiam
912 3100 943 3126 et
966 3094 1062 3126 decor
1085 3105 1139 3126 seu
1165 3095 1263 3132 ordo;
1288 3102 1319 3127 et
1342 3096 1382 3128 si-

312 3139 427 3170 militer
450 3137 484 3169 in
507 3137 620 3170 officiis
644 3138 756 3169 eadem
786 3138 844 3169 tria
872 3138 1096 3176 inveniuntur,
1121 3146 1152 3171 et
1179 3139 1323 3172 similiter
1350 3141 1383 3172 in

311 3183 470 3224 gradibus,
488 3189 524 3214 ut
547 3183 586 3214 de
610 3193 643 3214 se
659 3189 754 3224 patet.
779 3182 841 3214 Sed
865 3183 1016 3224 perfectio
1042 3184 1266 3226 appropriatur
1289 3185 1384 3218 statui

313 3234 348 3258 ut
371 3228 451 3259 ratio
476 3227 662 3258 diversitatis
685 3228 864 3259 secundum
887 3235 1022 3265 statum;
1057 3228 1139 3260 actio
1162 3239 1238 3260 vero
1268 3240 1384 3272 appro-

313 3271 433 3312 priatur
456 3271 563 3303 officio
582 3279 619 3303 ut
641 3272 721 3303 ratio
746 3272 933 3304 diversitatis
956 3274 1135 3305 secundum
1150 3273 1309 3312 officium
1335 3275 1386 3306 de-

315 3326 369 3347 cor
398 3327 473 3348 vero
497 3316 617 3348 ordinis
639 3317 865 3358 appropriatur
891 3318 1002 3358 gradui
1033 3325 1069 3350 ut
1096 3318 1176 3350 ratio
1199 3319 1386 3351 diversitatis

315 3361 493 3391 secundum
517 3361 661 3401 gradum.

372 3404 409 3434 11.
435 3405 470 3435 In
494 3405 607 3436 eodem
630 3405 763 3437 articulo
788 3406 900 3443 tertio,
924 3407 956 3437 in
981 3407 1188 3448 responsione
1212 3408 1252 3438 ad
1275 3418 1386 3440 secun-

317 3448 406 3484 dum,
431 3449 565 3479 dubium
588 3450 725 3481 occurrit
747 3451 827 3482 circa
850 3451 947 3482 illud:
972 3452 1155 3483 Diversitas
1170 3453 1310 3484 vitarum
1333 3462 1386 3484 ac-

317 3493 435 3534 cipitur
461 3493 635 3524 secundum
666 3494 809 3526 diversos
839 3501 930 3526 actus
959 3497 1015 3537 qui
1044 3498 1237 3528 conveniunt
1266 3497 1387 3528 homini

317 3537 492 3568 secundum
507 3539 663 3577 seipsum:
686 3538 794 3579 officia
810 3545 916 3570 autem
940 3540 1189 3581 distinguuntur
1210 3541 1385 3572 secundum

318 3587 410 3613 actus
426 3582 481 3623 qui
504 3581 697 3623 referuntur
711 3583 755 3613 ad
776 3583 869 3614 alios.
893 3583 1027 3615 Videtur
1043 3584 1128 3615 enirn
1153 3585 1215 3616 hoc
1239 3595 1306 3616 esse
1329 3584 1385 3616 fal-

1435 2835 1526 2858 sum:
1558 2835 1598 2857 eo
1622 2824 1712 2866 quod
1735 2823 1799 2854 vita
1822 2821 1923 2854 activa
1947 2820 2114 2852 manifeste
2136 2820 2310 2852 attenditur
2333 2822 2513 2853 secundum

1435 2879 1543 2903 actum
1575 2870 1632 2912 qui
1663 2869 1797 2901 refertur
1824 2869 1864 2900 ad
1893 2866 2010 2905 alium,
2034 2867 2154 2900 scilicet
2182 2868 2223 2900 ad
2252 2866 2453 2908 proximum,
2478 2874 2515 2899 ut

1436 2924 1523 2959 patet
1546 2926 1584 2947 ex
1607 2926 1704 2957 supra
1717 2915 1735 2934 ¹⁸¹
1759 2914 1850 2946 dictis
1874 2914 1914 2945 de
1937 2913 2000 2945 vita
2025 2913 2134 2945 activa.
2541 2905 2756 2955 ζηῆιωᾟξᾶζ

1492 2962 1543 2993 Ad
1567 2962 1629 2992 hoc
1646 2960 1761 2992 dicitur
1779 2959 1868 3002 quod
1883 2958 1951 3000 ipse
1975 2965 2064 2990 actus
2079 2957 2199 2990 activae
2215 2956 2297 2988 vitae
2314 2963 2420 2997 potest
2435 2966 2512 2988 con·
2541 2948 2754 3009 ffffifffimm·

1437 3006 1565 3038 siderari
1589 3005 1766 3046 dupliciter.
1795 3004 1914 3041 Primo,
1939 3009 1976 3035 ut
1999 3010 2046 3035 est
2068 3003 2251 3036 exercitium
2274 3001 2415 3034 hominis
2447 3008 2513 3033 stu—
2601 3002 2607 3008 “
2653 3001 2658 3007 ’

1438 3052 1540 3083 dentis
1563 3051 1618 3082 tali
1641 3052 1723 3083 vitae
1749 3059 1805 3081 seu
1830 3051 1931 3082 actui:
1957 3057 2005 3082 est
2027 3059 2167 3092 namque
2190 3055 2278 3080 actus
2301 3048 2435 3086 virtutis,
2457 3049 2513 3091 qui

1437 3097 1554 3128 bonum
1571 3096 1677 3128 reddit
1699 3096 1866 3128 habentem
1881 3095 1909 3128 ¹⁸.
1933 3095 1976 3127 Et
1996 3095 2041 3127 sic
2057 3093 2223 3126 constituit
2237 3093 2335 3125 vitam
2359 3093 2512 3127 activam:
2540 3093 2664 3148 itfflh
2678 3090 2755 3140 ⁸⁸2²·

1438 3141 1605 3183 quoniam,
1622 3147 1658 3172 ut
1672 3141 1705 3172 in
1720 3141 1823 3172 littera
1837 3140 1961 3177 dicitur,
1978 3140 2043 3172 rita
2061 3139 2181 3171 dicim
2195 3139 2360 3179 abs01ute;
2375 3140 2439 3172 hoc
2454 3146 2513 3178 est,
2541 3137 2609 3170 21..
2628 3156 2638 3164 -
2651 3124 2756 3169 {Pht

1437 3186 1542 3218 vivere
1566 3185 1681 3217 dicitur
1703 3185 1776 3228 quis
1799 3185 1978 3218 secundum
2001 3184 2158 3224 seipsum,
2183 3190 2214 3216 et
2237 3194 2303 3216 non
2327 3185 2455 3217 relative
2473 3185 2514 3216 sd
2540 3174 2592 3197 καὶ
2607 3179 2640 3196 '¹'

1439 3231 1536 3262 aliud.
1561 3230 1602 3262 Et
1617 3237 1785 3272 propterea
1807 3236 1895 3262 actus
1910 3229 2104 3271 inquantum
2127 3236 2202 3260 sunt
2224 3229 2395 3261 differentis
2420 3229 2513 3267 vitae,

1440 3275 1681 3307 considerantur
1710 3281 1746 3306 ut
1775 3274 1968 3306 conveniunt
1995 3273 2118 3304 homini
2147 3274 2323 3306 secundum
2351 3275 2515 3316 seipsum:

1439 3320 1502 3351 hoc
1525 3326 1582 3357 est,
1599 3320 1776 3351 secundum
1792 3318 1882 3360 quod
1897 3317 2055 3349 viventem
2072 3318 2104 3349 in
2121 3318 2171 3349 sui
2194 3318 2295 3359 ipsius
2310 3318 2415 3350 vivere
2431 3319 2514 3350 bene

1441 3365 1629 3405 disponunt.

1496 3409 1571 3440 Alio
1595 3407 1696 3438 modo
1719 3406 1959 3438 considerantur
1982 3413 2018 3438 ut
2041 3406 2221 3438 referuntur
2243 3407 2284 3438 ad
2307 3407 2405 3438 alios:
2434 3406 2516 3438 sicut

1441 3453 1556 3484 docere
1579 3452 1619 3483 ad
1643 3461 1719 3482 eum
1742 3450 1798 3492 qui
1827 3451 1975 3488 docetur,
2001 3457 2031 3482 et
2054 3451 2194 3482 iudicare
2216 3451 2257 3482 ad
2288 3461 2364 3483 eum
2387 3450 2444 3493 qui
2466 3450 2515 3482 iu-

1441 3496 1536 3528 dicari
1559 3495 1734 3527 ordinatur.
1758 3495 1798 3526 Et
1822 3495 1866 3526 sic
1889 3495 2009 3536 sumpti
2026 3502 2114 3527 actus
2131 3495 2332 3537 distinguunt
2355 3495 2469 3527 officia.

1495 3540 1537 3571 Et
1547 3540 1624 3571 haec
1637 3538 1794 3571 sufficiant
1806 3539 1900 3571 etiarn
1914 3550 1972 3581 pro
1985 3547 2100 3582 quarto
2117 3540 2261 3572 articulo.
2279 3541 2429 3572 Discussa
2441 3545 2516 3570 sunt
2544 3557 2555 3569 .
2567 3556 2639 3579 Nun.
2651 3561 2668 3582 ¹,
2683 3554 2758 3577 Prae-

1441 3584 1600 3626 siquidem
1615 3594 1697 3625 quae
1712 3583 1746 3614 in
1762 3583 1818 3615 illo
1835 3591 1918 3622 sunt,
1934 3584 1967 3616 in
1984 3584 2144 3626 principio
2162 3585 2258 3616 huius
2274 3583 2473 3626 quaestionis
2487 3583 2516 3614 *.
2544 3586 2699 3610 mensum.
2710 3586 2742 3604 ¹¹¹·
