2768 4198
39 777 113 800 ‘Vide
119 778 252 800 Commeat.

40 987 51 998 ⁸
62 986 130 1009 Ver-s.
144 992 176 1014 21,
189 993 223 1009 π.

913 283 1182 328 QUAESTIO
1213 283 1463 330 CLXXXIII,
1492 284 1790 322 ARTICULUS
1821 286 1851 322 11
1878 322 1882 329 ,

2398 297 2474 334 447

286 366 435 403 Quatuor
457 372 533 397 sunt
556 366 751 397 conditiones
773 366 948 403 hominum,
975 373 1032 396 etc.
1059 367 1091 396 In
1117 377 1180 406 qua
1197 365 1350 406 significa·
1377 364 1378 398 l
1406 365 1444 394 ad
1458 364 1595 400 tertium,
1614 364 1737 404 collige,
1755 371 1785 394 et
1801 364 1874 394 inde
1891 364 1988 395 retine
2013 364 2218 394 differentiam
2232 364 2312 394 inter
2325 364 2476 401 officium,

283 411 369 441 tione
393 411 540 452 frequens
563 411 687 441 videtur
711 420 788 440 usus
812 420 888 440 esse.

327 455 365 486 V.
384 455 419 485 In
436 456 569 486 articulo
586 455 692 495 primo
710 454 854 484 eiusdem
870 454 1077 495 quaestionis,
1095 455 1127 485 in
1140 455 1349 495 responsione
1376 457 1378 495 l

1403 410 1538 449 gradum
1563 416 1592 439 et
1609 416 1725 440 statum
1750 408 2003 445 ecclesiasticum,
2026 415 2060 439 ut
2085 408 2239 448 intelligas
2263 409 2435 449 sequentia.

1053 592 1373 634 ARTICULUS
1405 591 1708 633 SECUNDUS

527 684 686 715 UTRUM
713 684 755 714 IN
780 684 991 716 ECCLESIA
1015 685 1190 716 DEBEAT
1214 672 1315 715 E‘SSE
1339 683 1593 715 DlVERSlTAS
1617 683 1890 714 OFFICIORUM
1913 684 1997 714 VEL
2021 684 2232 715 STATUUM

311 790 331 808 ,Δ

295 881 344 937 '45st

336 948 347 962 ⁸
368 929 425 962 Τ)
448 925 627 970 &unitati
655 942 851 982 repugnat.
884 934 960 971 Sed
980 933 1114 970 fideles
1144 933 1282 970 Christi
1303 933 1351 970 ad
1378 928 1380 942 ¹
1412 988 1465 1024 Ch
1498 987 1504 994 ¹

1469 993 1570 1024 rzst0.

279 987 463 1024 unitatem
491 993 696 1023 vocantur:
727 988 942 1023 secundum
971 986 1062 1024 illud
1092 988 1197 1023 Ioan.
1218 999 1291 1024 xvn
1309 986 1350 1023 *t

284 1042 335 1078 Ut
359 1040 433 1076 sint
460 1051 578 1076 unum
598 1040 635 1076 in
666 1040 784 1086 nohis,
804 1041 901 1077 sicut
917 1046 954 1077 et
980 1053 1048 1077 nos
1072 1053 1189 1077 unum
1209 1052 1350 1077 sumus.
1378 1053 1379 1074 i

279 1095 382 1141 Ergo
411 1093 450 1129 in
479 1093 653 1129 Ecclesia
681 1106 760 1130 non
790 1094 905 1130 debet
933 1106 1016 1130 esse
1047 1094 1246 1131 diversitas
1269 1094 1351 1130 offi-

280 1147 428 1184 ciorum
456 1147 519 1183 vel
548 1153 728 1183 statuum.

251 1306 649 1343 rmnittr‘e‘rdinatior
684 1318 802 1355 quam
836 1305 1008 1355 operatio
1043 1314 1212 1342 naturae.
1249 1306 1351 1354 Ergo

38 2968 50 2982 ⁸
61 2969 129 2992 Vero.
143 2976 168 2998 ιι,
182 2976 213 2994 u.

278 1359 569 1397 convenientius
607 1366 707 1396 esset
734 1359 840 1408 quod
879 1371 923 1396 ea
952 1371 1051 1407 quae
1086 1359 1276 1408 pertinent
1303 1360 1352 1396 ad

278 1419 383 1450 actus
412 1412 566 1460 gratiae,
592 1425 661 1462 per
696 1412 855 1450 eosdem
897 1413 1076 1450 homines
1113 1412 1352 1449 administra-

277 1473 419 1513 rentur,
439 1466 490 1502 ita
517 1474 560 1502 ut
587 1478 667 1502 non
697 1473 796 1503 esset
813 1466 853 1503 in
879 1466 1050 1503 Ecclesia
1079 1466 1278 1503 diversitas
1299 1467 1354 1502 ot-

278 1519 427 1556 ciorum
457 1526 493 1556 et
521 1526 701 1556 statuum.

333 1574 368 1610 3.
398 1573 643 1619 PRAETEREA,
674 1573 824 1609 bonum
859 1571 1054 1609 Ecclesiae
1091 1572 1260 1609 maxime
1296 1572 1354 1610 vi-

243 1644 250 1682 ;
277 1625 388 1664 detur
407 1626 445 1663 in
460 1638 555 1675 pace
577 1625 804 1662 consistere:
825 1625 1039 1662 secundum
1060 1626 1152 1663 illud
1168 1625 1351 1663 Psalmi*:

281 1680 356 1723 Qui
375 1679 507 1728 posuit
517 1680 616 1726 fines
643 1685 726 1716 tuos
744 1691 895 1728 pacem.
926 1680 976 1716 Et
1003 1680 1034 1716 II
1060 1679 1112 1716 ad
1135 1680 1222 1717 Cor.
1251 1681 1316 1717 ult.
1333 1679 1353 1700 ’¹‘

278 1733 432 1771 dicitur:
462 1734 601 1770 Pacem
630 1734 784 1770 habete:
813 1739 850 1769 et
869 1734 975 1770 Deus
996 1733 1106 1781 pacis
1134 1733 1207 1769 erit
1229 1734 1352 1770 vohis-

276 1799 377 1824 cum.
407 1787 484 1824 Sed
514 1786 713 1824 diversitas
743 1794 798 1823 est
827 1786 1050 1836 impeditiva
1078 1786 1204 1835 pacis,
1234 1799 1352 1835 quarn

277 1839 487 1878 similitudo
517 1852 675 1877 causare
704 1840 876 1877 videtur:
908 1840 1122 1877 secundum
1159 1840 1251 1877 illud
1279 1841 1352 1877 Ec-

277 1894 336 1932 cli.
356 1906 418 1930 xm
436 1893 476 1930 ³¹²:
503 1893 623 1930 Omne
641 1894 787 1930 animal
805 1893 929 1944 diligit
944 1893 1065 1930 simile
1091 1893 1171 1930 sibi.
1194 1894 1243 1930 Et
1265 1893 1352 1931 Phi-

240 1969 251 1995 2
276 1948 464 1996 losophus
494 1947 594 1993 dicit,
616 1947 654 1984 in
682 1947 752 1984 VII
782 1947 890 1984 Polit.
910 1946 942 1994 ³¹⁸,
972 1947 1079 1995 quod
1099 1946 1254 1984 modica
1284 1947 1352 1984 dif-

277 2000 435 2038 ferentia
463 2000 551 2038 facit
578 2000 616 2037 in
645 2000 797 2038 civitate
826 2000 1038 2038 dissidium.
1069 2001 1172 2049 Ergo
1200 2000 1354 2038 videtur

278 2054 383 2104 quod
412 2066 492 2091 non
521 2061 697 2103 oporteat
714 2054 754 2091 in
782 2054 952 2091 Ecclesia
979 2067 1062 2091 esse
1092 2053 1351 2091 diversitatem

278 2115 446 2145 statuum
477 2115 512 2144 et
540 2107 772 2145 officiorum.

332 2162 406 2199 SED
427 2172 574 2198 CONTRA
601 2172 668 2198 EST
700 2162 806 2209 quod
835 2161 874 2198 in
903 2161 1058 2197 Psalmo
1079 2160 1099 2182 ²¹³
1130 2160 1169 2197 in
1197 2161 1350 2198 laudem

277 2214 473 2252 Ecclesiae
496 2214 630 2252 dicitur
650 2215 755 2264 quod
780 2222 835 2252 est
853 2214 1138 2251 circumamicta
1157 2215 1352 2251 varietate.-

243 2287 248 2293 ·
275 2268 343 2305 ubi
372 2268 459 2306 dicit
488 2269 626 2306 Glossa
644 2268 664 2290 '¹‘
693 2270 798 2316 quod
827 2268 999 2305 doctrina
1027 2267 1298 2316 apostolorum,
1319 2274 1354 2305 et

276 2322 512 2370 confessione
529 2328 759 2370 martyrum,
780 2327 817 2359 et
826 2322 995 2370 puritate
1017 2321 1225 2371 virginum,
1246 2327 1282 2358 et
1299 2321 1352 2358 la-

275 2382 400 2413 mento
411 2375 696 2426 poenitentium,
707 2381 869 2413 ornatur
877 2376 1044 2425 Regina,
1056 2375 1152 2412 idest
1167 2375 1350 2412 Ecclesia.

329 2430 559 2466 RESPONDEO
592 2441 779 2466 nicEnnUM
813 2429 919 2478 quod
949 2428 1147 2466 diversitas
1186 2435 1352 2465 statuum

277 2490 313 2519 et
341 2483 561 2520 officiorum
591 2482 629 2519 in
659 2482 831 2520 Ecclesia
850 2483 899 2520 ad
927 2482 998 2519 tria
1018 2481 1191 2531 pertinet.
1222 2482 1352 2519 Primo

276 2536 448 2585 quidem,
479 2537 528 2573 ad
555 2536 833 2584 perfectionem
862 2536 980 2585 ipsius
1010 2535 1217 2573 Ecclesiae.
1249 2535 1355 2572 Sicut

277 2589 380 2626 enim
407 2589 446 2625 in
467 2601 595 2625 rerum
623 2590 854 2626 naturalium
874 2589 1008 2626 ordine
1037 2589 1232 2638 perfectio,
1254 2601 1353 2638 quae

275 2641 314 2678 in
344 2643 429 2679 Deo
468 2641 686 2690 simpliciter
724 2649 760 2679 et
795 2642 1035 2679 uniformiter
1072 2642 1285 2690 invenitur,
1314 2642 1352 2679 in

276 2694 522 2732 universitate
547 2702 808 2732 creaturarum
838 2695 999 2732 inveniri
1024 2708 1103 2732 non
1131 2695 1255 2744 potuit
1282 2695 1353 2732 nisi

277 2748 502 2786 difformiter
537 2756 574 2785 et
601 2748 879 2797 multipliciter3
917 2749 967 2786 ita
1006 2748 1120 2785 etiam
1155 2748 1353 2798 plenitudo

276 2802 429 2851 gratiae,
451 2814 551 2850 quae
581 2802 619 2838 in
648 2802 799 2839 Christo
821 2802 916 2839 sicut
937 2802 976 2838 in
1001 2802 1121 2850 capite
1150 2802 1351 2850 adunatur,

277 2855 327 2893 ad
355 2857 534 2893 membra
562 2855 643 2892 eius
672 2855 932 2893 diversimode
962 2855 1170 2902 redundat,
1201 2857 1248 2894 ad
1277 2857 1353 2893 hoc

277 2909 384 2957 quod
413 2921 554 2958 corpus
576 2909 771 2946 Ecclesiae
800 2909 846 2945 sit
872 2909 1098 2957 perfectum.
1129 2909 1178 2945 Et
1196 2909 1272 2946 hoc
1297 2917 1353 2946 est

278 2963 384 3012 quod
413 2963 623 3011 Apostolus
652 2962 752 3010 dicit,
782 2962 834 2999 ad
858 2961 1102 3011 Ephes.1v‘¹‘:
1141 2963 1228 3010 Ipse
1255 2963 1353 3000 dedit

278 3015 461 3064 quosdam
490 3016 641 3065 quidem
669 3016 868 3065 apostolos,
898 3016 1082 3065 quosdam
1110 3021 1236 3053 autem
1258 3028 1351 3065 pro-

273 3070 427 3116 phetas,
456 3070 552 3107 alios
578 3081 669 3107 vero
698 3069 970 3119 evangelistas,
999 3068 1095 3105 alios
1130 3075 1257 3106 autem
1279 3082 1351 3118 pa-

278 3126 396 3159 stores
415 3128 449 3159 et
467 3123 649 3170 doctores,
665 3125 716 3161 ad
734 3123 1099 3160 consummationem
1117 3129 1350 3160 sanctorum.

334 3175 515 3212 Secundo
531 3185 660 3214 autern
689 3177 853 3226 pertinet
873 3178 921 3214 ad
940 3176 1206 3213 necessitatem
1235 3176 1351 3213 actio-

281 3226 374 3263 num
405 3239 503 3276 quae
532 3238 619 3267 sunt
639 3231 679 3267 in
706 3230 879 3268 Ecclesia
907 3229 1157 3267 necessariae.
1188 3229 1352 3278 Oportet

281 3287 410 3318 autem
438 3281 487 3318 ad
508 3281 678 3321 diversas
698 3284 867 3322 actiones
897 3283 1071 3321 diversos
1090 3282 1267 3319 homines
1287 3283 1351 3320 de-

280 3333 416 3382 putari,
438 3334 487 3371 ad
506 3334 582 3372 hoc
601 3338 706 3384 quod
725 3336 938 3387 expeditius
962 3344 998 3374 et
1024 3336 1105 3373 sine
1126 3335 1350 3373 confusione

313 792 372 833 ,κβ-ᾖ»
398 796 466 837 aa<
494 784 517 809 D
527 783 720 809 SECUNDUM
731 784 784 809 sm
795 784 1025 810 PROCEDITUR
1033 772 1063 810 ²¹⁸.
1078 773 1236 810 Videtur
1247 773 1352 820 quod
1379 774 1380 781 ¹

408 817 467 877 {A
494 826 532 862 in
561 826 735 862 Ecclesia
764 838 843 862 non
873 826 1013 863 debeat
1041 839 1123 863 esse
1154 826 1352 863 diversitas
1378 853 1380 871 ‚

428 865 460 924 ’ὲ
475 878 481 883 “
494 879 712 916 officiorum
733 880 795 916 vel
817 887 996 916 statuum.
1017 879 1228 917 Diversitas
1249 880 1351 916 enim

1407 773 1538 810 omnia
1570 781 1812 822 peragantur.
1852 774 1900 809 Et
1929 773 2004 809 hoc
2043 780 2098 809 est
2127 774 2230 822 quod
2267 775 2476 823 Apostolus

1407 826 1506 874 dicit,
1523 828 1635 864 Rom.
1652 826 1748 863 XII*:
1771 827 1875 863 Sicut
1891 827 1927 863 in
1950 838 2024 863 uno
2044 838 2204 875 corpore
2222 827 2340 864 multa
2361 840 2476 864 mem—

1406 882 1476 917 bra
1504 881 1697 926 habemus,
1718 881 1846 916 omnia
1866 886 1992 916 autem
2021 881 2192 917 membra
2213 893 2287 917 non
2317 882 2476 918 eundem

1406 939 1532 971 actum
1561 935 1714 971 hahent:
1749 934 1799 970 ita
1827 933 1936 970 multi
1964 945 2080 970 unum
2116 946 2254 982 corpus
2280 946 2410 971 sumus
2438 935 2475 971 in

1459 1041 1592 1077 Tertio
1620 1041 1695 1076 hoc
1724 1039 1886 1088 pertinet
1914 1039 1964 1076 ad
1993 1039 2214 1087 dignitatern
2250 1048 2285 1077 et
2312 1041 2477 1090 pulchri-

1406 1094 1580 1131 tudinem
1609 1092 1814 1139 Ecclesiae,
1837 1105 1936 1140 quae
1965 1092 2002 1129 in
2022 1094 2191 1141 quodam
2222 1094 2356 1131 ordine
2386 1107 2476 1131 con—

1405 1201 1499 1250 gina
1528 1201 1630 1237 Saba
1659 1212 1808 1236 omnem
1837 1200 2059 1247 sapientiam
2088 1200 2318 1247 Salomonis,
2348 1207 2383 1237 et
2409 1203 2476 1238 ha-

1406 1254 1569 1290 bitacula
1597 1265 1794 1290 servorum
1837 1259 1871 1289 et
1899 1253 2048 1289 ordines
2076 1253 2379 1301 ministrantium,
2400 1267 2475 1291 non

1405 1308 1568 1343 habebat
1595 1307 1694 1343 ultra
1722 1306 1906 1355 spiritum.
1936 1306 2047 1343 Unde
2077 1313 2113 1342 et
2139 1308 2348 1356 Apostolus
2377 1307 2474 1354 dicit,

2504 828 2515 839 ¹⁵
2530 828 2596 850 Vers.
2611 836 2634 855 4,
2648 836 2667 857 5.

1377 1147 1379 1191 3
1407 1147 1510 1184 sistit.
1539 1147 1651 1184 Unde
1673 1146 1808 1183 dicitur
1828 1147 1877 1182 III
1897 1147 1995 1195 Reg.
2016 1158 2040 1182 x
2058 1146 2089 1193 ²⁸,
2120 1147 2226 1194 quod
2253 1148 2383 1185 videns
2401 1149 2476 1185 Re-
2503 1148 2514 1159 ⁸
2551 1154 2587 1169 ⁸¹⁵

335 1211 369 1237 2.
390 1201 627 1247 PRAETEREA,
649 1208 784 1236 natura
803 1211 882 1236 non
911 1199 999 1235 facit
1016 1211 1086 1247 per
1106 1201 1227 1236 multa
1246 1200 1352 1247 quod
1377 1239 1379 1252 ἱ

277 1261 404 1302 potest
430 1265 640 1307 perunum
668 1254 805 1290 facere.
836 1253 912 1290 Sed
934 1252 1107 1301 operatio
1136 1253 1276 1300 gratiae
1298 1261 1354 1290 est
1377 1254 1379 1261 ’

1407 1361 1438 1396 II
1469 1361 1521 1396 ad
1543 1360 1637 1396 Tim.
1659 1359 1733 1406 11³⁸,
1764 1360 1868 1408 quod
1888 1359 1924 1395 in
1954 1371 2098 1409 magna
2119 1359 2230 1397 domo
2251 1372 2325 1398 non
2353 1361 2475 1398 solum
2504 1364 2516 1376 ’
2551 1370 2563 1385 ⁰
2622 1370 2636 1385 ⁰

1405 1419 1494 1449 sunt
1518 1424 1611 1449 vasa
1649 1424 1769 1449 aurea
1804 1418 1841 1448 et
1875 1418 2080 1462 argentea,
2118 1414 2184 1450 sed
2217 1419 2254 1450 et
2288 1414 2415 1463 lignea
2444 1420 2480 1451 et

1402 1465 1547 1511 fictilia.

1460 1521 1519 1555 An
1540 1530 1678 1556 PRIMUM
1706 1529 1805 1554 ERGO
1835 1529 2020 1554 mCENDUM
2045 1518 2151 1565 quod
2179 1518 2376 1556 diversitas
2406 1527 2478 1556 sta-

1407 1580 1516 1609 tuum
1547 1580 1583 1609 et
1611 1571 1828 1608 officiorum
1859 1583 1938 1607 non
1975 1571 2133 1620 impedit
2170 1572 2363 1609 Ecclesiae
2397 1573 2479 1609 uni-

1406 1633 1536 1673 tatem,
1567 1637 1666 1674 quae
1696 1624 1891 1673 perficitur
1918 1636 1986 1673 per
2013 1624 2197 1661 unitatem
2236 1626 2324 1662 fidei
2355 1633 2391 1662 et
2420 1639 2479 1663 ca-

1406 1679 1524 1716 ritatis
1565 1686 1602 1715 et
1639 1686 1796 1715 mutuae
1840 1677 2222 1715 subministrationis:
2266 1680 2478 1717 secundum

1407 1733 1499 1770 illud
1519 1731 1706 1782 Apostoli,
1736 1732 1788 1768 ad
1803 1732 1940 1781 Ephes.
1961 1743 1996 1768 1v
2011 1731 2051 1768 *z
2080 1732 2145 1768 Ex
2164 1744 2237 1780 quo
2261 1738 2377 1769 totum
2397 1745 2479 1770 cor·
2507 1734 2516 1743 ⁴
2579 1740 2590 1754 ⁵

1401 1798 1476 1835 pus
1504 1792 1558 1823 est
1583 1791 1834 1834 compactum,
1864 1784 2004 1821 scilicet
2022 1797 2091 1834 per
2118 1786 2251 1833 fidem,
2281 1792 2318 1822 et
2343 1798 2478 1824 conne-

1405 1852 1513 1887 xum,
1531 1839 1670 1876 scilicet
1689 1851 1758 1888 per
1779 1838 1985 1885 caritatem,
2000 1850 2074 1887 per
2092 1850 2243 1876 omnem
2263 1839 2478 1878 iuncturam

1405 1892 1772 1938 subministrationis,
1795 1892 1888 1929 dum
1918 1891 2059 1928 scilicet
2086 1904 2185 1929 unus
2214 1892 2276 1929 alii
2296 1893 2422 1930 servit.

1462 1948 1521 1984 AD
1551 1958 1744 1984 SECUNDUM
1770 1957 1956 1982 DICENDUM
1981 1945 2086 1994 quod
2112 1946 2207 1982 sicut
2235 1953 2370 1983 natura
2399 1960 2478 1984 non

1406 2001 1494 2038 facit
1513 2012 1582 2049 per
1609 2000 1729 2036 multa
1749 1999 1854 2047 quod
1874 2006 1999 2047 potest
2027 1999 2150 2036 facere
2174 2012 2243 2048 per
2271 2012 2405 2048 unum,
2427 2001 2478 2038 ita

1407 2054 1522 2091 etiam
1541 2066 1620 2090 non
1642 2060 1808 2089 coarctat
1823 2053 1860 2089 in
1879 2064 2002 2089 unum
2022 2052 2060 2089 id
2080 2053 2127 2090 ad
2147 2053 2253 2101 quod
2282 2054 2401 2090 multa
2421 2067 2478 2091 re-

1407 2108 1623 2156 quiruntur:
1644 2106 1856 2143 secundum
1873 2106 1963 2143 illud
1978 2106 2165 2155 Apostoli,
2183 2107 2196 2142 I
2213 2107 2264 2143 ad
2282 2107 2369 2144 Cor.
2381 2107 2476 2144 xn*:
2505 2105 2515 2116 ”

1407 2162 1450 2198 Si
1476 2167 1592 2198 totum
1621 2171 1758 2208 corpus
1786 2159 1928 2206 oculus,
1958 2160 2023 2196 ubi
2048 2159 2225 2197 auditus?
2250 2160 2363 2197 Unde
2384 2168 2421 2197 et
2439 2161 2478 2198 in

1407 2214 1590 2261 Ecclesia,
1612 2225 1710 2262 quae
1729 2219 1783 2250 est
1799 2225 1936 2262 corpus
1960 2213 2098 2250 Christi
2114 2213 2146 2261 ²¹⁶,
2171 2213 2339 2262 oportuit
2356 2226 2477 2251 mem-
2506 2217 2523 2269 ζΥ
2538 2249 2564 2264 ve

1406 2269 1476 2306 bra
1505 2266 1752 2305 diversificari
1780 2267 1992 2304 secundum
2023 2266 2173 2303 diversa
2201 2266 2339 2315 officia,
2361 2274 2478 2305 status

1410 2330 1446 2359 et
1473 2321 1624 2370 gradus.

1460 2377 1519 2412 AD
1539 2385 1701 2411 TERTmM
1720 2384 1907 2410 nicENDUM
1927 2372 2032 2421 quod
2053 2372 2148 2409 sicut
2166 2372 2204 2410 in
2225 2385 2384 2422 corpore
2414 2386 2479 2411 na-

1407 2428 1516 2466 turali
1546 2428 1723 2465 membra
1753 2426 1904 2463 diversa
1933 2426 2174 2463 continentur
2192 2426 2230 2464 in
2249 2427 2392 2464 unitate
2412 2440 2480 2476 per

1406 2483 1586 2520 virtutem
1630 2480 1781 2530 spiritus
1824 2479 2080 2527 vivificantis,
2127 2492 2203 2528 quo
2249 2480 2478 2517 abscedente

1407 2536 1585 2574 membra
1623 2533 1793 2583 corporis
1822 2541 2067 2582 separantur3
2107 2532 2157 2570 ita
2186 2533 2299 2570 etiam
2329 2534 2368 2570 in
2397 2547 2478 2570 cor-

1406 2602 1501 2639 pore
1521 2588 1716 2626 Ecclesiae
1738 2594 1988 2624 conservatur
2001 2598 2075 2635 pax
2097 2586 2336 2623 diversorum
2357 2599 2478 2623 mem-

1407 2644 1567 2680 brorum
1594 2642 1734 2679 virtute
1769 2639 1930 2688 Spiritus
1959 2639 2104 2687 Sancti,
2134 2639 2198 2687 qui
2237 2652 2376 2688 corpus
2406 2641 2478 2676 Ec—

1408 2697 1544 2733 clesiae
1563 2695 1746 2741 vivificat,
1767 2701 1809 2730 ut
1827 2694 1988 2730 habetur
2008 2694 2113 2730 Ioan.
2129 2704 2164 2729 vi
2179 2692 2210 2729 ²³⁸.
2240 2692 2352 2729 Unde
2372 2696 2478 2741 Apo-

1407 2751 1526 2787 stolus
1556 2749 1655 2796 dicit,
1673 2748 1810 2796 Ephes.
1832 2759 1868 2783 1v
1881 2746 1918 2782 *τ
1950 2746 2107 2783 Solliciti
2122 2757 2278 2783 servare
2298 2746 2476 2783 unitatem

1406 2804 1566 2852 Spiritus
1595 2803 1631 2839 in
1659 2801 1808 2842 vinculo
1832 2800 1952 2849 pacis.
1990 2799 2158 2836 Discedit
2186 2807 2314 2836 autem
2343 2800 2476 2847 aliquis

1407 2858 1456 2894 ab
1484 2858 1557 2894 hac
1584 2855 1727 2892 unitate
1766 2853 1928 2902 Spiritus
1964 2853 2056 2890 dum
2087 2853 2235 2901 quaerit
2272 2864 2371 2900 quae
2405 2853 2476 2889 sibi

1406 2918 1493 2947 sunt
1513 2909 1667 2959 propria
1686 2907 1723 2944 *τ
1745 2907 1841 2944 sicut
1861 2907 1974 2944 etiarn
1994 2906 2032 2943 in
2051 2914 2201 2943 terrena
2231 2905 2378 2942 civitate
2401 2918 2476 2954 pax

1405 2964 1547 3001 tollitur
1567 2967 1584 2984 α
1614 2974 1658 2999 ex
1678 2962 1754 2998 hoc
1774 2960 1880 3009 quod
1908 2960 2011 2997 cives
2031 2959 2166 3008 singuli
2189 2971 2286 3008 quae
2303 2971 2372 2996 sua
2391 2965 2480 2996 sunt

1406 3022 1603 3065 quaerunt.
1643 3014 1845 3062 Alioquin,
1881 3026 1950 3062 per
1982 3013 2200 3050 officiorum
2239 3020 2275 3049 et
2308 3019 2474 3049 statuum

1407 3069 1688 3108 distinctionem
1723 3076 1802 3105 tam
1833 3067 1970 3104 mentis
1999 3079 2116 3116 quam
2145 3067 2182 3103 in
2219 3065 2368 3103 civitate
2403 3073 2475 3102 ter-

1406 3137 1498 3161 rena
1517 3122 1637 3170 magis
1656 3133 1731 3171 pax
1751 3127 2018 3158 conservatur:
2046 3120 2272 3168 inquantum
2291 3131 2360 3167 per
2379 3119 2475 3155 haec

1405 3178 1534 3225 plures
1570 3183 1656 3212 sunt
1693 3174 1758 3224 qui
1797 3173 2083 3211 communicant
2120 3172 2265 3209 actibus
2298 3171 2472 3221 publicis.

1406 3230 1517 3267 Unde
1557 3237 1592 3265 et
1620 3229 1829 3277 Apostolus
1864 3227 1973 3274 dicit,
2004 3228 2018 3263 Ι
2047 3226 2099 3263 ad
2125 3226 2212 3262 Cor.
2233 3226 2338 3272 xn*,
2367 3225 2474 3273 quod

1405 3285 1510 3320 Deus
1537 3282 1591 3319 sic
1618 3278 1872 3330 temperavitfl
1902 3287 1942 3317 ut
1968 3292 2042 3316 non
2061 3279 2109 3316 sit
2133 3279 2294 3315 schisma
2324 3278 2361 3315 in
2390 3290 2472 3315 cor-

1400 3348 1509 3385 pore,
1538 3336 1605 3372 sed
1625 3347 1699 3383 pro
1728 3335 1887 3371 invicem
1915 3332 2072 3370 sollicita
2099 3333 2174 3369 sint
2198 3333 2382 3369 membra.

336 3464 364 3497 α)
385 3464 499 3490 tollitur.
510 3478 530 3484 -
548 3465 692 3491 extollitur
709 3467 918 3501 ABDEFKLpC.

1462 3466 1487 3500 β)
1507 3467 1546 3492 sic
1564 3466 1732 3499 temperavit.
1744 3466 1820 3491 -sic
1842 3465 2001 3498 temperavit
2026 3472 2073 3490 nos
2092 3466 2133 3490 ed.
2151 3472 2177 3495 a,
2198 3465 2358 3497 temperavit
2379 3471 2426 3489 nos
2445 3463 2474 3488 Ρ.

2506 2700 2515 2709 ⁸
2529 2699 2595 2721 Vers.
2611 2699 2648 2725 64.

2505 2756 2515 2765 ⁸
2531 2755 2596 2777 Vers.
2609 2762 2629 2784 3.

2505 2911 2514 2919 ⁸
2529 2909 2564 2931 Cf.
2579 2910 2589 2931 1
2604 2910 2637 2931 ad
2653 2910 2716 2937 Cor„

2505 2942 2554 2964 cap.
2570 2943 2592 2963 x,
2602 2943 2660 2959 vers.
2677 2943 2716 2964 24:

2503 2969 2615 3017 ffitssssf’
2623 2970 2683 3018 255·
2691 2971 2716 3016 a?

2505 3022 2564 3038 vers.
2579 3022 2609 3038 21.

2603 3053 2620 3069 α

2501 3228 2511 3237 ⁸
2526 3226 2592 3248 Vers⁴
2608 3232 2642 3253 24,
2658 3232 2690 3254 25.

2598 3281 2612 3314 β
