<?xml version="1.0" encoding="UTF-8"?>
<!DOCTYPE html PUBLIC "-//W3C//DTD XHTML 1.0 Transitional//EN"
    "http://www.w3.org/TR/xhtml1/DTD/xhtml1-transitional.dtd">
<html xmlns="http://www.w3.org/1999/xhtml" xml:lang="en" lang="en">
 <head>
  <title>
</title>
<meta http-equiv="Content-Type" content="text/html;charset=utf-8" />
  <meta name='ocr-system' content='tesseract 3.04.00' />
  <meta name='ocr-capabilities' content='ocr_page ocr_carea ocr_par ocr_line ocrx_word'/>
</head>
<body>
  <div class='ocr_page' id='page_1' title='image "./operaomniaiussui10thom/operaomniaiussui10thom_0172.png"; bbox 0 0 2768 4198; ppageno 0'>
   <div class='ocr_carea' id='block_1_1' title="bbox 65 591 236 619">
    <p class='ocr_par' dir='ltr' id='par_1_1' title="bbox 65 591 236 619">
     <span class='ocr_line' id='line_1_1' title="bbox 65 591 236 619; baseline 0 -7"><span class='ocrx_word' id='word_1_1' title='bbox 65 594 74 601; x_wconf 86' lang='grc'><em>·</em></span> <span class='ocrx_word' id='word_1_2' title='bbox 89 591 156 619; x_wconf 70' lang='grc' dir='ltr'>Κεερ,</span> <span class='ocrx_word' id='word_1_3' title='bbox 173 591 202 612; x_wconf 85' lang='lat' dir='ltr'>ad</span> <span class='ocrx_word' id='word_1_4' title='bbox 217 597 236 612; x_wconf 86' lang='lat'>2.</span> 
     </span>
    </p>
   </div>
   <div class='ocr_carea' id='block_1_2' title="bbox 60 1077 268 1104">
    <p class='ocr_par' dir='ltr' id='par_1_2' title="bbox 60 1077 268 1104">
     <span class='ocr_line' id='line_1_2' title="bbox 60 1077 268 1104; baseline -0.01 -5"><span class='ocrx_word' id='word_1_5' title='bbox 60 1078 68 1087; x_wconf 78' lang='lat'>⁸</span> <span class='ocrx_word' id='word_1_6' title='bbox 78 1078 112 1099; x_wconf 86' lang='lat' dir='ltr'>De</span> <span class='ocrx_word' id='word_1_7' title='bbox 122 1077 268 1104; x_wconf 64' lang='lat' dir='ltr'>Temperans.</span> 
     </span>
    </p>
   </div>
   <div class='ocr_carea' id='block_1_3' title="bbox 55 1165 269 1292">
    <p class='ocr_par' dir='ltr' id='par_1_3' title="bbox 55 1165 269 1292">
     <span class='ocr_line' id='line_1_3' title="bbox 59 1165 268 1191; baseline 0 -6"><span class='ocrx_word' id='word_1_8' title='bbox 59 1166 68 1174; x_wconf 76' lang='lat'>⁸</span> <span class='ocrx_word' id='word_1_9' title='bbox 76 1165 111 1185; x_wconf 86' lang='lat' dir='ltr'>De</span> <span class='ocrx_word' id='word_1_10' title='bbox 122 1165 268 1191; x_wconf 81' lang='lat' dir='ltr'>Temperant.</span> 
     </span>
     <span class='ocr_line' id='line_1_4' title="bbox 57 1191 269 1221; baseline -0.005 -9"><span class='ocrx_word' id='word_1_11' title='bbox 57 1191 138 1212; x_wconf 70' lang='lat' dir='ltr'>stricte</span> <span class='ocrx_word' id='word_1_12' title='bbox 167 1193 269 1221; x_wconf 34' lang='lat' dir='ltr'>*sumptm</span> 
     </span>
     <span class='ocr_line' id='line_1_5' title="bbox 56 1224 268 1246; baseline 0 -7"><span class='ocrx_word' id='word_1_13' title='bbox 56 1224 94 1245; x_wconf 84' lang='lat' dir='ltr'>qu.</span> <span class='ocrx_word' id='word_1_14' title='bbox 111 1224 150 1242; x_wconf 85' lang='lat'>111.</span> <span class='ocrx_word' id='word_1_15' title='bbox 166 1224 189 1239; x_wconf 86' lang='lat' dir='ltr'>m</span> <span class='ocrx_word' id='word_1_16' title='bbox 208 1224 268 1246; x_wconf 84' lang='lat' dir='ltr'>resp.</span> 
     </span>
     <span class='ocr_line' id='line_1_6' title="bbox 56 1249 269 1272; baseline 0.005 -7"><span class='ocrx_word' id='word_1_17' title='bbox 56 1251 69 1265; x_wconf 78' lang='lat' dir='ltr'>a</span> <span class='ocrx_word' id='word_1_18' title='bbox 113 1251 174 1272; x_wconf 79' lang='lat' dir='ltr'>argg.</span> <span class='ocrx_word' id='word_1_19' title='bbox 207 1249 269 1266; x_wconf 87' lang='lat' dir='ltr'>cont.</span> 
     </span>
     <span class='ocr_line' id='line_1_7' title="bbox 55 1272 192 1292; baseline 0 0"><span class='ocrx_word' id='word_1_20' title='bbox 55 1272 158 1292; x_wconf 84' lang='lat' dir='ltr'>conclus.</span> <span class='ocrx_word' id='word_1_21' title='bbox 173 1277 192 1292; x_wconf 85' lang='lat'>2.</span> 
     </span>
    </p>
   </div>
   <div class='ocr_carea' id='block_1_4' title="bbox 59 1565 213 1592">
    <p class='ocr_par' dir='ltr' id='par_1_4' title="bbox 59 1565 213 1592">
     <span class='ocr_line' id='line_1_8' title="bbox 59 1565 213 1592; baseline 0 -6"><span class='ocrx_word' id='word_1_22' title='bbox 59 1566 66 1575; x_wconf 72' lang='lat'><strong>⁹</strong></span> <span class='ocrx_word' id='word_1_23' title='bbox 81 1565 150 1586; x_wconf 79' lang='lat' dir='ltr'>Num</span> <span class='ocrx_word' id='word_1_24' title='bbox 165 1571 213 1592; x_wconf 75' lang='lat' dir='ltr'>seq.</span> 
     </span>
    </p>
   </div>
   <div class='ocr_carea' id='block_1_5' title="bbox 53 2999 179 3026">
    <p class='ocr_par' dir='ltr' id='par_1_5' title="bbox 53 2999 179 3026">
     <span class='ocr_line' id='line_1_9' title="bbox 53 2999 179 3026; baseline 0 -6"><span class='ocrx_word' id='word_1_25' title='bbox 53 3002 61 3008; x_wconf 86' lang='grc'><strong><em>·</em></strong></span> <span class='ocrx_word' id='word_1_26' title='bbox 77 2999 141 3021; x_wconf 73' lang='lat' dir='ltr'>Vera.</span> <span class='ocrx_word' id='word_1_27' title='bbox 157 3006 179 3026; x_wconf 78' lang='lat'>4.</span> 
     </span>
    </p>
   </div>
   <div class='ocr_carea' id='block_1_6' title="bbox 52 3378 267 3431">
    <p class='ocr_par' dir='ltr' id='par_1_6' title="bbox 52 3378 267 3431">
     <span class='ocr_line' id='line_1_10' title="bbox 54 3378 267 3406; baseline -0.014 -6"><span class='ocrx_word' id='word_1_28' title='bbox 54 3380 60 3386; x_wconf 85' lang='grc'><strong>”</strong></span> <span class='ocrx_word' id='word_1_29' title='bbox 71 3379 94 3400; x_wconf 68' lang='grc' dir='ltr'>1Ἄ</span> <span class='ocrx_word' id='word_1_30' title='bbox 106 3378 159 3402; x_wconf 68' lang='grc' dir='ltr'>ΙΙ·“,</span> <span class='ocrx_word' id='word_1_31' title='bbox 167 3383 205 3406; x_wconf 89' lang='lat' dir='ltr'>qu.</span> <span class='ocrx_word' id='word_1_32' title='bbox 213 3383 267 3403; x_wconf 81' lang='lat' dir='ltr'>xxv,</span> 
     </span>
     <span class='ocr_line' id='line_1_11' title="bbox 52 3408 131 3431; baseline -0.013 -5"><span class='ocrx_word' id='word_1_33' title='bbox 52 3408 92 3426; x_wconf 72' lang='lat' dir='ltr'>art.</span> <span class='ocrx_word' id='word_1_34' title='bbox 109 3412 131 3431; x_wconf 73' lang='lat'>⁴-</span> 
     </span>
    </p>
   </div>
   <div class='ocr_carea' id='block_1_7' title="bbox 302 289 1406 788">
    <p class='ocr_par' dir='ltr' id='par_1_7' title="bbox 303 289 1406 566">
     <span class='ocr_line' id='line_1_12' title="bbox 312 289 383 324; baseline 0 0"><span class='ocrx_word' id='word_1_35' title='bbox 312 289 383 324; x_wconf 82' lang='lat'>130</span> 
     </span>
     <span class='ocr_line' id='line_1_13' title="bbox 305 366 1406 417; baseline -0.001 -12"><span class='ocrx_word' id='word_1_36' title='bbox 305 369 450 417; x_wconf 84' lang='lat' dir='ltr'>sophus</span> <span class='ocrx_word' id='word_1_37' title='bbox 479 368 568 405; x_wconf 90' lang='lat' dir='ltr'>dicit</span> <span class='ocrx_word' id='word_1_38' title='bbox 595 368 701 417; x_wconf 91' lang='lat' dir='ltr'>quod</span> <span class='ocrx_word' id='word_1_39' title='bbox 722 375 758 404; x_wconf 92' lang='lat' dir='ltr'>et</span> <span class='ocrx_word' id='word_1_40' title='bbox 786 374 1019 415; x_wconf 89' lang='lat' dir='ltr'>temperatus</span> <span class='ocrx_word' id='word_1_41' title='bbox 1039 367 1182 415; x_wconf 90' lang='lat' dir='ltr'>appetit</span> <span class='ocrx_word' id='word_1_42' title='bbox 1211 366 1289 404; x_wconf 88' lang='lat' dir='ltr'>alia</span> <span class='ocrx_word' id='word_1_43' title='bbox 1317 368 1379 404; x_wconf 86' lang='lat' dir='ltr'>de·</span> <span class='ocrx_word' id='word_1_44' title='bbox 1405 370 1406 408; x_wconf 68' lang='grc' dir='ltr'>ζ</span> 
     </span>
     <span class='ocr_line' id='line_1_14' title="bbox 303 420 1376 469; baseline -0.001 -11"><span class='ocrx_word' id='word_1_45' title='bbox 303 422 510 467; x_wconf 85' lang='lat' dir='ltr'>lectabilia,</span> <span class='ocrx_word' id='word_1_46' title='bbox 540 434 639 469; x_wconf 91' lang='lat' dir='ltr'>quae</span> <span class='ocrx_word' id='word_1_47' title='bbox 677 421 815 457; x_wconf 92' lang='lat' dir='ltr'>scilicet</span> <span class='ocrx_word' id='word_1_48' title='bbox 851 432 928 456; x_wconf 89' lang='lat' dir='ltr'>non</span> <span class='ocrx_word' id='word_1_49' title='bbox 957 427 1045 455; x_wconf 88' lang='lat' dir='ltr'>sunt</span> <span class='ocrx_word' id='word_1_50' title='bbox 1079 420 1293 456; x_wconf 88' lang='lat' dir='ltr'>necessaria</span> <span class='ocrx_word' id='word_1_51' title='bbox 1328 421 1376 457; x_wconf 89' lang='lat' dir='ltr'>ad</span> 
     </span>
     <span class='ocr_line' id='line_1_15' title="bbox 305 472 1406 522; baseline -0.002 -10"><span class='ocrx_word' id='word_1_52' title='bbox 305 475 503 512; x_wconf 84' lang='lat' dir='ltr'>sanitatem</span> <span class='ocrx_word' id='word_1_53' title='bbox 523 476 585 511; x_wconf 90' lang='lat' dir='ltr'>vel</span> <span class='ocrx_word' id='word_1_54' title='bbox 615 474 662 511; x_wconf 90' lang='lat' dir='ltr'>ad</span> <span class='ocrx_word' id='word_1_55' title='bbox 693 475 835 510; x_wconf 87' lang='lat' dir='ltr'>bonam</span> <span class='ocrx_word' id='word_1_56' title='bbox 865 472 1143 519; x_wconf 83' lang='lat' dir='ltr'>habitudinem,</span> <span class='ocrx_word' id='word_1_57' title='bbox 1166 485 1240 509; x_wconf 88' lang='lat' dir='ltr'>non</span> <span class='ocrx_word' id='word_1_58' title='bbox 1261 474 1375 522; x_wconf 86' lang='lat' dir='ltr'>impe·</span> <span class='ocrx_word' id='word_1_59' title='bbox 1404 485 1406 489; x_wconf 74' lang='grc'>’</span> 
     </span>
     <span class='ocr_line' id='line_1_16' title="bbox 304 527 788 566; baseline -0.008 0"><span class='ocrx_word' id='word_1_60' title='bbox 304 529 468 566; x_wconf 86' lang='lat' dir='ltr'>dimenta</span> <span class='ocrx_word' id='word_1_61' title='bbox 495 529 552 565; x_wconf 86' lang='lat' dir='ltr'>his</span> <span class='ocrx_word' id='word_1_62' title='bbox 580 527 788 564; x_wconf 83' lang='lat' dir='ltr'><em>existentia.</em></span> 
     </span>
    </p>

    <p class='ocr_par' dir='ltr' id='par_1_8' title="bbox 302 578 1375 788">
     <span class='ocr_line' id='line_1_17' title="bbox 356 578 1374 627; baseline -0.003 -8"><span class='ocrx_word' id='word_1_63' title='bbox 356 585 414 618; x_wconf 80' lang='lat' dir='ltr'>An</span> <span class='ocrx_word' id='word_1_64' title='bbox 439 593 599 618; x_wconf 77' lang='lat' dir='ltr'>TERTmM</span> <span class='ocrx_word' id='word_1_65' title='bbox 620 591 804 617; x_wconf 74' lang='lat' dir='ltr'><strong>DICENDUM</strong></span> <span class='ocrx_word' id='word_1_66' title='bbox 835 579 952 627; x_wconf 91' lang='lat' dir='ltr'>quod,</span> <span class='ocrx_word' id='word_1_67' title='bbox 983 578 1079 615; x_wconf 92' lang='lat' dir='ltr'>sicut</span> <span class='ocrx_word' id='word_1_68' title='bbox 1109 579 1250 616; x_wconf 90' lang='lat' dir='ltr'>dictum</span> <span class='ocrx_word' id='word_1_69' title='bbox 1274 587 1329 616; x_wconf 90' lang='lat' dir='ltr'>est</span> <span class='ocrx_word' id='word_1_70' title='bbox 1343 579 1374 626; x_wconf 73' lang='lat'>³¹⁸,</span> 
     </span>
     <span class='ocr_line' id='line_1_18' title="bbox 303 631 1374 684; baseline -0.002 -12"><span class='ocrx_word' id='word_1_71' title='bbox 303 635 552 684; x_wconf 83' lang='lat' dir='ltr'>temperantia</span> <span class='ocrx_word' id='word_1_72' title='bbox 595 633 746 681; x_wconf 85' lang='lat' dir='ltr'><strong>respicit</strong></span> <span class='ocrx_word' id='word_1_73' title='bbox 787 631 1053 668; x_wconf 90' lang='lat' dir='ltr'>necessitatem</span> <span class='ocrx_word' id='word_1_74' title='bbox 1096 640 1282 681; x_wconf 87' lang='lat' dir='ltr'>quantum</span> <span class='ocrx_word' id='word_1_75' title='bbox 1326 633 1374 670; x_wconf 89' lang='lat' dir='ltr'>ad</span> 
     </span>
     <span class='ocr_line' id='line_1_19' title="bbox 303 685 1375 734; baseline -0.002 -9"><span class='ocrx_word' id='word_1_76' title='bbox 303 687 611 725; x_wconf 80' lang='lat' dir='ltr'>convenientiam</span> <span class='ocrx_word' id='word_1_77' title='bbox 628 686 741 722; x_wconf 89' lang='lat' dir='ltr'>vitae.</span> <span class='ocrx_word' id='word_1_78' title='bbox 764 686 876 731; x_wconf 83' lang='lat' dir='ltr'>Quae</span> <span class='ocrx_word' id='word_1_79' title='bbox 897 685 1054 734; x_wconf 86' lang='lat' dir='ltr'>quidem</span> <span class='ocrx_word' id='word_1_80' title='bbox 1072 686 1277 723; x_wconf 88' lang='lat' dir='ltr'>attenditur</span> <span class='ocrx_word' id='word_1_81' title='bbox 1296 699 1375 723; x_wconf 90' lang='lat' dir='ltr'>non</span> 
     </span>
     <span class='ocr_line' id='line_1_20' title="bbox 302 738 1374 788; baseline 0 -11"><span class='ocrx_word' id='word_1_82' title='bbox 302 743 425 778; x_wconf 89' lang='lat' dir='ltr'>solum</span> <span class='ocrx_word' id='word_1_83' title='bbox 469 740 682 776; x_wconf 90' lang='lat' dir='ltr'>secundum</span> <span class='ocrx_word' id='word_1_84' title='bbox 725 738 1034 775; x_wconf 88' lang='lat' dir='ltr'>convenientiam</span> <span class='ocrx_word' id='word_1_85' title='bbox 1073 740 1262 788; x_wconf 86' lang='lat' dir='ltr'>corporis:</span> <span class='ocrx_word' id='word_1_86' title='bbox 1307 741 1374 778; x_wconf 92' lang='lat' dir='ltr'>sed</span> 
     </span>
    </p>
   </div>
   <div class='ocr_carea' id='block_1_8' title="bbox 302 792 1376 895">
    <p class='ocr_par' dir='ltr' id='par_1_9' title="bbox 302 792 1376 895">
     <span class='ocr_line' id='line_1_21' title="bbox 303 792 1376 831; baseline 0 0"><span class='ocrx_word' id='word_1_87' title='bbox 303 795 412 831; x_wconf 89' lang='lat' dir='ltr'>etiam</span> <span class='ocrx_word' id='word_1_88' title='bbox 451 793 663 829; x_wconf 90' lang='lat' dir='ltr'>secundum</span> <span class='ocrx_word' id='word_1_89' title='bbox 700 792 1010 829; x_wconf 87' lang='lat' dir='ltr'>convenientiam</span> <span class='ocrx_word' id='word_1_90' title='bbox 1050 794 1281 830; x_wconf 86' lang='lat' dir='ltr'>exteriorum</span> <span class='ocrx_word' id='word_1_91' title='bbox 1320 806 1376 831; x_wconf 91' lang='lat' dir='ltr'>re-</span> 
     </span>
     <span class='ocr_line' id='line_1_22' title="bbox 302 845 1375 895; baseline 0 -11"><span class='ocrx_word' id='word_1_92' title='bbox 302 860 406 885; x_wconf 88' lang='lat' dir='ltr'>rum.</span> <span class='ocrx_word' id='word_1_93' title='bbox 446 854 536 895; x_wconf 90' lang='lat' dir='ltr'>puta</span> <span class='ocrx_word' id='word_1_94' title='bbox 573 845 790 882; x_wconf 87' lang='lat' dir='ltr'>divitiarum</span> <span class='ocrx_word' id='word_1_95' title='bbox 831 854 867 882; x_wconf 89' lang='lat' dir='ltr'>et</span> <span class='ocrx_word' id='word_1_96' title='bbox 902 846 1142 892; x_wconf 78' lang='lat' dir='ltr'>officiorum3</span> <span class='ocrx_word' id='word_1_97' title='bbox 1179 855 1216 884; x_wconf 93' lang='lat' dir='ltr'>et</span> <span class='ocrx_word' id='word_1_98' title='bbox 1253 848 1375 884; x_wconf 92' lang='lat' dir='ltr'>multo</span> 
     </span>
    </p>
   </div>
   <div class='ocr_carea' id='block_1_9' title="bbox 972 288 1409 337">
    <p class='ocr_par' dir='ltr' id='par_1_10' title="bbox 972 288 1409 337">
     <span class='ocr_line' id='line_1_23' title="bbox 972 288 1409 337; baseline 0.005 -13"><span class='ocrx_word' id='word_1_99' title='bbox 972 288 1242 334; x_wconf 64' lang='lat' dir='ltr'>QUAEs‘rlo</span> <span class='ocrx_word' id='word_1_100' title='bbox 1272 288 1409 337; x_wconf 85' lang='lat' dir='ltr'>CXLI,</span> 
     </span>
    </p>
   </div>
   <div class='ocr_carea' id='block_1_10' title="bbox 1441 291 1837 330">
    <p class='ocr_par' dir='ltr' id='par_1_11' title="bbox 1441 291 1837 330">
     <span class='ocr_line' id='line_1_24' title="bbox 1441 291 1837 330; baseline 0.005 -3"><span class='ocrx_word' id='word_1_101' title='bbox 1441 291 1739 330; x_wconf 87' lang='lat' dir='ltr'>ARTICULUS</span> <span class='ocrx_word' id='word_1_102' title='bbox 1769 292 1837 329; x_wconf 88' lang='lat' dir='ltr'>VII</span> 
     </span>
    </p>
   </div>
   <div class='ocr_carea' id='block_1_11' title="bbox 1434 369 2509 417">
    <p class='ocr_par' dir='ltr' id='par_1_12' title="bbox 1434 369 2509 417">
     <span class='ocr_line' id='line_1_25' title="bbox 1434 369 2509 417; baseline 0.002 -11"><span class='ocrx_word' id='word_1_103' title='bbox 1434 369 1555 417; x_wconf 86' lang='lat' dir='ltr'>magis</span> <span class='ocrx_word' id='word_1_104' title='bbox 1593 371 1806 409; x_wconf 90' lang='lat' dir='ltr'>secundum</span> <span class='ocrx_word' id='word_1_105' title='bbox 1847 370 2157 410; x_wconf 87' lang='lat' dir='ltr'>convenientiam</span> <span class='ocrx_word' id='word_1_106' title='bbox 2194 372 2414 410; x_wconf 85' lang='lat' dir='ltr'>honestatis.</span> <span class='ocrx_word' id='word_1_107' title='bbox 2460 373 2509 409; x_wconf 92' lang='lat' dir='ltr'>Et</span> 
     </span>
    </p>
   </div>
   <div class='ocr_carea' id='block_1_12' title="bbox 1433 421 2749 474">
    <p class='ocr_par' dir='ltr' id='par_1_13' title="bbox 1433 421 2749 474">
     <span class='ocr_line' id='line_1_26' title="bbox 1433 421 2749 474; baseline 0.006 -16"><span class='ocrx_word' id='word_1_108' title='bbox 1433 421 1520 459; x_wconf 92' lang='lat' dir='ltr'>ideo</span> <span class='ocrx_word' id='word_1_109' title='bbox 1541 423 1798 473; x_wconf 85' lang='lat' dir='ltr'>Philosophus</span> <span class='ocrx_word' id='word_1_110' title='bbox 1818 425 1962 462; x_wconf 90' lang='lat' dir='ltr'>ibidem</span> <span class='ocrx_word' id='word_1_111' title='bbox 1974 426 1994 448; x_wconf 78' lang='lat'>&#39;¹‘</span> <span class='ocrx_word' id='word_1_112' title='bbox 2013 427 2140 463; x_wconf 86' lang='lat' dir='ltr'>subdit</span> <span class='ocrx_word' id='word_1_113' title='bbox 2159 427 2266 474; x_wconf 91' lang='lat' dir='ltr'>quod</span> <span class='ocrx_word' id='word_1_114' title='bbox 2285 426 2322 463; x_wconf 90' lang='lat' dir='ltr'>in</span> <span class='ocrx_word' id='word_1_115' title='bbox 2345 426 2508 463; x_wconf 88' lang='lat' dir='ltr'>delecta·</span> <span class='ocrx_word' id='word_1_116' title='bbox 2536 437 2749 466; x_wconf 57' lang='lat' dir='ltr'>mecm-inresp-</span> 
     </span>
    </p>
   </div>
   <div class='ocr_carea' id='block_1_13' title="bbox 2535 464 2598 486">
    <p class='ocr_par' dir='ltr' id='par_1_14' title="bbox 2535 464 2598 486">
     <span class='ocr_line' id='line_1_27' title="bbox 2535 464 2598 486; baseline 0 -1"><span class='ocrx_word' id='word_1_117' title='bbox 2535 464 2563 485; x_wconf 89' lang='lat' dir='ltr'>ad</span> <span class='ocrx_word' id='word_1_118' title='bbox 2579 470 2598 486; x_wconf 83' lang='lat'>².</span> 
     </span>
    </p>
   </div>
   <div class='ocr_carea' id='block_1_14' title="bbox 1429 475 2508 847">
    <p class='ocr_par' dir='ltr' id='par_1_15' title="bbox 1429 475 2508 847">
     <span class='ocr_line' id='line_1_28' title="bbox 1433 475 2507 527; baseline 0.005 -17"><span class='ocrx_word' id='word_1_119' title='bbox 1433 475 1571 512; x_wconf 90' lang='lat' dir='ltr'>bilibus</span> <span class='ocrx_word' id='word_1_120' title='bbox 1595 477 1734 524; x_wconf 90' lang='lat' dir='ltr'>quibus</span> <span class='ocrx_word' id='word_1_121' title='bbox 1758 486 1994 527; x_wconf 89' lang='lat' dir='ltr'>temperatus</span> <span class='ocrx_word' id='word_1_122' title='bbox 2023 480 2149 527; x_wconf 88' lang='lat' dir='ltr'>utitur,</span> <span class='ocrx_word' id='word_1_123' title='bbox 2171 492 2250 517; x_wconf 91' lang='lat' dir='ltr'>non</span> <span class='ocrx_word' id='word_1_124' title='bbox 2270 480 2395 516; x_wconf 91' lang='lat' dir='ltr'>solum</span> <span class='ocrx_word' id='word_1_125' title='bbox 2417 491 2507 515; x_wconf 92' lang='lat' dir='ltr'>con-</span> 
     </span>
     <span class='ocr_line' id='line_1_29' title="bbox 1432 527 2507 581; baseline 0.005 -18"><span class='ocrx_word' id='word_1_126' title='bbox 1432 527 1572 565; x_wconf 87' lang='lat' dir='ltr'>siderat</span> <span class='ocrx_word' id='word_1_127' title='bbox 1600 537 1642 566; x_wconf 92' lang='lat' dir='ltr'>ut</span> <span class='ocrx_word' id='word_1_128' title='bbox 1670 542 1749 568; x_wconf 90' lang='lat' dir='ltr'>non</span> <span class='ocrx_word' id='word_1_129' title='bbox 1774 531 1847 568; x_wconf 89' lang='lat' dir='ltr'>sint</span> <span class='ocrx_word' id='word_1_130' title='bbox 1875 531 2098 581; x_wconf 89' lang='lat' dir='ltr'>impeditiva</span> <span class='ocrx_word' id='word_1_131' title='bbox 2118 533 2286 570; x_wconf 86' lang='lat' dir='ltr'>sanitatis</span> <span class='ocrx_word' id='word_1_132' title='bbox 2316 540 2351 569; x_wconf 92' lang='lat' dir='ltr'>et</span> <span class='ocrx_word' id='word_1_133' title='bbox 2381 534 2507 569; x_wconf 91' lang='lat' dir='ltr'>bonae</span> 
     </span>
     <span class='ocr_line' id='line_1_30' title="bbox 1430 581 2508 635; baseline 0.006 -19"><span class='ocrx_word' id='word_1_134' title='bbox 1430 581 1662 619; x_wconf 88' lang='lat' dir='ltr'>habitudinis</span> <span class='ocrx_word' id='word_1_135' title='bbox 1683 584 1902 632; x_wconf 87' lang='lat' dir='ltr'>corporalis,</span> <span class='ocrx_word' id='word_1_136' title='bbox 1924 586 1991 623; x_wconf 93' lang='lat' dir='ltr'>sed</span> <span class='ocrx_word' id='word_1_137' title='bbox 2017 586 2130 623; x_wconf 90' lang='lat' dir='ltr'>etiam</span> <span class='ocrx_word' id='word_1_138' title='bbox 2150 595 2192 623; x_wconf 89' lang='lat' dir='ltr'>ut</span> <span class='ocrx_word' id='word_1_139' title='bbox 2211 599 2289 624; x_wconf 91' lang='lat' dir='ltr'>non</span> <span class='ocrx_word' id='word_1_140' title='bbox 2306 586 2380 623; x_wconf 89' lang='lat' dir='ltr'>sint</span> <span class='ocrx_word' id='word_1_141' title='bbox 2391 597 2508 635; x_wconf 86' lang='lat' dir='ltr'>prae-</span> 
     </span>
     <span class='ocr_line' id='line_1_31' title="bbox 1430 635 2507 688; baseline 0.006 -18"><span class='ocrx_word' id='word_1_142' title='bbox 1430 639 1487 670; x_wconf 91' lang='lat' dir='ltr'>ter</span> <span class='ocrx_word' id='word_1_143' title='bbox 1505 635 1658 682; x_wconf 86' lang='lat' dir='ltr'>bonum,</span> <span class='ocrx_word' id='word_1_144' title='bbox 1679 635 1777 673; x_wconf 88' lang='lat' dir='ltr'>idest</span> <span class='ocrx_word' id='word_1_145' title='bbox 1796 642 1928 675; x_wconf 87' lang='lat' dir='ltr'>contra</span> <span class='ocrx_word' id='word_1_146' title='bbox 1946 638 2208 686; x_wconf 82' lang='lat' dir='ltr'>honestatem3</span> <span class='ocrx_word' id='word_1_147' title='bbox 2239 649 2276 677; x_wconf 86' lang='lat' dir='ltr'>et</span> <span class='ocrx_word' id='word_1_148' title='bbox 2302 640 2407 688; x_wconf 91' lang='lat' dir='ltr'>quod</span> <span class='ocrx_word' id='word_1_149' title='bbox 2428 651 2507 676; x_wconf 91' lang='lat' dir='ltr'>non</span> 
     </span>
     <span class='ocr_line' id='line_1_32' title="bbox 1431 687 2507 742; baseline 0.007 -19"><span class='ocrx_word' id='word_1_150' title='bbox 1431 687 1504 724; x_wconf 90' lang='lat' dir='ltr'>sint</span> <span class='ocrx_word' id='word_1_151' title='bbox 1522 700 1639 737; x_wconf 84' lang='lat' dir='ltr'>supra</span> <span class='ocrx_word' id='word_1_152' title='bbox 1657 690 1916 737; x_wconf 80' lang='lat' dir='ltr'>substantiam,</span> <span class='ocrx_word' id='word_1_153' title='bbox 1946 691 2044 729; x_wconf 91' lang='lat' dir='ltr'>idest</span> <span class='ocrx_word' id='word_1_154' title='bbox 2072 705 2187 742; x_wconf 89' lang='lat' dir='ltr'>supra</span> <span class='ocrx_word' id='word_1_155' title='bbox 2211 694 2430 730; x_wconf 82' lang='lat' dir='ltr'>facultatem</span> <span class='ocrx_word' id='word_1_156' title='bbox 2452 693 2507 730; x_wconf 91' lang='lat' dir='ltr'>di-</span> 
     </span>
     <span class='ocr_line' id='line_1_33' title="bbox 1429 741 2506 792; baseline 0.006 -15"><span class='ocrx_word' id='word_1_157' title='bbox 1429 741 1621 778; x_wconf 89' lang='lat' dir='ltr'>vitiarum.</span> <span class='ocrx_word' id='word_1_158' title='bbox 1644 743 1693 778; x_wconf 91' lang='lat' dir='ltr'>Et</span> <span class='ocrx_word' id='word_1_159' title='bbox 1711 743 1946 790; x_wconf 88' lang='lat' dir='ltr'>Augustinus</span> <span class='ocrx_word' id='word_1_160' title='bbox 1966 745 2074 792; x_wconf 88' lang='lat' dir='ltr'>dicit,</span> <span class='ocrx_word' id='word_1_161' title='bbox 2091 746 2129 783; x_wconf 91' lang='lat' dir='ltr'>in</span> <span class='ocrx_word' id='word_1_162' title='bbox 2148 747 2246 784; x_wconf 86' lang='lat' dir='ltr'>libro</span> <span class='ocrx_word' id='word_1_163' title='bbox 2267 748 2313 784; x_wconf 88' lang='lat' dir='ltr'>de</span> <span class='ocrx_word' id='word_1_164' title='bbox 2326 747 2506 784; x_wconf 87' lang='lat' dir='ltr'>Moribus</span> 
     </span>
     <span class='ocr_line' id='line_1_34' title="bbox 1429 795 2506 847; baseline 0.006 -16"><span class='ocrx_word' id='word_1_165' title='bbox 1429 795 1552 832; x_wconf 89' lang='lat' dir='ltr'>Eccle.</span> <span class='ocrx_word' id='word_1_166' title='bbox 1573 795 1606 842; x_wconf 85' lang='lat'>*,</span> <span class='ocrx_word' id='word_1_167' title='bbox 1628 797 1733 844; x_wconf 92' lang='lat' dir='ltr'>quod</span> <span class='ocrx_word' id='word_1_168' title='bbox 1753 803 1988 844; x_wconf 84' lang='lat' dir='ltr'>temperatus</span> <span class='ocrx_word' id='word_1_169' title='bbox 2015 799 2164 847; x_wconf 89' lang='lat' dir='ltr'>respicit</span> <span class='ocrx_word' id='word_1_170' title='bbox 2187 812 2266 837; x_wconf 92' lang='lat' dir='ltr'>non</span> <span class='ocrx_word' id='word_1_171' title='bbox 2287 802 2412 838; x_wconf 88' lang='lat' dir='ltr'>solum</span> <span class='ocrx_word' id='word_1_172' title='bbox 2443 813 2506 837; x_wconf 90' lang='lat' dir='ltr'>ne-</span> 
     </span>
    </p>
   </div>
   <div class='ocr_carea' id='block_1_15' title="bbox 1401 849 2405 902">
    <p class='ocr_par' dir='ltr' id='par_1_16' title="bbox 1401 849 2405 902">
     <span class='ocr_line' id='line_1_35' title="bbox 1401 849 2405 902; baseline 0.008 -18"><span class='ocrx_word' id='word_1_173' title='bbox 1401 895 1403 897; x_wconf 26' lang='grc'><strong>,</strong></span> <span class='ocrx_word' id='word_1_174' title='bbox 1430 849 1636 886; x_wconf 83' lang='lat' dir='ltr'>cessitatem</span> <span class='ocrx_word' id='word_1_175' title='bbox 1665 849 1777 886; x_wconf 84' lang='lat' dir='ltr'>huius</span> <span class='ocrx_word' id='word_1_176' title='bbox 1803 850 1914 896; x_wconf 78' lang='lat' dir='ltr'>vitae,</span> <span class='ocrx_word' id='word_1_177' title='bbox 1937 850 2005 888; x_wconf 90' lang='lat' dir='ltr'>sed</span> <span class='ocrx_word' id='word_1_178' title='bbox 2035 852 2148 889; x_wconf 90' lang='lat' dir='ltr'>etiam</span> <span class='ocrx_word' id='word_1_179' title='bbox 2178 854 2405 902; x_wconf 82' lang='lat' dir='ltr'>officiorum.</span> 
     </span>
    </p>
   </div>
   <div class='ocr_carea' id='block_1_16' title="bbox 986 943 1822 978">
    <p class='ocr_par' dir='ltr' id='par_1_17' title="bbox 986 943 1822 978">
     <span class='ocr_line' id='line_1_36' title="bbox 986 943 1822 978; baseline 0.004 -3"><span class='ocrx_word' id='word_1_180' title='bbox 986 943 1322 976; x_wconf 79' lang='lat' dir='ltr'>Commentaria</span> <span class='ocrx_word' id='word_1_181' title='bbox 1345 943 1598 977; x_wconf 74' lang='lat' dir='ltr'>cardinalis</span> <span class='ocrx_word' id='word_1_182' title='bbox 1621 944 1822 978; x_wconf 72' lang='lat' dir='ltr'>Caietam</span> 
     </span>
    </p>
   </div>
   <div class='ocr_carea' id='block_1_17' title="bbox 294 1023 1401 1961">
    <p class='ocr_par' dir='ltr' id='par_1_18' title="bbox 297 1023 1401 1559">
     <span class='ocr_line' id='line_1_37' title="bbox 326 1023 1377 1066; baseline 0 -11"><span class='ocrx_word' id='word_1_183' title='bbox 326 1037 345 1055; x_wconf 78' lang='lat' dir='ltr'>N</span> <span class='ocrx_word' id='word_1_184' title='bbox 372 1025 505 1056; x_wconf 79' lang='lat' dir='ltr'>articulo</span> <span class='ocrx_word' id='word_1_185' title='bbox 530 1031 618 1055; x_wconf 85' lang='lat' dir='ltr'>sexto</span> <span class='ocrx_word' id='word_1_186' title='bbox 644 1024 788 1055; x_wconf 89' lang='lat' dir='ltr'>eiusdem</span> <span class='ocrx_word' id='word_1_187' title='bbox 809 1023 1017 1065; x_wconf 87' lang='lat' dir='ltr'>quaestionis,</span> <span class='ocrx_word' id='word_1_188' title='bbox 1038 1024 1160 1055; x_wconf 91' lang='lat' dir='ltr'>omisso</span> <span class='ocrx_word' id='word_1_189' title='bbox 1178 1025 1303 1066; x_wconf 90' lang='lat' dir='ltr'>quinto,</span> <span class='ocrx_word' id='word_1_190' title='bbox 1320 1025 1377 1055; x_wconf 87' lang='lat' dir='ltr'>du-</span> 
     </span>
     <span class='ocr_line' id='line_1_38' title="bbox 327 1069 1378 1110; baseline 0 -10"><span class='ocrx_word' id='word_1_191' title='bbox 327 1070 416 1101; x_wconf 89' lang='lat' dir='ltr'>bium</span> <span class='ocrx_word' id='word_1_192' title='bbox 442 1069 579 1100; x_wconf 91' lang='lat' dir='ltr'>occurrit</span> <span class='ocrx_word' id='word_1_193' title='bbox 604 1079 640 1099; x_wconf 85' lang='lat' dir='ltr'>ex</span> <span class='ocrx_word' id='word_1_194' title='bbox 664 1069 812 1105; x_wconf 90' lang='lat' dir='ltr'>Martino,</span> <span class='ocrx_word' id='word_1_195' title='bbox 834 1069 866 1099; x_wconf 89' lang='lat' dir='ltr'>in</span> <span class='ocrx_word' id='word_1_196' title='bbox 884 1069 999 1099; x_wconf 90' lang='lat' dir='ltr'>eodem</span> <span class='ocrx_word' id='word_1_197' title='bbox 1025 1076 1158 1100; x_wconf 88' lang='lat' dir='ltr'>tractatu</span> <span class='ocrx_word' id='word_1_198' title='bbox 1176 1069 1203 1106; x_wconf 79' lang='lat'>*‚</span> <span class='ocrx_word' id='word_1_199' title='bbox 1228 1069 1260 1099; x_wconf 92' lang='lat' dir='ltr'>in</span> <span class='ocrx_word' id='word_1_200' title='bbox 1278 1079 1378 1110; x_wconf 87' lang='lat' dir='ltr'>quae-</span> 
     </span>
     <span class='ocr_line' id='line_1_39' title="bbox 298 1114 1376 1155; baseline 0 -10"><span class='ocrx_word' id='word_1_201' title='bbox 298 1116 400 1146; x_wconf 84' lang='lat' dir='ltr'>stione</span> <span class='ocrx_word' id='word_1_202' title='bbox 429 1114 518 1145; x_wconf 82' lang='lat' dir='ltr'>istius</span> <span class='ocrx_word' id='word_1_203' title='bbox 550 1114 644 1149; x_wconf 89' lang='lat' dir='ltr'>tituli,</span> <span class='ocrx_word' id='word_1_204' title='bbox 668 1115 719 1144; x_wconf 87' lang='lat' dir='ltr'>An</span> <span class='ocrx_word' id='word_1_205' title='bbox 750 1114 868 1155; x_wconf 85' lang='lat' dir='ltr'>regula</span> <span class='ocrx_word' id='word_1_206' title='bbox 899 1115 1131 1154; x_wconf 83' lang='lat' dir='ltr'>temperantiae</span> <span class='ocrx_word' id='word_1_207' title='bbox 1160 1119 1312 1145; x_wconf 83' lang='lat' dir='ltr'>sumatur</span> <span class='ocrx_word' id='word_1_208' title='bbox 1334 1124 1376 1145; x_wconf 86' lang='lat' dir='ltr'>ex</span> 
     </span>
     <span class='ocr_line' id='line_1_40' title="bbox 298 1158 1374 1200; baseline 0 -10"><span class='ocrx_word' id='word_1_209' title='bbox 298 1161 485 1191; x_wconf 84' lang='lat' dir='ltr'>necessitate</span> <span class='ocrx_word' id='word_1_210' title='bbox 496 1160 679 1200; x_wconf 82' lang='lat' dir='ltr'>praesentis</span> <span class='ocrx_word' id='word_1_211' title='bbox 696 1160 780 1189; x_wconf 83' lang='lat' dir='ltr'>vitae</span> <span class='ocrx_word' id='word_1_212' title='bbox 795 1158 821 1190; x_wconf 88' lang='lat'>*.</span> <span class='ocrx_word' id='word_1_213' title='bbox 846 1158 1062 1199; x_wconf 88' lang='lat' dir='ltr'>Reprehendit</span> <span class='ocrx_word' id='word_1_214' title='bbox 1079 1158 1238 1200; x_wconf 87' lang='lat' dir='ltr'>siquidem</span> <span class='ocrx_word' id='word_1_215' title='bbox 1254 1162 1374 1190; x_wconf 90' lang='lat' dir='ltr'>Aucto-</span> 
     </span>
     <span class='ocr_line' id='line_1_41' title="bbox 298 1203 1374 1245; baseline -0.001 -10"><span class='ocrx_word' id='word_1_216' title='bbox 298 1215 364 1235; x_wconf 89' lang='lat' dir='ltr'>rem</span> <span class='ocrx_word' id='word_1_217' title='bbox 388 1205 420 1235; x_wconf 90' lang='lat' dir='ltr'>in</span> <span class='ocrx_word' id='word_1_218' title='bbox 445 1205 507 1234; x_wconf 91' lang='lat' dir='ltr'>hoc</span> <span class='ocrx_word' id='word_1_219' title='bbox 531 1204 620 1245; x_wconf 92' lang='lat' dir='ltr'>quod</span> <span class='ocrx_word' id='word_1_220' title='bbox 650 1203 806 1234; x_wconf 82' lang='lat' dir='ltr'>conclusit</span> <span class='ocrx_word' id='word_1_221' title='bbox 837 1203 1056 1234; x_wconf 86' lang='lat' dir='ltr'>necessitatem</span> <span class='ocrx_word' id='word_1_222' title='bbox 1088 1204 1261 1244; x_wconf 87' lang='lat' dir='ltr'>praesentis</span> <span class='ocrx_word' id='word_1_223' title='bbox 1291 1204 1374 1234; x_wconf 83' lang='lat' dir='ltr'>vitae</span> 
     </span>
     <span class='ocr_line' id='line_1_42' title="bbox 298 1248 1375 1289; baseline -0.001 -9"><span class='ocrx_word' id='word_1_224' title='bbox 298 1260 364 1280; x_wconf 88' lang='lat' dir='ltr'>esse</span> <span class='ocrx_word' id='word_1_225' title='bbox 389 1250 531 1289; x_wconf 87' lang='lat' dir='ltr'>regulam</span> <span class='ocrx_word' id='word_1_226' title='bbox 555 1248 798 1289; x_wconf 82' lang='lat' dir='ltr'>temperantiae,</span> <span class='ocrx_word' id='word_1_227' title='bbox 825 1255 936 1288; x_wconf 90' lang='lat' dir='ltr'>utpote</span> <span class='ocrx_word' id='word_1_228' title='bbox 968 1248 1065 1278; x_wconf 90' lang='lat' dir='ltr'>finem</span> <span class='ocrx_word' id='word_1_229' title='bbox 1095 1249 1172 1280; x_wconf 90' lang='lat' dir='ltr'>eius.</span> <span class='ocrx_word' id='word_1_230' title='bbox 1206 1249 1261 1279; x_wconf 85' lang='lat' dir='ltr'>Ait</span> <span class='ocrx_word' id='word_1_231' title='bbox 1289 1249 1375 1279; x_wconf 88' lang='lat' dir='ltr'>enirn</span> 
     </span>
     <span class='ocr_line' id='line_1_43' title="bbox 297 1294 1374 1336; baseline -0.001 -11"><span class='ocrx_word' id='word_1_232' title='bbox 297 1295 396 1336; x_wconf 88' lang='lat' dir='ltr'>quod,</span> <span class='ocrx_word' id='word_1_233' title='bbox 422 1294 446 1324; x_wconf 92' lang='lat' dir='ltr'>si</span> <span class='ocrx_word' id='word_1_234' title='bbox 472 1294 638 1324; x_wconf 86' lang='lat' dir='ltr'>necessitas</span> <span class='ocrx_word' id='word_1_235' title='bbox 662 1301 708 1324; x_wconf 90' lang='lat' dir='ltr'>est</span> <span class='ocrx_word' id='word_1_236' title='bbox 739 1294 863 1334; x_wconf 87' lang='lat' dir='ltr'>regula,</span> <span class='ocrx_word' id='word_1_237' title='bbox 890 1301 1018 1334; x_wconf 87' lang='lat' dir='ltr'>oportet</span> <span class='ocrx_word' id='word_1_238' title='bbox 1042 1294 1132 1334; x_wconf 92' lang='lat' dir='ltr'>quod</span> <span class='ocrx_word' id='word_1_239' title='bbox 1154 1303 1212 1334; x_wconf 92' lang='lat' dir='ltr'>per</span> <span class='ocrx_word' id='word_1_240' title='bbox 1241 1304 1374 1324; x_wconf 89' lang='lat' dir='ltr'>omnem</span> 
     </span>
     <span class='ocr_line' id='line_1_44' title="bbox 298 1338 1375 1379; baseline -0.002 -9"><span class='ocrx_word' id='word_1_241' title='bbox 298 1348 419 1371; x_wconf 88' lang='lat' dir='ltr'>rectum</span> <span class='ocrx_word' id='word_1_242' title='bbox 438 1349 533 1369; x_wconf 89' lang='lat' dir='ltr'>usum</span> <span class='ocrx_word' id='word_1_243' title='bbox 554 1338 685 1369; x_wconf 88' lang='lat' dir='ltr'>tollatur</span> <span class='ocrx_word' id='word_1_244' title='bbox 707 1338 813 1379; x_wconf 89' lang='lat' dir='ltr'>aliqua</span> <span class='ocrx_word' id='word_1_245' title='bbox 835 1338 1002 1369; x_wconf 83' lang='lat' dir='ltr'>necessitas</span> <span class='ocrx_word' id='word_1_246' title='bbox 1028 1348 1083 1369; x_wconf 90' lang='lat' dir='ltr'>seu</span> <span class='ocrx_word' id='word_1_247' title='bbox 1108 1338 1290 1378; x_wconf 87' lang='lat' dir='ltr'>indigentia.</span> <span class='ocrx_word' id='word_1_248' title='bbox 1311 1338 1375 1370; x_wconf 88' lang='lat' dir='ltr'>Sed</span> 
     </span>
     <span class='ocr_line' id='line_1_45' title="bbox 298 1384 1373 1424; baseline -0.001 -9"><span class='ocrx_word' id='word_1_249' title='bbox 298 1385 359 1415; x_wconf 86' lang='lat' dir='ltr'>hoc</span> <span class='ocrx_word' id='word_1_250' title='bbox 383 1394 449 1414; x_wconf 92' lang='lat' dir='ltr'>non</span> <span class='ocrx_word' id='word_1_251' title='bbox 474 1391 520 1414; x_wconf 91' lang='lat' dir='ltr'>est</span> <span class='ocrx_word' id='word_1_252' title='bbox 544 1393 671 1413; x_wconf 89' lang='lat' dir='ltr'>verum:</span> <span class='ocrx_word' id='word_1_253' title='bbox 698 1390 733 1414; x_wconf 90' lang='lat' dir='ltr'>ut</span> <span class='ocrx_word' id='word_1_254' title='bbox 757 1390 843 1424; x_wconf 86' lang='lat' dir='ltr'>patet</span> <span class='ocrx_word' id='word_1_255' title='bbox 866 1384 904 1413; x_wconf 91' lang='lat' dir='ltr'>de</span> <span class='ocrx_word' id='word_1_256' title='bbox 929 1390 1015 1414; x_wconf 89' lang='lat' dir='ltr'>recto</span> <span class='ocrx_word' id='word_1_257' title='bbox 1041 1394 1100 1414; x_wconf 90' lang='lat' dir='ltr'>usu</span> <span class='ocrx_word' id='word_1_258' title='bbox 1134 1394 1199 1414; x_wconf 91' lang='lat' dir='ltr'>non</span> <span class='ocrx_word' id='word_1_259' title='bbox 1232 1394 1373 1414; x_wconf 75' lang='lat' dir='ltr'>necessa—</span> 
     </span>
     <span class='ocr_line' id='line_1_46' title="bbox 298 1427 1401 1469; baseline -0.001 -9"><span class='ocrx_word' id='word_1_260' title='bbox 298 1430 418 1460; x_wconf 89' lang='lat' dir='ltr'>riorum</span> <span class='ocrx_word' id='word_1_261' title='bbox 443 1439 525 1469; x_wconf 89' lang='lat' dir='ltr'>quae</span> <span class='ocrx_word' id='word_1_262' title='bbox 549 1438 655 1460; x_wconf 87' lang='lat' dir='ltr'>tamen</span> <span class='ocrx_word' id='word_1_263' title='bbox 681 1438 747 1458; x_wconf 91' lang='lat' dir='ltr'>non</span> <span class='ocrx_word' id='word_1_264' title='bbox 770 1427 953 1468; x_wconf 86' lang='lat' dir='ltr'>impediunt</span> <span class='ocrx_word' id='word_1_265' title='bbox 982 1428 1150 1459; x_wconf 89' lang='lat' dir='ltr'>sanitatem</span> <span class='ocrx_word' id='word_1_266' title='bbox 1174 1436 1229 1459; x_wconf 88' lang='lat' dir='ltr'>aut</span> <span class='ocrx_word' id='word_1_267' title='bbox 1252 1429 1373 1459; x_wconf 85' lang='lat' dir='ltr'>bonam</span> <span class='ocrx_word' id='word_1_268' title='bbox 1399 1447 1401 1449; x_wconf 96' lang='lat'>-</span> 
     </span>
     <span class='ocr_line' id='line_1_47' title="bbox 297 1472 1374 1510; baseline -0.001 -6"><span class='ocrx_word' id='word_1_269' title='bbox 297 1473 527 1510; x_wconf 86' lang='lat' dir='ltr'>habitudinem,</span> <span class='ocrx_word' id='word_1_270' title='bbox 546 1483 603 1503; x_wconf 91' lang='lat' dir='ltr'>nec</span> <span class='ocrx_word' id='word_1_271' title='bbox 627 1473 783 1504; x_wconf 90' lang='lat' dir='ltr'>excedunt</span> <span class='ocrx_word' id='word_1_272' title='bbox 806 1472 971 1503; x_wconf 84' lang='lat' dir='ltr'>facultates</span> <span class='ocrx_word' id='word_1_273' title='bbox 993 1481 1023 1503; x_wconf 90' lang='lat' dir='ltr'>et</span> <span class='ocrx_word' id='word_1_274' title='bbox 1045 1473 1256 1504; x_wconf 86' lang='lat' dir='ltr'>honestatem.</span> <span class='ocrx_word' id='word_1_275' title='bbox 1278 1491 1299 1496; x_wconf 99' lang='lat'><em>-</em></span> <span class='ocrx_word' id='word_1_276' title='bbox 1321 1473 1374 1503; x_wconf 86' lang='lat' dir='ltr'>Af-</span> 
     </span>
     <span class='ocr_line' id='line_1_48' title="bbox 297 1518 1372 1559; baseline -0.001 -10"><span class='ocrx_word' id='word_1_277' title='bbox 297 1519 356 1550; x_wconf 90' lang='lat' dir='ltr'>fert</span> <span class='ocrx_word' id='word_1_278' title='bbox 371 1528 503 1559; x_wconf 87' lang='lat' dir='ltr'>quoque</span> <span class='ocrx_word' id='word_1_279' title='bbox 523 1518 624 1548; x_wconf 86' lang='lat' dir='ltr'>multa</span> <span class='ocrx_word' id='word_1_280' title='bbox 641 1525 751 1548; x_wconf 89' lang='lat' dir='ltr'>contra</span> <span class='ocrx_word' id='word_1_281' title='bbox 771 1518 906 1548; x_wconf 88' lang='lat' dir='ltr'>eandem</span> <span class='ocrx_word' id='word_1_282' title='bbox 930 1518 1183 1549; x_wconf 88' lang='lat' dir='ltr'>conclusionem.</span> <span class='ocrx_word' id='word_1_283' title='bbox 1210 1518 1271 1548; x_wconf 91' lang='lat' dir='ltr'>Sed</span> <span class='ocrx_word' id='word_1_284' title='bbox 1287 1518 1372 1559; x_wconf 90' lang='lat' dir='ltr'>quia,</span> 
     </span>
    </p>

    <p class='ocr_par' dir='ltr' id='par_1_19' title="bbox 298 1563 1102 1603">
     <span class='ocr_line' id='line_1_49' title="bbox 298 1563 1102 1603; baseline -0.001 -9"><span class='ocrx_word' id='word_1_285' title='bbox 298 1572 332 1594; x_wconf 91' lang='lat' dir='ltr'>ut</span> <span class='ocrx_word' id='word_1_286' title='bbox 356 1563 475 1603; x_wconf 87' lang='lat' dir='ltr'>patebit</span> <span class='ocrx_word' id='word_1_287' title='bbox 490 1563 516 1599; x_wconf 90' lang='lat'>*,</span> <span class='ocrx_word' id='word_1_288' title='bbox 543 1573 608 1593; x_wconf 92' lang='lat' dir='ltr'>non</span> <span class='ocrx_word' id='word_1_289' title='bbox 634 1569 708 1593; x_wconf 90' lang='lat' dir='ltr'>sunt</span> <span class='ocrx_word' id='word_1_290' title='bbox 733 1570 842 1593; x_wconf 91' lang='lat' dir='ltr'>contra</span> <span class='ocrx_word' id='word_1_291' title='bbox 868 1573 948 1599; x_wconf 86' lang='lat' dir='ltr'>eam,</span> <span class='ocrx_word' id='word_1_292' title='bbox 975 1563 1102 1594; x_wconf 92' lang='lat' dir='ltr'>omitto.</span> 
     </span>
    </p>

    <p class='ocr_par' dir='ltr' id='par_1_20' title="bbox 294 1607 1373 1961">
     <span class='ocr_line' id='line_1_50' title="bbox 354 1607 1371 1648; baseline 0 -10"><span class='ocrx_word' id='word_1_293' title='bbox 354 1609 390 1639; x_wconf 92' lang='lat' dir='ltr'>ll.</span> <span class='ocrx_word' id='word_1_294' title='bbox 412 1608 462 1638; x_wconf 91' lang='lat' dir='ltr'>Ad</span> <span class='ocrx_word' id='word_1_295' title='bbox 479 1608 670 1639; x_wconf 88' lang='lat' dir='ltr'>evidentiam</span> <span class='ocrx_word' id='word_1_296' title='bbox 685 1608 812 1644; x_wconf 91' lang='lat' dir='ltr'>horum,</span> <span class='ocrx_word' id='word_1_297' title='bbox 831 1618 897 1638; x_wconf 89' lang='lat' dir='ltr'>non</span> <span class='ocrx_word' id='word_1_298' title='bbox 914 1615 1041 1648; x_wconf 90' lang='lat' dir='ltr'>oportet</span> <span class='ocrx_word' id='word_1_299' title='bbox 1057 1607 1185 1638; x_wconf 91' lang='lat' dir='ltr'>aliunde</span> <span class='ocrx_word' id='word_1_300' title='bbox 1202 1607 1371 1648; x_wconf 89' lang='lat' dir='ltr'>inquirere,</span> 
     </span>
     <span class='ocr_line' id='line_1_51' title="bbox 296 1651 1372 1693; baseline 0 -10"><span class='ocrx_word' id='word_1_301' title='bbox 296 1653 350 1683; x_wconf 91' lang='lat' dir='ltr'>sed</span> <span class='ocrx_word' id='word_1_302' title='bbox 375 1663 411 1683; x_wconf 88' lang='lat' dir='ltr'>ex</span> <span class='ocrx_word' id='word_1_303' title='bbox 434 1653 536 1683; x_wconf 89' lang='lat' dir='ltr'>littera</span> <span class='ocrx_word' id='word_1_304' title='bbox 551 1653 619 1693; x_wconf 90' lang='lat' dir='ltr'>ipsa</span> <span class='ocrx_word' id='word_1_305' title='bbox 636 1652 800 1683; x_wconf 88' lang='lat' dir='ltr'>resolvere.</span> <span class='ocrx_word' id='word_1_306' title='bbox 828 1652 991 1689; x_wconf 87' lang='lat' dir='ltr'>Quoniam</span> <span class='ocrx_word' id='word_1_307' title='bbox 1013 1653 1094 1683; x_wconf 86' lang='lat' dir='ltr'>clare</span> <span class='ocrx_word' id='word_1_308' title='bbox 1110 1652 1143 1682; x_wconf 90' lang='lat' dir='ltr'>in</span> <span class='ocrx_word' id='word_1_309' title='bbox 1163 1651 1372 1693; x_wconf 85' lang='lat' dir='ltr'>responsione</span> 
     </span>
     <span class='ocr_line' id='line_1_52' title="bbox 296 1697 1373 1738; baseline -0.001 -10"><span class='ocrx_word' id='word_1_310' title='bbox 296 1698 335 1728; x_wconf 90' lang='lat' dir='ltr'>ad</span> <span class='ocrx_word' id='word_1_311' title='bbox 352 1697 482 1728; x_wconf 89' lang='lat' dir='ltr'>tertium</span> <span class='ocrx_word' id='word_1_312' title='bbox 506 1700 630 1728; x_wconf 89' lang='lat' dir='ltr'>Auctor</span> <span class='ocrx_word' id='word_1_313' title='bbox 653 1697 788 1737; x_wconf 90' lang='lat' dir='ltr'>explicat</span> <span class='ocrx_word' id='word_1_314' title='bbox 811 1707 893 1738; x_wconf 89' lang='lat' dir='ltr'>quae</span> <span class='ocrx_word' id='word_1_315' title='bbox 918 1697 957 1728; x_wconf 90' lang='lat' dir='ltr'>sit</span> <span class='ocrx_word' id='word_1_316' title='bbox 979 1697 1148 1728; x_wconf 84' lang='lat' dir='ltr'>necessitas</span> <span class='ocrx_word' id='word_1_317' title='bbox 1165 1707 1247 1738; x_wconf 88' lang='lat' dir='ltr'>quae</span> <span class='ocrx_word' id='word_1_318' title='bbox 1264 1697 1373 1737; x_wconf 88' lang='lat' dir='ltr'>regula</span> 
     </span>
     <span class='ocr_line' id='line_1_53' title="bbox 296 1741 1370 1783; baseline -0.001 -10"><span class='ocrx_word' id='word_1_319' title='bbox 296 1750 342 1773; x_wconf 87' lang='lat' dir='ltr'>est</span> <span class='ocrx_word' id='word_1_320' title='bbox 376 1742 620 1783; x_wconf 80' lang='lat' dir='ltr'>temperantiae,</span> <span class='ocrx_word' id='word_1_321' title='bbox 652 1741 770 1772; x_wconf 90' lang='lat' dir='ltr'>scilicet</span> <span class='ocrx_word' id='word_1_322' title='bbox 805 1741 974 1772; x_wconf 83' lang='lat' dir='ltr'>necessitas</span> <span class='ocrx_word' id='word_1_323' title='bbox 1009 1741 1235 1781; x_wconf 80' lang='lat' dir='ltr'>congruentiae</span> <span class='ocrx_word' id='word_1_324' title='bbox 1270 1742 1370 1778; x_wconf 85' lang='lat' dir='ltr'>vitae;</span> 
     </span>
     <span class='ocr_line' id='line_1_54' title="bbox 295 1786 1373 1828; baseline -0.001 -11"><span class='ocrx_word' id='word_1_325' title='bbox 295 1798 393 1828; x_wconf 87' lang='lat' dir='ltr'>quam</span> <span class='ocrx_word' id='word_1_326' title='bbox 419 1787 566 1828; x_wconf 82' lang='lat' dir='ltr'>exprimit</span> <span class='ocrx_word' id='word_1_327' title='bbox 589 1797 655 1816; x_wconf 89' lang='lat' dir='ltr'>non</span> <span class='ocrx_word' id='word_1_328' title='bbox 679 1786 788 1816; x_wconf 91' lang='lat' dir='ltr'>solum</span> <span class='ocrx_word' id='word_1_329' title='bbox 812 1786 932 1817; x_wconf 89' lang='lat' dir='ltr'>attendi</span> <span class='ocrx_word' id='word_1_330' title='bbox 956 1786 1135 1816; x_wconf 90' lang='lat' dir='ltr'>secundum</span> <span class='ocrx_word' id='word_1_331' title='bbox 1159 1786 1304 1826; x_wconf 85' lang='lat' dir='ltr'>corporis</span> <span class='ocrx_word' id='word_1_332' title='bbox 1327 1786 1373 1816; x_wconf 90' lang='lat' dir='ltr'>in-</span> 
     </span>
     <span class='ocr_line' id='line_1_55' title="bbox 294 1830 1371 1872; baseline -0.002 -10"><span class='ocrx_word' id='word_1_333' title='bbox 294 1832 467 1871; x_wconf 83' lang='lat' dir='ltr'>digentiam</span> <span class='ocrx_word' id='word_1_334' title='bbox 487 1839 517 1862; x_wconf 92' lang='lat' dir='ltr'>et</span> <span class='ocrx_word' id='word_1_335' title='bbox 535 1831 789 1872; x_wconf 89' lang='lat' dir='ltr'>dispositionem,</span> <span class='ocrx_word' id='word_1_336' title='bbox 807 1831 862 1860; x_wconf 89' lang='lat' dir='ltr'>sed</span> <span class='ocrx_word' id='word_1_337' title='bbox 879 1830 975 1861; x_wconf 89' lang='lat' dir='ltr'>etiam</span> <span class='ocrx_word' id='word_1_338' title='bbox 992 1830 1171 1861; x_wconf 89' lang='lat' dir='ltr'>secundum</span> <span class='ocrx_word' id='word_1_339' title='bbox 1196 1830 1371 1866; x_wconf 79' lang='lat' dir='ltr'>facultates,</span> 
     </span>
     <span class='ocr_line' id='line_1_56' title="bbox 294 1873 1371 1916; baseline -0.003 -9"><span class='ocrx_word' id='word_1_340' title='bbox 294 1876 397 1907; x_wconf 87' lang='lat' dir='ltr'>officia</span> <span class='ocrx_word' id='word_1_341' title='bbox 422 1885 452 1907; x_wconf 91' lang='lat' dir='ltr'>et</span> <span class='ocrx_word' id='word_1_342' title='bbox 479 1875 690 1907; x_wconf 88' lang='lat' dir='ltr'>honestatem.</span> <span class='ocrx_word' id='word_1_343' title='bbox 724 1874 816 1906; x_wconf 90' lang='lat' dir='ltr'>Unde</span> <span class='ocrx_word' id='word_1_344' title='bbox 847 1874 937 1916; x_wconf 91' lang='lat' dir='ltr'>quod</span> <span class='ocrx_word' id='word_1_345' title='bbox 968 1874 1121 1916; x_wconf 88' lang='lat' dir='ltr'>implicite</span> <span class='ocrx_word' id='word_1_346' title='bbox 1150 1873 1312 1905; x_wconf 86' lang='lat' dir='ltr'>inchoavit</span> <span class='ocrx_word' id='word_1_347' title='bbox 1335 1884 1371 1905; x_wconf 90' lang='lat' dir='ltr'>ac</span> 
     </span>
     <span class='ocr_line' id='line_1_57' title="bbox 294 1919 1371 1961; baseline -0.002 -10"><span class='ocrx_word' id='word_1_348' title='bbox 294 1920 439 1951; x_wconf 85' lang='lat' dir='ltr'>fundavit</span> <span class='ocrx_word' id='word_1_349' title='bbox 462 1923 584 1951; x_wconf 87' lang='lat' dir='ltr'>Auctor</span> <span class='ocrx_word' id='word_1_350' title='bbox 606 1919 638 1949; x_wconf 90' lang='lat' dir='ltr'>in</span> <span class='ocrx_word' id='word_1_351' title='bbox 665 1929 799 1961; x_wconf 90' lang='lat' dir='ltr'>corpore</span> <span class='ocrx_word' id='word_1_352' title='bbox 823 1919 956 1955; x_wconf 87' lang='lat' dir='ltr'>articuli,</span> <span class='ocrx_word' id='word_1_353' title='bbox 983 1919 1015 1949; x_wconf 91' lang='lat' dir='ltr'>in</span> <span class='ocrx_word' id='word_1_354' title='bbox 1039 1919 1256 1950; x_wconf 89' lang='lat' dir='ltr'>solutionibus</span> <span class='ocrx_word' id='word_1_355' title='bbox 1281 1928 1371 1958; x_wconf 83' lang='lat' dir='ltr'>argu-</span> 
     </span>
    </p>
   </div>
   <div class='ocr_carea' id='block_1_18' title="bbox 1262 2015 1353 2022">
    <p class='ocr_par' dir='ltr' id='par_1_21' title="bbox 1262 2015 1353 2022">
     <span class='ocr_line' id='line_1_58' title="bbox 1262 2015 1353 2022; baseline 0 -1"><span class='ocrx_word' id='word_1_356' title='bbox 1262 2015 1353 2022; x_wconf 34' lang='lat' dir='ltr'>Noun</span> 
     </span>
    </p>
   </div>
   <div class='ocr_carea' id='block_1_19' title="bbox 1431 1027 2506 1158">
    <p class='ocr_par' dir='ltr' id='par_1_22' title="bbox 1431 1027 2506 1158">
     <span class='ocr_line' id='line_1_59' title="bbox 1431 1027 2505 1068; baseline 0.007 -13"><span class='ocrx_word' id='word_1_357' title='bbox 1431 1033 1616 1056; x_wconf 91' lang='lat' dir='ltr'>mentorum</span> <span class='ocrx_word' id='word_1_358' title='bbox 1647 1027 1893 1058; x_wconf 83' lang='lat' dir='ltr'>consummavit.</span> <span class='ocrx_word' id='word_1_359' title='bbox 1926 1028 1966 1058; x_wconf 86' lang='lat' dir='ltr'>Et</span> <span class='ocrx_word' id='word_1_360' title='bbox 1989 1027 2062 1059; x_wconf 91' lang='lat' dir='ltr'>ideo</span> <span class='ocrx_word' id='word_1_361' title='bbox 2094 1038 2160 1059; x_wconf 92' lang='lat' dir='ltr'>non</span> <span class='ocrx_word' id='word_1_362' title='bbox 2190 1036 2236 1060; x_wconf 87' lang='lat' dir='ltr'>est</span> <span class='ocrx_word' id='word_1_363' title='bbox 2264 1030 2426 1068; x_wconf 85' lang='lat' dir='ltr'>solvenda,</span> <span class='ocrx_word' id='word_1_364' title='bbox 2451 1032 2505 1062; x_wconf 88' lang='lat' dir='ltr'>sed</span> 
     </span>
     <span class='ocr_line' id='line_1_60' title="bbox 1431 1070 2164 1112; baseline 0.005 -12"><span class='ocrx_word' id='word_1_365' title='bbox 1431 1070 1569 1101; x_wconf 88' lang='lat' dir='ltr'>fovenda</span> <span class='ocrx_word' id='word_1_366' title='bbox 1593 1071 1673 1102; x_wconf 85' lang='lat' dir='ltr'>ratio</span> <span class='ocrx_word' id='word_1_367' title='bbox 1698 1071 1791 1102; x_wconf 85' lang='lat' dir='ltr'>allata</span> <span class='ocrx_word' id='word_1_368' title='bbox 1814 1071 1848 1101; x_wconf 92' lang='lat' dir='ltr'>in</span> <span class='ocrx_word' id='word_1_369' title='bbox 1872 1081 2007 1112; x_wconf 88' lang='lat' dir='ltr'>corpore</span> <span class='ocrx_word' id='word_1_370' title='bbox 2031 1072 2164 1104; x_wconf 86' lang='lat' dir='ltr'>articuli.</span> 
     </span>
     <span class='ocr_line' id='line_1_61' title="bbox 1485 1115 2506 1158; baseline 0.005 -13"><span class='ocrx_word' id='word_1_371' title='bbox 1485 1115 1526 1146; x_wconf 86' lang='lat' dir='ltr'>Et</span> <span class='ocrx_word' id='word_1_372' title='bbox 1550 1125 1624 1146; x_wconf 89' lang='lat' dir='ltr'>cum</span> <span class='ocrx_word' id='word_1_373' title='bbox 1649 1115 1807 1152; x_wconf 87' lang='lat' dir='ltr'>obiicitur,</span> <span class='ocrx_word' id='word_1_374' title='bbox 1833 1116 1919 1157; x_wconf 87' lang='lat' dir='ltr'>Ergo</span> <span class='ocrx_word' id='word_1_375' title='bbox 1943 1117 2077 1158; x_wconf 89' lang='lat' dir='ltr'>quilibet</span> <span class='ocrx_word' id='word_1_376' title='bbox 2109 1125 2212 1148; x_wconf 86' lang='lat' dir='ltr'>rectus</span> <span class='ocrx_word' id='word_1_377' title='bbox 2236 1128 2314 1149; x_wconf 88' lang='lat' dir='ltr'>usus</span> <span class='ocrx_word' id='word_1_378' title='bbox 2338 1119 2506 1150; x_wconf 85' lang='lat' dir='ltr'>delectabi-</span> 
     </span>
    </p>
   </div>
   <div class='ocr_carea' id='block_1_20' title="bbox 1428 1159 2566 1204">
    <p class='ocr_par' dir='ltr' id='par_1_23' title="bbox 1428 1159 2566 1204">
     <span class='ocr_line' id='line_1_62' title="bbox 1428 1159 2566 1204; baseline 0.004 -14"><span class='ocrx_word' id='word_1_379' title='bbox 1428 1159 1510 1190; x_wconf 90' lang='lat' dir='ltr'>lium</span> <span class='ocrx_word' id='word_1_380' title='bbox 1534 1161 1712 1191; x_wconf 88' lang='lat' dir='ltr'>secundum</span> <span class='ocrx_word' id='word_1_381' title='bbox 1736 1161 1982 1201; x_wconf 87' lang='lat' dir='ltr'>temperantiam</span> <span class='ocrx_word' id='word_1_382' title='bbox 2007 1162 2098 1193; x_wconf 90' lang='lat' dir='ltr'>tollet</span> <span class='ocrx_word' id='word_1_383' title='bbox 2121 1162 2262 1204; x_wconf 81' lang='lat' dir='ltr'>aliquam</span> <span class='ocrx_word' id='word_1_384' title='bbox 2282 1163 2505 1204; x_wconf 83' lang='lat' dir='ltr'>indigentiam:</span> <span class='ocrx_word' id='word_1_385' title='bbox 2563 1171 2566 1174; x_wconf 70' lang='grc'>’</span> 
     </span>
    </p>
   </div>
   <div class='ocr_carea' id='block_1_21' title="bbox 1427 1205 2507 1428">
    <p class='ocr_par' dir='ltr' id='par_1_24' title="bbox 1427 1205 2507 1428">
     <span class='ocr_line' id='line_1_63' title="bbox 1429 1205 2506 1248; baseline 0.004 -13"><span class='ocrx_word' id='word_1_386' title='bbox 1429 1205 1642 1245; x_wconf 91' lang='lat' dir='ltr'>respondetur</span> <span class='ocrx_word' id='word_1_387' title='bbox 1672 1206 1761 1246; x_wconf 94' lang='lat' dir='ltr'>quod</span> <span class='ocrx_word' id='word_1_388' title='bbox 1794 1205 1967 1247; x_wconf 84' lang='lat' dir='ltr'>indigentia</span> <span class='ocrx_word' id='word_1_389' title='bbox 1999 1217 2055 1237; x_wconf 89' lang='lat' dir='ltr'>seu</span> <span class='ocrx_word' id='word_1_390' title='bbox 2086 1207 2255 1238; x_wconf 88' lang='lat' dir='ltr'>necessitas</span> <span class='ocrx_word' id='word_1_391' title='bbox 2288 1209 2410 1248; x_wconf 87' lang='lat' dir='ltr'>regulat</span> <span class='ocrx_word' id='word_1_392' title='bbox 2440 1218 2506 1239; x_wconf 90' lang='lat' dir='ltr'>non</span> 
     </span>
     <span class='ocr_line' id='line_1_64' title="bbox 1429 1250 2507 1291; baseline 0.004 -12"><span class='ocrx_word' id='word_1_393' title='bbox 1429 1250 1537 1280; x_wconf 90' lang='lat' dir='ltr'>solum</span> <span class='ocrx_word' id='word_1_394' title='bbox 1563 1257 1598 1280; x_wconf 90' lang='lat' dir='ltr'>ut</span> <span class='ocrx_word' id='word_1_395' title='bbox 1625 1251 1812 1291; x_wconf 82' lang='lat' dir='ltr'>suppleatur</span> <span class='ocrx_word' id='word_1_396' title='bbox 1841 1252 1932 1291; x_wconf 91' lang='lat' dir='ltr'>quod</span> <span class='ocrx_word' id='word_1_397' title='bbox 1962 1250 2081 1288; x_wconf 88' lang='lat' dir='ltr'>deficit,</span> <span class='ocrx_word' id='word_1_398' title='bbox 2106 1252 2161 1282; x_wconf 90' lang='lat' dir='ltr'>sed</span> <span class='ocrx_word' id='word_1_399' title='bbox 2190 1252 2286 1283; x_wconf 87' lang='lat' dir='ltr'>etiam</span> <span class='ocrx_word' id='word_1_400' title='bbox 2315 1263 2355 1283; x_wconf 91' lang='lat' dir='ltr'>ne</span> <span class='ocrx_word' id='word_1_401' title='bbox 2383 1251 2507 1284; x_wconf 88' lang='lat' dir='ltr'>deficiat</span> 
     </span>
     <span class='ocr_line' id='line_1_65' title="bbox 1428 1295 2505 1335; baseline 0.004 -11"><span class='ocrx_word' id='word_1_402' title='bbox 1428 1295 1518 1335; x_wconf 92' lang='lat' dir='ltr'>quod</span> <span class='ocrx_word' id='word_1_403' title='bbox 1543 1302 1589 1326; x_wconf 90' lang='lat' dir='ltr'>est</span> <span class='ocrx_word' id='word_1_404' title='bbox 1612 1302 1667 1326; x_wconf 90' lang='lat' dir='ltr'>aut</span> <span class='ocrx_word' id='word_1_405' title='bbox 1690 1305 1757 1326; x_wconf 89' lang='lat' dir='ltr'>esse</span> <span class='ocrx_word' id='word_1_406' title='bbox 1781 1296 1883 1327; x_wconf 89' lang='lat' dir='ltr'>debet.</span> <span class='ocrx_word' id='word_1_407' title='bbox 1910 1296 1951 1326; x_wconf 88' lang='lat' dir='ltr'>Et</span> <span class='ocrx_word' id='word_1_408' title='bbox 1973 1296 2018 1327; x_wconf 91' lang='lat' dir='ltr'>sic</span> <span class='ocrx_word' id='word_1_409' title='bbox 2035 1297 2142 1327; x_wconf 88' lang='lat' dir='ltr'>omnis</span> <span class='ocrx_word' id='word_1_410' title='bbox 2158 1304 2262 1328; x_wconf 89' lang='lat' dir='ltr'>rectus</span> <span class='ocrx_word' id='word_1_411' title='bbox 2278 1307 2356 1328; x_wconf 88' lang='lat' dir='ltr'>usus</span> <span class='ocrx_word' id='word_1_412' title='bbox 2372 1297 2505 1328; x_wconf 87' lang='lat' dir='ltr'>delecta-</span> 
     </span>
     <span class='ocr_line' id='line_1_66' title="bbox 1427 1339 2505 1382; baseline 0.004 -13"><span class='ocrx_word' id='word_1_413' title='bbox 1427 1339 1542 1370; x_wconf 89' lang='lat' dir='ltr'>bilium</span> <span class='ocrx_word' id='word_1_414' title='bbox 1565 1339 1650 1371; x_wconf 90' lang='lat' dir='ltr'>tollit</span> <span class='ocrx_word' id='word_1_415' title='bbox 1673 1340 1814 1381; x_wconf 82' lang='lat' dir='ltr'>aliquam</span> <span class='ocrx_word' id='word_1_416' title='bbox 1838 1340 2046 1380; x_wconf 82' lang='lat' dir='ltr'>indigentiam</span> <span class='ocrx_word' id='word_1_417' title='bbox 2070 1342 2120 1372; x_wconf 89' lang='lat' dir='ltr'>vel</span> <span class='ocrx_word' id='word_1_418' title='bbox 2145 1341 2298 1382; x_wconf 88' lang='lat' dir='ltr'>corporis,</span> <span class='ocrx_word' id='word_1_419' title='bbox 2323 1342 2374 1373; x_wconf 90' lang='lat' dir='ltr'>vel</span> <span class='ocrx_word' id='word_1_420' title='bbox 2398 1341 2505 1379; x_wconf 81' lang='lat' dir='ltr'>officii,</span> 
     </span>
     <span class='ocr_line' id='line_1_67' title="bbox 1427 1383 2507 1428; baseline 0.004 -14"><span class='ocrx_word' id='word_1_421' title='bbox 1427 1385 1478 1415; x_wconf 87' lang='lat' dir='ltr'>vel</span> <span class='ocrx_word' id='word_1_422' title='bbox 1501 1383 1676 1415; x_wconf 88' lang='lat' dir='ltr'>honestatis</span> <span class='ocrx_word' id='word_1_423' title='bbox 1708 1384 1894 1426; x_wconf 89' lang='lat' dir='ltr'>simpliciter</span> <span class='ocrx_word' id='word_1_424' title='bbox 1921 1385 2133 1426; x_wconf 87' lang='lat' dir='ltr'>perfectioris:</span> <span class='ocrx_word' id='word_1_425' title='bbox 2159 1386 2306 1428; x_wconf 88' lang='lat' dir='ltr'>alioquin</span> <span class='ocrx_word' id='word_1_426' title='bbox 2335 1397 2401 1417; x_wconf 89' lang='lat' dir='ltr'>non</span> <span class='ocrx_word' id='word_1_427' title='bbox 2425 1393 2507 1418; x_wconf 87' lang='lat' dir='ltr'>esset</span> 
     </span>
    </p>
   </div>
   <div class='ocr_carea' id='block_1_22' title="bbox 1427 1428 2746 1472">
    <p class='ocr_par' dir='ltr' id='par_1_25' title="bbox 1427 1428 2746 1472">
     <span class='ocr_line' id='line_1_68' title="bbox 1427 1428 2746 1472; baseline 0.002 -12"><span class='ocrx_word' id='word_1_428' title='bbox 1427 1435 1531 1460; x_wconf 88' lang='lat' dir='ltr'>rectus</span> <span class='ocrx_word' id='word_1_429' title='bbox 1556 1428 1713 1460; x_wconf 71' lang='lat' dir='ltr'>usus.&#39;Ut</span> <span class='ocrx_word' id='word_1_430' title='bbox 1736 1429 1823 1460; x_wconf 90' lang='lat' dir='ltr'>enim</span> <span class='ocrx_word' id='word_1_431' title='bbox 1846 1429 1879 1460; x_wconf 91' lang='lat' dir='ltr'>in</span> <span class='ocrx_word' id='word_1_432' title='bbox 1902 1429 2005 1461; x_wconf 87' lang='lat' dir='ltr'>littera</span> <span class='ocrx_word' id='word_1_433' title='bbox 2020 1430 2039 1450; x_wconf 70' lang='lat'>¹⁸</span> <span class='ocrx_word' id='word_1_434' title='bbox 2061 1438 2161 1471; x_wconf 77' lang='lat' dir='ltr'>patet,</span> <span class='ocrx_word' id='word_1_435' title='bbox 2187 1438 2382 1472; x_wconf 87' lang='lat' dir='ltr'>temperatus</span> <span class='ocrx_word' id='word_1_436' title='bbox 2406 1431 2507 1462; x_wconf 90' lang='lat' dir='ltr'>utitur</span> <span class='ocrx_word' id='word_1_437' title='bbox 2535 1442 2543 1450; x_wconf 88' lang='lat'><strong>·</strong></span> <span class='ocrx_word' id='word_1_438' title='bbox 2557 1439 2628 1468; x_wconf 67' lang='lat' dir='ltr'>nup.</span> <span class='ocrx_word' id='word_1_439' title='bbox 2642 1439 2672 1462; x_wconf 69' lang='grc' dir='ltr'>ια</span> <span class='ocrx_word' id='word_1_440' title='bbox 2687 1446 2712 1465; x_wconf 81' lang='lat'>²,</span> <span class='ocrx_word' id='word_1_441' title='bbox 2727 1447 2746 1468; x_wconf 85' lang='lat'>3.</span> 
     </span>
    </p>
   </div>
   <div class='ocr_carea' id='block_1_23' title="bbox 1424 1473 2507 1960">
    <p class='ocr_par' dir='ltr' id='par_1_26' title="bbox 1424 1473 2507 1960">
     <span class='ocr_line' id='line_1_69' title="bbox 1427 1473 2505 1515; baseline 0.003 -11"><span class='ocrx_word' id='word_1_442' title='bbox 1427 1473 1610 1504; x_wconf 84' lang='lat' dir='ltr'>necessariis</span> <span class='ocrx_word' id='word_1_443' title='bbox 1634 1475 1672 1504; x_wconf 89' lang='lat' dir='ltr'>ad</span> <span class='ocrx_word' id='word_1_444' title='bbox 1698 1474 1842 1515; x_wconf 89' lang='lat' dir='ltr'>corporis</span> <span class='ocrx_word' id='word_1_445' title='bbox 1872 1475 2148 1506; x_wconf 85' lang='lat' dir='ltr'>conservationem</span> <span class='ocrx_word' id='word_1_446' title='bbox 2174 1483 2206 1507; x_wconf 90' lang='lat' dir='ltr'>et</span> <span class='ocrx_word' id='word_1_447' title='bbox 2227 1476 2349 1507; x_wconf 90' lang='lat' dir='ltr'>bonam</span> <span class='ocrx_word' id='word_1_448' title='bbox 2379 1475 2505 1508; x_wconf 89' lang='lat' dir='ltr'>habitu-</span> 
     </span>
     <span class='ocr_line' id='line_1_70' title="bbox 1427 1518 2506 1559; baseline 0.004 -11"><span class='ocrx_word' id='word_1_449' title='bbox 1427 1518 1552 1555; x_wconf 89' lang='lat' dir='ltr'>dinem;</span> <span class='ocrx_word' id='word_1_450' title='bbox 1573 1526 1604 1550; x_wconf 89' lang='lat' dir='ltr'>et</span> <span class='ocrx_word' id='word_1_451' title='bbox 1625 1519 1773 1559; x_wconf 89' lang='lat' dir='ltr'>congruis</span> <span class='ocrx_word' id='word_1_452' title='bbox 1797 1519 1883 1550; x_wconf 85' lang='lat' dir='ltr'>iuxta</span> <span class='ocrx_word' id='word_1_453' title='bbox 1904 1520 2079 1557; x_wconf 83' lang='lat' dir='ltr'>facultates,</span> <span class='ocrx_word' id='word_1_454' title='bbox 2097 1519 2212 1557; x_wconf 89' lang='lat' dir='ltr'>officia,</span> <span class='ocrx_word' id='word_1_455' title='bbox 2230 1520 2506 1552; x_wconf 86' lang='lat' dir='ltr'>conversationem</span> 
     </span>
     <span class='ocr_line' id='line_1_71' title="bbox 1427 1563 2507 1607; baseline 0.003 -14"><span class='ocrx_word' id='word_1_456' title='bbox 1427 1570 1458 1594; x_wconf 90' lang='lat' dir='ltr'>et</span> <span class='ocrx_word' id='word_1_457' title='bbox 1473 1563 1684 1594; x_wconf 87' lang='lat' dir='ltr'>honestatem.</span> <span class='ocrx_word' id='word_1_458' title='bbox 1710 1564 1798 1594; x_wconf 88' lang='lat' dir='ltr'>Haec</span> <span class='ocrx_word' id='word_1_459' title='bbox 1813 1564 1899 1594; x_wconf 91' lang='lat' dir='ltr'>enim</span> <span class='ocrx_word' id='word_1_460' title='bbox 1923 1565 2033 1595; x_wconf 88' lang='lat' dir='ltr'>omnia</span> <span class='ocrx_word' id='word_1_461' title='bbox 2057 1565 2176 1596; x_wconf 88' lang='lat' dir='ltr'>tollunt</span> <span class='ocrx_word' id='word_1_462' title='bbox 2199 1565 2341 1607; x_wconf 89' lang='lat' dir='ltr'>aliquam</span> <span class='ocrx_word' id='word_1_463' title='bbox 2364 1565 2507 1606; x_wconf 90' lang='lat' dir='ltr'>indigen-</span> 
     </span>
     <span class='ocr_line' id='line_1_72' title="bbox 1426 1608 2506 1651; baseline 0.003 -13"><span class='ocrx_word' id='word_1_464' title='bbox 1426 1608 1503 1639; x_wconf 86' lang='lat' dir='ltr'>tiam</span> <span class='ocrx_word' id='word_1_465' title='bbox 1525 1618 1607 1649; x_wconf 89' lang='lat' dir='ltr'>quae</span> <span class='ocrx_word' id='word_1_466' title='bbox 1631 1615 1678 1638; x_wconf 89' lang='lat' dir='ltr'>est</span> <span class='ocrx_word' id='word_1_467' title='bbox 1700 1609 1751 1639; x_wconf 84' lang='lat' dir='ltr'>vel</span> <span class='ocrx_word' id='word_1_468' title='bbox 1775 1617 1856 1640; x_wconf 88' lang='lat' dir='ltr'>esset</span> <span class='ocrx_word' id='word_1_469' title='bbox 1880 1609 1947 1640; x_wconf 87' lang='lat' dir='ltr'>sine</span> <span class='ocrx_word' id='word_1_470' title='bbox 1967 1609 2019 1641; x_wconf 91' lang='lat' dir='ltr'>tali</span> <span class='ocrx_word' id='word_1_471' title='bbox 2049 1620 2119 1642; x_wconf 90' lang='lat' dir='ltr'>usu.</span> <span class='ocrx_word' id='word_1_472' title='bbox 2145 1611 2230 1641; x_wconf 88' lang='lat' dir='ltr'>Nam</span> <span class='ocrx_word' id='word_1_473' title='bbox 2245 1610 2302 1651; x_wconf 89' lang='lat' dir='ltr'>qui</span> <span class='ocrx_word' id='word_1_474' title='bbox 2319 1609 2506 1649; x_wconf 74' lang='lat' dir='ltr'>convivium</span> 
     </span>
     <span class='ocr_line' id='line_1_73' title="bbox 1427 1653 2506 1694; baseline 0.005 -12"><span class='ocrx_word' id='word_1_475' title='bbox 1427 1653 1596 1683; x_wconf 90' lang='lat' dir='ltr'>celebraret</span> <span class='ocrx_word' id='word_1_476' title='bbox 1620 1662 1686 1683; x_wconf 91' lang='lat' dir='ltr'>non</span> <span class='ocrx_word' id='word_1_477' title='bbox 1711 1663 1893 1684; x_wconf 89' lang='lat' dir='ltr'>consonum</span> <span class='ocrx_word' id='word_1_478' title='bbox 1917 1654 2028 1694; x_wconf 88' lang='lat' dir='ltr'>gradui</span> <span class='ocrx_word' id='word_1_479' title='bbox 2054 1665 2114 1685; x_wconf 92' lang='lat' dir='ltr'>suo</span> <span class='ocrx_word' id='word_1_480' title='bbox 2132 1661 2163 1686; x_wconf 92' lang='lat' dir='ltr'>et</span> <span class='ocrx_word' id='word_1_481' title='bbox 2183 1655 2401 1692; x_wconf 83' lang='lat' dir='ltr'>convivarum,</span> <span class='ocrx_word' id='word_1_482' title='bbox 2415 1653 2506 1689; x_wconf 68' lang='lat' dir='ltr'>iaxt-</span> 
     </span>
     <span class='ocr_line' id='line_1_74' title="bbox 1426 1697 2504 1736; baseline 0.005 -9"><span class='ocrx_word' id='word_1_483' title='bbox 1426 1697 1590 1728; x_wconf 86' lang='lat' dir='ltr'>facultates</span> <span class='ocrx_word' id='word_1_484' title='bbox 1615 1705 1645 1728; x_wconf 85' lang='lat' dir='ltr'>et</span> <span class='ocrx_word' id='word_1_485' title='bbox 1669 1697 1881 1736; x_wconf 85' lang='lat' dir='ltr'>honestatem,</span> <span class='ocrx_word' id='word_1_486' title='bbox 1897 1715 1919 1721; x_wconf 91' lang='lat'>-</span> <span class='ocrx_word' id='word_1_487' title='bbox 1934 1708 2001 1729; x_wconf 89' lang='lat' dir='ltr'>non</span> <span class='ocrx_word' id='word_1_488' title='bbox 2021 1706 2103 1730; x_wconf 86' lang='lat' dir='ltr'>esset</span> <span class='ocrx_word' id='word_1_489' title='bbox 2126 1699 2248 1730; x_wconf 87' lang='lat' dir='ltr'>factum</span> <span class='ocrx_word' id='word_1_490' title='bbox 2271 1699 2346 1731; x_wconf 80' lang='lat' dir='ltr'>satis</span> <span class='ocrx_word' id='word_1_491' title='bbox 2370 1697 2504 1732; x_wconf 69' lang='lat' dir='ltr'>neceni-</span> 
     </span>
     <span class='ocr_line' id='line_1_75' title="bbox 1425 1741 2506 1782; baseline 0.005 -10"><span class='ocrx_word' id='word_1_492' title='bbox 1425 1742 1479 1773; x_wconf 89' lang='lat' dir='ltr'>tati</span> <span class='ocrx_word' id='word_1_493' title='bbox 1498 1741 1725 1782; x_wconf 85' lang='lat' dir='ltr'>congruentiae</span> <span class='ocrx_word' id='word_1_494' title='bbox 1741 1742 1914 1782; x_wconf 86' lang='lat' dir='ltr'>praesentis</span> <span class='ocrx_word' id='word_1_495' title='bbox 1932 1743 2014 1774; x_wconf 85' lang='lat' dir='ltr'>vitae</span> <span class='ocrx_word' id='word_1_496' title='bbox 2030 1753 2066 1774; x_wconf 90' lang='lat' dir='ltr'>ac</span> <span class='ocrx_word' id='word_1_497' title='bbox 2084 1744 2345 1776; x_wconf 80' lang='lat' dir='ltr'>conversationis.</span> <span class='ocrx_word' id='word_1_498' title='bbox 2363 1743 2506 1777; x_wconf 68' lang='lat' dir='ltr'>Necflasi·</span> 
     </span>
     <span class='ocr_line' id='line_1_76' title="bbox 1424 1787 2506 1830; baseline 0.005 -14"><span class='ocrx_word' id='word_1_499' title='bbox 1424 1793 1472 1817; x_wconf 85' lang='lat' dir='ltr'>tas</span> <span class='ocrx_word' id='word_1_500' title='bbox 1496 1796 1572 1826; x_wconf 90' lang='lat' dir='ltr'>ergo</span> <span class='ocrx_word' id='word_1_501' title='bbox 1601 1787 1828 1826; x_wconf 84' lang='lat' dir='ltr'>congruentiae</span> <span class='ocrx_word' id='word_1_502' title='bbox 1858 1788 2033 1827; x_wconf 85' lang='lat' dir='ltr'>praesentis</span> <span class='ocrx_word' id='word_1_503' title='bbox 2063 1788 2146 1820; x_wconf 88' lang='lat' dir='ltr'>vitae</span> <span class='ocrx_word' id='word_1_504' title='bbox 2169 1797 2216 1820; x_wconf 80' lang='lat' dir='ltr'>est</span> <span class='ocrx_word' id='word_1_505' title='bbox 2240 1788 2350 1829; x_wconf 78' lang='lat' dir='ltr'>regula</span> <span class='ocrx_word' id='word_1_506' title='bbox 2380 1796 2506 1830; x_wconf 75' lang='lat' dir='ltr'>tempe-</span> 
     </span>
     <span class='ocr_line' id='line_1_77' title="bbox 1426 1830 2502 1874; baseline 0.004 -14"><span class='ocrx_word' id='word_1_507' title='bbox 1426 1830 1555 1862; x_wconf 85' lang='lat' dir='ltr'>rantiae.</span> <span class='ocrx_word' id='word_1_508' title='bbox 1587 1830 1774 1862; x_wconf 88' lang='lat' dir='ltr'>Secundum</span> <span class='ocrx_word' id='word_1_509' title='bbox 1804 1841 1904 1872; x_wconf 85' lang='lat' dir='ltr'>quam</span> <span class='ocrx_word' id='word_1_510' title='bbox 1934 1833 2031 1863; x_wconf 86' lang='lat' dir='ltr'>etiam</span> <span class='ocrx_word' id='word_1_511' title='bbox 2061 1833 2197 1874; x_wconf 86' lang='lat' dir='ltr'>imperat</span> <span class='ocrx_word' id='word_1_512' title='bbox 2219 1833 2288 1864; x_wconf 86' lang='lat' dir='ltr'>aliis</span> <span class='ocrx_word' id='word_1_513' title='bbox 2316 1833 2502 1865; x_wconf 80' lang='lat' dir='ltr'>virtutibus:</span> 
     </span>
     <span class='ocr_line' id='line_1_78' title="bbox 1427 1874 2504 1920; baseline 0.005 -16"><span class='ocrx_word' id='word_1_514' title='bbox 1427 1881 1504 1914; x_wconf 86' lang='lat' dir='ltr'>puta</span> <span class='ocrx_word' id='word_1_515' title='bbox 1534 1874 1728 1911; x_wconf 85' lang='lat' dir='ltr'>liberalitati,</span> <span class='ocrx_word' id='word_1_516' title='bbox 1754 1875 1937 1913; x_wconf 82' lang='lat' dir='ltr'>urbanitati,</span> <span class='ocrx_word' id='word_1_517' title='bbox 1961 1883 1993 1908; x_wconf 91' lang='lat' dir='ltr'>et</span> <span class='ocrx_word' id='word_1_518' title='bbox 2015 1875 2041 1907; x_wconf 91' lang='lat' dir='ltr'>si</span> <span class='ocrx_word' id='word_1_519' title='bbox 2065 1887 2131 1918; x_wconf 90' lang='lat' dir='ltr'>qua</span> <span class='ocrx_word' id='word_1_520' title='bbox 2160 1877 2221 1908; x_wconf 91' lang='lat' dir='ltr'>alia</span> <span class='ocrx_word' id='word_1_521' title='bbox 2250 1888 2334 1919; x_wconf 88' lang='lat' dir='ltr'>opus</span> <span class='ocrx_word' id='word_1_522' title='bbox 2358 1877 2504 1920; x_wconf 88' lang='lat' dir='ltr'>quando·</span> 
     </span>
     <span class='ocr_line' id='line_1_79' title="bbox 1426 1918 2015 1960; baseline 0.003 -11"><span class='ocrx_word' id='word_1_523' title='bbox 1426 1928 1489 1960; x_wconf 90' lang='lat' dir='ltr'>que</span> <span class='ocrx_word' id='word_1_524' title='bbox 1515 1925 1570 1950; x_wconf 87' lang='lat' dir='ltr'>est.</span> <span class='ocrx_word' id='word_1_525' title='bbox 2005 1918 2015 1927; x_wconf 70' lang='lat'>⁸</span> 
     </span>
    </p>
   </div>
   <div class='ocr_carea' id='block_1_24' title="bbox 1354 2013 1529 2021">
    <p class='ocr_par' dir='ltr' id='par_1_27' title="bbox 1354 2013 1529 2021">
     <span class='ocr_line' id='line_1_80' title="bbox 1354 2013 1529 2021; baseline 0 2177"><span class='ocrx_word' id='word_1_526' title='bbox 1354 2013 1529 2021; x_wconf 95' lang='lat' dir='ltr'> </span> 
     </span>
    </p>
   </div>
   <div class='ocr_carea' id='block_1_25' title="bbox 869 2090 1931 2217">
    <p class='ocr_par' dir='ltr' id='par_1_28' title="bbox 869 2090 1931 2217">
     <span class='ocr_line' id='line_1_81' title="bbox 1089 2090 1715 2134; baseline -0.002 0"><span class='ocrx_word' id='word_1_527' title='bbox 1089 2091 1412 2134; x_wconf 89' lang='lat' dir='ltr'>ARTICULUS</span> <span class='ocrx_word' id='word_1_528' title='bbox 1443 2090 1715 2134; x_wconf 87' lang='lat' dir='ltr'>SEPTIMUS</span> 
     </span>
     <span class='ocr_line' id='line_1_82' title="bbox 869 2183 1931 2217; baseline 0 -1"><span class='ocrx_word' id='word_1_529' title='bbox 869 2185 1026 2216; x_wconf 83' lang='lat' dir='ltr'><strong>UTRUM</strong></span> <span class='ocrx_word' id='word_1_530' title='bbox 1050 2183 1370 2215; x_wconf 81' lang='lat' dir='ltr'><strong>TEMPERANTIA</strong></span> <span class='ocrx_word' id='word_1_531' title='bbox 1394 2183 1462 2214; x_wconf 83' lang='lat' dir='ltr'>srr</span> <span class='ocrx_word' id='word_1_532' title='bbox 1486 2183 1646 2215; x_wconf 77' lang='lat' dir='ltr'>vaus</span> <span class='ocrx_word' id='word_1_533' title='bbox 1669 2183 1931 2217; x_wconf 75' lang='lat' dir='ltr'>CARDmALis</span> 
     </span>
    </p>
   </div>
   <div class='ocr_carea' id='block_1_26' title="bbox 453 2264 2342 2301">
    <p class='ocr_par' dir='ltr' id='par_1_29' title="bbox 453 2264 2342 2301">
     <span class='ocr_line' id='line_1_83' title="bbox 453 2264 2342 2301; baseline 0 -7"><span class='ocrx_word' id='word_1_534' title='bbox 453 2269 476 2294; x_wconf 83' lang='lat'>1·</span> <span class='ocrx_word' id='word_1_535' title='bbox 497 2269 552 2298; x_wconf 67' lang='lat'>11²⁶.</span> <span class='ocrx_word' id='word_1_536' title='bbox 572 2276 619 2301; x_wconf 85' lang='lat' dir='ltr'>qu.</span> <span class='ocrx_word' id='word_1_537' title='bbox 637 2275 687 2297; x_wconf 63' lang='lat' dir='ltr'>cxi,</span> <span class='ocrx_word' id='word_1_538' title='bbox 706 2272 756 2292; x_wconf 83' lang='lat' dir='ltr'>art.</span> <span class='ocrx_word' id='word_1_539' title='bbox 775 2274 799 2298; x_wconf 86' lang='lat'>2,</span> <span class='ocrx_word' id='word_1_540' title='bbox 821 2266 851 2297; x_wconf 83' lang='lat'>3;</span> <span class='ocrx_word' id='word_1_541' title='bbox 872 2266 902 2291; x_wconf 93' lang='lat'>111</span> <span class='ocrx_word' id='word_1_542' title='bbox 923 2266 1009 2296; x_wconf 69' lang='lat' dir='ltr'>Sent„</span> <span class='ocrx_word' id='word_1_543' title='bbox 1030 2266 1091 2292; x_wconf 80' lang='lat' dir='ltr'>dist.</span> <span class='ocrx_word' id='word_1_544' title='bbox 1109 2273 1195 2295; x_wconf 78' lang='lat' dir='ltr'>xxxm,</span> <span class='ocrx_word' id='word_1_545' title='bbox 1215 2273 1261 2299; x_wconf 84' lang='lat' dir='ltr'>qu.</span> <span class='ocrx_word' id='word_1_546' title='bbox 1279 2272 1307 2296; x_wconf 86' lang='lat'>11,</span> <span class='ocrx_word' id='word_1_547' title='bbox 1327 2270 1375 2291; x_wconf 84' lang='lat' dir='ltr'>art.</span> <span class='ocrx_word' id='word_1_548' title='bbox 1396 2272 1418 2295; x_wconf 88' lang='lat'>1,</span> <span class='ocrx_word' id='word_1_549' title='bbox 1439 2264 1488 2298; x_wconf 75' lang='lat' dir='ltr'>qu·</span> <span class='ocrx_word' id='word_1_550' title='bbox 1510 2264 1533 2294; x_wconf 86' lang='grc'>3,</span> <span class='ocrx_word' id='word_1_551' title='bbox 1552 2273 1586 2296; x_wconf 87' lang='grc'>4;</span> <span class='ocrx_word' id='word_1_552' title='bbox 1606 2265 1640 2290; x_wconf 81' lang='lat' dir='ltr'>de</span> <span class='ocrx_word' id='word_1_553' title='bbox 1662 2265 1772 2295; x_wconf 73' lang='lat' dir='ltr'>Vir-tut„</span> <span class='ocrx_word' id='word_1_554' title='bbox 1792 2274 1839 2299; x_wconf 90' lang='lat' dir='ltr'>qu.</span> <span class='ocrx_word' id='word_1_555' title='bbox 1857 2274 1875 2296; x_wconf 82' lang='grc' dir='ltr'>ι,</span> <span class='ocrx_word' id='word_1_556' title='bbox 1894 2272 1942 2293; x_wconf 75' lang='lat' dir='ltr'>art.</span> <span class='ocrx_word' id='word_1_557' title='bbox 1965 2274 2004 2297; x_wconf 67' lang='grc' dir='ltr'>ιη,</span> <span class='ocrx_word' id='word_1_558' title='bbox 2023 2267 2055 2292; x_wconf 85' lang='lat' dir='ltr'>ad</span> <span class='ocrx_word' id='word_1_559' title='bbox 2075 2266 2124 2299; x_wconf 64' lang='grc' dir='ltr'>πός</span> <span class='ocrx_word' id='word_1_560' title='bbox 2144 2275 2191 2301; x_wconf 88' lang='lat' dir='ltr'>qu.</span> <span class='ocrx_word' id='word_1_561' title='bbox 2209 2275 2233 2299; x_wconf 90' lang='lat' dir='ltr'>v,</span> <span class='ocrx_word' id='word_1_562' title='bbox 2249 2273 2296 2294; x_wconf 83' lang='lat' dir='ltr'>art.</span> <span class='ocrx_word' id='word_1_563' title='bbox 2319 2276 2342 2295; x_wconf 88' lang='grc' dir='ltr'>ι.</span> 
     </span>
    </p>
   </div>
   <div class='ocr_carea' id='block_1_27' title="bbox 431 2403 446 2421">
    <p class='ocr_par' dir='ltr' id='par_1_30' title="bbox 431 2403 446 2421">
     <span class='ocr_line' id='line_1_84' title="bbox 431 2403 446 2421; baseline 0.067 -10"><span class='ocrx_word' id='word_1_564' title='bbox 431 2403 446 2421; x_wconf 36' lang='grc' dir='ltr'>ι’.</span> 
     </span>
    </p>
   </div>
   <div class='ocr_carea' id='block_1_28' title="bbox 292 2347 1393 2615">
    <p class='ocr_par' dir='ltr' id='par_1_31' title="bbox 292 2347 1393 2615">
     <span class='ocr_line' id='line_1_85' title="bbox 321 2347 1367 2413; baseline 0 -30"><span class='ocrx_word' id='word_1_565' title='bbox 321 2366 388 2408; x_wconf 52' lang='lat' dir='ltr'>“eis&#39;‘</span> <span class='ocrx_word' id='word_1_566' title='bbox 410 2372 477 2413; x_wconf 47' lang='lat' dir='ltr'>aa«</span> <span class='ocrx_word' id='word_1_567' title='bbox 505 2362 527 2387; x_wconf 88' lang='lat' dir='ltr'>D</span> <span class='ocrx_word' id='word_1_568' title='bbox 543 2360 725 2386; x_wconf 80' lang='lat' dir='ltr'>SEPTIMUM</span> <span class='ocrx_word' id='word_1_569' title='bbox 746 2360 799 2385; x_wconf 80' lang='lat' dir='ltr'>stc</span> <span class='ocrx_word' id='word_1_570' title='bbox 815 2359 1059 2385; x_wconf 70' lang='lat' dir='ltr'>paocebtrua.</span> <span class='ocrx_word' id='word_1_571' title='bbox 1080 2347 1240 2384; x_wconf 89' lang='lat' dir='ltr'>Videtur</span> <span class='ocrx_word' id='word_1_572' title='bbox 1259 2347 1367 2395; x_wconf 90' lang='lat' dir='ltr'>quod</span> 
     </span>
     <span class='ocr_line' id='line_1_86' title="bbox 320 2396 1365 2463; baseline -0.002 -23"><span class='ocrx_word' id='word_1_573' title='bbox 320 2396 473 2463; x_wconf 47' lang='grc' dir='ltr'>ξ’Δρῆ</span> <span class='ocrx_word' id='word_1_574' title='bbox 505 2404 757 2453; x_wconf 90' lang='lat' dir='ltr'>temperantia</span> <span class='ocrx_word' id='word_1_575' title='bbox 797 2414 876 2439; x_wconf 89' lang='lat' dir='ltr'>non</span> <span class='ocrx_word' id='word_1_576' title='bbox 914 2402 960 2438; x_wconf 90' lang='lat' dir='ltr'>sit</span> <span class='ocrx_word' id='word_1_577' title='bbox 993 2401 1113 2438; x_wconf 90' lang='lat' dir='ltr'>virtus</span> <span class='ocrx_word' id='word_1_578' title='bbox 1153 2400 1365 2438; x_wconf 86' lang='lat' dir='ltr'>cardinalis.</span> 
     </span>
     <span class='ocr_line' id='line_1_87' title="bbox 301 2441 1393 2507; baseline -0.003 -12"><span class='ocrx_word' id='word_1_579' title='bbox 301 2448 358 2506; x_wconf 41' lang='grc' dir='ltr'>’[Ϋ,</span> <span class='ocrx_word' id='word_1_580' title='bbox 440 2441 472 2498; x_wconf 54' lang='lat'>&#39;²6</span> <span class='ocrx_word' id='word_1_581' title='bbox 486 2455 491 2458; x_wconf 63' lang='grc'><strong>”</strong></span> <span class='ocrx_word' id='word_1_582' title='bbox 506 2459 661 2495; x_wconf 89' lang='lat' dir='ltr'>Bonum</span> <span class='ocrx_word' id='word_1_583' title='bbox 683 2456 784 2494; x_wconf 91' lang='lat' dir='ltr'>enim</span> <span class='ocrx_word' id='word_1_584' title='bbox 804 2455 953 2493; x_wconf 89' lang='lat' dir='ltr'>virtutis</span> <span class='ocrx_word' id='word_1_585' title='bbox 974 2455 1158 2492; x_wconf 70' lang='lat' dir='ltr'>moralis‘*</span> <span class='ocrx_word' id='word_1_586' title='bbox 1179 2467 1200 2492; x_wconf 91' lang='lat' dir='ltr'>a</span> <span class='ocrx_word' id='word_1_587' title='bbox 1221 2454 1366 2492; x_wconf 90' lang='lat' dir='ltr'>ratione</span> <span class='ocrx_word' id='word_1_588' title='bbox 1392 2503 1393 2507; x_wconf 13' lang='grc' dir='ltr'><strong>Ἰ</strong></span> 
     </span>
     <span class='ocr_line' id='line_1_88' title="bbox 312 2503 1367 2560; baseline 0 -15"><span class='ocrx_word' id='word_1_589' title='bbox 312 2506 323 2515; x_wconf 71' lang='grc'><strong><em>”</em></strong></span> <span class='ocrx_word' id='word_1_590' title='bbox 348 2529 358 2545; x_wconf 55' lang='lat'>.-</span> <span class='ocrx_word' id='word_1_591' title='bbox 382 2514 433 2536; x_wconf 80' lang='grc' dir='ltr'>ῑ’·</span> <span class='ocrx_word' id='word_1_592' title='bbox 461 2503 711 2560; x_wconf 89' lang='lat' dir='ltr'>dependet.</span> <span class='ocrx_word' id='word_1_593' title='bbox 743 2510 820 2548; x_wconf 89' lang='lat' dir='ltr'>Sed</span> <span class='ocrx_word' id='word_1_594' title='bbox 849 2508 1101 2559; x_wconf 85' lang='lat' dir='ltr'>temperantia</span> <span class='ocrx_word' id='word_1_595' title='bbox 1127 2517 1182 2546; x_wconf 92' lang='lat' dir='ltr'>est</span> <span class='ocrx_word' id='word_1_596' title='bbox 1202 2508 1301 2546; x_wconf 87' lang='lat' dir='ltr'>circa</span> <span class='ocrx_word' id='word_1_597' title='bbox 1321 2521 1367 2545; x_wconf 90' lang='lat' dir='ltr'>ea</span> 
     </span>
     <span class='ocr_line' id='line_1_89' title="bbox 292 2562 1366 2615; baseline -0.003 -13"><span class='ocrx_word' id='word_1_598' title='bbox 292 2577 391 2615; x_wconf 89' lang='lat' dir='ltr'>quae</span> <span class='ocrx_word' id='word_1_599' title='bbox 419 2564 539 2613; x_wconf 86' lang='lat' dir='ltr'>magis</span> <span class='ocrx_word' id='word_1_600' title='bbox 569 2564 708 2602; x_wconf 89' lang='lat' dir='ltr'>distant</span> <span class='ocrx_word' id='word_1_601' title='bbox 735 2577 758 2602; x_wconf 92' lang='lat' dir='ltr'>a</span> <span class='ocrx_word' id='word_1_602' title='bbox 781 2563 939 2610; x_wconf 87' lang='lat' dir='ltr'>ratione,</span> <span class='ocrx_word' id='word_1_603' title='bbox 969 2563 1110 2600; x_wconf 89' lang='lat' dir='ltr'>scilicet</span> <span class='ocrx_word' id='word_1_604' title='bbox 1139 2562 1237 2600; x_wconf 89' lang='lat' dir='ltr'>circa</span> <span class='ocrx_word' id='word_1_605' title='bbox 1266 2562 1366 2600; x_wconf 89' lang='lat' dir='ltr'>dele-</span> 
     </span>
    </p>
   </div>
   <div class='ocr_carea' id='block_1_29' title="bbox 293 2617 1365 2667">
    <p class='ocr_par' dir='ltr' id='par_1_32' title="bbox 293 2617 1365 2667">
     <span class='ocr_line' id='line_1_90' title="bbox 293 2617 1365 2667; baseline -0.003 -11"><span class='ocrx_word' id='word_1_606' title='bbox 293 2619 475 2656; x_wconf 89' lang='lat' dir='ltr'>ctationes</span> <span class='ocrx_word' id='word_1_607' title='bbox 513 2630 613 2667; x_wconf 92' lang='lat' dir='ltr'>quae</span> <span class='ocrx_word' id='word_1_608' title='bbox 642 2626 731 2655; x_wconf 91' lang='lat' dir='ltr'>sunt</span> <span class='ocrx_word' id='word_1_609' title='bbox 759 2617 871 2655; x_wconf 90' lang='lat' dir='ltr'>nobis</span> <span class='ocrx_word' id='word_1_610' title='bbox 901 2625 937 2654; x_wconf 89' lang='lat' dir='ltr'>et</span> <span class='ocrx_word' id='word_1_611' title='bbox 965 2617 1085 2654; x_wconf 87' lang='lat' dir='ltr'>brutis</span> <span class='ocrx_word' id='word_1_612' title='bbox 1115 2628 1365 2663; x_wconf 90' lang='lat' dir='ltr'>communes,</span> 
     </span>
    </p>
   </div>
   <div class='ocr_carea' id='block_1_30' title="bbox 291 2357 503 2558">
    <p class='ocr_par' dir='ltr' id='par_1_33' title="bbox 291 2357 503 2558">
     <span class='ocr_line' id='line_1_91' title="bbox 291 2357 503 2475; baseline 0 0"><span class='ocrx_word' id='word_1_613' title='bbox 291 2357 503 2475; x_wconf 95' lang='lat' dir='ltr'>  </span> 
     </span>
     <span class='ocr_line' id='line_1_92' title="bbox 291 2475 461 2558; baseline 0 1640"><span class='ocrx_word' id='word_1_614' title='bbox 291 2475 461 2558; x_wconf 95' lang='lat' dir='ltr'> </span> 
     </span>
    </p>
   </div>
   <div class='ocr_carea' id='block_1_31' title="bbox 164 2669 1366 2725">
    <p class='ocr_par' dir='ltr' id='par_1_34' title="bbox 164 2669 1366 2725">
     <span class='ocr_line' id='line_1_93' title="bbox 164 2669 1366 2725; baseline -0.002 -15"><span class='ocrx_word' id='word_1_615' title='bbox 164 2694 170 2703; x_wconf 84' lang='lat'>‚</span> <span class='ocrx_word' id='word_1_616' title='bbox 202 2694 207 2698; x_wconf 92' lang='lat'>·</span> <span class='ocrx_word' id='word_1_617' title='bbox 232 2680 263 2725; x_wconf 50' lang='lat' dir='ltr'>²¹ss</span> <span class='ocrx_word' id='word_1_618' title='bbox 291 2682 332 2710; x_wconf 90' lang='lat' dir='ltr'>ut</span> <span class='ocrx_word' id='word_1_619' title='bbox 360 2672 496 2710; x_wconf 90' lang='lat' dir='ltr'>dicitur</span> <span class='ocrx_word' id='word_1_620' title='bbox 524 2672 561 2709; x_wconf 93' lang='lat' dir='ltr'>in</span> <span class='ocrx_word' id='word_1_621' title='bbox 593 2673 641 2709; x_wconf 89' lang='lat'>111</span> <span class='ocrx_word' id='word_1_622' title='bbox 667 2672 790 2709; x_wconf 77' lang='lat' dir='ltr'>Ethic.</span> <span class='ocrx_word' id='word_1_623' title='bbox 810 2671 831 2693; x_wconf 69' lang='lat'>³⁸</span> <span class='ocrx_word' id='word_1_624' title='bbox 864 2671 968 2720; x_wconf 86' lang='lat' dir='ltr'>Ergo</span> <span class='ocrx_word' id='word_1_625' title='bbox 1006 2669 1259 2720; x_wconf 88' lang='lat' dir='ltr'>temperantia</span> <span class='ocrx_word' id='word_1_626' title='bbox 1288 2681 1366 2707; x_wconf 90' lang='lat' dir='ltr'>non</span> 
     </span>
    </p>
   </div>
   <div class='ocr_carea' id='block_1_32' title="bbox 289 2724 1396 3579">
    <p class='ocr_par' dir='ltr' id='par_1_35' title="bbox 289 2724 960 2775">
     <span class='ocr_line' id='line_1_94' title="bbox 289 2724 960 2775; baseline -0.003 -11"><span class='ocrx_word' id='word_1_627' title='bbox 289 2727 441 2764; x_wconf 89' lang='lat' dir='ltr'>videtur</span> <span class='ocrx_word' id='word_1_628' title='bbox 470 2738 552 2763; x_wconf 89' lang='lat' dir='ltr'>esse</span> <span class='ocrx_word' id='word_1_629' title='bbox 582 2725 800 2775; x_wconf 88' lang='lat' dir='ltr'>principalis</span> <span class='ocrx_word' id='word_1_630' title='bbox 828 2724 960 2762; x_wconf 91' lang='lat' dir='ltr'>virtus.</span> 
     </span>
    </p>

    <p class='ocr_par' dir='ltr' id='par_1_36' title="bbox 291 2778 1395 3248">
     <span class='ocr_line' id='line_1_95' title="bbox 347 2778 1366 2829; baseline -0.004 -11"><span class='ocrx_word' id='word_1_631' title='bbox 347 2793 381 2818; x_wconf 87' lang='lat'>2.</span> <span class='ocrx_word' id='word_1_632' title='bbox 411 2781 648 2825; x_wconf 57' lang='lat' dir='ltr'>Pataram,</span> <span class='ocrx_word' id='word_1_633' title='bbox 679 2788 822 2829; x_wconf 92' lang='lat' dir='ltr'>quanto</span> <span class='ocrx_word' id='word_1_634' title='bbox 847 2778 991 2827; x_wconf 89' lang='lat' dir='ltr'>aliquid</span> <span class='ocrx_word' id='word_1_635' title='bbox 1020 2786 1076 2815; x_wconf 90' lang='lat' dir='ltr'>est</span> <span class='ocrx_word' id='word_1_636' title='bbox 1105 2779 1226 2826; x_wconf 88' lang='lat' dir='ltr'>magis</span> <span class='ocrx_word' id='word_1_637' title='bbox 1246 2778 1366 2826; x_wconf 88' lang='lat' dir='ltr'>impe-</span> 
     </span>
     <span class='ocr_line' id='line_1_96' title="bbox 291 2831 1367 2881; baseline -0.003 -10"><span class='ocrx_word' id='word_1_638' title='bbox 291 2843 458 2881; x_wconf 88' lang='lat' dir='ltr'>tuosum,</span> <span class='ocrx_word' id='word_1_639' title='bbox 489 2842 593 2871; x_wconf 87' lang='lat' dir='ltr'>tanto</span> <span class='ocrx_word' id='word_1_640' title='bbox 620 2833 810 2871; x_wconf 89' lang='lat' dir='ltr'>difficilius</span> <span class='ocrx_word' id='word_1_641' title='bbox 830 2833 981 2870; x_wconf 88' lang='lat' dir='ltr'>videtur</span> <span class='ocrx_word' id='word_1_642' title='bbox 1001 2844 1082 2869; x_wconf 85' lang='lat' dir='ltr'>esse</span> <span class='ocrx_word' id='word_1_643' title='bbox 1103 2832 1153 2869; x_wconf 87' lang='lat' dir='ltr'>ad</span> <span class='ocrx_word' id='word_1_644' title='bbox 1175 2831 1367 2869; x_wconf 89' lang='lat' dir='ltr'>refrenan-</span> 
     </span>
     <span class='ocr_line' id='line_1_97' title="bbox 293 2885 1368 2936; baseline -0.003 -11"><span class='ocrx_word' id='word_1_645' title='bbox 293 2888 398 2926; x_wconf 92' lang='lat' dir='ltr'>dum.</span> <span class='ocrx_word' id='word_1_646' title='bbox 421 2887 499 2925; x_wconf 90' lang='lat' dir='ltr'>Sed</span> <span class='ocrx_word' id='word_1_647' title='bbox 520 2887 586 2935; x_wconf 89' lang='lat' dir='ltr'>ira,</span> <span class='ocrx_word' id='word_1_648' title='bbox 609 2900 725 2936; x_wconf 89' lang='lat' dir='ltr'>quam</span> <span class='ocrx_word' id='word_1_649' title='bbox 743 2887 907 2924; x_wconf 88' lang='lat' dir='ltr'>refrenat</span> <span class='ocrx_word' id='word_1_650' title='bbox 926 2885 1197 2934; x_wconf 84' lang='lat' dir='ltr'>mansuetudo,</span> <span class='ocrx_word' id='word_1_651' title='bbox 1213 2885 1368 2922; x_wconf 89' lang='lat' dir='ltr'>videtur</span> 
     </span>
     <span class='ocr_line' id='line_1_98' title="bbox 293 2939 1367 2990; baseline -0.004 -11"><span class='ocrx_word' id='word_1_652' title='bbox 293 2955 376 2979; x_wconf 91' lang='lat' dir='ltr'>esse</span> <span class='ocrx_word' id='word_1_653' title='bbox 406 2941 658 2990; x_wconf 88' lang='lat' dir='ltr'>impetuosior</span> <span class='ocrx_word' id='word_1_654' title='bbox 679 2953 798 2989; x_wconf 89' lang='lat' dir='ltr'>quam</span> <span class='ocrx_word' id='word_1_655' title='bbox 820 2939 1140 2990; x_wconf 89' lang='lat' dir='ltr'>concupiscentia,</span> <span class='ocrx_word' id='word_1_656' title='bbox 1171 2951 1289 2988; x_wconf 88' lang='lat' dir='ltr'>quam</span> <span class='ocrx_word' id='word_1_657' title='bbox 1312 2951 1367 2976; x_wconf 90' lang='lat' dir='ltr'>re-</span> 
     </span>
     <span class='ocr_line' id='line_1_99' title="bbox 292 2992 1366 3044; baseline -0.003 -12"><span class='ocrx_word' id='word_1_658' title='bbox 292 2996 413 3032; x_wconf 86' lang='lat' dir='ltr'>frenat</span> <span class='ocrx_word' id='word_1_659' title='bbox 432 2994 699 3044; x_wconf 83' lang='lat' dir='ltr'>temperantia:</span> <span class='ocrx_word' id='word_1_660' title='bbox 721 2994 855 3032; x_wconf 88' lang='lat' dir='ltr'>dicitur</span> <span class='ocrx_word' id='word_1_661' title='bbox 875 2994 976 3031; x_wconf 89' lang='lat' dir='ltr'>enim</span> <span class='ocrx_word' id='word_1_662' title='bbox 996 2994 1218 3030; x_wconf 79' lang='lat' dir='ltr'>Prov.xxvu</span> <span class='ocrx_word' id='word_1_663' title='bbox 1233 2992 1268 3030; x_wconf 75' lang='grc' dir='ltr'>*ε</span> <span class='ocrx_word' id='word_1_664' title='bbox 1298 2993 1366 3030; x_wconf 87' lang='lat' dir='ltr'>Ira</span> 
     </span>
     <span class='ocr_line' id='line_1_100' title="bbox 292 3047 1395 3097; baseline -0.003 -11"><span class='ocrx_word' id='word_1_665' title='bbox 292 3062 367 3087; x_wconf 89' lang='lat' dir='ltr'>non</span> <span class='ocrx_word' id='word_1_666' title='bbox 396 3049 508 3086; x_wconf 83' lang='lat' dir='ltr'>habet</span> <span class='ocrx_word' id='word_1_667' title='bbox 534 3049 847 3095; x_wconf 65' lang='lat' dir='ltr'>misericordiam,</span> <span class='ocrx_word' id='word_1_668' title='bbox 869 3059 938 3084; x_wconf 87' lang='lat' dir='ltr'>nec</span> <span class='ocrx_word' id='word_1_669' title='bbox 956 3058 1158 3096; x_wconf 85' lang='lat' dir='ltr'>erumpens</span> <span class='ocrx_word' id='word_1_670' title='bbox 1163 3047 1304 3095; x_wconf 83' lang='lat' dir='ltr'>furor:</span> <span class='ocrx_word' id='word_1_671' title='bbox 1333 3053 1369 3084; x_wconf 89' lang='lat' dir='ltr'>et</span> <span class='ocrx_word' id='word_1_672' title='bbox 1394 3088 1395 3097; x_wconf 13' lang='grc' dir='ltr'>ἵ</span> 
     </span>
     <span class='ocr_line' id='line_1_101' title="bbox 292 3100 1395 3152; baseline -0.004 -11"><span class='ocrx_word' id='word_1_673' title='bbox 292 3103 470 3152; x_wconf 82' lang='lat' dir='ltr'>impetum</span> <span class='ocrx_word' id='word_1_674' title='bbox 490 3103 667 3140; x_wconf 86' lang='lat' dir='ltr'>concitati</span> <span class='ocrx_word' id='word_1_675' title='bbox 681 3102 833 3152; x_wconf 84' lang='lat' dir='ltr'>spiritus</span> <span class='ocrx_word' id='word_1_676' title='bbox 841 3103 954 3150; x_wconf 88' lang='lat' dir='ltr'>ferre</span> <span class='ocrx_word' id='word_1_677' title='bbox 973 3101 1055 3150; x_wconf 84' lang='lat' dir='ltr'>quis</span> <span class='ocrx_word' id='word_1_678' title='bbox 1068 3100 1234 3150; x_wconf 84' lang='lat' dir='ltr'>poterit?</span> <span class='ocrx_word' id='word_1_679' title='bbox 1263 3100 1365 3149; x_wconf 87' lang='lat' dir='ltr'>Ergo</span> <span class='ocrx_word' id='word_1_680' title='bbox 1394 3123 1395 3150; x_wconf 70' lang='lat'><em>3</em></span> 
     </span>
     <span class='ocr_line' id='line_1_102' title="bbox 292 3155 1395 3206; baseline -0.003 -12"><span class='ocrx_word' id='word_1_681' title='bbox 292 3158 547 3194; x_wconf 89' lang='lat' dir='ltr'>mansuetudo</span> <span class='ocrx_word' id='word_1_682' title='bbox 578 3164 634 3193; x_wconf 91' lang='lat' dir='ltr'>est</span> <span class='ocrx_word' id='word_1_683' title='bbox 661 3155 905 3206; x_wconf 88' lang='lat' dir='ltr'>principalior</span> <span class='ocrx_word' id='word_1_684' title='bbox 923 3155 1044 3192; x_wconf 87' lang='lat' dir='ltr'>virtus</span> <span class='ocrx_word' id='word_1_685' title='bbox 1072 3166 1190 3204; x_wconf 90' lang='lat' dir='ltr'>quam</span> <span class='ocrx_word' id='word_1_686' title='bbox 1220 3162 1366 3203; x_wconf 91' lang='lat' dir='ltr'>tempe·</span> <span class='ocrx_word' id='word_1_687' title='bbox 1394 3157 1395 3171; x_wconf 76' lang='lat'><em>³</em></span> 
     </span>
     <span class='ocr_line' id='line_1_103' title="bbox 293 3211 426 3248; baseline 0.008 -1"><span class='ocrx_word' id='word_1_688' title='bbox 293 3211 426 3248; x_wconf 88' lang='lat' dir='ltr'>rantia.</span> 
     </span>
    </p>

    <p class='ocr_par' dir='ltr' id='par_1_37' title="bbox 292 3261 1397 3579">
     <span class='ocr_line' id='line_1_104' title="bbox 349 3261 1395 3312; baseline -0.003 -11"><span class='ocrx_word' id='word_1_689' title='bbox 349 3266 382 3301; x_wconf 86' lang='lat'>3.</span> <span class='ocrx_word' id='word_1_690' title='bbox 403 3265 648 3310; x_wconf 74' lang='lat' dir='ltr'>PRAETEREA,</span> <span class='ocrx_word' id='word_1_691' title='bbox 679 3275 766 3312; x_wconf 91' lang='lat' dir='ltr'>spes</span> <span class='ocrx_word' id='word_1_692' title='bbox 794 3270 849 3300; x_wconf 90' lang='lat' dir='ltr'>est</span> <span class='ocrx_word' id='word_1_693' title='bbox 878 3261 1124 3312; x_wconf 87' lang='lat' dir='ltr'>principalior</span> <span class='ocrx_word' id='word_1_694' title='bbox 1142 3269 1269 3299; x_wconf 91' lang='lat' dir='ltr'>motus</span> <span class='ocrx_word' id='word_1_695' title='bbox 1289 3261 1367 3299; x_wconf 87' lang='lat' dir='ltr'>ani·</span> <span class='ocrx_word' id='word_1_696' title='bbox 1394 3263 1395 3280; x_wconf 76' lang='lat'>³</span> 
     </span>
     <span class='ocr_line' id='line_1_105' title="bbox 294 3315 1368 3366; baseline -0.002 -12"><span class='ocrx_word' id='word_1_697' title='bbox 294 3329 380 3354; x_wconf 89' lang='lat' dir='ltr'>mae</span> <span class='ocrx_word' id='word_1_698' title='bbox 423 3330 541 3366; x_wconf 90' lang='lat' dir='ltr'>quam</span> <span class='ocrx_word' id='word_1_699' title='bbox 580 3317 811 3355; x_wconf 86' lang='lat' dir='ltr'>desiderium</span> <span class='ocrx_word' id='word_1_700' title='bbox 850 3329 918 3354; x_wconf 90' lang='lat' dir='ltr'>seu</span> <span class='ocrx_word' id='word_1_701' title='bbox 959 3315 1287 3366; x_wconf 87' lang='lat' dir='ltr'>concupiscentia,</span> <span class='ocrx_word' id='word_1_702' title='bbox 1327 3323 1368 3353; x_wconf 90' lang='lat' dir='ltr'>ut</span> 
     </span>
     <span class='ocr_line' id='line_1_106' title="bbox 294 3369 1368 3419; baseline 0 -13"><span class='ocrx_word' id='word_1_703' title='bbox 294 3383 408 3419; x_wconf 87' lang='lat' dir='ltr'>supra</span> <span class='ocrx_word' id='word_1_704' title='bbox 423 3370 442 3392; x_wconf 86' lang='grc'>*</span> <span class='ocrx_word' id='word_1_705' title='bbox 460 3371 635 3408; x_wconf 88' lang='lat' dir='ltr'>habitum</span> <span class='ocrx_word' id='word_1_706' title='bbox 657 3378 724 3408; x_wconf 91' lang='lat' dir='ltr'>est.</span> <span class='ocrx_word' id='word_1_707' title='bbox 755 3370 832 3408; x_wconf 91' lang='lat' dir='ltr'>Sed</span> <span class='ocrx_word' id='word_1_708' title='bbox 853 3369 1046 3407; x_wconf 87' lang='lat' dir='ltr'>humilitas</span> <span class='ocrx_word' id='word_1_709' title='bbox 1067 3369 1231 3407; x_wconf 88' lang='lat' dir='ltr'>refrenat</span> <span class='ocrx_word' id='word_1_710' title='bbox 1258 3381 1368 3418; x_wconf 90' lang='lat' dir='ltr'>prae-</span> 
     </span>
     <span class='ocr_line' id='line_1_107' title="bbox 295 3422 1368 3473; baseline 0 -13"><span class='ocrx_word' id='word_1_711' title='bbox 295 3423 554 3472; x_wconf 89' lang='lat' dir='ltr'>sumptionem</span> <span class='ocrx_word' id='word_1_712' title='bbox 595 3424 871 3461; x_wconf 87' lang='lat' dir='ltr'>immoderatae</span> <span class='ocrx_word' id='word_1_713' title='bbox 911 3423 1004 3473; x_wconf 85' lang='lat' dir='ltr'>spei.</span> <span class='ocrx_word' id='word_1_714' title='bbox 1045 3423 1146 3472; x_wconf 87' lang='lat' dir='ltr'>Ergo</span> <span class='ocrx_word' id='word_1_715' title='bbox 1176 3422 1368 3460; x_wconf 86' lang='lat' dir='ltr'>humilitas</span> 
     </span>
     <span class='ocr_line' id='line_1_108' title="bbox 292 3477 1396 3526; baseline 0.001 -13"><span class='ocrx_word' id='word_1_716' title='bbox 292 3477 445 3515; x_wconf 91' lang='lat' dir='ltr'>videtur</span> <span class='ocrx_word' id='word_1_717' title='bbox 473 3489 554 3514; x_wconf 89' lang='lat' dir='ltr'>esse</span> <span class='ocrx_word' id='word_1_718' title='bbox 583 3477 828 3526; x_wconf 89' lang='lat' dir='ltr'>principalior</span> <span class='ocrx_word' id='word_1_719' title='bbox 855 3477 975 3515; x_wconf 89' lang='lat' dir='ltr'>virtus</span> <span class='ocrx_word' id='word_1_720' title='bbox 1004 3489 1120 3526; x_wconf 87' lang='lat' dir='ltr'>quam</span> <span class='ocrx_word' id='word_1_721' title='bbox 1150 3485 1365 3525; x_wconf 77' lang='lat' dir='ltr'>temperati·</span> <span class='ocrx_word' id='word_1_722' title='bbox 1395 3511 1396 3521; x_wconf 50' lang='lat'>,</span> 
     </span>
     <span class='ocr_line' id='line_1_109' title="bbox 293 3525 1396 3579; baseline -0.002 -11"><span class='ocrx_word' id='word_1_723' title='bbox 293 3530 355 3576; x_wconf 87' lang='lat' dir='ltr'>tia,</span> <span class='ocrx_word' id='word_1_724' title='bbox 386 3543 484 3579; x_wconf 88' lang='lat' dir='ltr'>quae</span> <span class='ocrx_word' id='word_1_725' title='bbox 515 3530 675 3566; x_wconf 88' lang='lat' dir='ltr'>refrenat</span> <span class='ocrx_word' id='word_1_726' title='bbox 706 3530 1066 3578; x_wconf 87' lang='lat' dir='ltr'>concupiscentiam.</span> <span class='ocrx_word' id='word_1_727' title='bbox 1395 3525 1396 3546; x_wconf 61' lang='lat'>¹</span> 
     </span>
    </p>
   </div>
   <div class='ocr_carea' id='block_1_33' title="bbox 350 3643 1126 3677">
    <p class='ocr_par' dir='ltr' id='par_1_38' title="bbox 350 3643 1126 3677">
     <span class='ocr_line' id='line_1_110' title="bbox 350 3643 1126 3677; baseline 0 -8"><span class='ocrx_word' id='word_1_728' title='bbox 350 3647 375 3677; x_wconf 72' lang='lat' dir='ltr'>a)</span> <span class='ocrx_word' id='word_1_729' title='bbox 395 3645 514 3669; x_wconf 79' lang='lat' dir='ltr'>moralis.</span> <span class='ocrx_word' id='word_1_730' title='bbox 527 3658 546 3663; x_wconf 94' lang='lat'>—</span> <span class='ocrx_word' id='word_1_731' title='bbox 564 3644 711 3669; x_wconf 76' lang='lat' dir='ltr'>cardinalis</span> <span class='ocrx_word' id='word_1_732' title='bbox 732 3644 842 3668; x_wconf 77' lang='lat' dir='ltr'>moralis</span> <span class='ocrx_word' id='word_1_733' title='bbox 861 3644 908 3676; x_wconf 86' lang='lat' dir='ltr'>pC.</span> <span class='ocrx_word' id='word_1_734' title='bbox 927 3643 1076 3669; x_wconf 75' lang='lat' dir='ltr'>cardinalis</span> <span class='ocrx_word' id='word_1_735' title='bbox 1097 3644 1126 3669; x_wconf 85' lang='grc' dir='ltr'>Ρ.</span> 
     </span>
    </p>
   </div>
   <div class='ocr_carea' id='block_1_34' title="bbox 1420 2346 2540 3203">
    <p class='ocr_par' dir='ltr' id='par_1_39' title="bbox 1420 2346 2540 2453">
     <span class='ocr_line' id='line_1_111' title="bbox 1476 2346 2540 2397; baseline 0.005 -14"><span class='ocrx_word' id='word_1_736' title='bbox 1476 2346 1551 2383; x_wconf 67' lang='lat' dir='ltr'>San</span> <span class='ocrx_word' id='word_1_737' title='bbox 1567 2357 1715 2383; x_wconf 74' lang='lat' dir='ltr'>coum</span> <span class='ocrx_word' id='word_1_738' title='bbox 1734 2358 1800 2384; x_wconf 78' lang='lat' dir='ltr'>EST</span> <span class='ocrx_word' id='word_1_739' title='bbox 1815 2347 1923 2397; x_wconf 93' lang='lat' dir='ltr'>quod</span> <span class='ocrx_word' id='word_1_740' title='bbox 1951 2347 2171 2396; x_wconf 88' lang='lat' dir='ltr'>Gregorius,</span> <span class='ocrx_word' id='word_1_741' title='bbox 2194 2348 2231 2386; x_wconf 90' lang='lat' dir='ltr'>in</span> <span class='ocrx_word' id='word_1_742' title='bbox 2253 2350 2284 2386; x_wconf 90' lang='lat'>11</span> <span class='ocrx_word' id='word_1_743' title='bbox 2305 2349 2451 2388; x_wconf 85' lang='lat' dir='ltr'>Moral.</span> <span class='ocrx_word' id='word_1_744' title='bbox 2467 2349 2500 2397; x_wconf 77' lang='lat'>*,</span> <span class='ocrx_word' id='word_1_745' title='bbox 2531 2362 2540 2370; x_wconf 93' lang='lat'><strong>·</strong></span> 
     </span>
     <span class='ocr_line' id='line_1_112' title="bbox 1420 2399 2435 2453; baseline 0.003 -15"><span class='ocrx_word' id='word_1_746' title='bbox 1420 2399 1529 2450; x_wconf 90' lang='lat' dir='ltr'>ponit</span> <span class='ocrx_word' id='word_1_747' title='bbox 1557 2400 1851 2451; x_wconf 88' lang='lat' dir='ltr'>temperantiam</span> <span class='ocrx_word' id='word_1_748' title='bbox 1882 2400 1980 2439; x_wconf 90' lang='lat' dir='ltr'>inter</span> <span class='ocrx_word' id='word_1_749' title='bbox 2006 2401 2166 2439; x_wconf 90' lang='lat' dir='ltr'>virtutes</span> <span class='ocrx_word' id='word_1_750' title='bbox 2194 2402 2435 2453; x_wconf 63' lang='lat' dir='ltr'>principales</span> 
     </span>
    </p>

    <p class='ocr_par' dir='ltr' id='par_1_40' title="bbox 1420 2454 2500 3138">
     <span class='ocr_line' id='line_1_113' title="bbox 1475 2454 2499 2506; baseline 0.004 -15"><span class='ocrx_word' id='word_1_751' title='bbox 1475 2454 1703 2491; x_wconf 63' lang='lat' dir='ltr'>Respounao</span> <span class='ocrx_word' id='word_1_752' title='bbox 1723 2465 1910 2492; x_wconf 68' lang='lat' dir='ltr'>monimum</span> <span class='ocrx_word' id='word_1_753' title='bbox 1930 2455 2049 2504; x_wconf 88' lang='lat' dir='ltr'>quod,</span> <span class='ocrx_word' id='word_1_754' title='bbox 2067 2455 2164 2493; x_wconf 91' lang='lat' dir='ltr'>sicut</span> <span class='ocrx_word' id='word_1_755' title='bbox 2182 2455 2333 2506; x_wconf 75' lang='lat' dir='ltr'>supra*</span> <span class='ocrx_word' id='word_1_756' title='bbox 2353 2455 2499 2495; x_wconf 91' lang='lat' dir='ltr'>dictum</span> 
     </span>
     <span class='ocr_line' id='line_1_114' title="bbox 1421 2507 2499 2562; baseline 0.005 -18"><span class='ocrx_word' id='word_1_757' title='bbox 1421 2516 1488 2554; x_wconf 88' lang='lat' dir='ltr'>est,</span> <span class='ocrx_word' id='word_1_758' title='bbox 1517 2507 1638 2545; x_wconf 91' lang='lat' dir='ltr'>virtus</span> <span class='ocrx_word' id='word_1_759' title='bbox 1666 2508 1884 2558; x_wconf 90' lang='lat' dir='ltr'>principalis</span> <span class='ocrx_word' id='word_1_760' title='bbox 1913 2521 1981 2546; x_wconf 91' lang='lat' dir='ltr'>seu</span> <span class='ocrx_word' id='word_1_761' title='bbox 2007 2509 2206 2548; x_wconf 86' lang='lat' dir='ltr'>cardinalis</span> <span class='ocrx_word' id='word_1_762' title='bbox 2236 2509 2371 2548; x_wconf 90' lang='lat' dir='ltr'>dicitur</span> <span class='ocrx_word' id='word_1_763' title='bbox 2399 2523 2499 2562; x_wconf 84' lang='lat' dir='ltr'>quae</span> 
     </span>
     <span class='ocr_line' id='line_1_115' title="bbox 1420 2561 2499 2612; baseline 0.004 -14"><span class='ocrx_word' id='word_1_764' title='bbox 1420 2561 1667 2611; x_wconf 87' lang='lat' dir='ltr'>principalius</span> <span class='ocrx_word' id='word_1_765' title='bbox 1695 2561 1872 2600; x_wconf 90' lang='lat' dir='ltr'>laudatur</span> <span class='ocrx_word' id='word_1_766' title='bbox 1891 2574 1936 2599; x_wconf 88' lang='lat' dir='ltr'>ex</span> <span class='ocrx_word' id='word_1_767' title='bbox 1957 2562 2086 2611; x_wconf 86' lang='lat' dir='ltr'>aliquo</span> <span class='ocrx_word' id='word_1_768' title='bbox 2108 2575 2243 2600; x_wconf 91' lang='lat' dir='ltr'>eorum</span> <span class='ocrx_word' id='word_1_769' title='bbox 2274 2575 2374 2612; x_wconf 91' lang='lat' dir='ltr'>quae</span> <span class='ocrx_word' id='word_1_770' title='bbox 2395 2576 2499 2602; x_wconf 89' lang='lat' dir='ltr'>com-</span> 
     </span>
     <span class='ocr_line' id='line_1_116' title="bbox 1422 2615 2500 2664; baseline 0.004 -12"><span class='ocrx_word' id='word_1_771' title='bbox 1422 2615 1588 2653; x_wconf 89' lang='lat' dir='ltr'>muniter</span> <span class='ocrx_word' id='word_1_772' title='bbox 1616 2615 1858 2664; x_wconf 90' lang='lat' dir='ltr'>requiruntur</span> <span class='ocrx_word' id='word_1_773' title='bbox 1887 2616 1936 2654; x_wconf 91' lang='lat' dir='ltr'>ad</span> <span class='ocrx_word' id='word_1_774' title='bbox 1966 2616 2152 2654; x_wconf 88' lang='lat' dir='ltr'>rationem</span> <span class='ocrx_word' id='word_1_775' title='bbox 2171 2616 2332 2655; x_wconf 88' lang='lat' dir='ltr'>virtutis.</span> <span class='ocrx_word' id='word_1_776' title='bbox 2363 2616 2500 2656; x_wconf 88' lang='lat' dir='ltr'>Mode—</span> 
     </span>
     <span class='ocr_line' id='line_1_117' title="bbox 1421 2669 2500 2722; baseline 0.004 -16"><span class='ocrx_word' id='word_1_777' title='bbox 1421 2669 1515 2707; x_wconf 91' lang='lat' dir='ltr'>ratio</span> <span class='ocrx_word' id='word_1_778' title='bbox 1536 2677 1678 2715; x_wconf 88' lang='lat' dir='ltr'>autem,</span> <span class='ocrx_word' id='word_1_779' title='bbox 1700 2681 1800 2718; x_wconf 88' lang='lat' dir='ltr'>quae</span> <span class='ocrx_word' id='word_1_780' title='bbox 1820 2669 1858 2707; x_wconf 91' lang='lat' dir='ltr'>in</span> <span class='ocrx_word' id='word_1_781' title='bbox 1875 2670 1982 2708; x_wconf 90' lang='lat' dir='ltr'>omni</span> <span class='ocrx_word' id='word_1_782' title='bbox 1997 2670 2135 2708; x_wconf 91' lang='lat' dir='ltr'>virtute</span> <span class='ocrx_word' id='word_1_783' title='bbox 2156 2671 2370 2722; x_wconf 86' lang='lat' dir='ltr'>requiritur,</span> <span class='ocrx_word' id='word_1_784' title='bbox 2391 2684 2500 2722; x_wconf 87' lang='lat' dir='ltr'>prae—</span> 
     </span>
     <span class='ocr_line' id='line_1_118' title="bbox 1421 2723 2500 2772; baseline 0.003 -12"><span class='ocrx_word' id='word_1_785' title='bbox 1421 2723 1532 2772; x_wconf 90' lang='lat' dir='ltr'>cipue</span> <span class='ocrx_word' id='word_1_786' title='bbox 1554 2723 1754 2761; x_wconf 88' lang='lat' dir='ltr'>laudabilis</span> <span class='ocrx_word' id='word_1_787' title='bbox 1775 2731 1830 2761; x_wconf 91' lang='lat' dir='ltr'>est</span> <span class='ocrx_word' id='word_1_788' title='bbox 1850 2723 1887 2761; x_wconf 92' lang='lat' dir='ltr'>in</span> <span class='ocrx_word' id='word_1_789' title='bbox 1909 2724 2224 2762; x_wconf 88' lang='lat' dir='ltr'>delectationibus</span> <span class='ocrx_word' id='word_1_790' title='bbox 2243 2732 2377 2770; x_wconf 88' lang='lat' dir='ltr'>tactus,</span> <span class='ocrx_word' id='word_1_791' title='bbox 2399 2725 2500 2764; x_wconf 87' lang='lat' dir='ltr'>circa</span> 
     </span>
     <span class='ocr_line' id='line_1_119' title="bbox 1421 2777 2499 2827; baseline 0.002 -13"><span class='ocrx_word' id='word_1_792' title='bbox 1421 2789 1520 2827; x_wconf 92' lang='lat' dir='ltr'>quae</span> <span class='ocrx_word' id='word_1_793' title='bbox 1550 2785 1606 2815; x_wconf 91' lang='lat' dir='ltr'>est</span> <span class='ocrx_word' id='word_1_794' title='bbox 1634 2777 1907 2827; x_wconf 73' lang='lat' dir='ltr'>temperantiat</span> <span class='ocrx_word' id='word_1_795' title='bbox 1937 2786 2019 2816; x_wconf 89' lang='lat' dir='ltr'>tum</span> <span class='ocrx_word' id='word_1_796' title='bbox 2049 2778 2140 2827; x_wconf 91' lang='lat' dir='ltr'>quia</span> <span class='ocrx_word' id='word_1_797' title='bbox 2167 2779 2261 2816; x_wconf 89' lang='lat' dir='ltr'>tales</span> <span class='ocrx_word' id='word_1_798' title='bbox 2281 2778 2499 2818; x_wconf 87' lang='lat' dir='ltr'>delectatio-</span> 
     </span>
     <span class='ocr_line' id='line_1_120' title="bbox 1422 2830 2499 2880; baseline 0.002 -12"><span class='ocrx_word' id='word_1_799' title='bbox 1422 2843 1489 2868; x_wconf 89' lang='lat' dir='ltr'>nes</span> <span class='ocrx_word' id='word_1_800' title='bbox 1518 2839 1606 2869; x_wconf 90' lang='lat' dir='ltr'>sunt</span> <span class='ocrx_word' id='word_1_801' title='bbox 1635 2830 1756 2880; x_wconf 89' lang='lat' dir='ltr'>magis</span> <span class='ocrx_word' id='word_1_802' title='bbox 1786 2832 1898 2869; x_wconf 91' lang='lat' dir='ltr'>nobis</span> <span class='ocrx_word' id='word_1_803' title='bbox 1918 2833 2122 2879; x_wconf 88' lang='lat' dir='ltr'>naturales,</span> <span class='ocrx_word' id='word_1_804' title='bbox 2144 2840 2181 2870; x_wconf 91' lang='lat' dir='ltr'>et</span> <span class='ocrx_word' id='word_1_805' title='bbox 2199 2831 2287 2870; x_wconf 89' lang='lat' dir='ltr'>ideo</span> <span class='ocrx_word' id='word_1_806' title='bbox 2308 2832 2499 2871; x_wconf 88' lang='lat' dir='ltr'>difficilius</span> 
     </span>
     <span class='ocr_line' id='line_1_121' title="bbox 1421 2884 2498 2936; baseline 0.002 -14"><span class='ocrx_word' id='word_1_807' title='bbox 1421 2893 1477 2922; x_wconf 92' lang='lat' dir='ltr'>est</span> <span class='ocrx_word' id='word_1_808' title='bbox 1506 2885 1554 2922; x_wconf 88' lang='lat' dir='ltr'>ab</span> <span class='ocrx_word' id='word_1_809' title='bbox 1585 2884 1637 2922; x_wconf 91' lang='lat' dir='ltr'>eis</span> <span class='ocrx_word' id='word_1_810' title='bbox 1667 2885 1858 2923; x_wconf 86' lang='lat' dir='ltr'>abstinere</span> <span class='ocrx_word' id='word_1_811' title='bbox 1882 2893 1920 2923; x_wconf 89' lang='lat' dir='ltr'>et</span> <span class='ocrx_word' id='word_1_812' title='bbox 1939 2886 2268 2936; x_wconf 89' lang='lat' dir='ltr'>concupiscentias</span> <span class='ocrx_word' id='word_1_813' title='bbox 2287 2898 2419 2924; x_wconf 90' lang='lat' dir='ltr'>earum</span> <span class='ocrx_word' id='word_1_814' title='bbox 2441 2899 2498 2924; x_wconf 87' lang='lat' dir='ltr'>re-</span> 
     </span>
     <span class='ocr_line' id='line_1_122' title="bbox 1422 2939 2498 3001; baseline 0.002 -25"><span class='ocrx_word' id='word_1_815' title='bbox 1422 2939 1590 2984; x_wconf 73' lang='lat' dir='ltr'>frenare,</span> <span class='ocrx_word' id='word_1_816' title='bbox 1629 2946 1710 2976; x_wconf 88' lang='lat' dir='ltr'>tum</span> <span class='ocrx_word' id='word_1_817' title='bbox 1745 2939 1859 2976; x_wconf 90' lang='lat' dir='ltr'>etiam</span> <span class='ocrx_word' id='word_1_818' title='bbox 1895 2939 1987 2989; x_wconf 89' lang='lat' dir='ltr'>quia</span> <span class='ocrx_word' id='word_1_819' title='bbox 2024 2952 2157 2978; x_wconf 88' lang='lat' dir='ltr'>earum</span> <span class='ocrx_word' id='word_1_820' title='bbox 2193 2939 2344 2977; x_wconf 87' lang='lat' dir='ltr'>obiecta</span> <span class='ocrx_word' id='word_1_821' title='bbox 2377 2939 2498 3001; x_wconf 73' lang='lat' dir='ltr'>magis</span> 
     </span>
     <span class='ocr_line' id='line_1_123' title="bbox 1420 2993 2496 3044; baseline 0.002 -14"><span class='ocrx_word' id='word_1_822' title='bbox 1420 3000 1508 3030; x_wconf 91' lang='lat' dir='ltr'>sunt</span> <span class='ocrx_word' id='word_1_823' title='bbox 1535 2993 1750 3030; x_wconf 87' lang='lat' dir='ltr'>necessaria</span> <span class='ocrx_word' id='word_1_824' title='bbox 1779 2993 1969 3043; x_wconf 87' lang='lat' dir='ltr'>praesenti</span> <span class='ocrx_word' id='word_1_825' title='bbox 1987 2993 2101 3039; x_wconf 87' lang='lat' dir='ltr'>vitae,</span> <span class='ocrx_word' id='word_1_826' title='bbox 2131 3001 2172 3031; x_wconf 92' lang='lat' dir='ltr'>ut</span> <span class='ocrx_word' id='word_1_827' title='bbox 2191 3005 2236 3031; x_wconf 84' lang='lat' dir='ltr'>ex</span> <span class='ocrx_word' id='word_1_828' title='bbox 2256 2993 2364 3031; x_wconf 86' lang='lat' dir='ltr'>dictis</span> <span class='ocrx_word' id='word_1_829' title='bbox 2381 2993 2404 3016; x_wconf 66' lang='lat'>¹·</span> <span class='ocrx_word' id='word_1_830' title='bbox 2431 3005 2496 3044; x_wconf 86' lang='lat' dir='ltr'>pa-</span> 
     </span>
     <span class='ocr_line' id='line_1_124' title="bbox 1421 3046 2498 3098; baseline 0.002 -15"><span class='ocrx_word' id='word_1_831' title='bbox 1421 3055 1483 3084; x_wconf 90' lang='lat' dir='ltr'>tet.</span> <span class='ocrx_word' id='word_1_832' title='bbox 1515 3047 1564 3084; x_wconf 91' lang='lat' dir='ltr'>Et</span> <span class='ocrx_word' id='word_1_833' title='bbox 1587 3046 1675 3084; x_wconf 90' lang='lat' dir='ltr'>ideo</span> <span class='ocrx_word' id='word_1_834' title='bbox 1695 3046 1949 3096; x_wconf 88' lang='lat' dir='ltr'>temperantia</span> <span class='ocrx_word' id='word_1_835' title='bbox 1967 3046 2124 3097; x_wconf 89' lang='lat' dir='ltr'>ponitur</span> <span class='ocrx_word' id='word_1_836' title='bbox 2141 3046 2262 3084; x_wconf 88' lang='lat' dir='ltr'>virtus</span> <span class='ocrx_word' id='word_1_837' title='bbox 2280 3046 2498 3098; x_wconf 88' lang='lat' dir='ltr'>principalis</span> 
     </span>
     <span class='ocr_line' id='line_1_125' title="bbox 1422 3099 1735 3138; baseline 0 -1"><span class='ocrx_word' id='word_1_838' title='bbox 1422 3113 1491 3137; x_wconf 92' lang='lat' dir='ltr'>seu</span> <span class='ocrx_word' id='word_1_839' title='bbox 1521 3099 1735 3138; x_wconf 87' lang='lat' dir='ltr'>cardinalis.</span> 
     </span>
    </p>

    <p class='ocr_par' dir='ltr' id='par_1_41' title="bbox 1475 3153 2499 3203">
     <span class='ocr_line' id='line_1_126' title="bbox 1475 3153 2499 3203; baseline 0.001 -12"><span class='ocrx_word' id='word_1_840' title='bbox 1475 3155 1535 3191; x_wconf 83' lang='lat' dir='ltr'>At&gt;</span> <span class='ocrx_word' id='word_1_841' title='bbox 1569 3165 1708 3192; x_wconf 75' lang='lat' dir='ltr'>ptumum</span> <span class='ocrx_word' id='word_1_842' title='bbox 1741 3165 1840 3191; x_wconf 70' lang='lat' dir='ltr'>anco</span> <span class='ocrx_word' id='word_1_843' title='bbox 1874 3165 2061 3192; x_wconf 76' lang='lat' dir='ltr'>mcENDuM</span> <span class='ocrx_word' id='word_1_844' title='bbox 2094 3153 2200 3203; x_wconf 90' lang='lat' dir='ltr'>quod</span> <span class='ocrx_word' id='word_1_845' title='bbox 2239 3161 2344 3191; x_wconf 87' lang='lat' dir='ltr'>tanto</span> <span class='ocrx_word' id='word_1_846' title='bbox 2375 3154 2499 3192; x_wconf 86' lang='lat' dir='ltr'>maior</span> 
     </span>
    </p>
   </div>
   <div class='ocr_carea' id='block_1_35' title="bbox 1394 3206 2499 3258">
    <p class='ocr_par' dir='ltr' id='par_1_42' title="bbox 1394 3206 2499 3258">
     <span class='ocr_line' id='line_1_127' title="bbox 1394 3206 2499 3258; baseline 0.003 -14"><span class='ocrx_word' id='word_1_847' title='bbox 1394 3211 1395 3254; x_wconf 40' lang='grc' dir='ltr'>ᾗ</span> <span class='ocrx_word' id='word_1_848' title='bbox 1422 3207 1635 3246; x_wconf 88' lang='lat' dir='ltr'>ostenditur</span> <span class='ocrx_word' id='word_1_849' title='bbox 1663 3207 1809 3256; x_wconf 87' lang='lat' dir='ltr'>agentis</span> <span class='ocrx_word' id='word_1_850' title='bbox 1828 3207 1960 3254; x_wconf 88' lang='lat' dir='ltr'>virtus,</span> <span class='ocrx_word' id='word_1_851' title='bbox 1991 3215 2136 3258; x_wconf 85' lang='lat' dir='ltr'>quanto</span> <span class='ocrx_word' id='word_1_852' title='bbox 2156 3206 2194 3244; x_wconf 89' lang='lat' dir='ltr'>in</span> <span class='ocrx_word' id='word_1_853' title='bbox 2215 3219 2260 3244; x_wconf 90' lang='lat' dir='ltr'>ea</span> <span class='ocrx_word' id='word_1_854' title='bbox 2289 3220 2390 3258; x_wconf 86' lang='lat' dir='ltr'>quae</span> <span class='ocrx_word' id='word_1_855' title='bbox 2409 3216 2499 3247; x_wconf 88' lang='lat' dir='ltr'>sunt</span> 
     </span>
    </p>
   </div>
   <div class='ocr_carea' id='block_1_36' title="bbox 1422 3260 2498 3311">
    <p class='ocr_par' dir='ltr' id='par_1_43' title="bbox 1422 3260 2498 3311">
     <span class='ocr_line' id='line_1_128' title="bbox 1422 3260 2498 3311; baseline 0.001 -12"><span class='ocrx_word' id='word_1_856' title='bbox 1422 3261 1544 3310; x_wconf 87' lang='lat' dir='ltr'>magis</span> <span class='ocrx_word' id='word_1_857' title='bbox 1573 3260 1746 3299; x_wconf 88' lang='lat' dir='ltr'>distantia</span> <span class='ocrx_word' id='word_1_858' title='bbox 1782 3267 1908 3311; x_wconf 86' lang='lat' dir='ltr'>potest</span> <span class='ocrx_word' id='word_1_859' title='bbox 1936 3272 2045 3298; x_wconf 86' lang='lat' dir='ltr'>suam</span> <span class='ocrx_word' id='word_1_860' title='bbox 2076 3260 2341 3311; x_wconf 87' lang='lat' dir='ltr'>operationem</span> <span class='ocrx_word' id='word_1_861' title='bbox 2370 3269 2498 3300; x_wconf 86' lang='lat' dir='ltr'>exten-</span> 
     </span>
    </p>
   </div>
   <div class='ocr_carea' id='block_1_37' title="bbox 1394 3313 2496 3418">
    <p class='ocr_par' dir='ltr' id='par_1_44' title="bbox 1394 3313 2496 3418">
     <span class='ocr_line' id='line_1_129' title="bbox 1394 3313 2496 3363; baseline 0.001 -10"><span class='ocrx_word' id='word_1_862' title='bbox 1394 3318 1395 3334; x_wconf 78' lang='lat'>³</span> <span class='ocrx_word' id='word_1_863' title='bbox 1423 3316 1512 3353; x_wconf 87' lang='lat' dir='ltr'>dere</span> <span class='ocrx_word' id='word_1_864' title='bbox 1529 3313 1555 3352; x_wconf 72' lang='grc' dir='ltr'>β.</span> <span class='ocrx_word' id='word_1_865' title='bbox 1578 3316 1626 3352; x_wconf 89' lang='lat' dir='ltr'>Et</span> <span class='ocrx_word' id='word_1_866' title='bbox 1645 3314 1733 3352; x_wconf 89' lang='lat' dir='ltr'>ideo</span> <span class='ocrx_word' id='word_1_867' title='bbox 1753 3326 1800 3352; x_wconf 82' lang='lat' dir='ltr'>ex</span> <span class='ocrx_word' id='word_1_868' title='bbox 1818 3313 1895 3352; x_wconf 87' lang='lat' dir='ltr'>hoc</span> <span class='ocrx_word' id='word_1_869' title='bbox 1909 3313 1993 3363; x_wconf 89' lang='lat' dir='ltr'>ipso</span> <span class='ocrx_word' id='word_1_870' title='bbox 2015 3313 2226 3352; x_wconf 92' lang='lat' dir='ltr'>ostenditur</span> <span class='ocrx_word' id='word_1_871' title='bbox 2241 3314 2364 3353; x_wconf 90' lang='lat' dir='ltr'>maior</span> <span class='ocrx_word' id='word_1_872' title='bbox 2376 3315 2496 3354; x_wconf 88' lang='lat' dir='ltr'>virtus</span> 
     </span>
     <span class='ocr_line' id='line_1_130' title="bbox 1394 3366 2496 3418; baseline 0.001 -12"><span class='ocrx_word' id='word_1_873' title='bbox 1394 3369 1395 3374; x_wconf 76' lang='grc'>’</span> <span class='ocrx_word' id='word_1_874' title='bbox 1423 3368 1578 3406; x_wconf 88' lang='lat' dir='ltr'>rationis</span> <span class='ocrx_word' id='word_1_875' title='bbox 1607 3368 1712 3418; x_wconf 91' lang='lat' dir='ltr'>quod</span> <span class='ocrx_word' id='word_1_876' title='bbox 1739 3374 1866 3416; x_wconf 85' lang='lat' dir='ltr'>potest</span> <span class='ocrx_word' id='word_1_877' title='bbox 1885 3366 2000 3405; x_wconf 81' lang='lat' dir='ltr'>etiam</span> <span class='ocrx_word' id='word_1_878' title='bbox 2021 3367 2351 3418; x_wconf 88' lang='lat' dir='ltr'>concupiscentias</span> <span class='ocrx_word' id='word_1_879' title='bbox 2371 3377 2409 3407; x_wconf 90' lang='lat' dir='ltr'>et</span> <span class='ocrx_word' id='word_1_880' title='bbox 2432 3370 2496 3407; x_wconf 56' lang='lat' dir='ltr'>de⁴</span> 
     </span>
    </p>
   </div>
   <div class='ocr_carea' id='block_1_38' title="bbox 1422 3420 2496 3579">
    <p class='ocr_par' dir='ltr' id='par_1_45' title="bbox 1422 3420 2496 3579">
     <span class='ocr_line' id='line_1_131' title="bbox 1422 3420 2496 3461; baseline 0.001 -2"><span class='ocrx_word' id='word_1_881' title='bbox 1422 3422 1643 3459; x_wconf 89' lang='lat' dir='ltr'>lectationes</span> <span class='ocrx_word' id='word_1_882' title='bbox 1663 3420 1830 3458; x_wconf 85' lang='lat' dir='ltr'>maxime</span> <span class='ocrx_word' id='word_1_883' title='bbox 1851 3420 2031 3459; x_wconf 88' lang='lat' dir='ltr'>distantes</span> <span class='ocrx_word' id='word_1_884' title='bbox 2051 3421 2256 3460; x_wconf 85' lang='lat' dir='ltr'>moderari.</span> <span class='ocrx_word' id='word_1_885' title='bbox 2287 3422 2399 3461; x_wconf 89' lang='lat' dir='ltr'>Unde</span> <span class='ocrx_word' id='word_1_886' title='bbox 2421 3422 2496 3460; x_wconf 87' lang='lat' dir='ltr'>hoc</span> 
     </span>
     <span class='ocr_line' id='line_1_132' title="bbox 1422 3473 2324 3526; baseline 0.003 -15"><span class='ocrx_word' id='word_1_887' title='bbox 1422 3474 1585 3525; x_wconf 88' lang='lat' dir='ltr'>pertinet</span> <span class='ocrx_word' id='word_1_888' title='bbox 1613 3474 1662 3512; x_wconf 83' lang='lat' dir='ltr'>ad</span> <span class='ocrx_word' id='word_1_889' title='bbox 1691 3473 2008 3524; x_wconf 86' lang='lat' dir='ltr'>principalitatem</span> <span class='ocrx_word' id='word_1_890' title='bbox 2037 3476 2324 3526; x_wconf 87' lang='lat' dir='ltr'>temperantiae.</span> 
     </span>
     <span class='ocr_line' id='line_1_133' title="bbox 1476 3528 2495 3579; baseline 0.002 -15"><span class='ocrx_word' id='word_1_891' title='bbox 1476 3528 1536 3565; x_wconf 80' lang='lat' dir='ltr'>Ao</span> <span class='ocrx_word' id='word_1_892' title='bbox 1562 3538 1753 3565; x_wconf 71' lang='lat' dir='ltr'>secunaum</span> <span class='ocrx_word' id='word_1_893' title='bbox 1778 3539 1963 3566; x_wconf 65' lang='lat' dir='ltr'>mesanum</span> <span class='ocrx_word' id='word_1_894' title='bbox 1989 3529 2095 3579; x_wconf 90' lang='lat' dir='ltr'>quod</span> <span class='ocrx_word' id='word_1_895' title='bbox 2125 3529 2289 3579; x_wconf 90' lang='lat' dir='ltr'>impetus</span> <span class='ocrx_word' id='word_1_896' title='bbox 2309 3529 2385 3566; x_wconf 85' lang='lat' dir='ltr'>irae</span> <span class='ocrx_word' id='word_1_897' title='bbox 2406 3540 2495 3566; x_wconf 87' lang='lat' dir='ltr'>cau-</span> 
     </span>
    </p>
   </div>
   <div class='ocr_carea' id='block_1_39' title="bbox 1475 3642 2494 3675">
    <p class='ocr_par' dir='ltr' id='par_1_46' title="bbox 1475 3642 2494 3675">
     <span class='ocr_line' id='line_1_134' title="bbox 1475 3642 2494 3675; baseline 0 -8"><span class='ocrx_word' id='word_1_898' title='bbox 1475 3642 1500 3675; x_wconf 48' lang='lat' dir='ltr'>li)</span> <span class='ocrx_word' id='word_1_899' title='bbox 1521 3642 1677 3668; x_wconf 80' lang='lat' dir='ltr'>extendere.</span> <span class='ocrx_word' id='word_1_900' title='bbox 1690 3656 1704 3661; x_wconf 96' lang='lat'>-</span> <span class='ocrx_word' id='word_1_901' title='bbox 1727 3643 1867 3668; x_wconf 75' lang='lat' dir='ltr'>ostendere</span> <span class='ocrx_word' id='word_1_902' title='bbox 1886 3642 2087 3668; x_wconf 67' lang='lat' dir='ltr'>anot-:Fuitne</span> <span class='ocrx_word' id='word_1_903' title='bbox 2102 3648 2127 3668; x_wconf 85' lang='lat' dir='ltr'>et</span> <span class='ocrx_word' id='word_1_904' title='bbox 2140 3649 2165 3673; x_wconf 84' lang='lat' dir='ltr'>a,</span> <span class='ocrx_word' id='word_1_905' title='bbox 2179 3649 2322 3669; x_wconf 76' lang='lat' dir='ltr'>excercere</span> <span class='ocrx_word' id='word_1_906' title='bbox 2334 3642 2364 3673; x_wconf 90' lang='lat' dir='ltr'>L,</span> <span class='ocrx_word' id='word_1_907' title='bbox 2378 3642 2432 3668; x_wconf 83' lang='lat' dir='ltr'>abr.</span> <span class='ocrx_word' id='word_1_908' title='bbox 2447 3643 2494 3675; x_wconf 83' lang='lat' dir='ltr'>pc.</span> 
     </span>
    </p>
   </div>
   <div class='ocr_carea' id='block_1_40' title="bbox 2534 845 2750 894">
    <p class='ocr_par' dir='ltr' id='par_1_47' title="bbox 2534 845 2750 894">
     <span class='ocr_line' id='line_1_135' title="bbox 2536 845 2750 873; baseline 0 -6"><span class='ocrx_word' id='word_1_909' title='bbox 2536 846 2584 867; x_wconf 62' lang='lat' dir='ltr'>&#39;Cf</span> <span class='ocrx_word' id='word_1_910' title='bbox 2591 845 2750 873; x_wconf 49' lang='lat' dir='ltr'>arg-sacon-</span> 
     </span>
     <span class='ocr_line' id='line_1_136' title="bbox 2534 874 2582 894; baseline 0 -1"><span class='ocrx_word' id='word_1_911' title='bbox 2534 874 2582 894; x_wconf 86' lang='lat' dir='ltr'>tra.</span> 
     </span>
    </p>
   </div>
   <div class='ocr_carea' id='block_1_41' title="bbox 2525 2360 2744 2551">
    <p class='ocr_par' dir='ltr' id='par_1_48' title="bbox 2525 2360 2744 2551">
     <span class='ocr_line' id='line_1_137' title="bbox 2554 2360 2743 2390; baseline -0.005 -7"><span class='ocrx_word' id='word_1_912' title='bbox 2554 2360 2611 2390; x_wconf 73' lang='lat' dir='ltr'>Cap.</span> <span class='ocrx_word' id='word_1_913' title='bbox 2630 2366 2695 2386; x_wconf 75' lang='lat' dir='ltr'>mx.</span> <span class='ocrx_word' id='word_1_914' title='bbox 2714 2361 2743 2383; x_wconf 77' lang='grc' dir='ltr'>ιΙ.</span> 
     </span>
     <span class='ocr_line' id='line_1_138' title="bbox 2529 2387 2743 2420; baseline 0 -10"><span class='ocrx_word' id='word_1_915' title='bbox 2529 2393 2608 2415; x_wconf 79' lang='lat' dir='ltr'>xxm.</span> <span class='ocrx_word' id='word_1_916' title='bbox 2639 2387 2681 2419; x_wconf 46' lang='lat' dir='ltr'>ia·</span> <span class='ocrx_word' id='word_1_917' title='bbox 2698 2391 2743 2420; x_wconf 65' lang='lat' dir='ltr'>vet.</span> 
     </span>
     <span class='ocr_line' id='line_1_139' title="bbox 2527 2414 2744 2471; baseline 0 -35"><span class='ocrx_word' id='word_1_918' title='bbox 2527 2420 2607 2469; x_wconf 52' lang='lat' dir='ltr'>{xxxffi-</span> <span class='ocrx_word' id='word_1_919' title='bbox 2616 2414 2744 2471; x_wconf 38' lang='lat' dir='ltr'>{sitq-lib.</span> 
     </span>
     <span class='ocr_line' id='line_1_140' title="bbox 2529 2467 2743 2496; baseline -0.009 -5"><span class='ocrx_word' id='word_1_920' title='bbox 2529 2469 2538 2479; x_wconf 79' lang='grc'><em>·</em></span> <span class='ocrx_word' id='word_1_921' title='bbox 2549 2467 2597 2496; x_wconf 83' lang='lat' dir='ltr'>Qu.</span> <span class='ocrx_word' id='word_1_922' title='bbox 2607 2474 2690 2492; x_wconf 69' lang='lat' dir='ltr'>mitt.</span> <span class='ocrx_word' id='word_1_923' title='bbox 2701 2471 2743 2490; x_wconf 80' lang='lat' dir='ltr'>art.</span> 
     </span>
     <span class='ocr_line' id='line_1_141' title="bbox 2525 2495 2743 2551; baseline -0.005 -7"><span class='ocrx_word' id='word_1_924' title='bbox 2525 2495 2743 2551; x_wconf 61' lang='lat' dir='ltr'>2¹2³.‚¹2„l¹3’‚*..‘¹¹¹·</span> 
     </span>
    </p>
   </div>
   <div class='ocr_carea' id='block_1_42' title="bbox 2526 3013 2672 3037">
    <p class='ocr_par' dir='ltr' id='par_1_49' title="bbox 2526 3013 2672 3037">
     <span class='ocr_line' id='line_1_142' title="bbox 2526 3013 2672 3037; baseline -0.034 -1"><span class='ocrx_word' id='word_1_925' title='bbox 2526 3016 2535 3024; x_wconf 75' lang='lat'>⁵</span> <span class='ocrx_word' id='word_1_926' title='bbox 2550 3014 2600 3035; x_wconf 70' lang='lat' dir='ltr'>An.</span> <span class='ocrx_word' id='word_1_927' title='bbox 2614 3015 2639 3037; x_wconf 67' lang='grc'>4,</span> <span class='ocrx_word' id='word_1_928' title='bbox 2653 3013 2672 3036; x_wconf 73' lang='grc'>5-</span> 
     </span>
    </p>
   </div>
  </div>
 </body>
</html>
