2768 4198
54 399 63 408 ⁸
78 399 126 419 Art.
145 403 174 424 4,
193 396 264 419 Com-

54 428 123 446 ment.

67 2952 125 3000 {Cn
141 2958 204 2980 corp.
219 2956 272 2979 art,

82 2985 103 3000 n.

299 323 369 360 190

293 435 453 465 ebriorum
477 441 507 464 et
530 432 700 467 similium,
730 437 765 461 ut
789 430 869 459 clara
893 427 1004 458 notitia
1031 436 1164 457 casuum
1193 425 1353 455 habeatur.

292 473 471 509 Dicendum
499 477 593 517 igitur
620 475 698 506 mihi
728 474 850 504 videtur
874 472 961 512 quod
986 471 1089 501 ebrius
1114 481 1150 500 ex
1174 479 1230 499 sua
1262 467 1355 517 culpa

293 523 459 563 dupliciter
482 531 514 552 se
538 521 632 550 habet
655 520 693 549 ad
709 527 842 558 sequens
867 526 903 546 ex
927 515 1074 545 ebrietate
1089 520 1270 554 peccatum:
1296 521 1354 541 sci-

291 567 363 597 licet
386 565 612 607 praevidendo;
642 563 691 593 vel
721 571 785 591 non
816 559 1029 600 praevidendo
1057 558 1145 589 illud.
1178 558 1356 597 Reputatur

292 655 324 685 in
338 665 394 685 sua
418 653 529 694 specie,
554 658 631 692 puta
655 650 729 690 quia
745 648 834 678 novit
848 648 919 688 quis
939 658 972 678 se
992 647 1114 677 ebrium
1133 645 1286 686 proximis
1302 645 1355 674 de-

292 699 428 734 trahere,
454 704 508 727 aut
530 697 563 726 in
579 705 637 725 suo
654 703 776 734 genere,
794 699 871 732 puta
888 691 963 732 quia
979 691 1069 721 novit
1092 690 1163 731 quis
1180 700 1212 719 se
1233 688 1356 719 ebrium

292 743 368 773 vitio
399 742 524 781 linguae
554 738 681 774 irretiri,
710 736 854 777 quamvis
884 736 984 766 modo
1012 734 1224 770 detractione,
1255 732 1355 762 modo

292 785 493 820 contumelia,
517 783 616 813 modo
639 780 845 821 blasphemia,
870 780 969 810 modo
993 779 1148 817 irrisione,
1165 778 1265 808 modo
1290 783 1356 807 tur-

290 874 364 914 quia
388 873 444 904 scit
467 883 499 902 se
524 871 646 902 ebrium
669 869 702 899 in
725 869 834 909 aliquo
854 878 992 908 peccare,
1012 868 1084 898 licet
1108 866 1226 897 nesciat
1241 866 1274 896 in
1291 874 1356 906 quo

289 927 400 958 genere
424 923 500 947 tunc
533 914 683 956 peccabit.
716 914 894 953 Reputatur
926 922 1034 943 rursus
1067 911 1267 952 praevisum,
1291 919 1357 939 non

290 962 394 992 solum
419 961 444 991 si
467 960 506 991 sit
529 958 797 999 praecogitatum,
822 958 877 988 sed
897 957 922 987 si
947 956 1055 987 debuit
1086 966 1152 987 esse
1176 954 1357 995 praevisum

289 1005 548 1046 praecogitando:
580 1010 658 1044 puta
687 1003 762 1043 quia
791 1009 936 1042 expertus
965 1009 1010 1032 est
1032 999 1254 1031 inclinationes
1285 1008 1358 1029 suas
1384 1003 1386 1032 3-

1384 1048 1386 1060 *
1411 1044 1465 1074 tali
1490 1043 1593 1074 ebrio:
1619 1043 1691 1073 ideo
1709 1041 1886 1072 secundum
1903 1041 1980 1071 haec
2003 1048 2069 1072 tam
2087 1041 2234 1072 Auctoris
2253 1052 2351 1082 quarn
2375 1048 2482 1072 nostra

1384 1108 1386 1118 .
1411 1089 1444 1118 in
1468 1087 1666 1128 praecedenti
1690 1086 1786 1116 Libro
1808 1086 1824 1104 *
1856 1086 1938 1116 dicta
1962 1086 2000 1116 de
2033 1086 2169 1126 peccatis
2199 1086 2361 1117 ebriorum
2389 1086 2483 1116 inter-

1385 1141 1386 1161 ι
1412 1133 1564 1173 pretanda
1588 1131 1808 1172 relinquimus.

273 1183 419 1223 'quando
444 1181 534 1212 nullo
558 1181 658 1211 modo
682 1179 862 1220 praevisum
887 1186 942 1215 est,
967 1178 1206 1218 praeviderique
1223 1177 1359 1207 rationa-
1385 1202 1387 1205 ,

1386 1221 1387 1259 ᾗ
1413 1221 1503 1252 bium
1517 1221 1544 1252 *.
1570 1221 1611 1251 Et
1632 1219 1745 1250 dicitur
1768 1219 1858 1260 quod
1880 1226 2009 1259 peccata
2032 1218 2197 1259 sequentia
2221 1218 2406 1249 ebrietatem
2428 1217 2484 1249 60-

347 1271 486 1308 Quando
510 1269 606 1310 igitur
628 1275 794 1309 peccatum
818 1277 953 1308 sequens
970 1267 1152 1298 ebrietatem
1169 1265 1360 1306 culpabilem
1386 1264 1387 1275 ¹

291 1322 338 1345 est
367 1315 557 1355 praevisum,
577 1320 653 1344 tunc
676 1319 843 1353 peccatum
858 1311 937 1342 illud
953 1322 1019 1342 non
1043 1318 1209 1342 excusatur
1226 1320 1243 1340 a
1258 1309 1361 1349 specie
1386 1314 1388 1328 '=

290 1060 416 1090 pronas,
441 1055 563 1090 quanto
587 1047 687 1087 magis
711 1045 798 1083 bibit,
823 1046 863 1076 ad
886 1053 1029 1086 peccata;
1054 1045 1104 1075 vel
1128 1044 1204 1085 quia
1226 1043 1302 1074 alias
1325 1042 1358 1072 in

290 1093 478 1124 alienatione
501 1092 627 1128 mentis,
651 1091 702 1122 vel
721 1101 832 1131 prope,
855 1090 965 1121 incidit
989 1090 1021 1120 in
1052 1095 1229 1130 peccatum.
1254 1106 1274 1110 -
1296 1090 1358 1117 Ae-

290 1138 436 1169 stimatur
467 1144 574 1167 autem
609 1146 675 1166 non
707 1134 889 1175 praevisum
923 1140 1090 1174 peccatum
1125 1144 1161 1164 ex
1194 1132 1352 1167 ebrietate,

290 1227 393 1258 biliter
417 1236 483 1256 non
511 1225 626 1265 potuit,
651 1224 794 1254 humano
819 1233 920 1254 more.

292 1360 341 1390 sui
365 1359 494 1399 peccati,
516 1358 571 1388 sed
594 1357 675 1388 redit
698 1357 736 1387 ad
754 1363 899 1387 naturam
923 1366 998 1386 suae
1018 1355 1143 1396 speciei,
1162 1355 1282 1385 ratione
1305 1364 1360 1384 vo-

291 1403 419 1434 luntarii
442 1403 475 1433 in
499 1401 676 1442 ignorantia
698 1401 757 1432 ista
780 1400 892 1431 inclusi
916 1400 1075 1431 terminati
1099 1400 1137 1429 ad
1167 1398 1360 1439 praevisum:

291 1448 365 1478 licet
388 1453 552 1478 excusetur
577 1457 594 1476 a
617 1452 715 1482 tanto,
741 1445 815 1486 quia
839 1455 905 1475 non
929 1451 1054 1475 tantum
1073 1450 1181 1484 peccat
1204 1450 1362 1484 quantum

292 1499 435 1532 peccaret
458 1491 483 1522 si
507 1490 631 1521 sobrius
664 1490 744 1520 illud
769 1489 997 1528 committeret;
1027 1488 1102 1529 quia
1130 1488 1238 1529 aliquo
1262 1487 1361 1517 modo

292 1536 544 1567 involuntarium
567 1542 612 1565 est
635 1540 801 1574 peccatum
822 1533 920 1569 istud,
945 1533 1034 1563 aliter
1057 1542 1123 1562 non
1148 1542 1184 1562 ex
1215 1532 1362 1562 ebrietate

294 1587 483 1611 causaretur.
519 1579 559 1610 Et
582 1586 658 1609 tunc
682 1585 756 1608 sunt
785 1578 850 1608 duo
871 1584 1015 1618 peccata:
1053 1576 1203 1612 ebrietas,
1229 1583 1259 1606 et
1283 1576 1361 1606 illud

293 1631 460 1665 peccatum
483 1624 515 1654 in
532 1622 596 1653 suis
612 1622 785 1662 speciebus.
810 1622 851 1652 Et
867 1622 975 1662 quoad
995 1621 1067 1657 hoc,
1083 1631 1156 1651 vera
1181 1627 1227 1651 est
1250 1620 1361 1661 opinio

294 1668 467 1699 dicentium
484 1667 572 1708 quod
595 1666 726 1697 ebrietas
744 1666 908 1706 culpabilis
933 1673 1060 1696 excusat
1075 1675 1092 1695 a
1108 1671 1207 1701 tanto,
1225 1665 1279 1694 sed
1297 1674 1361 1694 non

294 1724 311 1743 a
335 1720 414 1744 toto.
446 1712 534 1742 Licet
557 1711 643 1741 enim
667 1710 733 1740 sine
757 1710 888 1740 rationis
916 1720 992 1746 usu,
1018 1709 1162 1739 absolute
1186 1709 1360 1748 loquendo,

294 1767 359 1787 non
383 1756 484 1796 possit
506 1755 577 1796 quis
595 1755 633 1784 de
650 1764 735 1784 novo
759 1763 906 1794 peccare;
930 1753 986 1794 qui
1002 1760 1118 1789 tamen,
1137 1753 1224 1793 prius
1243 1752 1361 1782 habens

293 1801 423 1831 rationis
447 1810 558 1835 usum,
591 1798 750 1838 praevidet
773 1798 862 1838 quod
892 1798 916 1827 si
943 1807 975 1828 se
1008 1797 1108 1836 privat
1131 1796 1261 1827 rationis
1290 1807 1360 1832 usu,

294 1852 400 1875 actum
434 1843 553 1883 peccati
585 1843 736 1877 incurret,
762 1848 792 1871 et
823 1841 1020 1881 culpabiliter
1050 1840 1152 1880 privat
1175 1851 1207 1870 se
1231 1840 1361 1871 rationis

293 1899 364 1924 usu,
384 1889 447 1918 iam
471 1887 548 1923 vult,
565 1896 649 1916 nunc
666 1895 724 1925 pro
749 1891 834 1922 tunc,
852 1885 969 1916 scilicet
992 1885 1123 1925 quando
1142 1884 1209 1914 sine
1232 1884 1361 1914 rationis

293 1942 353 1963 usu
378 1932 443 1967 erit,
468 1937 634 1970 peccatum
658 1929 825 1960 incurrere.
850 1946 871 1951 -
894 1929 935 1959 Et
958 1928 982 1958 si
1008 1936 1195 1969 quaeratur:
1221 1928 1360 1965 Quando

292 1977 348 2007 iste
373 1975 544 2006 committit
559 1974 638 2004 illud
662 1983 796 2014 sequens
822 1971 1007 2013 peccatum?
1031 1973 1253 2012 Respondetur
1272 1973 1360 2013 quod

293 2019 463 2051 committit
485 2019 575 2055 illud,
599 2024 670 2048 actu
695 2018 826 2058 quidem
850 2017 1001 2054 interiori,
1025 2017 1155 2057 quando
1180 2016 1361 2053 inebriatur,

293 2064 447 2106 quoniam
470 2070 546 2103 tunc
568 2062 638 2092 vult
660 2061 842 2092 ebrietatem
866 2069 896 2093 et
920 2071 1056 2102 sequens
1080 2068 1261 2101 peccatum:
1290 2067 1360 2091 actu

293 2119 368 2140 vero
392 2107 544 2143 exteriori,
570 2106 709 2147 quando,
726 2106 790 2136 iarn
815 2106 928 2142 ebrius,
946 2112 1113 2146 peccatum
1132 2105 1212 2136 illud
1232 2112 1361 2142 exercet,

294 2152 499 2194 percutiendo
526 2151 577 2181 vel
607 2151 810 2181 detrahendo.
835 2168 855 2172 -
880 2150 919 2180 Et
950 2150 1074 2180 videtur
1105 2159 1236 2190 quoque
1270 2160 1362 2191 posse

295 2197 475 2237 contingere
490 2196 523 2226 in
538 2195 723 2225 huiusmodi
737 2194 921 2225 hominibus
938 2194 1054 2234 quibus
1071 2194 1258 2225 huiusmodi
1272 2204 1362 2225 casus

295 2247 421 2282 oportet
437 2250 503 2270 esse
520 2239 692 2280 praevisos,
710 2239 799 2280 quod
814 2238 962 2269 alienatio
979 2238 1094 2269 mentis
1114 2249 1150 2269 ex
1166 2238 1258 2275 furia,
1274 2239 1361 2276 vino,

295 2286 345 2316 vel
368 2284 547 2315 infirmitate
571 2283 720 2321 evitabili,
738 2284 788 2313 vel
809 2293 1012 2324 quacumque
1037 2282 1131 2313 simili
1155 2293 1259 2319 causa,
1280 2294 1362 2324 quae

296 2329 473 2360 secundum
497 2338 528 2358 se
552 2334 632 2358 esset
655 2328 799 2363 venialis,
824 2334 954 2367 propter
977 2328 1158 2367 praevisum
1182 2334 1291 2359 actum
1314 2328 1362 2359 fu—

296 2374 357 2405 turi
381 2372 501 2414 peccati
528 2372 686 2407 mortalis,
710 2371 764 2403 fiat
787 2372 939 2408 mortalis,
957 2379 1068 2412 utpote
1099 2382 1172 2402 cum
1197 2372 1363 2404 voluntate

298 2428 362 2448 non
387 2424 514 2448 curante
538 2417 701 2447 incursum
724 2416 843 2456 peccati
867 2416 1018 2447 mortalis.

353 2462 491 2499 Quando
524 2467 630 2491 autem
661 2460 747 2491 nulla
774 2461 905 2491 timendi
936 2461 1081 2491 futurum
1117 2471 1225 2491 casum
1257 2462 1364 2493 subest

298 2506 394 2537 ratio:
419 2512 505 2546 puta,
523 2505 627 2535 ebrius
644 2511 787 2535 assuetus
803 2512 849 2535 est
869 2505 1005 2535 dormire
1021 2505 1053 2535 in
1071 2515 1127 2535 sua
1143 2515 1230 2545 pace,
1248 2513 1324 2537 etc.:
1342 2524 1362 2530 ·-

297 2558 381 2586 tunc,
399 2550 424 2580 si
449 2559 521 2580 casu
539 2549 642 2579 ebrius
667 2549 863 2589 culpabiliter
879 2549 1008 2590 aliquod
1026 2556 1189 2589 peccatum
1215 2550 1362 2582 commit-

298 2601 383 2630 teret,
401 2600 565 2634 peccatum
582 2593 661 2623 illud
685 2600 882 2624 excusaretur
898 2604 915 2624 a
936 2600 1015 2630 toto,
1032 2594 1094 2624 hoc
1112 2600 1159 2624 est
1175 2604 1192 2624 a
1214 2605 1271 2625 sua
1294 2605 1363 2635 spe-

298 2639 353 2670 cie.
376 2639 420 2669 Ita
435 2639 523 2679 quod
538 2637 669 2668 ebrietas
681 2645 711 2668 et
725 2638 776 2668 ille
791 2645 879 2669 actus
895 2648 962 2668 non
975 2645 1050 2669 sunt
1065 2639 1131 2669 duo
1145 2646 1287 2679 peccata:
1308 2640 1362 2670 sed

297 2683 349 2714 ille
372 2690 459 2714 actus
483 2689 529 2713 est
544 2682 777 2713 circumstantia
792 2683 880 2723 quid,
897 2683 959 2713 hoc
975 2690 1031 2720 est,
1052 2682 1180 2714 effectus
1197 2683 1362 2721 ebrietatis,

298 2737 362 2758 non
386 2727 524 2758 intentus
549 2736 606 2757 nec
630 2726 798 2766 praevisus.
824 2727 865 2758 Et
888 2727 975 2764 nihil,
1001 2734 1055 2758 aut
1078 2738 1193 2768 parurn
1217 2736 1364 2768 aggravat

299 2771 493 2802 ebrietatem:
519 2770 596 2800 nihil
613 2781 667 2811 per
683 2781 725 2807 se,
743 2781 800 2811 pro
816 2779 937 2812 quanto
955 2782 1022 2802 non
1038 2771 1177 2802 intentus
1193 2782 1250 2803 nec
1275 2783 1363 2813 prae-

298 2816 402 2852 visus;
427 2825 539 2855 parum
562 2825 617 2855 per
640 2815 792 2852 accidens,
810 2826 868 2856 pro
893 2822 1014 2856 quanto
1039 2816 1235 2856 culpabiliter
1258 2817 1316 2848 iste
1333 2827 1365 2848 se

299 2859 406 2900 posuit
428 2859 461 2889 in
485 2866 567 2890 statu
592 2859 740 2890 causandi
763 2860 859 2890 istum
884 2860 1040 2897 effectum,
1059 2868 1094 2892 ut
1117 2861 1161 2891 sic
1185 2861 1306 2902 aliquid
1326 2862 1365 2892 de

299 2903 479 2934 voluntario
503 2903 681 2943 imputabili
705 2904 827 2935 habeat.
852 2922 870 2927 -
894 2905 934 2935 Et
958 2905 1033 2946 quia
1056 2905 1099 2936 sic
1124 2906 1186 2936 Lot
1208 2905 1364 2937 incestum

300 2947 476 2984 commisit,
501 2948 572 2978 ideo
604 2948 782 2988 culpandus
806 2954 868 2986 est,
894 2949 1070 2980 secundum
1102 2949 1321 2990 Augustinum
1336 2951 1364 2988 *‚

302 3002 364 3023 non
381 2993 413 3022 in
425 2997 578 3032 quantum
590 2993 738 3030 incestus,
750 2993 806 3023 sed
816 2999 970 3033 quantum
988 2994 1044 3024 illa
1059 2994 1196 3025 ebrietas
1211 2996 1367 3026 meruit.-

301 3036 341 3067 Et
364 3036 539 3067 secundum
564 3036 635 3072 hoc,
660 3046 732 3067 vera
755 3043 802 3068 est
827 3038 936 3078 opinio
961 3038 1135 3069 dicentium
1159 3039 1248 3079 quod
1271 3049 1365 3070 excu-

303 3087 410 3110 santur
433 3090 451 3110 a
474 3087 543 3111 toto
568 3080 653 3111 ebrii.

359 3124 410 3155 IV.
427 3124 489 3155 Sed
509 3131 603 3155 restat
626 3124 676 3155 hic
700 3125 833 3156 dubium
858 3126 896 3156 de
919 3125 1051 3157 homine
1073 3127 1237 3168 inexperto
1261 3127 1367 3168 primo

303 3178 336 3198 se
358 3168 529 3199 inebriante
553 3179 590 3199 ex
608 3169 789 3209 proposito,
817 3169 960 3210 nihilque
984 3171 1142 3212 cogitante
1165 3172 1204 3202 de
1221 3172 1364 3211 periculo

304 3212 504 3253 sequentium
527 3219 742 3253 peccatorum,
766 3224 805 3244 an
829 3224 964 3255 sequens
989 3225 1025 3246 ex
1048 3215 1101 3246 tali
1126 3215 1275 3247 ebrietate
1295 3227 1365 3257 pec-

306 3262 410 3306 catum
433 3263 596 3288 excusetur
619 3263 654 3288 ut
669 3267 734 3288 non
750 3258 939 3298 praevisum,
958 3266 1012 3290 aut
1026 3259 1202 3300 imputetur
1221 3267 1256 3291 ut
1279 3271 1366 3301 prae-

306 3309 419 3331 Visum.

361 3343 401 3374 Et
423 3344 462 3374 ad
491 3345 552 3375 hoc
576 3355 649 3376 cum
677 3345 876 3377 distinctione
907 3346 1078 3378 dicendum
1106 3348 1230 3379 videtur
1245 3372 1252 3385 ,
1277 3350 1366 3390 quod

307 3394 433 3426 peccata
451 3398 531 3428 quae
546 3389 647 3420 solent
664 3390 702 3420 ab
719 3390 810 3420 ebriis
827 3391 994 3428 committi,
1011 3392 1156 3433 quamvis
1172 3403 1238 3423 non
1254 3403 1366 3424 ornnes

309 3430 384 3460 ebrii
407 3430 460 3462 illa
483 3433 690 3468 committant,
715 3434 899 3466 collocanda
922 3443 996 3467 sunt
1019 3437 1078 3467 sub
1101 3447 1214 3478 genere
1247 3437 1366 3478 praevi·

310 3483 434 3524 sorum:
467 3476 620 3516 quoniam
644 3477 819 3509 debuerunt
848 3480 1020 3519 praevideri
1044 3481 1082 3511 ab
1105 3481 1160 3512 illo
1174 3479 1241 3522 ¹qui
1264 3492 1297 3513 se
1321 3482 1366 3512 in·

310 3518 448 3555 ebriavit,
465 3528 501 3550 ex
516 3529 581 3560 quo
606 3521 781 3552 multorum
797 3523 956 3554 ebriorum
975 3525 1114 3556 actiones
1131 3525 1285 3566 contingit
1301 3536 1368 3557 esse

310 3562 395 3594 tales.
427 3562 513 3594 Sicut
536 3563 620 3594 enim
643 3564 722 3595 inter
745 3566 885 3606 praevisa
912 3568 1082 3599 homicidia
1114 3576 1319 3610 computatur
1342 3570 1368 3600 si

311 3607 381 3647 quis
405 3616 478 3637 casu
511 3607 674 3639 hominem
697 3609 730 3639 in
753 3617 862 3641 monte
886 3612 1013 3649 occidit,
1038 3623 1104 3644 non
1128 3614 1305 3654 praesciens
1328 3624 1367 3645 an

312 3660 404 3681 mons
427 3650 477 3682 ille
501 3651 540 3682 sit
563 3652 704 3683 meabilis
727 3653 765 3683 ab
790 3654 917 3685 homine
941 3666 980 3686 an
1011 3667 1090 3694 non,
1117 3668 1153 3688 ex
1173 3668 1239 3699 quo
1270 3658 1369 3699 aliqui

978 303 1248 351 QUAESTIO
1279 302 1360 347 CL,
1391 302 1690 339 ARTICULUS
1721 302 1772 338 IV

292 391 325 421 in
349 389 545 431 praecedenti
573 388 688 424 Libro,
713 397 766 427 qu.
790 395 879 415 Lxxvr
895 384 920 420 *,
946 384 1027 413 dicta
1051 389 1125 413 sunt
1158 382 1196 411 de
1220 379 1355 420 peccatis
1381 407 1383 418 ‚

1409 388 1484 411 sunt
1507 381 1656 411 meabiles
1670 405 1677 417 ,
1702 381 1799 421 aliqui
1823 389 1904 416 non;
1930 380 1974 410 sic
1996 379 2077 410 inter
2101 379 2241 419 praevisa
2265 383 2392 418 peccata
2416 386 2477 406 nu-

1409 425 1558 455 meranda
1582 432 1656 456 sunt
1672 435 1753 465 quae
1776 425 1899 465 aliquis,
1924 424 2065 454 nesciens
2082 423 2107 453 si
2130 423 2163 453 in
2187 433 2219 453 se
2243 422 2319 452 haec
2344 430 2477 461 sequen-

1409 475 1469 504 tur,
1494 478 1576 509 quae
1595 469 1628 498 in
1653 469 1761 499 multis
1785 468 1877 499 ebriis
1901 475 2088 509 sequuntur,
2113 467 2254 498 ebrietati
2269 473 2299 497 et
2319 475 2393 496 suae
2414 464 2476 494 dis-

1408 512 1560 552 positioni
1584 513 1642 543 sibi
1662 513 1789 552 ignotae
1812 513 1920 553 quoad
1936 512 1998 543 hoc
2022 522 2054 542 se
2078 511 2258 547 committit,
2279 520 2353 541 cum
2377 508 2478 549 possit

1382 581 1383 590 ,
1409 563 1543 597 utraque
1566 566 1637 596 pars
1662 556 1853 596 contingere.
1878 574 1899 579 -
1922 557 2053 587 Peccata
2085 563 2192 587 autem
2216 565 2298 596 quae
2323 554 2422 594 magis
2445 553 2477 582 in

293 618 400 641 autern
423 609 602 650 praevisum
626 613 806 647 peccatum,
831 614 897 634 non
928 603 1032 633 solum
1058 603 1083 632 si
1107 602 1146 632 sit
1176 600 1356 642 praevisum
1382 607 1383 646 ]

1382 675 1384 680 ,
1410 644 1512 681 ebriis,
1531 645 1584 675 sed
1601 645 1639 674 ab
1660 644 1728 675 aliis
1749 644 1948 684 captantibus
1967 652 2095 685 tempus
2117 644 2283 680 ebrietatis,
2301 649 2479 682 emergunt,

1409 600 1556 641 passione
1584 610 1684 641 quam
1706 601 1738 630 in
1763 601 1888 631 actione
1915 601 2107 635 consistunt,
2133 610 2214 641 quae
2244 610 2310 630 non
2343 609 2379 628 ex
2402 597 2479 637 ipsis

1409 689 1556 719 videntur
1587 689 1804 728 computanda
1835 689 1894 719 sub
1918 698 1984 718 non
2016 689 2179 728 praevisis,
2217 687 2371 729 quoniam
2403 686 2480 716 haec

1382 727 1384 770 ἶ
1409 733 1645 772 subterfugiunt
1677 732 1853 763 humanam
1887 732 2083 772 diligentiam
2117 732 2347 763 communiter:
2385 731 2480 772 quale

1383 788 1384 791 ¹
1410 777 1470 808 fuit
1498 778 1635 807 incestus
1659 777 1730 807 Lot.
1760 777 1832 807 Hoc
1863 776 1949 806 enirn
1973 776 2212 816 inexcogitabile
2235 775 2480 818 quodammodo

290 830 452 871 piloquio:
484 829 538 858 sed
568 827 662 857 etiam
686 825 711 855 si
735 825 774 855 sit
804 824 983 864 praevisum
1011 823 1043 853 in
1075 822 1255 858 communi,
1280 827 1357 861 puta

1411 828 1457 852 est
1487 822 1526 851 ad
1559 821 1755 852 cavendum:
1790 827 1820 850 et
1843 828 2011 860 propterea
2046 830 2112 851 non
2135 821 2260 852 videtur
2287 821 2398 852 cadere
2421 820 2480 850 sub

1383 870 1385 888 ’-
1409 866 1573 897 voluntate
1598 865 1770 900 ebrietatis,
1795 864 1855 894 nisi
1879 863 1960 895 sicut
1983 871 2114 895 eventus
2138 875 2193 895 seu
2218 865 2346 896 effectus
2372 865 2405 895 in
2425 874 2481 895 sua

1411 921 1506 941 causa
1525 909 1693 950 possibilis.

1466 955 1507 985 Et
1530 954 1685 995 quoniam
1708 953 1741 983 in
1765 953 1827 983 hoc
1851 952 1966 983 ultimo
1990 952 2089 983 dubio
2113 959 2264 983 tractatur
2286 953 2414 993 proprie
2443 952 2482 982 de

1411 999 1498 1035 ebrii,
1524 1006 1559 1029 ut
1583 998 1636 1034 sic,
1662 997 1811 1038 peccatis;
1843 997 1876 1027 in
1901 997 2160 1037 praecedentibus
2184 1007 2259 1028 vero
2294 998 2332 1027 de
2356 997 2410 1028 tali
2433 997 2482 1027 vel

1468 1177 1506 1207 V.
1533 1176 1591 1207 His
1615 1175 1803 1216 praelibatis,
1827 1175 2038 1214 respondetur
2061 1174 2177 1205 directe
2201 1174 2240 1204 ad
2264 1174 2406 1214 primum
2429 1174 2486 1204 du—

1414 1273 1524 1297 cantur
1546 1265 1599 1296 illa
1623 1265 1731 1295 solum
1754 1273 1836 1304 quae
1861 1270 2030 1294 causantur
2053 1273 2090 1294 ex
2114 1263 2262 1293 ebrietate
2291 1263 2485 1304 inquantum

1413 1310 1496 1341 tollit
1519 1309 1648 1340 rationis
1674 1318 1777 1339 usum.
1803 1308 1843 1338 Et
1866 1307 1958 1344 ideo,
1983 1307 2008 1338 si
2032 1308 2139 1349 aliqua
2162 1318 2199 1338 ex
2223 1314 2310 1348 parte
2345 1315 2487 1339 remanet

1387 1364 1388 1398 ᾗ
1413 1355 1544 1386 rationis
1568 1364 1645 1384 usus
1668 1353 1755 1389 liber,
1782 1363 1848 1382 non
1873 1359 1919 1383 est
1942 1362 2047 1383 sermo
2072 1353 2111 1382 de
2134 1352 2196 1382 illis
2221 1351 2366 1392 peccatis.

1468 1399 1618 1430 Similiter
1633 1398 1658 1428 si
1675 1404 1803 1438 peccata
1818 1396 1895 1428 fiant
1911 1407 1947 1427 ex
1964 1397 2111 1427 ebrietate
2128 1397 2170 1427 ob
2186 1396 2327 1427 affectata
2343 1403 2485 1436 peccata:

1414 1443 1599 1474 huiusmodi
1625 1443 1710 1473 enim
1727 1442 1858 1472 ebrietas
1875 1449 2021 1482 aggravat
2037 1441 2150 1482 procul
2167 1441 2277 1478 dubio,
2299 1441 2381 1472 sicut
2396 1440 2487 1480 igno·

1414 1488 1514 1519 rantia
1538 1487 1687 1518 affectata.
1713 1486 1774 1517 Sed
1791 1486 1867 1516 haec
1884 1496 1950 1516 non
1967 1493 2014 1516 est
2030 1496 2124 1516 causa
2147 1486 2237 1526 quod
2260 1492 2408 1526 peccetur
2432 1495 2488 1526 per

1414 1532 1642 1574 ignorantiam:
1675 1531 1777 1561 immo
1801 1530 1869 1571 ipsa
1892 1530 2070 1571 ignorantia
2098 1536 2144 1561 est
2167 1530 2418 1561 instrumentum
2447 1530 2487 1561 ad

1415 1577 1615 1617 peccandum
1638 1575 1777 1606 liberius.

1474 1622 1508 1651 ln
1533 1620 1668 1661 peccatis
1701 1626 1808 1650 autem
1837 1619 1875 1649 ad
1906 1629 1988 1660 quae
2013 1619 2145 1650 ebrietas
2174 1629 2206 1649 se
2232 1618 2327 1650 habet
2362 1625 2488 1650 tantum

1415 1665 1675 1700 concomitanter‚
1693 1663 1819 1703 regulae
1835 1663 2031 1703 ignorantiae
2049 1662 2292 1694 concomitantis
2318 1664 2488 1694 servandae

1415 1716 1503 1740 sunt:
1528 1709 1618 1750 quod
1641 1708 1758 1738 scilicet
1783 1717 1839 1738 nec
1864 1714 1991 1738 excusat
2014 1718 2071 1738 nec
2095 1714 2230 1738 accusat.
2256 1708 2296 1738 Et
2319 1714 2488 1748 propterea

1413 1754 1539 1784 videtur
1563 1753 1663 1784 redire
1680 1759 1846 1792 peccatum
1863 1752 1895 1782 in
1913 1759 2059 1783 naturam
2075 1762 2150 1783 suae
2167 1751 2293 1792 speciei.
2318 1770 2339 1775 -
2363 1755 2488 1783 Auctor

1415 1805 1522 1828 autern
1545 1797 1689 1837 loquitur
1713 1796 1751 1826 de
1775 1795 1910 1836 peccatis
1934 1806 1971 1827 ex
1995 1796 2142 1828 ebrietate
2174 1796 2309 1827 causatis
2331 1797 2375 1828 ita
2399 1797 2488 1838 quod

1415 1843 1453 1872 ab
1477 1841 1534 1871 illo
1558 1840 1665 1871 sobrio
1689 1850 1756 1870 non
1779 1839 1899 1870 fierent.
1929 1841 1970 1871 Et
1998 1841 2074 1871 dicit
2096 1841 2150 1871 illa
2174 1850 2211 1871 ex
2234 1847 2304 1872 toto
2336 1840 2487 1878 excusari,

1415 1886 1441 1916 si
1465 1885 1597 1915 ebrietas
1622 1891 1668 1914 est
1694 1883 1905 1924 inculpabilis.

1471 1929 1523 1959 VI.
1550 1929 1599 1958 Ad
1624 1927 1747 1958 obiecta
1771 1935 1879 1958 autem
1902 1928 2030 1958 Martini
2054 1928 2087 1958 in
2107 1929 2248 1959 secundo
2273 1929 2372 1960 dubio
2388 1929 2406 1948 *
2429 1939 2488 1970 pro

1414 1972 1637 2014 aggravatione
1661 1980 1866 2012 peccatorum
1890 1982 1927 2002 ex
1951 1972 2098 2003 ebrietate
2121 1972 2155 2002 in
2179 1972 2240 2003 illis
2257 1973 2386 2004 duobus
2409 1973 2488 2004 casi-

1388 2050 1389 2053 ,
1414 2019 1484 2053 bus,
1510 2017 1623 2047 dicitur
1647 2016 1824 2056 dupliciter.
1849 2016 1968 2047 Primo.
2001 2017 2036 2047 In
2062 2023 2175 2048 neutro
2199 2017 2330 2048 illorum
2355 2027 2490 2056 casuum

1388 2075 1390 2086 ι
1415 2062 1519 2092 ebrius
1544 2068 1625 2092 esset
1648 2071 1719 2091 reus
1736 2061 1881 2091 adulterii
1897 2068 1952 2091 aut
1971 2061 2123 2092 incestus:
2149 2060 2208 2092 nisi
2226 2061 2308 2092 forte
2323 2062 2356 2092 in
2373 2062 2490 2103 primo.

1414 2106 1490 2148 quia
1514 2106 1623 2136 debuit
1646 2105 1827 2145 praevidere
1853 2115 1972 2136 casum.

1471 2150 1594 2181 Dicitur
1613 2150 1764 2186 secundo,
1783 2157 1813 2180 et
1828 2149 1953 2186 melius,
1971 2150 2060 2191 quod
2085 2150 2170 2181 aliud
2188 2156 2235 2180 est
2251 2150 2363 2187 dicere,
2380 2150 2491 2182 Ebrie-

1415 2202 1460 2226 tas
1489 2195 1563 2226 facit
1590 2194 1748 2225 incurrere
1779 2202 1946 2234 peccatum
1975 2194 2127 2234 gravioris
2158 2194 2298 2226 ordinis:
2330 2203 2362 2226 et
2391 2194 2490 2234 aliud,

1415 2239 1504 2281 quod
1524 2239 1656 2270 ebrietas
1674 2245 1819 2279 aggravet
1835 2245 2012 2279 peccatum.
2037 2239 2182 2270 Primum
2200 2239 2286 2269 enim
2301 2239 2398 2280 gratis
2414 2249 2492 2271 con-

1416 2284 1556 2315 ceditur:
1589 2283 1743 2324 quoniam
1768 2283 1872 2313 ebrius
1901 2283 2032 2314 incurrit
2060 2290 2090 2314 et
2118 2284 2317 2324 quandoque
2345 2284 2489 2325 blasphe-

1416 2328 1524 2364 miam,
1541 2335 1572 2359 et
1591 2328 1786 2369 quandoque
1810 2327 2031 2364 homicidium,
2053 2334 2110 2358 etc.
2135 2345 2153 2350 -
2178 2327 2363 2359 Secundum
2382 2335 2491 2360 autem

1416 2380 1557 2413 negatur.
1592 2372 1758 2410 Quoniam
1786 2372 1866 2402 illud
1891 2378 2077 2412 peccatum,
2103 2372 2335 2414 cuiuscumque
2369 2373 2490 2404 ordinis

1416 2418 1471 2454 sit,
1497 2417 1587 2458 quod
1611 2417 1715 2448 ebrius
1740 2427 1777 2447 ex
1800 2417 1948 2447 ebrietate
1975 2416 2147 2448 committit
2174 2416 2216 2447 ita
2245 2417 2334 2458 quod
2365 2417 2491 2448 sobrius

1416 2472 1483 2493 non
1498 2461 1720 2498 committeret,
1738 2461 1845 2492 minus
1865 2468 1921 2497 est,
1935 2468 1966 2492 et
1980 2471 2017 2491 ex
2039 2461 2108 2501 ipsa
2124 2461 2281 2492 ebrietatis
2305 2461 2490 2493 conditione

1415 2506 1589 2537 alleviatur.
1617 2506 1684 2536 Nec
1708 2505 1804 2536 huius
1828 2506 2017 2546 oppositum
2041 2515 2131 2536 casus
2155 2505 2240 2536 allati
2263 2506 2410 2546 probant,
2435 2507 2491 2537 sed

1417 2551 1576 2592 primum:
1611 2550 1700 2591 quod
1731 2550 1848 2581 scilicet
1880 2549 1933 2580 ille
1965 2550 2160 2581 adulteratur
2192 2550 2247 2591 qui
2279 2560 2343 2581 non
2368 2550 2490 2582 adulte-

1418 2602 1548 2626 raretur.

1472 2639 1541 2671 V11.
1567 2639 1617 2669 Ad
1637 2639 1793 2670 rationem
1817 2648 1876 2679 pro
1901 2638 2056 2679 opinione
2073 2639 2208 2670 omnino
2232 2646 2400 2670 excusante
2416 2649 2490 2680 pec-

1418 2691 1487 2715 cata
1523 2683 1633 2714 omnia
1663 2683 1826 2714 ebriorum
1859 2683 1935 2724 quia
1966 2683 2083 2714 mentis
2112 2683 2227 2724 inopes
2257 2690 2422 2724 nequeunt
2451 2684 2490 2715 de

1418 2739 1504 2759 novo
1529 2737 1658 2769 peccare
1672 2727 1699 2763 *,
1725 2727 1935 2768 respondetur
1950 2728 2040 2770 quod
2057 2727 2172 2760 mentis
2195 2727 2309 2768 inopes
2333 2737 2398 2759 non
2413 2738 2490 2769 pos-

1418 2780 1493 2804 sunt
1517 2772 1654 2804 totaliter
1678 2772 1716 2802 de
1740 2782 1826 2814 novo
1850 2781 1996 2813 peccare:
2023 2772 2077 2803 sed
2101 2772 2181 2803 bene
2204 2779 2349 2812 possunt,
2375 2782 2412 2803 ex
2434 2783 2490 2804 an-

1419 2817 1508 2858 tiqua
1538 2817 1718 2853 voluntate,
1745 2816 1783 2847 de
1814 2826 1901 2847 novo
1930 2827 2060 2857 peccare
2089 2816 2234 2848 exeundo
2262 2816 2294 2847 in
2325 2824 2491 2857 peccatum

1420 2862 1565 2893 exterius.
1597 2861 1720 2892 Dicitur
1749 2861 1834 2892 enim
1858 2861 1891 2892 in
1914 2861 2016 2892 littera
2043 2861 2131 2902 quod
2160 2870 2296 2902 sequens
2320 2866 2490 2901 peccatum

1420 2906 1567 2938 redditur
1590 2906 1808 2937 voluntarium
1833 2915 1876 2936 ex
1898 2905 2062 2936 voluntate
2078 2905 2303 2946 praecedentis
2326 2911 2429 2937 actus.

1477 2951 1527 2981 Ad
1556 2949 1850 2987 confirmationem,
1875 2950 1913 2980 de
1944 2950 2124 2981 amentibus
2151 2956 2182 2980 et
2211 2949 2354 2987 furiosis,
2380 2949 2493 2981 dicitur

1419 2995 1507 3036 quod
1532 2994 1624 3036 quia,
1650 2994 1795 3025 absolute
1819 2994 2000 3035 loquendo,
2024 2994 2084 3025 ista
2107 3000 2182 3025 sunt
2204 2993 2237 3025 in
2260 3003 2374 3034 genere
2400 2994 2491 3026 invo-

1419 3039 1644 3076 luntariorum,
1668 3049 1723 3070 seu
1748 3048 1927 3079 poenarum
1950 3045 1980 3070 et
2003 3037 2248 3079 aegritudinum,
2271 3038 2344 3068 ideo
2369 3039 2491 3080 simpli—

1421 3084 1496 3115 citer
1520 3091 1669 3115 excusant
1692 3093 1710 3113 a
1734 3090 1813 3114 toto.
1844 3100 1866 3106 —
1896 3084 1947 3113 An
1973 3090 2097 3119 autem,
2123 3082 2149 3112 si
2178 3082 2355 3114 acciderent
2382 3083 2492 3115 huius-

1420 3128 1510 3159 modi
1534 3127 1675 3160 defectus
1698 3126 1891 3163 voluntarie,
1917 3133 2045 3168 peccata
2075 3127 2240 3168 sequentia
2269 3134 2492 3160 excusarentur

1420 3183 1438 3203 a
1462 3179 1549 3204 toto:
1574 3189 1596 3196 -
1619 3171 1692 3203 licet
1715 3171 1836 3202 diversa
1859 3171 1940 3203 forte
1963 3171 2003 3202 sit
2027 3170 2153 3211 opinio,
2178 3171 2258 3203 ratio
2282 3178 2389 3202 tamen
2414 3182 2491 3204 con-

1420 3217 1546 3248 vincere
1568 3216 1694 3248 videtur
1715 3216 1805 3257 quod
1828 3215 1914 3247 idem
1936 3215 1977 3246 sit
1999 3215 2038 3246 de
2061 3215 2175 3266 talium!
2197 3222 2228 3246 et
2251 3215 2412 3248 ebriorum
2435 3227 2491 3248 vo-

1420 3260 1556 3292 luntarie
1580 3260 1732 3301 peccatis;
1764 3260 1827 3291 hoc
1850 3259 1972 3291 adiecto
1996 3259 2233 3297 moderamine,
2259 3261 2349 3301 quod
2380 3260 2491 3292 furiosi

1421 3312 1451 3336 et
1474 3312 1615 3336 amentes
1648 3311 1784 3345 possunt
1812 3303 1879 3335 fieri
1906 3303 2084 3334 voluntarie
2107 3303 2269 3335 venialiter
2294 3305 2345 3335 vel
2373 3312 2491 3337 morta-

1420 3349 1506 3386 liter,
1532 3356 1562 3380 et
1585 3349 1610 3380 si
1629 3348 1791 3380 venialiter
1821 3355 1947 3380 tantum
1969 3347 2098 3385 fierent,
2123 3348 2244 3390 reliqua
2264 3349 2492 3391 consequentia

1422 3404 1488 3424 non
1504 3393 1687 3424 excederent
1703 3392 1887 3433 gravitatem
1902 3391 2077 3429 venialem;
2103 3393 2234 3424 ebrietas
2259 3399 2367 3425 autem
2382 3394 2491 3435 culpa-

1421 3437 1502 3474 bilis,
1520 3437 1648 3478 proprie
1668 3436 1759 3473 dicta,
1780 3446 1846 3467 non
1863 3436 1923 3467 nisi
1940 3436 2114 3468 mortaliter
2129 3438 2291 3478 peccando
2309 3437 2490 3475 incurritur,

1421 3488 1458 3513 ut
1481 3487 1566 3522 patet
1595 3481 1628 3511 in
1651 3487 1706 3512 art.
1734 3490 1762 3512 2.
1788 3497 1809 3504 -
1831 3480 1962 3512 Accedit
1991 3481 2030 3512 ad
2059 3481 2136 3512 haec
2170 3482 2366 3519 Aristotelis,
2390 3482 2423 3513 in
2449 3482 2491 3513 111

1419 3526 1523 3557 Ethic.
1541 3525 1567 3562 *‚
1596 3524 1781 3562 auctoritas,
1807 3525 1864 3566 qui
1892 3535 1928 3556 ex
1956 3525 2067 3556 eadem
2093 3536 2187 3557 causa
2213 3526 2376 3558 ebriorum
2399 3526 2491 3567 igno-

1421 3569 1557 3600 rantiam
1583 3576 1679 3610 atque
1698 3576 1834 3609 peccata,
1859 3576 1890 3601 et
1913 3570 2014 3600 malos
2038 3570 2174 3608 habitus,
2192 3577 2223 3602 et
2247 3571 2397 3602 orbitates
2423 3580 2491 3602 cor-

1421 3614 1544 3655 porales
1561 3613 1765 3650 voluntarias,
1782 3620 1812 3644 et
1831 3613 2043 3654 ignorantiam
2060 3615 2168 3655 legum
2193 3615 2235 3646 ob
2253 3613 2489 3655 negligentiam,

1421 3657 1636 3699 reprehendit:
1670 3657 1745 3699 quia
1777 3657 1893 3688 scilicet
1925 3658 1957 3688 in
1986 3666 2142 3699 potestate
2173 3666 2279 3690 nostra
2311 3665 2358 3690 est
2382 3666 2416 3690 ut
2440 3657 2492 3688 fia-

2511 1090 2521 1100 ·
2532 1089 2579 1117 Qu.
2594 1095 2673 1116 mvi,
2683 1091 2725 1110 nrt.

2515 1224 2522 1231 '
2537 1221 2608 1244 Num.
2629 1228 2644 1243 ι.

2518 1933 2527 1942 “
2541 1931 2611 1953 Num.
2625 1936 2649 1952 u.

2519 2735 2603 2784 mia,
2608 2734 2642 2758 a
2648 2741 2730 2764 quam-

2518 3533 2731 3587 Iss¹⁹ffl¹¹53a⁸⁴³2ffi

2518 3594 2551 3610 ¹11
2555 3605 2559 3610 .
