<?xml version="1.0" encoding="UTF-8"?>
<!DOCTYPE html PUBLIC "-//W3C//DTD XHTML 1.0 Transitional//EN"
    "http://www.w3.org/TR/xhtml1/DTD/xhtml1-transitional.dtd">
<html xmlns="http://www.w3.org/1999/xhtml" xml:lang="en" lang="en">
 <head>
  <title>
</title>
<meta http-equiv="Content-Type" content="text/html;charset=utf-8" />
  <meta name='ocr-system' content='tesseract 3.04.00' />
  <meta name='ocr-capabilities' content='ocr_page ocr_carea ocr_par ocr_line ocrx_word'/>
</head>
<body>
  <div class='ocr_page' id='page_1' title='image "./operaomniaiussui10thom/operaomniaiussui10thom_0249.png"; bbox 0 0 2768 4198; ppageno 0'>
   <div class='ocr_carea' id='block_1_1' title="bbox 0 2143 258 2247">
    <p class='ocr_par' dir='ltr' id='par_1_1' title="bbox 0 2143 258 2247">
     <span class='ocr_line' id='line_1_1' title="bbox 0 2143 258 2184; baseline -0.008 -5"><span class='ocrx_word' id='word_1_1' title='bbox 0 2143 8 2184; x_wconf 55' lang='lat' dir='ltr'>{s</span> <span class='ocrx_word' id='word_1_2' title='bbox 48 2150 258 2180; x_wconf 53' lang='lat' dir='ltr'>menalca-sun.</span> 
     </span>
     <span class='ocr_line' id='line_1_2' title="bbox 0 2182 258 2211; baseline 0.016 -6"><span class='ocrx_word' id='word_1_3' title='bbox 0 2185 3 2201; x_wconf 69' lang='grc' dir='ltr'>ἶ</span> <span class='ocrx_word' id='word_1_4' title='bbox 50 2184 132 2206; x_wconf 58' lang='lat' dir='ltr'><em>Theol.</em></span> <span class='ocrx_word' id='word_1_5' title='bbox 150 2186 207 2211; x_wconf 68' lang='lat' dir='ltr'>pm·</span> <span class='ocrx_word' id='word_1_6' title='bbox 224 2182 258 2209; x_wconf 64' lang='lat' dir='ltr'>nv</span> 
     </span>
     <span class='ocr_line' id='line_1_3' title="bbox 0 2209 258 2247; baseline -0.008 -14"><span class='ocrx_word' id='word_1_7' title='bbox 0 2213 4 2247; x_wconf 43' lang='grc' dir='ltr'><strong>ἰ</strong></span> <span class='ocrx_word' id='word_1_8' title='bbox 47 2209 258 2239; x_wconf 76' lang='lat' dir='ltr'>qu.cxuv‚memb.</span> 
     </span>
    </p>
   </div>
   <div class='ocr_carea' id='block_1_2' title="bbox 0 2316 7 2352">
    <p class='ocr_par' dir='ltr' id='par_1_2' title="bbox 0 2316 7 2352">
     <span class='ocr_line' id='line_1_4' title="bbox 0 2316 7 2335; baseline 0 -4"><span class='ocrx_word' id='word_1_9' title='bbox 0 2316 7 2335; x_wconf 69' lang='grc' dir='ltr'>,ι</span> 
     </span>
     <span class='ocr_line' id='line_1_5' title="bbox 1 2338 5 2352; baseline 0 0"><span class='ocrx_word' id='word_1_10' title='bbox 1 2338 5 2352; x_wconf 89' lang='grc' dir='ltr'>Ι</span> 
     </span>
    </p>
   </div>
   <div class='ocr_carea' id='block_1_3' title="bbox 0 2360 7 2422">
    <p class='ocr_par' dir='ltr' id='par_1_3' title="bbox 0 2360 7 2422">
     <span class='ocr_line' id='line_1_6' title="bbox 0 2360 7 2396; baseline 0 0"><span class='ocrx_word' id='word_1_11' title='bbox 0 2360 7 2396; x_wconf 68' lang='grc' dir='ltr'>ἰ’</span> 
     </span>
     <span class='ocr_line' id='line_1_7' title="bbox 0 2406 3 2422; baseline 0 0"><span class='ocrx_word' id='word_1_12' title='bbox 0 2406 3 2422; x_wconf 68' lang='grc' dir='ltr'>ι</span> 
     </span>
    </p>
   </div>
   <div class='ocr_carea' id='block_1_4' title="bbox 44 1878 168 1915">
    <p class='ocr_par' dir='ltr' id='par_1_4' title="bbox 44 1878 168 1915">
     <span class='ocr_line' id='line_1_8' title="bbox 44 1878 168 1915; baseline 0 -1"><span class='ocrx_word' id='word_1_13' title='bbox 44 1892 56 1904; x_wconf 89' lang='grc'><em>·</em></span> <span class='ocrx_word' id='word_1_14' title='bbox 67 1878 138 1915; x_wconf 50' lang='grc' dir='ltr'>νὴ..</span> <span class='ocrx_word' id='word_1_15' title='bbox 152 1879 168 1914; x_wconf 73' lang='grc' dir='ltr'>ἰ.</span> 
     </span>
    </p>
   </div>
   <div class='ocr_carea' id='block_1_5' title="bbox 993 275 1804 323">
    <p class='ocr_par' dir='ltr' id='par_1_5' title="bbox 993 275 1804 323">
     <span class='ocr_line' id='line_1_9' title="bbox 993 275 1804 323; baseline -0.001 -10"><span class='ocrx_word' id='word_1_16' title='bbox 993 276 1262 322; x_wconf 90' lang='lat' dir='ltr'>QUAESTIO</span> <span class='ocrx_word' id='word_1_17' title='bbox 1295 276 1432 323; x_wconf 89' lang='lat' dir='ltr'>CLIII,</span> <span class='ocrx_word' id='word_1_18' title='bbox 1462 275 1761 312; x_wconf 90' lang='lat' dir='ltr'>ARTICULUS</span> <span class='ocrx_word' id='word_1_19' title='bbox 1793 276 1804 311; x_wconf 98' lang='lat' dir='ltr'>l</span> 
     </span>
    </p>
   </div>
   <div class='ocr_carea' id='block_1_6' title="bbox 2423 282 2497 319">
    <p class='ocr_par' dir='ltr' id='par_1_6' title="bbox 2423 282 2497 319">
     <span class='ocr_line' id='line_1_10' title="bbox 2423 282 2497 319; baseline 0 -12"><span class='ocrx_word' id='word_1_20' title='bbox 2423 282 2497 319; x_wconf 88' lang='lat'>207</span> 
     </span>
    </p>
   </div>
   <div class='ocr_carea' id='block_1_7' title="bbox 421 492 2365 572">
    <p class='ocr_par' dir='ltr' id='par_1_7' title="bbox 421 492 2365 572">
     <span class='ocr_line' id='line_1_11' title="bbox 421 492 2365 572; baseline -0.001 -22"><span class='ocrx_word' id='word_1_21' title='bbox 421 494 835 572; x_wconf 78' lang='lat' dir='ltr'>QUAEsTlo</span> <span class='ocrx_word' id='word_1_22' title='bbox 881 492 2365 571; x_wconf 79' lang='lat' dir='ltr'><strong>CENTESIMAQUINQUAGESIMATERTIA</strong></span> 
     </span>
    </p>
   </div>
   <div class='ocr_carea' id='block_1_8' title="bbox 1021 614 1345 655">
    <p class='ocr_par' dir='ltr' id='par_1_8' title="bbox 1021 614 1345 655">
     <span class='ocr_line' id='line_1_12' title="bbox 1021 614 1345 655; baseline 0 -1"><span class='ocrx_word' id='word_1_23' title='bbox 1021 614 1111 654; x_wconf 83' lang='lat' dir='ltr'>DE</span> <span class='ocrx_word' id='word_1_24' title='bbox 1153 615 1345 655; x_wconf 92' lang='lat' dir='ltr'>VITIO</span> 
     </span>
    </p>
   </div>
   <div class='ocr_carea' id='block_1_9' title="bbox 1399 615 1762 656">
    <p class='ocr_par' dir='ltr' id='par_1_9' title="bbox 1399 615 1762 656">
     <span class='ocr_line' id='line_1_13' title="bbox 1399 615 1762 656; baseline 0 -2"><span class='ocrx_word' id='word_1_25' title='bbox 1399 615 1762 656; x_wconf 86' lang='lat' dir='ltr'>LUXURIAE</span> 
     </span>
    </p>
   </div>
   <div class='ocr_carea' id='block_1_10' title="bbox 1090 730 1697 762">
    <p class='ocr_par' dir='ltr' id='par_1_10' title="bbox 1090 730 1697 762">
     <span class='ocr_line' id='line_1_14' title="bbox 1090 730 1697 762; baseline -0.002 -6"><span class='ocrx_word' id='word_1_26' title='bbox 1090 732 1124 756; x_wconf 90' lang='lat' dir='ltr'>IN</span> <span class='ocrx_word' id='word_1_27' title='bbox 1155 731 1316 762; x_wconf 90' lang='lat' dir='ltr'>QUINQUE</span> <span class='ocrx_word' id='word_1_28' title='bbox 1345 731 1550 756; x_wconf 83' lang='lat' dir='ltr'>ARTICULOS</span> <span class='ocrx_word' id='word_1_29' title='bbox 1578 730 1697 756; x_wconf 86' lang='lat' dir='ltr'>DlVISA</span> 
     </span>
    </p>
   </div>
   <div class='ocr_carea' id='block_1_11' title="bbox 292 826 1365 921">
    <p class='ocr_par' dir='ltr' id='par_1_11' title="bbox 292 826 1365 921">
     <span class='ocr_line' id='line_1_15' title="bbox 292 826 1365 921; baseline -0.001 -57"><span class='ocrx_word' id='word_1_30' title='bbox 292 838 482 921; x_wconf 64' lang='lat' dir='ltr'>Damni:</span> <span class='ocrx_word' id='word_1_31' title='bbox 512 826 835 863; x_wconf 88' lang='lat' dir='ltr'>considerandum</span> <span class='ocrx_word' id='word_1_32' title='bbox 875 834 931 863; x_wconf 92' lang='lat' dir='ltr'>est</span> <span class='ocrx_word' id='word_1_33' title='bbox 968 826 1015 863; x_wconf 88' lang='lat' dir='ltr'>de</span> <span class='ocrx_word' id='word_1_34' title='bbox 1052 826 1146 863; x_wconf 90' lang='lat' dir='ltr'>vitio</span> <span class='ocrx_word' id='word_1_35' title='bbox 1183 827 1365 873; x_wconf 82' lang='lat' dir='ltr'><strong>luxuriae,</strong></span> 
     </span>
    </p>
   </div>
   <div class='ocr_carea' id='block_1_12' title="bbox 1393 825 2494 940">
    <p class='ocr_par' dir='ltr' id='par_1_12' title="bbox 1393 825 2494 940">
     <span class='ocr_line' id='line_1_16' title="bbox 1393 825 2494 914; baseline -0.001 -51"><span class='ocrx_word' id='word_1_36' title='bbox 1393 828 1395 914; x_wconf 45' lang='grc' dir='ltr'><strong>ῐ</strong></span> <span class='ocrx_word' id='word_1_37' title='bbox 1477 828 1676 863; x_wconf 88' lang='lat' dir='ltr'>Secundo:</span> <span class='ocrx_word' id='word_1_38' title='bbox 1707 835 1833 863; x_wconf 90' lang='lat' dir='ltr'>utrum</span> <span class='ocrx_word' id='word_1_39' title='bbox 1864 826 1988 862; x_wconf 91' lang='lat' dir='ltr'>omnis</span> <span class='ocrx_word' id='word_1_40' title='bbox 2013 825 2238 863; x_wconf 87' lang='lat' dir='ltr'>concubitus</span> <span class='ocrx_word' id='word_1_41' title='bbox 2259 825 2306 862; x_wconf 91' lang='lat' dir='ltr'>sit</span> <span class='ocrx_word' id='word_1_42' title='bbox 2334 825 2494 862; x_wconf 91' lang='lat' dir='ltr'>illicitus.</span> 
     </span>
     <span class='ocr_line' id='line_1_17' title="bbox 1394 919 1395 940; baseline 0 0"><span class='ocrx_word' id='word_1_43' title='bbox 1394 919 1395 940; x_wconf 67' lang='lat' dir='ltr'>l</span> 
     </span>
    </p>
   </div>
   <div class='ocr_carea' id='block_1_13' title="bbox 1392 1000 2024 1085">
    <p class='ocr_par' dir='ltr' id='par_1_13' title="bbox 1392 1000 2024 1085">
     <span class='ocr_line' id='line_1_18' title="bbox 1392 1000 2024 1085; baseline -0.005 -8"><span class='ocrx_word' id='word_1_44' title='bbox 1392 1000 1396 1077; x_wconf 62' lang='lat' dir='ltr'>i</span> <span class='ocrx_word' id='word_1_45' title='bbox 1478 1039 1643 1085; x_wconf 91' lang='lat' dir='ltr'>Quinto:</span> <span class='ocrx_word' id='word_1_46' title='bbox 1675 1038 1722 1075; x_wconf 93' lang='lat' dir='ltr'>de</span> <span class='ocrx_word' id='word_1_47' title='bbox 1751 1038 1903 1074; x_wconf 87' lang='lat' dir='ltr'>filiabus</span> <span class='ocrx_word' id='word_1_48' title='bbox 1933 1038 2024 1075; x_wconf 90' lang='lat' dir='ltr'>eius.</span> 
     </span>
    </p>
   </div>
   <div class='ocr_carea' id='block_1_14' title="bbox 1475 899 2493 1019">
    <p class='ocr_par' dir='ltr' id='par_1_14' title="bbox 1475 899 2493 1019">
     <span class='ocr_line' id='line_1_19' title="bbox 1475 899 2493 948; baseline -0.001 -12"><span class='ocrx_word' id='word_1_49' title='bbox 1475 900 1628 937; x_wconf 89' lang='lat' dir='ltr'>Tertio:</span> <span class='ocrx_word' id='word_1_50' title='bbox 1667 907 1795 936; x_wconf 90' lang='lat' dir='ltr'>utrum</span> <span class='ocrx_word' id='word_1_51' title='bbox 1830 899 1974 936; x_wconf 88' lang='lat' dir='ltr'>luxuria</span> <span class='ocrx_word' id='word_1_52' title='bbox 2003 899 2049 936; x_wconf 90' lang='lat' dir='ltr'>sit</span> <span class='ocrx_word' id='word_1_53' title='bbox 2084 907 2285 948; x_wconf 91' lang='lat' dir='ltr'>peccatum</span> <span class='ocrx_word' id='word_1_54' title='bbox 2320 900 2493 936; x_wconf 82' lang='lat' dir='ltr'>mortale.</span> 
     </span>
     <span class='ocr_line' id='line_1_20' title="bbox 1477 970 2417 1019; baseline -0.001 -12"><span class='ocrx_word' id='word_1_55' title='bbox 1477 971 1644 1018; x_wconf 91' lang='lat' dir='ltr'>Quarto:</span> <span class='ocrx_word' id='word_1_56' title='bbox 1674 978 1803 1007; x_wconf 89' lang='lat' dir='ltr'>utrum</span> <span class='ocrx_word' id='word_1_57' title='bbox 1833 970 1978 1006; x_wconf 87' lang='lat' dir='ltr'>luxuria</span> <span class='ocrx_word' id='word_1_58' title='bbox 2008 970 2053 1007; x_wconf 92' lang='lat' dir='ltr'>sit</span> <span class='ocrx_word' id='word_1_59' title='bbox 2079 970 2215 1007; x_wconf 88' lang='lat' dir='ltr'>vitium</span> <span class='ocrx_word' id='word_1_60' title='bbox 2247 970 2417 1019; x_wconf 89' lang='lat' dir='ltr'>capitale.</span> 
     </span>
    </p>
   </div>
   <div class='ocr_carea' id='block_1_15' title="bbox 1109 1147 1672 1190">
    <p class='ocr_par' dir='ltr' id='par_1_15' title="bbox 1109 1147 1672 1190">
     <span class='ocr_line' id='line_1_21' title="bbox 1109 1147 1672 1190; baseline -0.002 -1"><span class='ocrx_word' id='word_1_61' title='bbox 1109 1148 1431 1190; x_wconf 84' lang='lat' dir='ltr'>ARTICULUS</span> <span class='ocrx_word' id='word_1_62' title='bbox 1464 1147 1672 1189; x_wconf 82' lang='lat' dir='ltr'>PRIMUS</span> 
     </span>
    </p>
   </div>
   <div class='ocr_carea' id='block_1_16' title="bbox 366 1241 2417 1276">
    <p class='ocr_par' dir='ltr' id='par_1_16' title="bbox 366 1241 2417 1276">
     <span class='ocr_line' id='line_1_22' title="bbox 366 1241 2417 1276; baseline -0.001 -1"><span class='ocrx_word' id='word_1_63' title='bbox 366 1245 522 1276; x_wconf 85' lang='lat' dir='ltr'><strong>UTRUM</strong></span> <span class='ocrx_word' id='word_1_64' title='bbox 545 1244 743 1275; x_wconf 89' lang='lat' dir='ltr'>MATERIA</span> <span class='ocrx_word' id='word_1_65' title='bbox 767 1243 989 1274; x_wconf 88' lang='lat' dir='ltr'>LUXURIAE</span> <span class='ocrx_word' id='word_1_66' title='bbox 1014 1242 1080 1273; x_wconf 83' lang='lat' dir='ltr'>SIT</span> <span class='ocrx_word' id='word_1_67' title='bbox 1104 1242 1253 1273; x_wconf 90' lang='lat' dir='ltr'>SOLUM</span> <span class='ocrx_word' id='word_1_68' title='bbox 1283 1241 1691 1273; x_wconf 86' lang='lat' dir='ltr'>CONCUPISCENTIAE</span> <span class='ocrx_word' id='word_1_69' title='bbox 1716 1242 1773 1272; x_wconf 92' lang='lat' dir='ltr'>ET</span> <span class='ocrx_word' id='word_1_70' title='bbox 1798 1241 2162 1273; x_wconf 89' lang='lat' dir='ltr'>DELECTATIONES</span> <span class='ocrx_word' id='word_1_71' title='bbox 2186 1243 2417 1273; x_wconf 84' lang='lat' dir='ltr'>VENEREAE</span> 
     </span>
    </p>
   </div>
   <div class='ocr_carea' id='block_1_17' title="bbox 1184 1321 1600 1354">
    <p class='ocr_par' dir='ltr' id='par_1_17' title="bbox 1184 1321 1600 1354">
     <span class='ocr_line' id='line_1_23' title="bbox 1184 1321 1600 1354; baseline 0 -8"><span class='ocrx_word' id='word_1_72' title='bbox 1184 1322 1192 1346; x_wconf 90' lang='lat' dir='ltr'>l</span> <span class='ocrx_word' id='word_1_73' title='bbox 1211 1321 1248 1346; x_wconf 80' lang='lat' dir='ltr'>ad</span> <span class='ocrx_word' id='word_1_74' title='bbox 1271 1321 1352 1351; x_wconf 66' lang='lat' dir='ltr'>Hm..</span> <span class='ocrx_word' id='word_1_75' title='bbox 1373 1329 1430 1354; x_wconf 84' lang='lat' dir='ltr'>cap.</span> <span class='ocrx_word' id='word_1_76' title='bbox 1449 1329 1474 1351; x_wconf 86' lang='lat' dir='ltr'>v,</span> <span class='ocrx_word' id='word_1_77' title='bbox 1494 1322 1552 1346; x_wconf 90' lang='lat' dir='ltr'>lect.</span> <span class='ocrx_word' id='word_1_78' title='bbox 1572 1328 1600 1346; x_wconf 87' lang='lat' dir='ltr'>u.</span> 
     </span>
    </p>
   </div>
   <div class='ocr_carea' id='block_1_18' title="bbox 286 1423 498 1612">
    <p class='ocr_par' dir='ltr' id='par_1_18' title="bbox 286 1423 498 1612">
     <span class='ocr_line' id='line_1_24' title="bbox 286 1423 498 1612; baseline 0 -64"><span class='ocrx_word' id='word_1_79' title='bbox 286 1423 498 1612; x_wconf 95' lang='lat' dir='ltr'>   </span> 
     </span>
    </p>
   </div>
   <div class='ocr_carea' id='block_1_19' title="bbox 48 870 1390 1612">
    <p class='ocr_par' dir='ltr' id='par_1_19' title="bbox 48 870 1390 1612">
     <span class='ocr_line' id='line_1_25' title="bbox 48 870 1368 938; baseline -0.001 -21"><span class='ocrx_word' id='word_1_80' title='bbox 48 888 128 938; x_wconf 47' lang='lat' dir='ltr'>1⁰¹ng</span> <span class='ocrx_word' id='word_1_81' title='bbox 147 870 187 917; x_wconf 70' lang='lat' dir='ltr'>‹iu-</span> <span class='ocrx_word' id='word_1_82' title='bbox 213 894 250 910; x_wconf 71' lang='grc' dir='ltr'>αι</span> <span class='ocrx_word' id='word_1_83' title='bbox 375 880 480 930; x_wconf 92' lang='lat' dir='ltr'>quod</span> <span class='ocrx_word' id='word_1_84' title='bbox 509 880 717 929; x_wconf 91' lang='lat' dir='ltr'>opponitur</span> <span class='ocrx_word' id='word_1_85' title='bbox 737 879 894 916; x_wconf 87' lang='lat' dir='ltr'>castitati</span> <span class='ocrx_word' id='word_1_86' title='bbox 913 879 944 917; x_wconf 63' lang='lat'>²⁸.</span> <span class='ocrx_word' id='word_1_87' title='bbox 971 881 1020 916; x_wconf 87' lang='lat' dir='ltr'>Et</span> <span class='ocrx_word' id='word_1_88' title='bbox 1046 880 1186 929; x_wconf 90' lang='lat' dir='ltr'>primo,</span> <span class='ocrx_word' id='word_1_89' title='bbox 1209 880 1256 917; x_wconf 94' lang='lat' dir='ltr'>de</span> <span class='ocrx_word' id='word_1_90' title='bbox 1285 880 1368 929; x_wconf 90' lang='lat' dir='ltr'>ipsa</span> 
     </span>
     <span class='ocr_line' id='line_1_26' title="bbox 48 922 1216 982; baseline -0.001 -11"><span class='ocrx_word' id='word_1_91' title='bbox 48 922 196 970; x_wconf 73' lang='lat' dir='ltr'>·Q‘·&#39;2.&#39;mv.</span> <span class='ocrx_word' id='word_1_92' title='bbox 290 934 328 971; x_wconf 89' lang='lat' dir='ltr'>in</span> <span class='ocrx_word' id='word_1_93' title='bbox 357 933 542 982; x_wconf 85' lang='lat' dir='ltr'>generali;</span> <span class='ocrx_word' id='word_1_94' title='bbox 573 935 756 980; x_wconf 85' lang='lat' dir='ltr'>secund0,</span> <span class='ocrx_word' id='word_1_95' title='bbox 779 933 826 970; x_wconf 92' lang='lat' dir='ltr'>de</span> <span class='ocrx_word' id='word_1_96' title='bbox 856 933 1057 982; x_wconf 88' lang='lat' dir='ltr'>speciebus</span> <span class='ocrx_word' id='word_1_97' title='bbox 1087 933 1168 970; x_wconf 89' lang='lat' dir='ltr'>eius</span> <span class='ocrx_word' id='word_1_98' title='bbox 1186 933 1216 970; x_wconf 61' lang='lat'>²⁸.</span> 
     </span>
     <span class='ocr_line' id='line_1_27' title="bbox 291 987 1074 1036; baseline -0.003 -11"><span class='ocrx_word' id='word_1_99' title='bbox 291 987 402 1025; x_wconf 92' lang='lat' dir='ltr'>Circa</span> <span class='ocrx_word' id='word_1_100' title='bbox 430 987 598 1036; x_wconf 90' lang='lat' dir='ltr'>primum</span> <span class='ocrx_word' id='word_1_101' title='bbox 614 995 864 1036; x_wconf 65' lang='lat' dir='ltr'>quaeruntur</span> <span class='ocrx_word' id='word_1_102' title='bbox 892 987 1074 1036; x_wconf 89' lang='lat' dir='ltr'>quinque.</span> 
     </span>
     <span class='ocr_line' id='line_1_28' title="bbox 344 1040 1096 1090; baseline -0.003 -12"><span class='ocrx_word' id='word_1_103' title='bbox 344 1041 498 1078; x_wconf 89' lang='lat' dir='ltr'>Primo:</span> <span class='ocrx_word' id='word_1_104' title='bbox 530 1040 622 1090; x_wconf 93' lang='lat' dir='ltr'>quid</span> <span class='ocrx_word' id='word_1_105' title='bbox 652 1041 696 1077; x_wconf 87' lang='lat' dir='ltr'>sit</span> <span class='ocrx_word' id='word_1_106' title='bbox 725 1040 885 1077; x_wconf 88' lang='lat' dir='ltr'>materia</span> <span class='ocrx_word' id='word_1_107' title='bbox 913 1040 1096 1077; x_wconf 85' lang='lat' dir='ltr'>luxuriae.</span> 
     </span>
     <span class='ocr_line' id='line_1_29' title="bbox 403 1401 1390 1464; baseline -0.003 -23.209"><span class='ocrx_word' id='word_1_108' title='bbox 403 1423 475 1464; x_wconf 45' lang='lat' dir='ltr'>to«</span> <span class='ocrx_word' id='word_1_109' title='bbox 501 1416 523 1442; x_wconf 86' lang='lat' dir='ltr'>D</span> <span class='ocrx_word' id='word_1_110' title='bbox 553 1415 690 1441; x_wconf 79' lang='lat' dir='ltr'><strong>PRIMUM</strong></span> <span class='ocrx_word' id='word_1_111' title='bbox 717 1415 770 1440; x_wconf 74' lang='grc' dir='ltr'>εις</span> <span class='ocrx_word' id='word_1_112' title='bbox 800 1414 1044 1440; x_wconf 72' lang='lat' dir='ltr'>PRocnmrun.</span> <span class='ocrx_word' id='word_1_113' title='bbox 1073 1401 1236 1439; x_wconf 89' lang='lat' dir='ltr'>Videtur</span> <span class='ocrx_word' id='word_1_114' title='bbox 1256 1401 1363 1450; x_wconf 91' lang='lat' dir='ltr'>quod</span> <span class='ocrx_word' id='word_1_115' title='bbox 1387 1402 1390 1454; x_wconf 70' lang='grc' dir='ltr'>Ι</span> 
     </span>
     <span class='ocr_line' id='line_1_30' title="bbox 145 1447 1389 1503; baseline -0.003 -8"><span class='ocrx_word' id='word_1_116' title='bbox 145 1467 163 1485; x_wconf 75' lang='lat'>⁸</span> <span class='ocrx_word' id='word_1_117' title='bbox 356 1455 362 1460; x_wconf 82' lang='grc'><strong><em>’</em></strong></span> <span class='ocrx_word' id='word_1_118' title='bbox 418 1447 469 1503; x_wconf 58' lang='grc' dir='ltr'>Τἐὶο</span> <span class='ocrx_word' id='word_1_119' title='bbox 501 1456 661 1494; x_wconf 88' lang='lat' dir='ltr'>materia</span> <span class='ocrx_word' id='word_1_120' title='bbox 681 1456 851 1493; x_wconf 85' lang='lat' dir='ltr'>luxuriae</span> <span class='ocrx_word' id='word_1_121' title='bbox 872 1468 952 1493; x_wconf 92' lang='lat' dir='ltr'>non</span> <span class='ocrx_word' id='word_1_122' title='bbox 971 1455 1018 1492; x_wconf 92' lang='lat' dir='ltr'>sit</span> <span class='ocrx_word' id='word_1_123' title='bbox 1037 1456 1163 1492; x_wconf 90' lang='lat' dir='ltr'>solum</span> <span class='ocrx_word' id='word_1_124' title='bbox 1183 1461 1200 1476; x_wconf 65' lang='grc' dir='ltr'>α</span> <span class='ocrx_word' id='word_1_125' title='bbox 1221 1467 1364 1492; x_wconf 92' lang='lat' dir='ltr'>concu-</span> <span class='ocrx_word' id='word_1_126' title='bbox 1387 1459 1389 1490; x_wconf 90' lang='grc' dir='ltr'>Ι</span> 
     </span>
     <span class='ocr_line' id='line_1_31' title="bbox 150 1495 1389 1560; baseline -0.004 -11"><span class='ocrx_word' id='word_1_127' title='bbox 150 1504 152 1510; x_wconf 51' lang='grc'>’</span> <span class='ocrx_word' id='word_1_128' title='bbox 306 1540 314 1553; x_wconf 28' lang='grc' dir='ltr'><strong><em>Ι</em></strong></span> <span class='ocrx_word' id='word_1_129' title='bbox 366 1558 369 1559; x_wconf 19' lang='lat'><em>⁷</em></span> <span class='ocrx_word' id='word_1_130' title='bbox 436 1495 467 1550; x_wconf 56' lang='grc' dir='ltr'>’ᾗ</span> <span class='ocrx_word' id='word_1_131' title='bbox 499 1509 709 1560; x_wconf 90' lang='lat' dir='ltr'>piscentiae</span> <span class='ocrx_word' id='word_1_132' title='bbox 730 1517 767 1547; x_wconf 94' lang='lat' dir='ltr'>et</span> <span class='ocrx_word' id='word_1_133' title='bbox 786 1509 1058 1547; x_wconf 86' lang='lat' dir='ltr'>delectationes</span> <span class='ocrx_word' id='word_1_134' title='bbox 1072 1521 1276 1546; x_wconf 89' lang='lat' dir='ltr'>venereae.</span> <span class='ocrx_word' id='word_1_135' title='bbox 1299 1508 1364 1546; x_wconf 92' lang='lat' dir='ltr'>Di—</span> <span class='ocrx_word' id='word_1_136' title='bbox 1387 1501 1389 1542; x_wconf 83' lang='grc' dir='ltr'>Ι</span> 
     </span>
     <span class='ocr_line' id='line_1_32' title="bbox 65 1556 1362 1612; baseline 0 -12"><span class='ocrx_word' id='word_1_137' title='bbox 65 1571 210 1601; x_wconf 61' lang='lat' dir='ltr'>Lib-mm</span> <span class='ocrx_word' id='word_1_138' title='bbox 229 1577 252 1594; x_wconf 81' lang='lat' dir='ltr'>v·</span> <span class='ocrx_word' id='word_1_139' title='bbox 456 1556 486 1596; x_wconf 41' lang='grc' dir='ltr'>Χ-</span> <span class='ocrx_word' id='word_1_140' title='bbox 502 1564 551 1601; x_wconf 92' lang='lat' dir='ltr'>cit</span> <span class='ocrx_word' id='word_1_141' title='bbox 579 1563 682 1601; x_wconf 90' lang='lat' dir='ltr'>enim</span> <span class='ocrx_word' id='word_1_142' title='bbox 702 1563 949 1612; x_wconf 90' lang='lat' dir='ltr'>Augustinus,</span> <span class='ocrx_word' id='word_1_143' title='bbox 965 1563 1003 1600; x_wconf 92' lang='lat' dir='ltr'>in</span> <span class='ocrx_word' id='word_1_144' title='bbox 1028 1563 1125 1600; x_wconf 90' lang='lat' dir='ltr'>libro</span> <span class='ocrx_word' id='word_1_145' title='bbox 1151 1561 1362 1610; x_wconf 84' lang='lat' dir='ltr'>Confess.*,</span> 
     </span>
    </p>
   </div>
   <div class='ocr_carea' id='block_1_20' title="bbox 141 1616 1391 2371">
    <p class='ocr_par' dir='ltr' id='par_1_20' title="bbox 141 1616 1391 2371">
     <span class='ocr_line' id='line_1_33' title="bbox 287 1616 1390 1679; baseline -0.002 -25"><span class='ocrx_word' id='word_1_146' title='bbox 287 1616 393 1666; x_wconf 87' lang='lat' dir='ltr'>quod</span> <span class='ocrx_word' id='word_1_147' title='bbox 420 1616 578 1655; x_wconf 86' lang='lat' dir='ltr'>luxuria</span> <span class='ocrx_word' id='word_1_148' title='bbox 596 1618 649 1654; x_wconf 85' lang='lat' dir='ltr'>ad</span> <span class='ocrx_word' id='word_1_149' title='bbox 666 1617 872 1654; x_wconf 86' lang='lat' dir='ltr'>satietatem</span> <span class='ocrx_word' id='word_1_150' title='bbox 891 1623 1004 1666; x_wconf 85' lang='lat' dir='ltr'>atque</span> <span class='ocrx_word' id='word_1_151' title='bbox 1021 1617 1296 1654; x_wconf 87' lang='lat' dir='ltr'>abundantiam</span> <span class='ocrx_word' id='word_1_152' title='bbox 1324 1627 1364 1652; x_wconf 85' lang='lat' dir='ltr'>se</span> <span class='ocrx_word' id='word_1_153' title='bbox 1388 1648 1390 1679; x_wconf 58' lang='grc' dir='ltr'>Ι</span> 
     </span>
     <span class='ocr_line' id='line_1_34' title="bbox 286 1669 1390 1721; baseline 0 -15"><span class='ocrx_word' id='word_1_154' title='bbox 286 1669 389 1720; x_wconf 82' lang='lat' dir='ltr'>cupit</span> <span class='ocrx_word' id='word_1_155' title='bbox 412 1671 556 1708; x_wconf 79' lang='lat' dir='ltr'>vocari.</span> <span class='ocrx_word' id='word_1_156' title='bbox 597 1671 674 1708; x_wconf 90' lang='lat' dir='ltr'>Sed</span> <span class='ocrx_word' id='word_1_157' title='bbox 712 1671 864 1708; x_wconf 84' lang='lat' dir='ltr'>satietas</span> <span class='ocrx_word' id='word_1_158' title='bbox 895 1670 1060 1720; x_wconf 88' lang='lat' dir='ltr'>pertinet</span> <span class='ocrx_word' id='word_1_159' title='bbox 1098 1671 1147 1708; x_wconf 90' lang='lat' dir='ltr'>ad</span> <span class='ocrx_word' id='word_1_160' title='bbox 1185 1670 1292 1707; x_wconf 91' lang='lat' dir='ltr'>cibos</span> <span class='ocrx_word' id='word_1_161' title='bbox 1329 1676 1390 1721; x_wconf 66' lang='lat' dir='ltr'>etg</span> 
     </span>
     <span class='ocr_line' id='line_1_35' title="bbox 285 1724 1390 1773; baseline 0 -13"><span class='ocrx_word' id='word_1_162' title='bbox 285 1730 411 1773; x_wconf 82' lang='lat' dir='ltr'>potuS,</span> <span class='ocrx_word' id='word_1_163' title='bbox 433 1724 669 1762; x_wconf 90' lang='lat' dir='ltr'>abundantia</span> <span class='ocrx_word' id='word_1_164' title='bbox 698 1732 827 1762; x_wconf 87' lang='lat' dir='ltr'>autem</span> <span class='ocrx_word' id='word_1_165' title='bbox 858 1725 907 1762; x_wconf 87' lang='lat' dir='ltr'>ad</span> <span class='ocrx_word' id='word_1_166' title='bbox 937 1724 1098 1762; x_wconf 86' lang='lat' dir='ltr'>divitias.</span> <span class='ocrx_word' id='word_1_167' title='bbox 1133 1725 1236 1773; x_wconf 89' lang='lat' dir='ltr'>Ergo</span> <span class='ocrx_word' id='word_1_168' title='bbox 1257 1724 1365 1761; x_wconf 87' lang='lat' dir='ltr'>luxu·</span> <span class='ocrx_word' id='word_1_169' title='bbox 1388 1738 1390 1753; x_wconf 68' lang='grc' dir='ltr'><strong><em>ι</em></strong></span> 
     </span>
     <span class='ocr_line' id='line_1_36' title="bbox 285 1770 1390 1827; baseline 0 -12"><span class='ocrx_word' id='word_1_170' title='bbox 285 1776 340 1814; x_wconf 86' lang='lat' dir='ltr'>ria</span> <span class='ocrx_word' id='word_1_171' title='bbox 367 1789 447 1814; x_wconf 90' lang='lat' dir='ltr'>non</span> <span class='ocrx_word' id='word_1_172' title='bbox 477 1785 532 1815; x_wconf 88' lang='lat' dir='ltr'>est</span> <span class='ocrx_word' id='word_1_173' title='bbox 559 1778 714 1827; x_wconf 91' lang='lat' dir='ltr'>proprie</span> <span class='ocrx_word' id='word_1_174' title='bbox 745 1778 843 1815; x_wconf 90' lang='lat' dir='ltr'>circa</span> <span class='ocrx_word' id='word_1_175' title='bbox 872 1778 1202 1827; x_wconf 89' lang='lat' dir='ltr'>concupiscentias</span> <span class='ocrx_word' id='word_1_176' title='bbox 1231 1785 1268 1814; x_wconf 89' lang='lat' dir='ltr'>et</span> <span class='ocrx_word' id='word_1_177' title='bbox 1294 1790 1364 1815; x_wconf 89' lang='lat' dir='ltr'>vo·</span> <span class='ocrx_word' id='word_1_178' title='bbox 1388 1770 1390 1814; x_wconf 61' lang='grc' dir='ltr'>ἶ</span> 
     </span>
     <span class='ocr_line' id='line_1_37' title="bbox 285 1831 1390 1880; baseline 0 -12"><span class='ocrx_word' id='word_1_179' title='bbox 285 1831 448 1880; x_wconf 90' lang='lat' dir='ltr'>luptates</span> <span class='ocrx_word' id='word_1_180' title='bbox 475 1832 675 1869; x_wconf 84' lang='lat' dir='ltr'>v&#39;enereas.</span> <span class='ocrx_word' id='word_1_181' title='bbox 1388 1867 1390 1878; x_wconf 21' lang='grc' dir='ltr'>ἶ</span> 
     </span>
     <span class='ocr_line' id='line_1_38' title="bbox 341 1883 1390 1932; baseline -0.002 -11"><span class='ocrx_word' id='word_1_182' title='bbox 341 1896 377 1922; x_wconf 83' lang='grc'>2.</span> <span class='ocrx_word' id='word_1_183' title='bbox 406 1885 652 1932; x_wconf 74' lang='lat' dir='ltr'>PRAETEREA,</span> <span class='ocrx_word' id='word_1_184' title='bbox 682 1885 796 1922; x_wconf 79' lang='lat' dir='ltr'>Prov.</span> <span class='ocrx_word' id='word_1_185' title='bbox 826 1897 875 1922; x_wconf 81' lang='lat' dir='ltr'>xx</span> <span class='ocrx_word' id='word_1_186' title='bbox 900 1884 920 1906; x_wconf 83' lang='grc'><strong>*</strong></span> <span class='ocrx_word' id='word_1_187' title='bbox 955 1884 1106 1922; x_wconf 92' lang='lat' dir='ltr'>dicitur:</span> <span class='ocrx_word' id='word_1_188' title='bbox 1141 1883 1363 1920; x_wconf 88' lang='lat' dir='ltr'>Luxuriosa</span> <span class='ocrx_word' id='word_1_189' title='bbox 1388 1895 1390 1909; x_wconf 43' lang='grc' dir='ltr'>τ</span> 
     </span>
     <span class='ocr_line' id='line_1_39' title="bbox 286 1936 1363 1987; baseline -0.002 -13"><span class='ocrx_word' id='word_1_190' title='bbox 286 1949 347 1974; x_wconf 90' lang='lat' dir='ltr'>res</span> <span class='ocrx_word' id='word_1_191' title='bbox 374 1943 428 1975; x_wconf 86' lang='lat' dir='ltr'>est</span> <span class='ocrx_word' id='word_1_192' title='bbox 452 1939 596 1975; x_wconf 85' lang='lat' dir='ltr'>vinum.</span> <span class='ocrx_word' id='word_1_193' title='bbox 628 1938 705 1976; x_wconf 89' lang='lat' dir='ltr'>Sed</span> <span class='ocrx_word' id='word_1_194' title='bbox 724 1938 859 1975; x_wconf 91' lang='lat' dir='ltr'>vinum</span> <span class='ocrx_word' id='word_1_195' title='bbox 878 1938 1042 1987; x_wconf 91' lang='lat' dir='ltr'>pertinet</span> <span class='ocrx_word' id='word_1_196' title='bbox 1068 1937 1118 1975; x_wconf 91' lang='lat' dir='ltr'>ad</span> <span class='ocrx_word' id='word_1_197' title='bbox 1145 1936 1363 1974; x_wconf 90' lang='lat' dir='ltr'>delectatio-</span> 
     </span>
     <span class='ocr_line' id='line_1_40' title="bbox 144 1989 1390 2040; baseline -0.002 -11"><span class='ocrx_word' id='word_1_198' title='bbox 144 1994 162 2029; x_wconf 76' lang='grc' dir='ltr'><strong>β</strong></span> <span class='ocrx_word' id='word_1_199' title='bbox 286 2002 377 2028; x_wconf 89' lang='lat' dir='ltr'>nem</span> <span class='ocrx_word' id='word_1_200' title='bbox 403 1990 477 2028; x_wconf 91' lang='lat' dir='ltr'>cibi</span> <span class='ocrx_word' id='word_1_201' title='bbox 506 1999 543 2028; x_wconf 92' lang='lat' dir='ltr'>et</span> <span class='ocrx_word' id='word_1_202' title='bbox 570 1999 696 2040; x_wconf 91' lang='lat' dir='ltr'>potus.</span> <span class='ocrx_word' id='word_1_203' title='bbox 728 1992 831 2040; x_wconf 90' lang='lat' dir='ltr'>Ergo</span> <span class='ocrx_word' id='word_1_204' title='bbox 862 1991 962 2029; x_wconf 91' lang='lat' dir='ltr'>circa</span> <span class='ocrx_word' id='word_1_205' title='bbox 990 1992 1059 2029; x_wconf 89' lang='lat' dir='ltr'>has</span> <span class='ocrx_word' id='word_1_206' title='bbox 1079 1989 1094 2020; x_wconf 75' lang='grc' dir='ltr'>β</span> <span class='ocrx_word' id='word_1_207' title='bbox 1122 1990 1290 2027; x_wconf 86' lang='lat' dir='ltr'>maxime</span> <span class='ocrx_word' id='word_1_208' title='bbox 1308 1990 1364 2027; x_wconf 90' lang='lat' dir='ltr'>vi·</span> <span class='ocrx_word' id='word_1_209' title='bbox 1388 2025 1390 2031; x_wconf 67' lang='grc'>,</span> 
     </span>
     <span class='ocr_line' id='line_1_41' title="bbox 287 2043 1390 2091; baseline 0.004 -10"><span class='ocrx_word' id='word_1_210' title='bbox 287 2043 399 2081; x_wconf 90' lang='lat' dir='ltr'>detur</span> <span class='ocrx_word' id='word_1_211' title='bbox 428 2056 510 2081; x_wconf 91' lang='lat' dir='ltr'>esse</span> <span class='ocrx_word' id='word_1_212' title='bbox 540 2045 700 2082; x_wconf 86' lang='lat' dir='ltr'>luxuria.</span> <span class='ocrx_word' id='word_1_213' title='bbox 1388 2045 1390 2091; x_wconf 68' lang='grc' dir='ltr'>ζ</span> 
     </span>
     <span class='ocr_line' id='line_1_42' title="bbox 343 2094 1390 2146; baseline -0.002 -11"><span class='ocrx_word' id='word_1_214' title='bbox 343 2098 376 2135; x_wconf 88' lang='grc'>3.</span> <span class='ocrx_word' id='word_1_215' title='bbox 408 2098 653 2146; x_wconf 73' lang='lat' dir='ltr'>PRAETEREA,</span> <span class='ocrx_word' id='word_1_216' title='bbox 687 2098 835 2135; x_wconf 88' lang='lat' dir='ltr'>luxuria</span> <span class='ocrx_word' id='word_1_217' title='bbox 870 2110 952 2135; x_wconf 93' lang='lat' dir='ltr'>esse</span> <span class='ocrx_word' id='word_1_218' title='bbox 982 2097 1117 2135; x_wconf 92' lang='lat' dir='ltr'>dicitur</span> <span class='ocrx_word' id='word_1_219' title='bbox 1145 2094 1390 2134; x_wconf 72' lang='lat' dir='ltr'>libidinosae]</span> 
     </span>
     <span class='ocr_line' id='line_1_43' title="bbox 286 2151 1390 2201; baseline 0 -14"><span class='ocrx_word' id='word_1_220' title='bbox 286 2151 486 2200; x_wconf 80' lang='lat' dir='ltr'>voluptatis</span> <span class='ocrx_word' id='word_1_221' title='bbox 504 2151 687 2201; x_wconf 83' lang='lat' dir='ltr'>appetitus</span> <span class='ocrx_word' id='word_1_222' title='bbox 705 2151 736 2189; x_wconf 83' lang='lat'>*.</span> <span class='ocrx_word' id='word_1_223' title='bbox 764 2151 842 2189; x_wconf 85' lang='lat' dir='ltr'>Sed</span> <span class='ocrx_word' id='word_1_224' title='bbox 864 2151 1067 2189; x_wconf 89' lang='lat' dir='ltr'>libidinosa</span> <span class='ocrx_word' id='word_1_225' title='bbox 1085 2151 1265 2199; x_wconf 89' lang='lat' dir='ltr'>voluptas</span> <span class='ocrx_word' id='word_1_226' title='bbox 1284 2163 1365 2188; x_wconf 90' lang='lat' dir='ltr'>non</span> <span class='ocrx_word' id='word_1_227' title='bbox 1389 2164 1390 2201; x_wconf 21' lang='grc' dir='ltr'>ζ</span> 
     </span>
     <span class='ocr_line' id='line_1_44' title="bbox 287 2203 1390 2252; baseline 0.001 -11"><span class='ocrx_word' id='word_1_228' title='bbox 287 2205 414 2242; x_wconf 90' lang='lat' dir='ltr'>solum</span> <span class='ocrx_word' id='word_1_229' title='bbox 444 2212 500 2242; x_wconf 91' lang='lat' dir='ltr'>est</span> <span class='ocrx_word' id='word_1_230' title='bbox 527 2205 566 2242; x_wconf 92' lang='lat' dir='ltr'>in</span> <span class='ocrx_word' id='word_1_231' title='bbox 594 2204 783 2252; x_wconf 84' lang='lat' dir='ltr'>venereis,</span> <span class='ocrx_word' id='word_1_232' title='bbox 804 2206 871 2242; x_wconf 93' lang='lat' dir='ltr'>sed</span> <span class='ocrx_word' id='word_1_233' title='bbox 901 2205 1016 2242; x_wconf 89' lang='lat' dir='ltr'>etiam</span> <span class='ocrx_word' id='word_1_234' title='bbox 1045 2204 1083 2241; x_wconf 91' lang='lat' dir='ltr'>in</span> <span class='ocrx_word' id='word_1_235' title='bbox 1113 2203 1240 2241; x_wconf 90' lang='lat' dir='ltr'>multis</span> <span class='ocrx_word' id='word_1_236' title='bbox 1270 2204 1363 2241; x_wconf 91' lang='lat' dir='ltr'>aliis.</span> <span class='ocrx_word' id='word_1_237' title='bbox 1389 2237 1390 2242; x_wconf 73' lang='grc'>,</span> 
     </span>
     <span class='ocr_line' id='line_1_45' title="bbox 141 2249 1391 2334; baseline -0.001 -39"><span class='ocrx_word' id='word_1_238' title='bbox 141 2273 158 2299; x_wconf 85' lang='grc' dir='ltr'><strong>γ</strong></span> <span class='ocrx_word' id='word_1_239' title='bbox 286 2258 391 2306; x_wconf 89' lang='lat' dir='ltr'>Ergo</span> <span class='ocrx_word' id='word_1_240' title='bbox 420 2258 569 2295; x_wconf 85' lang='lat' dir='ltr'>luxuria</span> <span class='ocrx_word' id='word_1_241' title='bbox 596 2270 676 2295; x_wconf 91' lang='lat' dir='ltr'>non</span> <span class='ocrx_word' id='word_1_242' title='bbox 697 2259 823 2295; x_wconf 91' lang='lat' dir='ltr'>solum</span> <span class='ocrx_word' id='word_1_243' title='bbox 852 2266 909 2295; x_wconf 90' lang='lat' dir='ltr'>est</span> <span class='ocrx_word' id='word_1_244' title='bbox 927 2263 942 2286; x_wconf 75' lang='grc' dir='ltr'><strong>Υ</strong></span> <span class='ocrx_word' id='word_1_245' title='bbox 972 2258 1071 2295; x_wconf 88' lang='lat' dir='ltr'>circa</span> <span class='ocrx_word' id='word_1_246' title='bbox 1091 2257 1366 2307; x_wconf 91' lang='lat' dir='ltr'>concupiscen-</span> <span class='ocrx_word' id='word_1_247' title='bbox 1389 2249 1391 2334; x_wconf 45' lang='lat' dir='ltr'><strong>j</strong></span> 
     </span>
     <span class='ocr_line' id='line_1_46' title="bbox 287 2310 1391 2371; baseline 0 -23"><span class='ocrx_word' id='word_1_248' title='bbox 287 2310 357 2348; x_wconf 88' lang='lat' dir='ltr'>tias</span> <span class='ocrx_word' id='word_1_249' title='bbox 387 2318 423 2348; x_wconf 92' lang='lat' dir='ltr'>et</span> <span class='ocrx_word' id='word_1_250' title='bbox 449 2312 669 2360; x_wconf 90' lang='lat' dir='ltr'>voluptates</span> <span class='ocrx_word' id='word_1_251' title='bbox 696 2323 893 2348; x_wconf 92' lang='lat' dir='ltr'>venereas.</span> <span class='ocrx_word' id='word_1_252' title='bbox 1389 2343 1391 2371; x_wconf 70' lang='lat'>2</span> 
     </span>
    </p>
   </div>
   <div class='ocr_carea' id='block_1_21' title="bbox 341 2364 1391 2421">
    <p class='ocr_par' dir='ltr' id='par_1_21' title="bbox 341 2364 1391 2421">
     <span class='ocr_line' id='line_1_47' title="bbox 341 2364 1391 2421; baseline -0.001 -19"><span class='ocrx_word' id='word_1_253' title='bbox 341 2365 416 2402; x_wconf 80' lang='lat' dir='ltr'>SED</span> <span class='ocrx_word' id='word_1_254' title='bbox 445 2376 592 2402; x_wconf 82' lang='lat' dir='ltr'><strong>CONTRA</strong></span> <span class='ocrx_word' id='word_1_255' title='bbox 621 2376 687 2402; x_wconf 84' lang='lat' dir='ltr'>EST</span> <span class='ocrx_word' id='word_1_256' title='bbox 714 2365 821 2414; x_wconf 92' lang='lat' dir='ltr'>quod</span> <span class='ocrx_word' id='word_1_257' title='bbox 849 2364 984 2402; x_wconf 92' lang='lat' dir='ltr'>dicitur</span> <span class='ocrx_word' id='word_1_258' title='bbox 1012 2364 1050 2401; x_wconf 92' lang='lat' dir='ltr'>in</span> <span class='ocrx_word' id='word_1_259' title='bbox 1079 2364 1175 2401; x_wconf 92' lang='lat' dir='ltr'>libro</span> <span class='ocrx_word' id='word_1_260' title='bbox 1195 2365 1241 2401; x_wconf 87' lang='lat' dir='ltr'>de</span> <span class='ocrx_word' id='word_1_261' title='bbox 1266 2366 1364 2403; x_wconf 87' lang='lat' dir='ltr'>Vera</span> <span class='ocrx_word' id='word_1_262' title='bbox 1389 2390 1391 2421; x_wconf 56' lang='lat'>4</span> 
     </span>
    </p>
   </div>
   <div class='ocr_carea' id='block_1_22' title="bbox 46 2416 1392 2524">
    <p class='ocr_par' dir='ltr' id='par_1_22' title="bbox 46 2416 1392 2524">
     <span class='ocr_line' id='line_1_48' title="bbox 46 2416 1391 2478; baseline -0.001 -24"><span class='ocrx_word' id='word_1_263' title='bbox 46 2422 214 2478; x_wconf 48' lang='grc' dir='ltr'>ἒιιὲυῇῗῦῠῑ-</span> <span class='ocrx_word' id='word_1_264' title='bbox 233 2433 242 2438; x_wconf 95' lang='grc'><strong><em>·</em></strong></span> <span class='ocrx_word' id='word_1_265' title='bbox 286 2417 412 2468; x_wconf 79' lang='lat' dir='ltr'>Relig.</span> <span class='ocrx_word' id='word_1_266' title='bbox 442 2417 482 2454; x_wconf 73' lang='grc' dir='ltr'>*ε</span> <span class='ocrx_word' id='word_1_267' title='bbox 520 2418 671 2455; x_wconf 82' lang='lat' dir='ltr'>Dicitur</span> <span class='ocrx_word' id='word_1_268' title='bbox 708 2418 915 2456; x_wconf 82' lang='lat' dir='ltr'>luxuriosis</span> <span class='ocrx_word' id='word_1_269' title='bbox 943 2416 977 2455; x_wconf 76' lang='lat'>⁶:</span> <span class='ocrx_word' id='word_1_270' title='bbox 1021 2418 1096 2460; x_wconf 86' lang='lat' dir='ltr'>Qui</span> <span class='ocrx_word' id='word_1_271' title='bbox 1127 2418 1291 2456; x_wconf 87' lang='lat' dir='ltr'>seminat</span> <span class='ocrx_word' id='word_1_272' title='bbox 1326 2419 1363 2456; x_wconf 88' lang='lat' dir='ltr'>in</span> <span class='ocrx_word' id='word_1_273' title='bbox 1390 2430 1391 2452; x_wconf 57' lang='grc' dir='ltr'>ι</span> 
     </span>
     <span class='ocr_line' id='line_1_49' title="bbox 145 2472 1392 2524; baseline 0.001 -16"><span class='ocrx_word' id='word_1_274' title='bbox 145 2476 166 2513; x_wconf 53' lang='grc' dir='ltr'>ὃ,</span> <span class='ocrx_word' id='word_1_275' title='bbox 286 2483 423 2518; x_wconf 86' lang='lat' dir='ltr'>carne,</span> <span class='ocrx_word' id='word_1_276' title='bbox 453 2472 499 2508; x_wconf 87' lang='lat' dir='ltr'>de</span> <span class='ocrx_word' id='word_1_277' title='bbox 526 2483 644 2509; x_wconf 88' lang='lat' dir='ltr'>carne</span> <span class='ocrx_word' id='word_1_278' title='bbox 670 2477 782 2509; x_wconf 88' lang='lat' dir='ltr'>metet</span> <span class='ocrx_word' id='word_1_279' title='bbox 808 2472 1103 2521; x_wconf 82' lang='lat' dir='ltr'>corruptionem.</span> <span class='ocrx_word' id='word_1_280' title='bbox 1144 2472 1223 2509; x_wconf 91' lang='lat' dir='ltr'>Sed</span> <span class='ocrx_word' id='word_1_281' title='bbox 1251 2472 1365 2509; x_wconf 88' lang='lat' dir='ltr'>semi·</span> <span class='ocrx_word' id='word_1_282' title='bbox 1390 2489 1392 2524; x_wconf 51' lang='grc' dir='ltr'>ι</span> 
     </span>
    </p>
   </div>
   <div class='ocr_carea' id='block_1_23' title="bbox 1413 1401 2735 1934">
    <p class='ocr_par' dir='ltr' id='par_1_23' title="bbox 1413 1401 2735 1611">
     <span class='ocr_line' id='line_1_50' title="bbox 1415 1401 2735 1463; baseline 0.004 -25"><span class='ocrx_word' id='word_1_283' title='bbox 1415 1401 1454 1438; x_wconf 90' lang='lat' dir='ltr'>in</span> <span class='ocrx_word' id='word_1_284' title='bbox 1473 1401 1570 1438; x_wconf 91' lang='lat' dir='ltr'>libro</span> <span class='ocrx_word' id='word_1_285' title='bbox 1589 1401 1758 1450; x_wconf 88' lang='lat' dir='ltr'>Etymol.</span> <span class='ocrx_word' id='word_1_286' title='bbox 1777 1401 1808 1448; x_wconf 73' lang='lat'>²¹⁶,</span> <span class='ocrx_word' id='word_1_287' title='bbox 1831 1402 2049 1439; x_wconf 88' lang='lat' dir='ltr'>luxuriosus</span> <span class='ocrx_word' id='word_1_288' title='bbox 2070 1403 2205 1451; x_wconf 88' lang='lat' dir='ltr'>aliquis</span> <span class='ocrx_word' id='word_1_289' title='bbox 2233 1404 2369 1442; x_wconf 88' lang='lat' dir='ltr'>dicitur</span> <span class='ocrx_word' id='word_1_290' title='bbox 2388 1406 2499 1453; x_wconf 85' lang='lat' dir='ltr'>quasi</span> <span class='ocrx_word' id='word_1_291' title='bbox 2523 1414 2599 1463; x_wconf 59' lang='lat' dir='ltr'>2Lib-</span> <span class='ocrx_word' id='word_1_292' title='bbox 2617 1414 2645 1439; x_wconf 72' lang='lat' dir='ltr'>X·</span> <span class='ocrx_word' id='word_1_293' title='bbox 2660 1414 2688 1436; x_wconf 76' lang='lat' dir='ltr'>ad</span> <span class='ocrx_word' id='word_1_294' title='bbox 2703 1415 2735 1436; x_wconf 67' lang='grc' dir='ltr'>Ητ-</span> 
     </span>
     <span class='ocr_line' id='line_1_51' title="bbox 1413 1454 2548 1507; baseline 0.004 -16"><span class='ocrx_word' id='word_1_295' title='bbox 1413 1454 1557 1491; x_wconf 89' lang='lat' dir='ltr'>solutus</span> <span class='ocrx_word' id='word_1_296' title='bbox 1586 1455 1623 1492; x_wconf 91' lang='lat' dir='ltr'>in</span> <span class='ocrx_word' id='word_1_297' title='bbox 1652 1455 1871 1503; x_wconf 82' lang='lat' dir='ltr'>voluptates.</span> <span class='ocrx_word' id='word_1_298' title='bbox 1909 1456 2079 1493; x_wconf 84' lang='lat' dir='ltr'>Maxime</span> <span class='ocrx_word' id='word_1_299' title='bbox 2119 1465 2248 1494; x_wconf 91' lang='lat' dir='ltr'>autem</span> <span class='ocrx_word' id='word_1_300' title='bbox 2277 1459 2497 1507; x_wconf 91' lang='lat' dir='ltr'>voluptates</span> <span class='ocrx_word' id='word_1_301' title='bbox 2544 1458 2548 1463; x_wconf 85' lang='lat'>&#39;</span> 
     </span>
     <span class='ocr_line' id='line_1_52' title="bbox 1414 1508 2496 1549; baseline 0.004 -5"><span class='ocrx_word' id='word_1_302' title='bbox 1414 1520 1607 1545; x_wconf 90' lang='lat' dir='ltr'>venereae</span> <span class='ocrx_word' id='word_1_303' title='bbox 1638 1508 1813 1545; x_wconf 88' lang='lat' dir='ltr'>animum</span> <span class='ocrx_word' id='word_1_304' title='bbox 1834 1509 2002 1546; x_wconf 89' lang='lat' dir='ltr'>hominis</span> <span class='ocrx_word' id='word_1_305' title='bbox 2023 1511 2190 1548; x_wconf 88' lang='lat' dir='ltr'>solvunt.</span> <span class='ocrx_word' id='word_1_306' title='bbox 2220 1512 2269 1547; x_wconf 91' lang='lat' dir='ltr'>Et</span> <span class='ocrx_word' id='word_1_307' title='bbox 2288 1511 2376 1548; x_wconf 90' lang='lat' dir='ltr'>ideo</span> <span class='ocrx_word' id='word_1_308' title='bbox 2397 1512 2496 1549; x_wconf 91' lang='lat' dir='ltr'>circa</span> 
     </span>
     <span class='ocr_line' id='line_1_53' title="bbox 1414 1562 2497 1611; baseline 0.004 -13"><span class='ocrx_word' id='word_1_309' title='bbox 1414 1562 1633 1611; x_wconf 88' lang='lat' dir='ltr'>voluptates</span> <span class='ocrx_word' id='word_1_310' title='bbox 1653 1574 1842 1599; x_wconf 88' lang='lat' dir='ltr'>venereas</span> <span class='ocrx_word' id='word_1_311' title='bbox 1863 1563 2029 1600; x_wconf 89' lang='lat' dir='ltr'>maxime</span> <span class='ocrx_word' id='word_1_312' title='bbox 2059 1564 2205 1601; x_wconf 87' lang='lat' dir='ltr'>luxuria</span> <span class='ocrx_word' id='word_1_313' title='bbox 2222 1565 2497 1603; x_wconf 85' lang='lat' dir='ltr'>consideratur.</span> 
     </span>
    </p>

    <p class='ocr_par' dir='ltr' id='par_1_24' title="bbox 1416 1617 2498 1934">
     <span class='ocr_line' id='line_1_54' title="bbox 1470 1617 2497 1668; baseline 0.004 -16"><span class='ocrx_word' id='word_1_314' title='bbox 1470 1617 1529 1652; x_wconf 83' lang='lat' dir='ltr'>AD</span> <span class='ocrx_word' id='word_1_315' title='bbox 1558 1627 1698 1653; x_wconf 63' lang='lat' dir='ltr'>pannum</span> <span class='ocrx_word' id='word_1_316' title='bbox 1732 1628 1831 1653; x_wconf 83' lang='lat' dir='ltr'>ERGO</span> <span class='ocrx_word' id='word_1_317' title='bbox 1860 1628 2046 1654; x_wconf 72' lang='lat' dir='ltr'>mcssNDuM</span> <span class='ocrx_word' id='word_1_318' title='bbox 2076 1618 2195 1665; x_wconf 91' lang='lat' dir='ltr'>quod,</span> <span class='ocrx_word' id='word_1_319' title='bbox 2226 1618 2323 1655; x_wconf 89' lang='lat' dir='ltr'>sicut</span> <span class='ocrx_word' id='word_1_320' title='bbox 2351 1626 2497 1668; x_wconf 90' lang='lat' dir='ltr'>tempe-</span> 
     </span>
     <span class='ocr_line' id='line_1_55' title="bbox 1416 1669 2498 1720; baseline 0.003 -14"><span class='ocrx_word' id='word_1_321' title='bbox 1416 1669 1536 1707; x_wconf 92' lang='lat' dir='ltr'>rantia</span> <span class='ocrx_word' id='word_1_322' title='bbox 1570 1669 1831 1718; x_wconf 91' lang='lat' dir='ltr'>principaliter</span> <span class='ocrx_word' id='word_1_323' title='bbox 1869 1670 2028 1718; x_wconf 89' lang='lat' dir='ltr'>quidem</span> <span class='ocrx_word' id='word_1_324' title='bbox 2058 1678 2095 1707; x_wconf 92' lang='lat' dir='ltr'>et</span> <span class='ocrx_word' id='word_1_325' title='bbox 2123 1671 2278 1720; x_wconf 89' lang='lat' dir='ltr'>proprie</span> <span class='ocrx_word' id='word_1_326' title='bbox 2314 1680 2369 1708; x_wconf 91' lang='lat' dir='ltr'>est</span> <span class='ocrx_word' id='word_1_327' title='bbox 2398 1672 2498 1709; x_wconf 89' lang='lat' dir='ltr'>circa</span> 
     </span>
     <span class='ocr_line' id='line_1_56' title="bbox 1416 1723 2498 1774; baseline 0.004 -15"><span class='ocrx_word' id='word_1_328' title='bbox 1416 1723 1690 1760; x_wconf 89' lang='lat' dir='ltr'>delectationes</span> <span class='ocrx_word' id='word_1_329' title='bbox 1710 1731 1843 1770; x_wconf 88' lang='lat' dir='ltr'>tactus,</span> <span class='ocrx_word' id='word_1_330' title='bbox 1865 1723 2001 1760; x_wconf 91' lang='lat' dir='ltr'>dicitur</span> <span class='ocrx_word' id='word_1_331' title='bbox 2019 1732 2149 1762; x_wconf 88' lang='lat' dir='ltr'>autem</span> <span class='ocrx_word' id='word_1_332' title='bbox 2181 1737 2225 1761; x_wconf 87' lang='lat' dir='ltr'>ex</span> <span class='ocrx_word' id='word_1_333' title='bbox 2247 1727 2498 1774; x_wconf 90' lang='lat' dir='ltr'>consequenti</span> 
     </span>
     <span class='ocr_line' id='line_1_57' title="bbox 1416 1776 2497 1826; baseline 0.003 -13"><span class='ocrx_word' id='word_1_334' title='bbox 1416 1784 1452 1813; x_wconf 92' lang='lat' dir='ltr'>et</span> <span class='ocrx_word' id='word_1_335' title='bbox 1479 1789 1549 1825; x_wconf 93' lang='lat' dir='ltr'>per</span> <span class='ocrx_word' id='word_1_336' title='bbox 1568 1776 1856 1814; x_wconf 91' lang='lat' dir='ltr'>similitudinem</span> <span class='ocrx_word' id='word_1_337' title='bbox 1882 1778 2078 1826; x_wconf 90' lang='lat' dir='ltr'>quandam</span> <span class='ocrx_word' id='word_1_338' title='bbox 2096 1777 2134 1815; x_wconf 90' lang='lat' dir='ltr'>in</span> <span class='ocrx_word' id='word_1_339' title='bbox 2154 1778 2387 1826; x_wconf 90' lang='lat' dir='ltr'>quibusdam</span> <span class='ocrx_word' id='word_1_340' title='bbox 2416 1779 2497 1816; x_wconf 91' lang='lat' dir='ltr'>aliis</span> 
     </span>
     <span class='ocr_line' id='line_1_58' title="bbox 1416 1829 2495 1880; baseline 0.003 -14"><span class='ocrx_word' id='word_1_341' title='bbox 1416 1829 1603 1875; x_wconf 91' lang='lat' dir='ltr'>materiis;</span> <span class='ocrx_word' id='word_1_342' title='bbox 1640 1830 1691 1867; x_wconf 87' lang='lat' dir='ltr'>ita</span> <span class='ocrx_word' id='word_1_343' title='bbox 1721 1829 1834 1867; x_wconf 87' lang='lat' dir='ltr'>etiam</span> <span class='ocrx_word' id='word_1_344' title='bbox 1863 1830 2010 1867; x_wconf 90' lang='lat' dir='ltr'>luxuria</span> <span class='ocrx_word' id='word_1_345' title='bbox 2045 1831 2303 1880; x_wconf 89' lang='lat' dir='ltr'>principaliter</span> <span class='ocrx_word' id='word_1_346' title='bbox 2336 1832 2495 1880; x_wconf 90' lang='lat' dir='ltr'>quidem</span> 
     </span>
     <span class='ocr_line' id='line_1_59' title="bbox 1417 1883 2497 1934; baseline 0.003 -14"><span class='ocrx_word' id='word_1_347' title='bbox 1417 1890 1473 1920; x_wconf 91' lang='lat' dir='ltr'>est</span> <span class='ocrx_word' id='word_1_348' title='bbox 1510 1883 1548 1920; x_wconf 90' lang='lat' dir='ltr'>in</span> <span class='ocrx_word' id='word_1_349' title='bbox 1580 1883 1845 1932; x_wconf 90' lang='lat' dir='ltr'>voluptatibus</span> <span class='ocrx_word' id='word_1_350' title='bbox 1882 1884 2079 1932; x_wconf 84' lang='lat' dir='ltr'>venereis,</span> <span class='ocrx_word' id='word_1_351' title='bbox 2119 1897 2218 1934; x_wconf 90' lang='lat' dir='ltr'>quae</span> <span class='ocrx_word' id='word_1_352' title='bbox 2257 1886 2425 1923; x_wconf 87' lang='lat' dir='ltr'>maxime</span> <span class='ocrx_word' id='word_1_353' title='bbox 2461 1895 2497 1924; x_wconf 90' lang='lat' dir='ltr'>et</span> 
     </span>
    </p>
   </div>
   <div class='ocr_carea' id='block_1_24' title="bbox 1388 1937 2496 1987">
    <p class='ocr_par' dir='ltr' id='par_1_25' title="bbox 1388 1937 2496 1987">
     <span class='ocr_line' id='line_1_60' title="bbox 1388 1937 2496 1987; baseline 0.004 -14"><span class='ocrx_word' id='word_1_354' title='bbox 1388 1975 1390 1987; x_wconf 27' lang='grc' dir='ltr'><strong><em>ἐ</em></strong></span> <span class='ocrx_word' id='word_1_355' title='bbox 1415 1937 1622 1986; x_wconf 90' lang='lat' dir='ltr'>praecipue</span> <span class='ocrx_word' id='word_1_356' title='bbox 1652 1937 1824 1974; x_wconf 89' lang='lat' dir='ltr'>animum</span> <span class='ocrx_word' id='word_1_357' title='bbox 1853 1937 2021 1974; x_wconf 89' lang='lat' dir='ltr'>hominis</span> <span class='ocrx_word' id='word_1_358' title='bbox 2058 1939 2276 1985; x_wconf 76' lang='lat' dir='ltr'>resolvunt,</span> <span class='ocrx_word' id='word_1_359' title='bbox 2310 1940 2496 1977; x_wconf 88' lang='lat' dir='ltr'>secunda-</span> 
     </span>
    </p>
   </div>
   <div class='ocr_carea' id='block_1_25' title="bbox 1415 1990 2735 2522">
    <p class='ocr_par' dir='ltr' id='par_1_26' title="bbox 1415 1990 2497 2148">
     <span class='ocr_line' id='line_1_61' title="bbox 1415 1990 2497 2040; baseline 0.003 -13"><span class='ocrx_word' id='word_1_360' title='bbox 1415 1991 1471 2027; x_wconf 93' lang='lat' dir='ltr'>rio</span> <span class='ocrx_word' id='word_1_361' title='bbox 1502 1998 1567 2028; x_wconf 93' lang='lat' dir='ltr'>aut</span> <span class='ocrx_word' id='word_1_362' title='bbox 1605 1990 1741 2028; x_wconf 88' lang='lat' dir='ltr'>dicitur</span> <span class='ocrx_word' id='word_1_363' title='bbox 1768 1990 1807 2027; x_wconf 88' lang='lat' dir='ltr'>in</span> <span class='ocrx_word' id='word_1_364' title='bbox 1835 1991 2143 2040; x_wconf 89' lang='lat' dir='ltr'>quibuscumque</span> <span class='ocrx_word' id='word_1_365' title='bbox 2181 1991 2262 2029; x_wconf 92' lang='lat' dir='ltr'>aliis</span> <span class='ocrx_word' id='word_1_366' title='bbox 2291 1993 2339 2030; x_wconf 93' lang='lat' dir='ltr'>ad</span> <span class='ocrx_word' id='word_1_367' title='bbox 2370 2005 2497 2030; x_wconf 92' lang='lat' dir='ltr'>exces-</span> 
     </span>
     <span class='ocr_line' id='line_1_62' title="bbox 1416 2043 2496 2093; baseline 0.003 -12"><span class='ocrx_word' id='word_1_368' title='bbox 1416 2057 1502 2081; x_wconf 92' lang='lat' dir='ltr'>sum</span> <span class='ocrx_word' id='word_1_369' title='bbox 1524 2043 1812 2093; x_wconf 87' lang='lat' dir='ltr'>pertinentibus.</span> <span class='ocrx_word' id='word_1_370' title='bbox 1835 2044 1948 2082; x_wconf 92' lang='lat' dir='ltr'>Unde</span> <span class='ocrx_word' id='word_1_371' title='bbox 1973 2044 2172 2092; x_wconf 51' lang='lat' dir='ltr'>Galat-&amp;1⁹¹2</span> <span class='ocrx_word' id='word_1_372' title='bbox 2195 2045 2282 2082; x_wconf 90' lang='lat' dir='ltr'>dicit</span> <span class='ocrx_word' id='word_1_373' title='bbox 2302 2046 2440 2084; x_wconf 90' lang='lat' dir='ltr'>Glossa</span> <span class='ocrx_word' id='word_1_374' title='bbox 2455 2046 2496 2068; x_wconf 70' lang='lat'>*³¹⁶</span> 
     </span>
     <span class='ocr_line' id='line_1_63' title="bbox 1417 2097 2278 2148; baseline 0.002 -14"><span class='ocrx_word' id='word_1_375' title='bbox 1417 2098 1523 2147; x_wconf 92' lang='lat' dir='ltr'>quod</span> <span class='ocrx_word' id='word_1_376' title='bbox 1552 2097 1700 2134; x_wconf 86' lang='lat' dir='ltr'>luxuria</span> <span class='ocrx_word' id='word_1_377' title='bbox 1729 2105 1786 2134; x_wconf 93' lang='lat' dir='ltr'>est</span> <span class='ocrx_word' id='word_1_378' title='bbox 1814 2098 2001 2146; x_wconf 85' lang='lat' dir='ltr'>quaelibet</span> <span class='ocrx_word' id='word_1_379' title='bbox 2026 2099 2278 2148; x_wconf 76' lang='lat' dir='ltr'>superfluitas.</span> 
     </span>
    </p>

    <p class='ocr_par' dir='ltr' id='par_1_27' title="bbox 1416 2152 2735 2415">
     <span class='ocr_line' id='line_1_64' title="bbox 1470 2152 2496 2199; baseline 0.002 -11"><span class='ocrx_word' id='word_1_380' title='bbox 1470 2154 1529 2188; x_wconf 83' lang='lat' dir='ltr'>An</span> <span class='ocrx_word' id='word_1_381' title='bbox 1554 2163 1748 2188; x_wconf 79' lang='lat' dir='ltr'>SECUNDUM</span> <span class='ocrx_word' id='word_1_382' title='bbox 1768 2163 1955 2188; x_wconf 79' lang='lat' dir='ltr'>mcENDUM</span> <span class='ocrx_word' id='word_1_383' title='bbox 1975 2152 2082 2199; x_wconf 92' lang='lat' dir='ltr'>quod</span> <span class='ocrx_word' id='word_1_384' title='bbox 2101 2152 2235 2189; x_wconf 91' lang='lat' dir='ltr'>vinum</span> <span class='ocrx_word' id='word_1_385' title='bbox 2259 2152 2394 2189; x_wconf 89' lang='lat' dir='ltr'>dicitur</span> <span class='ocrx_word' id='word_1_386' title='bbox 2413 2165 2496 2190; x_wconf 91' lang='lat' dir='ltr'>esse</span> 
     </span>
     <span class='ocr_line' id='line_1_65' title="bbox 1418 2204 2495 2255; baseline 0.003 -15"><span class='ocrx_word' id='word_1_387' title='bbox 1418 2217 1477 2241; x_wconf 91' lang='lat' dir='ltr'>res</span> <span class='ocrx_word' id='word_1_388' title='bbox 1505 2204 1716 2250; x_wconf 90' lang='lat' dir='ltr'>luxuriosa,</span> <span class='ocrx_word' id='word_1_389' title='bbox 1745 2205 1808 2241; x_wconf 90' lang='lat' dir='ltr'>vel</span> <span class='ocrx_word' id='word_1_390' title='bbox 1837 2204 2052 2241; x_wconf 89' lang='lat' dir='ltr'>secundum</span> <span class='ocrx_word' id='word_1_391' title='bbox 2088 2206 2192 2242; x_wconf 90' lang='lat' dir='ltr'>hunc</span> <span class='ocrx_word' id='word_1_392' title='bbox 2226 2206 2387 2243; x_wconf 92' lang='lat' dir='ltr'>modum</span> <span class='ocrx_word' id='word_1_393' title='bbox 2417 2219 2495 2255; x_wconf 94' lang='lat' dir='ltr'>quo</span> 
     </span>
     <span class='ocr_line' id='line_1_66' title="bbox 1416 2257 2496 2306; baseline 0.002 -12"><span class='ocrx_word' id='word_1_394' title='bbox 1416 2258 1455 2295; x_wconf 91' lang='lat' dir='ltr'>in</span> <span class='ocrx_word' id='word_1_395' title='bbox 1484 2258 1655 2306; x_wconf 91' lang='lat' dir='ltr'>qualibet</span> <span class='ocrx_word' id='word_1_396' title='bbox 1683 2257 1842 2294; x_wconf 89' lang='lat' dir='ltr'>materia</span> <span class='ocrx_word' id='word_1_397' title='bbox 1871 2258 2107 2295; x_wconf 87' lang='lat' dir='ltr'>abundantia</span> <span class='ocrx_word' id='word_1_398' title='bbox 2140 2259 2188 2296; x_wconf 90' lang='lat' dir='ltr'>ad</span> <span class='ocrx_word' id='word_1_399' title='bbox 2217 2259 2405 2296; x_wconf 87' lang='lat' dir='ltr'>luxuriam</span> <span class='ocrx_word' id='word_1_400' title='bbox 2440 2272 2496 2296; x_wconf 91' lang='lat' dir='ltr'>re—</span> 
     </span>
     <span class='ocr_line' id='line_1_67' title="bbox 1417 2310 2735 2360; baseline 0.003 -13"><span class='ocrx_word' id='word_1_401' title='bbox 1417 2312 1535 2348; x_wconf 87' lang='lat' dir='ltr'>fertur</span> <span class='ocrx_word' id='word_1_402' title='bbox 1549 2310 1580 2348; x_wconf 60' lang='lat'>³⁶.</span> <span class='ocrx_word' id='word_1_403' title='bbox 1610 2311 1681 2347; x_wconf 93' lang='lat' dir='ltr'>Vel</span> <span class='ocrx_word' id='word_1_404' title='bbox 1709 2310 1936 2360; x_wconf 90' lang='lat' dir='ltr'>inquantum</span> <span class='ocrx_word' id='word_1_405' title='bbox 1967 2312 2187 2360; x_wconf 88' lang='lat' dir='ltr'>superfluus</span> <span class='ocrx_word' id='word_1_406' title='bbox 2214 2325 2307 2349; x_wconf 92' lang='lat' dir='ltr'>usus</span> <span class='ocrx_word' id='word_1_407' title='bbox 2334 2313 2415 2350; x_wconf 92' lang='lat' dir='ltr'>vini</span> <span class='ocrx_word' id='word_1_408' title='bbox 2443 2314 2497 2351; x_wconf 92' lang='lat' dir='ltr'>in·</span> <span class='ocrx_word' id='word_1_409' title='bbox 2525 2322 2735 2351; x_wconf 59' lang='lat' dir='ltr'>’Cf-resp-adt</span> 
     </span>
     <span class='ocr_line' id='line_1_68' title="bbox 1418 2364 2253 2415; baseline 0.001 -13"><span class='ocrx_word' id='word_1_410' title='bbox 1418 2364 1613 2402; x_wconf 89' lang='lat' dir='ltr'>centivum</span> <span class='ocrx_word' id='word_1_411' title='bbox 1646 2364 1832 2413; x_wconf 91' lang='lat' dir='ltr'>voluptati</span> <span class='ocrx_word' id='word_1_412' title='bbox 1862 2377 2054 2403; x_wconf 90' lang='lat' dir='ltr'>venereae</span> <span class='ocrx_word' id='word_1_413' title='bbox 2082 2366 2253 2415; x_wconf 91' lang='lat' dir='ltr'>praebet.</span> 
     </span>
    </p>

    <p class='ocr_par' dir='ltr' id='par_1_28' title="bbox 1418 2419 2497 2522">
     <span class='ocr_line' id='line_1_69' title="bbox 1470 2419 2497 2469; baseline 0.003 -15"><span class='ocrx_word' id='word_1_414' title='bbox 1470 2421 1529 2455; x_wconf 83' lang='lat' dir='ltr'>An</span> <span class='ocrx_word' id='word_1_415' title='bbox 1559 2429 1722 2455; x_wconf 78' lang='lat' dir='ltr'>TERTmM</span> <span class='ocrx_word' id='word_1_416' title='bbox 1751 2429 1938 2456; x_wconf 84' lang='lat' dir='ltr'>chENDUM</span> <span class='ocrx_word' id='word_1_417' title='bbox 1959 2419 2065 2468; x_wconf 91' lang='lat' dir='ltr'>quod</span> <span class='ocrx_word' id='word_1_418' title='bbox 2094 2419 2298 2457; x_wconf 91' lang='lat' dir='ltr'>libidinosa</span> <span class='ocrx_word' id='word_1_419' title='bbox 2317 2421 2497 2469; x_wconf 90' lang='lat' dir='ltr'>voluptas</span> 
     </span>
     <span class='ocr_line' id='line_1_70' title="bbox 1418 2471 2497 2522; baseline 0.002 -14"><span class='ocrx_word' id='word_1_420' title='bbox 1418 2471 1487 2508; x_wconf 91' lang='lat' dir='ltr'>etsi</span> <span class='ocrx_word' id='word_1_421' title='bbox 1506 2471 1545 2509; x_wconf 92' lang='lat' dir='ltr'>in</span> <span class='ocrx_word' id='word_1_422' title='bbox 1574 2471 1655 2508; x_wconf 90' lang='lat' dir='ltr'>aliis</span> <span class='ocrx_word' id='word_1_423' title='bbox 1675 2471 1843 2508; x_wconf 90' lang='lat' dir='ltr'>materiis</span> <span class='ocrx_word' id='word_1_424' title='bbox 1864 2471 2022 2520; x_wconf 87' lang='lat' dir='ltr'>dicatur,</span> <span class='ocrx_word' id='word_1_425' title='bbox 2042 2480 2173 2510; x_wconf 91' lang='lat' dir='ltr'>tamen</span> <span class='ocrx_word' id='word_1_426' title='bbox 2193 2473 2403 2522; x_wconf 92' lang='lat' dir='ltr'>specialiter</span> <span class='ocrx_word' id='word_1_427' title='bbox 2421 2475 2497 2511; x_wconf 92' lang='lat' dir='ltr'>hoc</span> 
     </span>
    </p>
   </div>
   <div class='ocr_carea' id='block_1_26' title="bbox 2524 2047 2710 2123">
    <p class='ocr_par' dir='ltr' id='par_1_29' title="bbox 2524 2047 2710 2123">
     <span class='ocr_line' id='line_1_71' title="bbox 2524 2047 2662 2076; baseline 0 -7"><span class='ocrx_word' id='word_1_428' title='bbox 2524 2049 2532 2057; x_wconf 72' lang='lat'>⁸</span> <span class='ocrx_word' id='word_1_429' title='bbox 2547 2047 2615 2070; x_wconf 77' lang='lat' dir='ltr'>Vers.</span> <span class='ocrx_word' id='word_1_430' title='bbox 2630 2054 2662 2076; x_wconf 90' lang='lat'>¹9·</span> 
     </span>
     <span class='ocr_line' id='line_1_72' title="bbox 2525 2074 2710 2097; baseline 0.005 -1"><span class='ocrx_word' id='word_1_431' title='bbox 2525 2075 2545 2085; x_wconf 70' lang='lat'>&#39;⁸</span> <span class='ocrx_word' id='word_1_432' title='bbox 2564 2074 2665 2096; x_wconf 79' lang='lat' dir='ltr'>Interlin.</span> <span class='ocrx_word' id='word_1_433' title='bbox 2688 2079 2710 2097; x_wconf 85' lang='lat' dir='ltr'>et</span> 
     </span>
     <span class='ocr_line' id='line_1_73' title="bbox 2524 2101 2607 2123; baseline -0.012 0"><span class='ocrx_word' id='word_1_434' title='bbox 2524 2101 2607 2123; x_wconf 87' lang='lat' dir='ltr'>Lomb.</span> 
     </span>
    </p>
   </div>
   <div class='ocr_carea' id='block_1_27' title="bbox 287 2524 2494 2575">
    <p class='ocr_par' dir='ltr' id='par_1_30' title="bbox 287 2524 2494 2579">
     <span class='ocr_line' id='line_1_74' title="bbox 287 2524 2494 2575; baseline 0.001 -14"><span class='ocrx_word' id='word_1_435' title='bbox 287 2525 390 2562; x_wconf 90' lang='lat' dir='ltr'>natio</span> <span class='ocrx_word' id='word_1_436' title='bbox 412 2524 534 2562; x_wconf 85' lang='lat' dir='ltr'>carnis</span> <span class='ocrx_word' id='word_1_437' title='bbox 558 2525 601 2562; x_wconf 92' lang='lat' dir='ltr'>fit</span> <span class='ocrx_word' id='word_1_438' title='bbox 627 2537 698 2574; x_wconf 91' lang='lat' dir='ltr'>per</span> <span class='ocrx_word' id='word_1_439' title='bbox 716 2526 934 2574; x_wconf 92' lang='lat' dir='ltr'>voluptates</span> <span class='ocrx_word' id='word_1_440' title='bbox 952 2537 1150 2563; x_wconf 89' lang='lat' dir='ltr'>venereas.</span> <span class='ocrx_word' id='word_1_441' title='bbox 1181 2527 1284 2575; x_wconf 88' lang='lat' dir='ltr'>Ergo</span> <span class='ocrx_word' id='word_1_442' title='bbox 1315 2527 1364 2564; x_wconf 89' lang='lat' dir='ltr'>ad</span> <span class='ocrx_word' id='word_1_443' title='bbox 1390 2528 1392 2574; x_wconf 57' lang='lat' dir='ltr'>l</span> <span class='ocrx_word' id='word_1_444' title='bbox 1418 2538 1563 2562; x_wconf 92' lang='lat' dir='ltr'>nomen</span> <span class='ocrx_word' id='word_1_445' title='bbox 1591 2525 1663 2562; x_wconf 90' lang='lat' dir='ltr'>sibi</span> <span class='ocrx_word' id='word_1_446' title='bbox 1691 2525 1890 2562; x_wconf 89' lang='lat' dir='ltr'>vindicant</span> <span class='ocrx_word' id='word_1_447' title='bbox 1916 2538 2108 2563; x_wconf 88' lang='lat' dir='ltr'>venereae</span> <span class='ocrx_word' id='word_1_448' title='bbox 2138 2527 2427 2564; x_wconf 87' lang='lat' dir='ltr'>delectationes:</span> <span class='ocrx_word' id='word_1_449' title='bbox 2458 2527 2494 2563; x_wconf 92' lang='lat' dir='ltr'>in</span> 
     </span>
    </p>
   </div>
   <div class='ocr_carea' id='block_1_28' title="bbox 287 2578 735 2627">
    <p class='ocr_par' dir='ltr' id='par_1_31' title="bbox 287 2578 735 2627">
     <span class='ocr_line' id='line_1_75' title="bbox 287 2578 735 2627; baseline 0 -12"><span class='ocrx_word' id='word_1_450' title='bbox 287 2578 356 2615; x_wconf 91' lang='lat' dir='ltr'>has</span> <span class='ocrx_word' id='word_1_451' title='bbox 385 2578 548 2627; x_wconf 89' lang='lat' dir='ltr'>pertinet</span> <span class='ocrx_word' id='word_1_452' title='bbox 575 2578 735 2615; x_wconf 89' lang='lat' dir='ltr'>luxuria.</span> 
     </span>
    </p>
   </div>
   <div class='ocr_carea' id='block_1_29' title="bbox 342 2764 1391 2832">
    <p class='ocr_par' dir='ltr' id='par_1_32' title="bbox 342 2764 1391 2832">
     <span class='ocr_line' id='line_1_76' title="bbox 342 2764 1391 2796; baseline 0.004 -8"><span class='ocrx_word' id='word_1_453' title='bbox 342 2765 371 2796; x_wconf 74' lang='grc' dir='ltr'>α)</span> <span class='ocrx_word' id='word_1_454' title='bbox 389 2764 426 2789; x_wconf 80' lang='lat' dir='ltr'>sit</span> <span class='ocrx_word' id='word_1_455' title='bbox 443 2764 539 2789; x_wconf 84' lang='lat' dir='ltr'>solum.</span> <span class='ocrx_word' id='word_1_456' title='bbox 552 2778 570 2782; x_wconf 99' lang='lat'><em>-</em></span> <span class='ocrx_word' id='word_1_457' title='bbox 588 2764 674 2789; x_wconf 82' lang='lat' dir='ltr'>solum</span> <span class='ocrx_word' id='word_1_458' title='bbox 692 2764 729 2789; x_wconf 82' lang='lat' dir='ltr'>sit</span> <span class='ocrx_word' id='word_1_459' title='bbox 746 2765 778 2794; x_wconf 84' lang='lat' dir='ltr'>K,</span> <span class='ocrx_word' id='word_1_460' title='bbox 797 2765 882 2789; x_wconf 81' lang='lat' dir='ltr'>solum</span> <span class='ocrx_word' id='word_1_461' title='bbox 901 2765 956 2790; x_wconf 80' lang='lat' dir='ltr'>sint</span> <span class='ocrx_word' id='word_1_462' title='bbox 975 2765 1045 2794; x_wconf 85' lang='lat' dir='ltr'>PDa,</span> <span class='ocrx_word' id='word_1_463' title='bbox 1064 2765 1119 2790; x_wconf 83' lang='lat' dir='ltr'>sint</span> <span class='ocrx_word' id='word_1_464' title='bbox 1138 2765 1172 2790; x_wconf 82' lang='lat' dir='ltr'>H.</span> <span class='ocrx_word' id='word_1_465' title='bbox 1389 2781 1391 2792; x_wconf 79' lang='grc' dir='ltr'>ι</span> 
     </span>
     <span class='ocr_line' id='line_1_77' title="bbox 342 2795 1391 2832; baseline 0.002 -8"><span class='ocrx_word' id='word_1_466' title='bbox 342 2798 368 2832; x_wconf 78' lang='grc' dir='ltr'>β)</span> <span class='ocrx_word' id='word_1_467' title='bbox 388 2799 447 2824; x_wconf 81' lang='lat' dir='ltr'>has.</span> <span class='ocrx_word' id='word_1_468' title='bbox 458 2813 478 2820; x_wconf 92' lang='lat'>-</span> <span class='ocrx_word' id='word_1_469' title='bbox 495 2799 542 2824; x_wconf 88' lang='lat' dir='ltr'>hos</span> <span class='ocrx_word' id='word_1_470' title='bbox 562 2800 592 2829; x_wconf 81' lang='lat'>1..</span> <span class='ocrx_word' id='word_1_471' title='bbox 611 2799 651 2824; x_wconf 51' lang='lat' dir='ltr'>ea*</span> <span class='ocrx_word' id='word_1_472' title='bbox 662 2800 708 2824; x_wconf 85' lang='lat' dir='ltr'>Pa.</span> <span class='ocrx_word' id='word_1_473' title='bbox 1389 2795 1391 2832; x_wconf 66' lang='lat' dir='ltr'>l</span> 
     </span>
    </p>
   </div>
   <div class='ocr_carea' id='block_1_30' title="bbox 342 2578 2494 2680">
    <p class='ocr_par' dir='ltr' id='par_1_33' title="bbox 342 2578 2494 2680">
     <span class='ocr_line' id='line_1_78' title="bbox 1390 2578 2494 2634; baseline 0.001 -18"><span class='ocrx_word' id='word_1_474' title='bbox 1390 2581 1392 2634; x_wconf 50' lang='grc' dir='ltr'>ᾗ</span> <span class='ocrx_word' id='word_1_475' title='bbox 1418 2579 1558 2628; x_wconf 91' lang='lat' dir='ltr'>quibus</span> <span class='ocrx_word' id='word_1_476' title='bbox 1587 2578 1702 2616; x_wconf 87' lang='lat' dir='ltr'>etiam</span> <span class='ocrx_word' id='word_1_477' title='bbox 1731 2579 1942 2628; x_wconf 91' lang='lat' dir='ltr'>specialiter</span> <span class='ocrx_word' id='word_1_478' title='bbox 1970 2579 2088 2616; x_wconf 91' lang='lat' dir='ltr'>libido</span> <span class='ocrx_word' id='word_1_479' title='bbox 2122 2580 2267 2627; x_wconf 91' lang='lat' dir='ltr'>dicitur,</span> <span class='ocrx_word' id='word_1_480' title='bbox 2298 2588 2338 2617; x_wconf 93' lang='lat' dir='ltr'>ut</span> <span class='ocrx_word' id='word_1_481' title='bbox 2365 2583 2494 2628; x_wconf 88' lang='lat' dir='ltr'>Augu-</span> 
     </span>
     <span class='ocr_line' id='line_1_79' title="bbox 342 2632 1392 2680; baseline 0.002 -12"><span class='ocrx_word' id='word_1_482' title='bbox 342 2632 570 2668; x_wconf 65' lang='lat' dir='ltr'>Respoum-:o</span> <span class='ocrx_word' id='word_1_483' title='bbox 590 2643 777 2669; x_wconf 86' lang='lat' dir='ltr'>DICENDUM</span> <span class='ocrx_word' id='word_1_484' title='bbox 804 2632 923 2680; x_wconf 89' lang='lat' dir='ltr'>quod,</span> <span class='ocrx_word' id='word_1_485' title='bbox 945 2632 1040 2669; x_wconf 92' lang='lat' dir='ltr'>sicut</span> <span class='ocrx_word' id='word_1_486' title='bbox 1068 2632 1234 2670; x_wconf 93' lang='lat' dir='ltr'>Isidorus</span> <span class='ocrx_word' id='word_1_487' title='bbox 1263 2632 1363 2679; x_wconf 92' lang='lat' dir='ltr'>dicit,</span> <span class='ocrx_word' id='word_1_488' title='bbox 1390 2646 1392 2677; x_wconf 69' lang='lat'><em>2</em></span> 
     </span>
    </p>
   </div>
   <div class='ocr_carea' id='block_1_31' title="bbox 2523 2627 2720 2655">
    <p class='ocr_par' dir='ltr' id='par_1_34' title="bbox 2523 2627 2720 2655">
     <span class='ocr_line' id='line_1_80' title="bbox 2523 2627 2720 2655; baseline 0 -6"><span class='ocrx_word' id='word_1_489' title='bbox 2523 2629 2532 2638; x_wconf 78' lang='lat'>⁴</span> <span class='ocrx_word' id='word_1_490' title='bbox 2547 2627 2605 2655; x_wconf 83' lang='lat' dir='ltr'>Cap.</span> <span class='ocrx_word' id='word_1_491' title='bbox 2621 2634 2658 2651; x_wconf 79' lang='lat' dir='ltr'>xv,</span> <span class='ocrx_word' id='word_1_492' title='bbox 2674 2634 2720 2649; x_wconf 79' lang='lat' dir='ltr'>xvi.</span> 
     </span>
    </p>
   </div>
   <div class='ocr_carea' id='block_1_32' title="bbox 1419 2632 2130 2679">
    <p class='ocr_par' dir='ltr' id='par_1_35' title="bbox 1419 2632 2130 2679">
     <span class='ocr_line' id='line_1_81' title="bbox 1419 2632 2130 2679; baseline 0.001 -10"><span class='ocrx_word' id='word_1_493' title='bbox 1419 2632 1539 2670; x_wconf 90' lang='lat' dir='ltr'>stinus</span> <span class='ocrx_word' id='word_1_494' title='bbox 1569 2632 1671 2679; x_wconf 92' lang='lat' dir='ltr'>dicit,</span> <span class='ocrx_word' id='word_1_495' title='bbox 1701 2633 1791 2670; x_wconf 92' lang='lat' dir='ltr'>XIV</span> <span class='ocrx_word' id='word_1_496' title='bbox 1819 2633 1865 2669; x_wconf 87' lang='lat' dir='ltr'>de</span> <span class='ocrx_word' id='word_1_497' title='bbox 1897 2633 1977 2670; x_wconf 72' lang='lat' dir='ltr'>Ciu.</span> <span class='ocrx_word' id='word_1_498' title='bbox 2007 2634 2083 2670; x_wconf 84' lang='lat' dir='ltr'>Dei</span> <span class='ocrx_word' id='word_1_499' title='bbox 2099 2632 2130 2670; x_wconf 69' lang='lat'>²¹⁶.</span> 
     </span>
    </p>
   </div>
   <div class='ocr_carea' id='block_1_33' title="bbox 1630 2722 1713 2725">
    <p class='ocr_par' dir='ltr' id='par_1_36' title="bbox 1630 2722 1713 2725">
     <span class='ocr_line' id='line_1_82' title="bbox 1630 2722 1713 2725; baseline 0 0"><span class='ocrx_word' id='word_1_500' title='bbox 1630 2722 1713 2725; x_wconf 95' lang='lat' dir='ltr'> </span> 
     </span>
    </p>
   </div>
   <div class='ocr_carea' id='block_1_34' title="bbox 1471 2765 2491 2833">
    <p class='ocr_par' dir='ltr' id='par_1_37' title="bbox 1471 2765 2491 2833">
     <span class='ocr_line' id='line_1_83' title="bbox 1471 2765 1786 2799; baseline -0.003 -9"><span class='ocrx_word' id='word_1_501' title='bbox 1471 2765 1498 2799; x_wconf 83' lang='grc' dir='ltr'>γ)</span> <span class='ocrx_word' id='word_1_502' title='bbox 1519 2769 1567 2791; x_wconf 81' lang='lat' dir='ltr'>est.</span> <span class='ocrx_word' id='word_1_503' title='bbox 1581 2779 1600 2785; x_wconf 93' lang='lat'><em>-</em></span> <span class='ocrx_word' id='word_1_504' title='bbox 1619 2766 1681 2790; x_wconf 89' lang='lat' dir='ltr'>Om.</span> <span class='ocrx_word' id='word_1_505' title='bbox 1700 2765 1786 2790; x_wconf 84' lang='lat' dir='ltr'>BEFI.</span> 
     </span>
     <span class='ocr_line' id='line_1_84' title="bbox 1471 2800 2491 2833; baseline -0.001 -7"><span class='ocrx_word' id='word_1_506' title='bbox 1471 2800 1496 2833; x_wconf 85' lang='grc' dir='ltr'>ὃ)</span> <span class='ocrx_word' id='word_1_507' title='bbox 1517 2801 1627 2826; x_wconf 80' lang='lat' dir='ltr'>Dicitur</span> <span class='ocrx_word' id='word_1_508' title='bbox 1640 2801 1798 2826; x_wconf 82' lang='lat' dir='ltr'>luxuriosis.</span> <span class='ocrx_word' id='word_1_509' title='bbox 1811 2814 1826 2819; x_wconf 97' lang='lat'><em>-</em></span> <span class='ocrx_word' id='word_1_510' title='bbox 1843 2801 1876 2826; x_wconf 86' lang='lat' dir='ltr'>de</span> <span class='ocrx_word' id='word_1_511' title='bbox 1888 2801 2038 2826; x_wconf 83' lang='lat' dir='ltr'>luxuriosis</span> <span class='ocrx_word' id='word_1_512' title='bbox 2057 2801 2272 2831; x_wconf 84' lang='lat' dir='ltr'>PBCDEFIKLa,</span> <span class='ocrx_word' id='word_1_513' title='bbox 2287 2802 2446 2827; x_wconf 85' lang='lat' dir='ltr'>luxuriosus</span> <span class='ocrx_word' id='word_1_514' title='bbox 2459 2802 2491 2826; x_wconf 90' lang='grc'><strong>1-1.</strong></span> 
     </span>
    </p>
   </div>
   <div class='ocr_carea' id='block_1_35' title="bbox 964 2879 1806 2914">
    <p class='ocr_par' dir='ltr' id='par_1_38' title="bbox 964 2879 1806 2914">
     <span class='ocr_line' id='line_1_85' title="bbox 964 2879 1806 2914; baseline 0.001 -2"><span class='ocrx_word' id='word_1_515' title='bbox 964 2879 1303 2912; x_wconf 61' lang='lat' dir='ltr'>Commenta-ia</span> <span class='ocrx_word' id='word_1_516' title='bbox 1325 2879 1580 2914; x_wconf 73' lang='lat' dir='ltr'>cardinalis</span> <span class='ocrx_word' id='word_1_517' title='bbox 1602 2880 1806 2913; x_wconf 70' lang='lat' dir='ltr'>Caietam</span> 
     </span>
    </p>
   </div>
   <div class='ocr_carea' id='block_1_36' title="bbox 293 2959 1391 3033">
    <p class='ocr_par' dir='ltr' id='par_1_39' title="bbox 293 2959 1391 3033">
     <span class='ocr_line' id='line_1_86' title="bbox 293 2959 1391 3033; baseline 0 -43"><span class='ocrx_word' id='word_1_518' title='bbox 293 2971 340 3033; x_wconf 74' lang='lat' dir='ltr'>IN</span> <span class='ocrx_word' id='word_1_519' title='bbox 364 2960 497 2991; x_wconf 85' lang='lat' dir='ltr'>articulo</span> <span class='ocrx_word' id='word_1_520' title='bbox 521 2960 626 3000; x_wconf 88' lang='lat' dir='ltr'>primo</span> <span class='ocrx_word' id='word_1_521' title='bbox 651 2959 847 3000; x_wconf 87' lang='lat' dir='ltr'>quaestionis</span> <span class='ocrx_word' id='word_1_522' title='bbox 871 2960 1364 3001; x_wconf 85' lang='lat' dir='ltr'>centesimaequinquagesimae·</span> <span class='ocrx_word' id='word_1_523' title='bbox 1389 2959 1391 3014; x_wconf 66' lang='grc' dir='ltr'><strong>ἱ</strong></span> 
     </span>
    </p>
   </div>
   <div class='ocr_carea' id='block_1_37' title="bbox 1417 2961 2490 3002">
    <p class='ocr_par' dir='ltr' id='par_1_40' title="bbox 1417 2961 2490 3002">
     <span class='ocr_line' id='line_1_87' title="bbox 1417 2961 2490 3002; baseline 0.001 -11"><span class='ocrx_word' id='word_1_524' title='bbox 1417 2962 1504 3001; x_wconf 93' lang='lat' dir='ltr'>apud</span> <span class='ocrx_word' id='word_1_525' title='bbox 1534 2961 1759 3002; x_wconf 88' lang='lat' dir='ltr'>grammaticos</span> <span class='ocrx_word' id='word_1_526' title='bbox 1788 2962 1965 2992; x_wconf 80' lang='lat' dir='ltr'>contrarius</span> <span class='ocrx_word' id='word_1_527' title='bbox 1990 2962 2115 2993; x_wconf 88' lang='lat' dir='ltr'>videtur</span> <span class='ocrx_word' id='word_1_528' title='bbox 2145 2962 2359 2993; x_wconf 87' lang='lat' dir='ltr'>translationis</span> <span class='ocrx_word' id='word_1_529' title='bbox 2392 2963 2490 2992; x_wconf 88' lang='lat' dir='ltr'>ordo:</span> 
     </span>
    </p>
   </div>
   <div class='ocr_carea' id='block_1_38' title="bbox 291 3004 2491 3092">
    <p class='ocr_par' dir='ltr' id='par_1_41' title="bbox 291 3004 2491 3092">
     <span class='ocr_line' id='line_1_88' title="bbox 321 3004 2491 3051; baseline 0 -16"><span class='ocrx_word' id='word_1_530' title='bbox 321 3005 439 3041; x_wconf 81' lang='lat' dir='ltr'>tertiae,</span> <span class='ocrx_word' id='word_1_531' title='bbox 460 3005 586 3035; x_wconf 84' lang='lat' dir='ltr'>adverte</span> <span class='ocrx_word' id='word_1_532' title='bbox 609 3005 708 3045; x_wconf 93' lang='lat' dir='ltr'>quod,</span> <span class='ocrx_word' id='word_1_533' title='bbox 726 3004 802 3045; x_wconf 89' lang='lat' dir='ltr'>quia</span> <span class='ocrx_word' id='word_1_534' title='bbox 826 3014 883 3045; x_wconf 89' lang='lat' dir='ltr'>par</span> <span class='ocrx_word' id='word_1_535' title='bbox 907 3011 954 3035; x_wconf 88' lang='lat' dir='ltr'>est</span> <span class='ocrx_word' id='word_1_536' title='bbox 977 3011 1013 3035; x_wconf 93' lang='lat' dir='ltr'>ut</span> <span class='ocrx_word' id='word_1_537' title='bbox 1034 3004 1195 3045; x_wconf 85' lang='lat' dir='ltr'>quaelibet</span> <span class='ocrx_word' id='word_1_538' title='bbox 1215 3015 1264 3035; x_wconf 85' lang='lat' dir='ltr'>ars</span> <span class='ocrx_word' id='word_1_539' title='bbox 1287 3015 1365 3045; x_wconf 90' lang='lat' dir='ltr'>gau·</span> <span class='ocrx_word' id='word_1_540' title='bbox 1389 3015 1392 3051; x_wconf 74' lang='grc' dir='ltr'>Ι</span> <span class='ocrx_word' id='word_1_541' title='bbox 1418 3005 1575 3046; x_wconf 84' lang='lat' dir='ltr'>quoniam</span> <span class='ocrx_word' id='word_1_542' title='bbox 1605 3006 1693 3046; x_wconf 90' lang='lat' dir='ltr'>prius</span> <span class='ocrx_word' id='word_1_543' title='bbox 1717 3005 1892 3046; x_wconf 85' lang='lat' dir='ltr'>significata</span> <span class='ocrx_word' id='word_1_544' title='bbox 1916 3013 1962 3037; x_wconf 93' lang='lat' dir='ltr'>est</span> <span class='ocrx_word' id='word_1_545' title='bbox 1992 3007 2079 3047; x_wconf 90' lang='lat' dir='ltr'>apud</span> <span class='ocrx_word' id='word_1_546' title='bbox 2109 3017 2164 3037; x_wconf 90' lang='lat' dir='ltr'>eos</span> <span class='ocrx_word' id='word_1_547' title='bbox 2193 3007 2335 3038; x_wconf 86' lang='lat' dir='ltr'>luxuriae</span> <span class='ocrx_word' id='word_1_548' title='bbox 2359 3007 2491 3037; x_wconf 89' lang='lat' dir='ltr'>nomine</span> 
     </span>
     <span class='ocr_line' id='line_1_89' title="bbox 291 3049 2490 3092; baseline 0 -13"><span class='ocrx_word' id='word_1_549' title='bbox 291 3049 363 3079; x_wconf 87' lang='lat' dir='ltr'>deat</span> <span class='ocrx_word' id='word_1_550' title='bbox 384 3049 521 3090; x_wconf 91' lang='lat' dir='ltr'>propriis</span> <span class='ocrx_word' id='word_1_551' title='bbox 537 3049 711 3084; x_wconf 84' lang='lat' dir='ltr'>vocabulis,</span> <span class='ocrx_word' id='word_1_552' title='bbox 728 3049 801 3079; x_wconf 90' lang='lat' dir='ltr'>ideo</span> <span class='ocrx_word' id='word_1_553' title='bbox 817 3049 850 3079; x_wconf 90' lang='lat' dir='ltr'>in</span> <span class='ocrx_word' id='word_1_554' title='bbox 866 3049 981 3079; x_wconf 87' lang='lat' dir='ltr'>morali</span> <span class='ocrx_word' id='word_1_555' title='bbox 998 3049 1203 3089; x_wconf 88' lang='lat' dir='ltr'>philosophia</span> <span class='ocrx_word' id='word_1_556' title='bbox 1224 3056 1254 3079; x_wconf 95' lang='lat' dir='ltr'>et</span> <span class='ocrx_word' id='word_1_557' title='bbox 1273 3049 1362 3080; x_wconf 90' lang='lat' dir='ltr'>theo·</span> <span class='ocrx_word' id='word_1_558' title='bbox 1389 3054 1392 3081; x_wconf 76' lang='grc'><strong>1</strong></span> <span class='ocrx_word' id='word_1_559' title='bbox 1417 3050 1536 3081; x_wconf 91' lang='lat' dir='ltr'>solutio</span> <span class='ocrx_word' id='word_1_560' title='bbox 1561 3050 1793 3092; x_wconf 90' lang='lat' dir='ltr'>cuiuscumque</span> <span class='ocrx_word' id='word_1_561' title='bbox 1816 3050 1974 3087; x_wconf 89' lang='lat' dir='ltr'>libidinis,</span> <span class='ocrx_word' id='word_1_562' title='bbox 2000 3058 2030 3082; x_wconf 91' lang='lat' dir='ltr'>et</span> <span class='ocrx_word' id='word_1_563' title='bbox 2059 3051 2173 3082; x_wconf 90' lang='lat' dir='ltr'>deinde</span> <span class='ocrx_word' id='word_1_564' title='bbox 2203 3051 2357 3082; x_wconf 84' lang='lat' dir='ltr'>associata</span> <span class='ocrx_word' id='word_1_565' title='bbox 2381 3058 2427 3082; x_wconf 92' lang='lat' dir='ltr'>est</span> <span class='ocrx_word' id='word_1_566' title='bbox 2451 3051 2490 3080; x_wconf 87' lang='lat' dir='ltr'>ad</span> 
     </span>
    </p>
   </div>
   <div class='ocr_carea' id='block_1_39' title="bbox 291 3137 2491 3225">
    <p class='ocr_par' dir='ltr' id='par_1_42' title="bbox 291 3137 2491 3225">
     <span class='ocr_line' id='line_1_90' title="bbox 292 3137 2491 3180; baseline 0 -12"><span class='ocrx_word' id='word_1_567' title='bbox 292 3137 422 3168; x_wconf 82' lang='lat' dir='ltr'>materia</span> <span class='ocrx_word' id='word_1_568' title='bbox 451 3138 702 3170; x_wconf 87' lang='lat' dir='ltr'>delectationum</span> <span class='ocrx_word' id='word_1_569' title='bbox 724 3148 948 3175; x_wconf 89' lang='lat' dir='ltr'>venerearum,</span> <span class='ocrx_word' id='word_1_570' title='bbox 975 3144 1005 3169; x_wconf 89' lang='lat' dir='ltr'>et</span> <span class='ocrx_word' id='word_1_571' title='bbox 1035 3148 1091 3178; x_wconf 86' lang='lat' dir='ltr'>per</span> <span class='ocrx_word' id='word_1_572' title='bbox 1121 3138 1364 3169; x_wconf 89' lang='lat' dir='ltr'>similitudinem</span> <span class='ocrx_word' id='word_1_573' title='bbox 1416 3139 1536 3170; x_wconf 90' lang='lat' dir='ltr'>solutio</span> <span class='ocrx_word' id='word_1_574' title='bbox 1552 3139 1586 3169; x_wconf 90' lang='lat' dir='ltr'>in</span> <span class='ocrx_word' id='word_1_575' title='bbox 1601 3139 1818 3180; x_wconf 88' lang='lat' dir='ltr'>superfluitate</span> <span class='ocrx_word' id='word_1_576' title='bbox 1833 3150 1984 3171; x_wconf 82' lang='lat' dir='ltr'>venereae</span> <span class='ocrx_word' id='word_1_577' title='bbox 2001 3140 2218 3171; x_wconf 82' lang='lat' dir='ltr'>delectationis</span> <span class='ocrx_word' id='word_1_578' title='bbox 2234 3140 2400 3170; x_wconf 88' lang='lat' dir='ltr'>manifeste</span> <span class='ocrx_word' id='word_1_579' title='bbox 2417 3149 2491 3170; x_wconf 90' lang='lat' dir='ltr'>con-</span> 
     </span>
     <span class='ocr_line' id='line_1_91' title="bbox 291 3181 2490 3225; baseline 0.001 -13"><span class='ocrx_word' id='word_1_580' title='bbox 291 3181 332 3212; x_wconf 84' lang='lat' dir='ltr'>ad</span> <span class='ocrx_word' id='word_1_581' title='bbox 348 3182 523 3222; x_wconf 89' lang='lat' dir='ltr'>quemlibet</span> <span class='ocrx_word' id='word_1_582' title='bbox 539 3183 756 3214; x_wconf 87' lang='lat' dir='ltr'>abundantem</span> <span class='ocrx_word' id='word_1_583' title='bbox 779 3193 942 3214; x_wconf 87' lang='lat' dir='ltr'>excessum</span> <span class='ocrx_word' id='word_1_584' title='bbox 967 3182 1116 3214; x_wconf 86' lang='lat' dir='ltr'>translata</span> <span class='ocrx_word' id='word_1_585' title='bbox 1133 3182 1262 3213; x_wconf 89' lang='lat' dir='ltr'>dicitur:</span> <span class='ocrx_word' id='word_1_586' title='bbox 1288 3193 1362 3213; x_wconf 85' lang='lat' dir='ltr'>nam</span> <span class='ocrx_word' id='word_1_587' title='bbox 1417 3183 1507 3214; x_wconf 90' lang='lat' dir='ltr'>sistit.</span> <span class='ocrx_word' id='word_1_588' title='bbox 1533 3184 1574 3214; x_wconf 93' lang='lat' dir='ltr'>Et</span> <span class='ocrx_word' id='word_1_589' title='bbox 1597 3191 1643 3214; x_wconf 91' lang='lat' dir='ltr'>est</span> <span class='ocrx_word' id='word_1_590' title='bbox 1666 3184 1745 3214; x_wconf 87' lang='lat' dir='ltr'>ratio</span> <span class='ocrx_word' id='word_1_591' title='bbox 1770 3184 1910 3215; x_wconf 86' lang='lat' dir='ltr'>diversae</span> <span class='ocrx_word' id='word_1_592' title='bbox 1934 3185 2149 3216; x_wconf 88' lang='lat' dir='ltr'>translationis</span> <span class='ocrx_word' id='word_1_593' title='bbox 2172 3184 2247 3225; x_wconf 89' lang='lat' dir='ltr'>quia</span> <span class='ocrx_word' id='word_1_594' title='bbox 2268 3184 2319 3214; x_wconf 89' lang='lat' dir='ltr'>isti</span> <span class='ocrx_word' id='word_1_595' title='bbox 2342 3194 2380 3215; x_wconf 82' lang='lat' dir='ltr'>ex</span> <span class='ocrx_word' id='word_1_596' title='bbox 2402 3191 2490 3223; x_wconf 87' lang='lat' dir='ltr'>parte</span> 
     </span>
    </p>
   </div>
   <div class='ocr_carea' id='block_1_40' title="bbox 293 3226 1361 3268">
    <p class='ocr_par' dir='ltr' id='par_1_43' title="bbox 293 3226 1361 3268">
     <span class='ocr_line' id='line_1_92' title="bbox 293 3226 1361 3268; baseline 0.003 -13"><span class='ocrx_word' id='word_1_597' title='bbox 293 3235 368 3256; x_wconf 88' lang='lat' dir='ltr'>cum</span> <span class='ocrx_word' id='word_1_598' title='bbox 390 3226 423 3256; x_wconf 90' lang='lat' dir='ltr'>in</span> <span class='ocrx_word' id='word_1_599' title='bbox 446 3226 586 3258; x_wconf 85' lang='lat' dir='ltr'>Ecclesia</span> <span class='ocrx_word' id='word_1_600' title='bbox 609 3227 745 3258; x_wconf 90' lang='lat' dir='ltr'>dicimus</span> <span class='ocrx_word' id='word_1_601' title='bbox 768 3227 911 3258; x_wconf 84' lang='lat' dir='ltr'>luxuriae</span> <span class='ocrx_word' id='word_1_602' title='bbox 935 3234 1118 3268; x_wconf 87' lang='lat' dir='ltr'>peccatum,</span> <span class='ocrx_word' id='word_1_603' title='bbox 1143 3227 1210 3258; x_wconf 87' lang='lat' dir='ltr'>sine</span> <span class='ocrx_word' id='word_1_604' title='bbox 1234 3233 1361 3258; x_wconf 84' lang='lat' dir='ltr'>cuncta-</span> 
     </span>
    </p>
   </div>
   <div class='ocr_carea' id='block_1_41' title="bbox 1417 3227 2490 3269">
    <p class='ocr_par' dir='ltr' id='par_1_44' title="bbox 1417 3227 2490 3269">
     <span class='ocr_line' id='line_1_93' title="bbox 1417 3227 2490 3269; baseline 0 -11"><span class='ocrx_word' id='word_1_605' title='bbox 1417 3227 1558 3258; x_wconf 90' lang='lat' dir='ltr'>nominis</span> <span class='ocrx_word' id='word_1_606' title='bbox 1582 3227 1802 3268; x_wconf 88' lang='lat' dir='ltr'>significantis,</span> <span class='ocrx_word' id='word_1_607' title='bbox 1829 3229 1874 3259; x_wconf 94' lang='lat' dir='ltr'>illi</span> <span class='ocrx_word' id='word_1_608' title='bbox 1898 3239 1935 3260; x_wconf 87' lang='lat' dir='ltr'>ex</span> <span class='ocrx_word' id='word_1_609' title='bbox 1958 3235 2046 3269; x_wconf 88' lang='lat' dir='ltr'>parte</span> <span class='ocrx_word' id='word_1_610' title='bbox 2075 3229 2118 3260; x_wconf 92' lang='lat' dir='ltr'>rei</span> <span class='ocrx_word' id='word_1_611' title='bbox 2142 3228 2334 3269; x_wconf 82' lang='lat' dir='ltr'>significatae</span> <span class='ocrx_word' id='word_1_612' title='bbox 2358 3228 2490 3260; x_wconf 82' lang='lat' dir='ltr'>transla-</span> 
     </span>
    </p>
   </div>
   <div class='ocr_carea' id='block_1_42' title="bbox 294 3269 1759 3312">
    <p class='ocr_par' dir='ltr' id='par_1_45' title="bbox 294 3269 1759 3312">
     <span class='ocr_line' id='line_1_94' title="bbox 294 3269 1759 3312; baseline 0.003 -13"><span class='ocrx_word' id='word_1_613' title='bbox 294 3269 381 3300; x_wconf 91' lang='lat' dir='ltr'>tione</span> <span class='ocrx_word' id='word_1_614' title='bbox 408 3270 614 3311; x_wconf 85' lang='lat' dir='ltr'>intelligimus</span> <span class='ocrx_word' id='word_1_615' title='bbox 642 3278 809 3312; x_wconf 85' lang='lat' dir='ltr'>peccatum</span> <span class='ocrx_word' id='word_1_616' title='bbox 836 3272 868 3302; x_wconf 91' lang='lat' dir='ltr'>in</span> <span class='ocrx_word' id='word_1_617' title='bbox 892 3282 1103 3303; x_wconf 87' lang='lat' dir='ltr'>venereorum</span> <span class='ocrx_word' id='word_1_618' title='bbox 1127 3282 1265 3302; x_wconf 87' lang='lat' dir='ltr'>excessu.</span> <span class='ocrx_word' id='word_1_619' title='bbox 1301 3271 1363 3303; x_wconf 91' lang='lat' dir='ltr'>Sed</span> <span class='ocrx_word' id='word_1_620' title='bbox 1417 3272 1539 3303; x_wconf 91' lang='lat' dir='ltr'>tionem</span> <span class='ocrx_word' id='word_1_621' title='bbox 1563 3272 1759 3303; x_wconf 89' lang='lat' dir='ltr'>ordinarunt.</span> 
     </span>
    </p>
   </div>
  </div>
 </body>
</html>
