2768 4198
46 462 55 472 ⁶
66 461 140 483 Serm.
151 459 245 486 XVLu
223 460 257 481 iu-

45 491 80 509 ter
91 487 153 514 opp.
163 486 257 508 Maxim.

155 515 169 548 β

45 621 57 633 “
71 621 137 643 Vers.
152 627 180 649 ¹3·

144 674 160 700 Υ

45 779 56 790 ”
71 778 139 800 Vers.
153 785 174 807 3.

47 1100 58 1111 ⁸
72 1100 148 1122 Serm.
159 1099 260 1123 CCCXI.

46 1126 139 1176 ave
164 1125 261 1148 mm

944 264 1213 310 QUAESTIO
1244 264 1424 311 CXXIV,

1454 263 1752 300 ART1cuLus
1784 263 1814 299 11
2430 275 2478 311 29

286 354 323 383 et
351 358 449 396 quae
482 346 531 382 ab
560 345 644 394 ipso
682 344 963 391 manifestatur,
993 351 1031 380 et
1059 343 1139 380 sine
1169 355 1246 391 qua
1275 343 1355 391 ipse
1381 343 1384 392 ζ
1410 355 1527 380 mone
1551 342 1589 380 *t
1626 343 1724 380 Vidit
1759 343 1955 380 admirans
1987 343 2244 391 praesentium
2287 344 2482 381 multitudo
2511 355 2723 381 moe-endum<-

286 411 365 437 non
391 399 505 436 valet.
537 398 614 435 Sed
643 398 692 435 ad
721 397 945 446 martyrium
974 397 1180 446 praecipue
1206 396 1357 433 inclinat

287 451 438 490 caritas:
468 450 571 488 unde
601 452 639 488 in
668 451 839 500 quodam
869 462 1048 487 sermone
1078 449 1276 487 Maximi*
1304 449 1384 487 di-
1383 469 1384 478 ÷

287 506 402 543 citur:
436 505 585 542 Caritas
617 505 755 542 Christi
782 505 819 541 in
847 504 1092 553 Martyribus
1119 504 1196 540 suis
1223 503 1312 540 vicit
1330 501 1356 540 β.

286 557 454 596 Maxime
484 559 599 595 etiam
628 557 763 595 caritas
793 570 861 606 per
890 565 1018 594 actum
1047 557 1215 606 martyrii
1238 557 1358 594 mani-

1411 396 1567 434 caeleste
1603 402 1814 443 certamen,
1856 402 1892 433 et
1927 396 1964 432 in
1996 396 2145 444 praelio
2182 397 2321 434 stetisse
2356 409 2484 435 servos

1417 450 1555 487 Christi
1579 461 1672 487 voce
1698 450 1829 496 libera,
1859 456 1982 487 mente
2010 450 2242 498 incorrupta,
2271 451 2407 488 virtute
2432 452 2485 488 di-

1383 504 1512 541 vina.
1543 503 1655 541 Unde
1682 504 1929 540 manifestum
1959 512 2015 540 est
2042 503 2148 553 quod
2174 504 2400 552 martyrium
2430 512 2485 541 est

1383 546 1639 617 {fortitudinis
1668 565 1784 594 actus
1816 558 1865 594 Et
1892 565 2054 607 propterf
2075 558 2151 594 hoc
2181 558 2227 594 de
2257 558 2486 607 martyribus

286 612 462 649 testatur:
488 611 703 648 secundum
724 611 815 648 illud
837 612 941 648 Ioan.
963 623 1010 648 xv
1029 610 1064 648 *ε
1090 611 1285 648 Maiorem
1305 611 1359 647 di·
1384 596 1386 663 ἶ
1412 610 1499 658 legit
1528 610 1719 647 Ecclesia:
1749 612 1883 647 Fortes
1899 612 2003 660 sacti
2027 617 2115 648 sunt
2142 612 2179 648 in
2209 611 2344 648 bello*

287 665 481 709 lectionem
496 670 512 694 Υ
532 677 642 702 nemo
662 665 774 702 habet
790 675 904 713 quam
926 670 967 701 ut
979 664 1149 701 animam
1166 676 1276 702 suam
1290 675 1359 713 po·
1385 691 1386 708 ,

287 723 355 756 nat
379 719 462 767 quis
474 730 548 767 pro
568 718 700 755 amicis
718 718 805 755 suis.
838 718 927 755 Sine
948 717 1101 756 caritate
1121 718 1236 755 etiam
1261 730 1360 754 mar-

287 771 427 820 tyrium
448 772 539 809 nihil
553 772 673 809 valet:
694 771 907 809 secundum
928 771 1019 809 illud
1041 772 1122 809 Iad
1140 764 1228 809 Cor.
1242 783 1304 808 xm
1319 770 1358 807 *.

287 826 330 862 Si
354 825 546 862 tradidero
575 837 713 874 corpus
740 837 866 862 meum
903 826 954 863 ita
983 831 1024 862 ut
1052 826 1232 871 ardeam,
1262 825 1359 862 cari-

288 884 400 915 tatem
437 884 563 916 autem
601 891 677 916 non
714 879 904 925 habuero,
943 878 1036 916 nihil
1072 879 1166 915 mihi
1194 878 1359 927 prodest.

288 932 391 980 Ergo
420 932 646 981 martyrium
676 932 796 980 magis
825 940 880 969 est
908 940 1014 970 actus
1050 931 1212 969 caritatis
1245 943 1361 980 quam
1387 960 1388 971 1

287 985 527 1024 fortitudinis.

344 1039 379 1076 3.
401 1039 636 1086 PRAETEREA,
660 1039 895 1087 Augustinus
915 1038 1015 1085 dicit,
1035 1038 1073 1075 in
1094 1037 1265 1086 quodam
1286 1050 1363 1074 ser-

289 1104 408 1130 mone
437 1093 486 1130 de
515 1101 646 1130 sancto
683 1092 878 1153 Cypriano
898 1092 936 1129 *z
965 1092 1095 1129 Facile
1131 1097 1185 1128 est
1217 1096 1360 1139 marty·-

289 1157 370 1182 rem
405 1146 629 1183 celebrando
666 1146 864 1183 venerari.-
898 1157 1084 1204 magnum
1122 1155 1212 1180 vero
1249 1142 1389 1186 fidem
1388 1179 1389 1204 ἶ

289 1199 369 1236 eius
383 1205 418 1236 et
433 1199 653 1248 patientiam
673 1199 826 1236 imitari.
855 1198 960 1236 Sed
952 1211 990 1235 in
1009 1208 1247 1272 unoquoque
1277 1204 1362 1233 actu

289 1251 436 1290 virtutis
454 1253 659 1301 praecipue
680 1251 879 1289 laudabilis
899 1248 1095 1289 redditur⁶
1112 1250 1234 1288 virtus
1255 1249 1362 1286 cuius
1388 1264 1389 1267 ¹

246 1337 252 1341 .
290 1313 353 1343 est
375 1313 492 1343 actus.
522 1307 626 1354 Ergo
654 1306 879 1353 martyrium
916 1303 1038 1352 magis
1072 1311 1127 1340 est
1163 1310 1269 1340 actus
1297 1315 1362 1352 pa-

47 1464 260 1495 'invium-lib.

91 1498 176 1522 εμπ.

47 1790 59 1802 ⁸
68 1789 117 1818 Qa.
127 1795 208 1818 min,
217 1795 261 1813 art.

0 1795 125 1846 ¹>inacq-

0 1864 1 1868 Ἰ
151 1884 164 1902 ι

49 2657 239 2712 aazias&

49 2885 59 2895 ⁸
73 2882 109 2906 Cf.
124 2888 189 2905 num.
205 2888 240 2904 m.

54 3542 62 3552 ·
77 3541 114 3562 ef.
128 3547 192 3563 num.
204 3547 234 3562 1v

289 1358 441 1397 tientiae
469 1370 588 1408 quam
617 1358 856 1396 fortitudinis.

344 1412 419 1449 San
443 1423 591 1448 coum
615 1423 682 1449 EST
709 1411 816 1460 quod
842 1410 1060 1460 Cyprianus
1087 1409 1188 1456 dicit,
1219 1409 1256 1446 in
1286 1409 1390 1459 epi-1

289 1465 386 1502 stola
404 1465 456 1502 ad
473 1465 674 1515 Martyres
692 1470 728 1502 et
750 1465 993 1514 Confessores
1011 1463 1052 1501 *z
1087 1464 1119 1501 O
1143 1463 1243 1500 beati
1259 1475 1362 1500 mar-

284 1518 404 1568 tyres,
433 1519 567 1568 quibus
593 1530 661 1556 vos
688 1518 862 1556 laudibus
883 1517 1135 1567 praedicem?
1172 1517 1204 1554 O
1230 1516 1364 1554 milites
1389 1526 1390 1534 ¹

277 1571 504 1620 fortissimi,
543 1572 662 1609 robur
695 1572 866 1621 corporis
897 1571 1014 1609 vestri
1047 1583 1122 1620 quo
1154 1570 1363 1620 praeconio

288 1625 392 1663 vocis
409 1625 627 1674 explicem?
654 1625 826 1672 Quilibet
853 1633 983 1663 autem
1002 1624 1179 1662 laudatur
1206 1623 1254 1661 de
1287 1623 1362 1661 vir-

289 1686 367 1716 tute
401 1679 509 1715 cuius
543 1687 672 1716 actum
707 1686 866 1716 exercet.
904 1679 1007 1727 Ergo
1045 1677 1270 1727 martyrium
1308 1685 1365 1715 est

288 1739 395 1769 actus
424 1731 661 1770 fortitudinis

343 1785 572 1823 Respounno
610 1797 795 1823 mesanum
834 1785 956 1834 quod,
986 1784 1083 1822 sicut
1121 1796 1165 1821 ex
1203 1795 1318 1833 supra
1344 1783 1365 1806 *

289 1834 396 1878 dictis
434 1847 556 1888 patet,
586 1840 634 1877 ad
663 1838 920 1876 fortitudinem
954 1838 1115 1887 pertinet
1147 1845 1190 1874 ut
1226 1837 1365 1874 confir·
1390 1837 1391 1873 ζ

288 1900 369 1929 met
396 1892 596 1930 hominem
626 1893 663 1930 in
692 1893 798 1930 bono
821 1891 968 1929 virtutis
992 1899 1125 1928 contra
1143 1895 1156 1912 ⁸
1183 1890 1362 1939 pericula,
1390 1915 1391 1918 =

291 1953 327 1982 et
354 1945 560 1994 praecipue
596 1953 727 1982 contra
755 1945 924 1994 pericula
952 1945 1102 1990 mortis,
1133 1951 1170 1980 et
1198 1944 1363 1981 maxime
1390 1977 1391 1980 ,

291 1998 372 2035 eius
409 2010 509 2048 quae
547 2006 603 2046 est
639 1998 679 2036 in
711 1998 822 2036 bello.

291 2051 395 2102 quod
425 2051 463 2089 in
492 2051 673 2101 martyrio
702 2052 823 2089 homo
853 2051 1012 2089 firmiter
1045 2050 1295 2088 confirmatur
1323 2050 1361 2088 in

290 2104 395 2143 bono
416 2105 576 2152 virtutis,
597 2105 691 2143 dum
718 2105 838 2143 fidem
857 2113 894 2142 et
913 2104 1091 2142 iustitiam
1117 2116 1195 2142 non
1225 2104 1364 2142 deserit
1389 2110 1391 2141 Ξ

290 2165 447 2208 propter
473 2158 712 2196 imminentia
739 2158 906 2207 pericula
934 2158 1088 2205 mortis,
1119 2169 1218 2205 quae
1249 2157 1362 2194 etiam

290 2211 328 2249 in
347 2213 519 2260 quodam
541 2211 747 2249 certamine
766 2211 981 2260 particulari
1006 2223 1029 2248 a
1051 2210 1362 2259 persecutoribus
1389 2213 1390 2216 ’

290 2265 502 2303 imminent.
532 2265 646 2302 Unde
665 2265 882 2314 Cyprianus
910 2263 1010 2311 dicit,
1032 2263 1069 2301 in
1088 2263 1261 2313 quodam
1287 2275 1362 2300 ser-

343 2376 370 2411 β)
390 2377 462 2404 vicit.
473 2391 493 2397 —
511 2377 595 2404 vincit
613 2377 719 2403 PADsC
737 2383 763 2402 et
781 2385 807 2402 a.
1174 2402 1177 2404 i

340 2413 368 2473 ἔ)
387 2413 567 2456 dilectiqncm.
578 2427 598 2433 -
615 2413 759 2455 caritatem
777 2413 885 2442 AGl-ia5
903 2420 983 2447 quam
1003 2421 1058 2439 om.
1077 2413 1133 2438 ΑΚ.

357 2449 532 2482 )-1αιιᾰαὸιὶι,ς
551 2449 686 2474 redditur.
699 2463 717 2468 —
735 2448 866 2474 laudatur
884 2449 914 2474 Ρ.

863 1998 1110 2035 Manifestum
1145 2005 1200 2034 est
1232 2005 1362 2034 autem
1390 1998 1391 2035 ἰ

1467 666 1526 700 AD
1555 675 1693 701 Palmum
1721 676 1820 701 ERGO
1849 676 2034 702 DICENDUM
2063 664 2169 713 quod
2203 664 2241 701 in
2270 672 2356 702 actu
2385 664 2484 701 forti-

1385 717 1553 766 {tudinis
1593 717 1669 754 duo
1709 726 1795 754 sunt
1824 718 2112 756 consideranda.
2152 718 2331 765 Quorum
2364 730 2486 755 unum

1385 769 1387 805 l
1415 778 1470 807 est
1498 771 1644 807 bonum
1672 770 1710 807 in
1731 783 1808 819 quo
1829 771 1933 808 fortis
1962 772 2155 809 firmatur:
2187 780 2223 809 et
2241 773 2318 809 hoc
2337 779 2394 809 est
2413 772 2487 808 for-

1386 823 1582 866 titudinis
1610 823 1710 861 finis.
1743 824 1856 861 Aliud
1887 832 1942 861 est
1974 825 2056 873 ipsa
2089 825 2266 872 firmitas,
2298 837 2375 874 qua
2403 825 2487 874 quis

1386 861 1388 916 }
1415 889 1494 915 non
1515 877 1614 914 cedit
1633 878 1829 914 contrariis
1849 878 2140 937 prohibentibus
2160 879 2208 915 ab
2225 879 2288 915 illo
2309 879 2431 916 bono:
2453 886 2488 915 et

1387 925 1388 944 ¹
1416 932 1454 968 in
1473 931 1548 967 hoc
1569 930 1738 967 consistit
1767 931 1929 968 essentia
1958 931 2196 969 fortitudinis.
2229 932 2334 969 Sicut
2357 940 2486 969 autem

1416 983 1596 1020 fortitudo
1618 983 1736 1020 civilis
1766 984 1892 1021 firmat
1911 983 2083 1021 animum
2104 985 2271 1022 hominis
2290 986 2330 1022 in
2350 985 2488 1023 iustitia

1388 1038 1599 1083 humana,
1616 1045 1773 1085 propter
1795 1037 1901 1074 cuius
1922 1038 2254 1075 conservationem
2271 1039 2404 1076 mortis
2423 1051 2489 1088 pe-

1388 1112 1389 1134 1
1388 1089 1533 1127 ricula
1562 1090 1735 1134 sustinet;
1766 1090 1816 1127 ita
1835 1090 1949 1127 etiam
1970 1091 2149 1128 fortitudo
2179 1092 2338 1140 gratuita
2362 1093 2489 1129 firmat

1417 1143 1591 1180 animum
1621 1143 1789 1180 hominis
1818 1142 1855 1180 in
1884 1144 1989 1180 bono
2019 1145 2179 1182 iustitiae
2206 1146 2290 1191 Dei,
2311 1157 2409 1194 quae
2436 1152 2490 1183 est

1388 1196 1624 1245 perfidem
1654 1197 1740 1233 Iesu
1774 1197 1922 1243 Christi,
1951 1205 1993 1233 ut
2022 1197 2158 1235 dicitur
2185 1200 2298 1236 Rom.
2320 1211 2355 1235 111
2374 1198 2405 1235 ⁹¹⁶.
2441 1200 2527 1236 Et

1417 1249 1471 1286 sic
1509 1249 1733 1298 martyrium
1774 1257 2019 1299 comparatur
2060 1252 2109 1288 ad
2146 1252 2265 1288 fidem
2309 1251 2405 1288 sicut
2442 1252 2489 1289 ad

1388 1306 1390 1321 ³
1416 1303 1536 1340 finem
1565 1302 1602 1339 in
1631 1315 1709 1351 quo
1740 1303 1875 1351 aliquis
1905 1304 2079 1342 firmatur
2098 1303 2129 1341 c:
2161 1306 2210 1342 ad
2230 1305 2489 1342 fortitudinem

1388 1375 1390 1377 ·
1418 1363 1547 1393 autem
1577 1356 1673 1393 sicut
1701 1357 1750 1393 ad
1777 1357 1952 1394 habitum
1981 1357 2207 1395 elicientem.

1471 1411 1530 1446 An
1550 1421 1742 1447 SECUNDUM
1762 1421 1948 1447 DtcENDUM
1969 1411 2074 1459 quod
2094 1411 2143 1448 ad
2163 1419 2291 1449 actum
2321 1412 2490 1459 martyrii

1389 1509 1390 1512 Ἴ
1417 1462 1571 1500 inclinat
1599 1463 1757 1512 quidem
1798 1463 1932 1501 caritas
1961 1463 2056 1501 sicut
2091 1466 2258 1513 primum
2296 1473 2331 1502 et
2358 1465 2493 1514 princi-

1416 1516 1503 1566 pale
1534 1516 1746 1564 motivum,
1776 1529 1846 1566 per
1881 1516 2043 1555 modum
2071 1518 2219 1555 virtutis
2250 1519 2490 1567 imperantis:

1418 1569 1599 1607 fortitudo
1639 1577 1768 1612 autem
1807 1571 1903 1608 sicut
1941 1571 2130 1609 motivum
2168 1572 2390 1621 proprium,
2426 1584 2494 1621 per

1418 1623 1581 1661 modum
1601 1624 1749 1661 virtutis
1778 1624 1969 1662 elicientis.
2000 1626 2048 1662 Et
2068 1625 2156 1663 inde
2178 1625 2290 1663 etiam
2313 1634 2369 1662 est
2388 1625 2493 1674 quod

1418 1677 1645 1726 martyrium
1676 1685 1732 1714 est
1759 1685 1866 1715 actus
1895 1678 2057 1716 caritatis
2085 1687 2127 1716 ut
2156 1679 2390 1728 imperantis,
2420 1680 2494 1716 for-

1417 1731 1587 1768 titudinis
1625 1740 1755 1768 autem
1788 1739 1830 1768 ut
1862 1731 2052 1769 elicientis.
2090 1734 2139 1770 Et
2173 1733 2260 1770 inde
2300 1740 2355 1770 est
2388 1733 2493 1782 quod

1418 1792 1623 1832 utramque
1651 1783 1830 1821 virtutem
1866 1785 2094 1823 manifestat.
2135 1787 2251 1833 Quod
2285 1794 2414 1823 autem
2449 1786 2494 1823 sit

1419 1837 1682 1884 meritorium,
1711 1838 1827 1875 habet
1856 1850 1901 1875 ex
1939 1839 2113 1876 caritate:
2144 1840 2239 1877 sicut
2272 1848 2308 1877 et
2336 1839 2494 1889 quilibet

1418 1891 1567 1928 virtutis
1596 1898 1702 1928 actus
1721 1892 1751 1928 *.
1783 1892 1832 1928 Et
1859 1891 1946 1928 ideo
1976 1893 2057 1930 sine
2086 1893 2237 1930 caritate
2272 1906 2350 1930 non
2378 1894 2491 1930 valet.

1417 1997 1663 2046 principalior
1700 2005 1806 2035 actus
1845 1998 2072 2037 fortitudinis
2111 2007 2167 2036 est
2204 2000 2406 2048 sustinere,
2445 2001 2491 2037 ad

1390 2056 1391 2095 ζ
1418 2062 1536 2099 quem
1566 2051 1729 2100 pertinet
1757 2051 2001 2100 martyrium;
2031 2066 2109 2090 non
2139 2061 2267 2090 autem
2289 2055 2337 2091 ad
2358 2066 2491 2091 secun-

1419 2104 1569 2141 darium
1599 2112 1727 2141 actum
1748 2104 1839 2151 eius,
1861 2105 1926 2153 qui
1952 2114 2007 2143 est
2035 2107 2200 2154 aggredi.
2231 2107 2280 2144 Et
2309 2107 2398 2155 quia
2427 2120 2492 2156 pa-

1389 2200 1390 2203 *
1417 2157 1548 2195 tientia
1577 2157 1741 2195 deservit
1768 2157 1978 2196 fortitudini
2008 2171 2054 2196 ex
2083 2168 2189 2208 parte
2219 2168 2325 2197 actus
2359 2160 2494 2209 princi-

1416 2211 1523 2260 palis,
1544 2210 1611 2260 qui
1631 2218 1687 2247 est
1716 2211 1912 2258 sustinere,
1934 2212 2022 2249 inde
2053 2221 2108 2250 est
2129 2213 2242 2250 etiam
2269 2213 2374 2262 quod
2404 2226 2493 2251 con-

1388 2299 1390 2308 ,
1418 2263 1645 2301 comitanter
1672 2264 1710 2300 in
1731 2265 1960 2313 martyribus
1979 2265 2159 2315 patientia
2188 2267 2493 2305 commendatur.

1474 2379 1498 2409 e)
1517 2382 1623 2404 contra.
1635 2393 1655 2398 -—
1673 2382 1701 2404 ct
1720 2379 1842 2404 maxime
1859 2383 1956 2405 contra
1976 2380 2023 2405 Pa.

1392 2379 1396 2482 Ι
1475 2413 1500 2447 ζ)
1514 2414 1656 2448 firmatur.
1667 2428 1686 2434 —
1703 2415 1882 2448 confirmatur
1901 2415 1949 2440 Pa.

970 2532 1308 2566 commentaria
1331 2532 1586 2567 Cardinalis
1607 2534 1810 2567 Caietam

318 2623 340 2644 n
363 2612 499 2644 articulo
521 2612 665 2643 secundo
688 2611 825 2644 dubium
842 2612 981 2644 ocmrrit
1003 2622 1041 2644 ex
1056 2613 1205 2649 Martiae,
1221 2613 1255 2644 in
1276 2613 1361 2644 dicto

320 2662 454 2688 tractatu
469 2656 496 2692 ²⁸,
513 2665 570 2697 qu.
583 2667 617 2687 m
632 2655 678 2692 *ἦ
694 2656 821 2688 volente
835 2657 926 2697 quod
941 2657 1130 2698 martyrium
1146 2665 1193 2689 est
1215 2665 1305 2689 actus
1323 2658 1361 2688 il—

288 2701 351 2732 lius
365 2700 506 2737 virtutis,
521 2700 555 2731 in
571 2701 671 2741 gradu
687 2707 794 2732 tamen
810 2701 951 2739 heroico,
969 2703 1008 2733 ad
1024 2711 1123 2742 quam
1138 2710 1259 2743 spectat
1273 2709 1363 2734 actus

288 2745 342 2776 ille
361 2755 420 2786 pro
435 2745 526 2776 cuius
541 2745 739 2785 persistentia
758 2745 891 2786 patitur:
917 2755 962 2783 ut,
979 2746 1005 2777 si
1021 2747 1139 2787 patitur
1157 2757 1216 2787 pro
1232 2747 1362 2784 iustitia,

289 2797 337 2821 eat
353 2796 440 2821 actus
455 2789 610 2826 iustitiae;
634 2799 694 2830 pro
717 2790 935 2830 temperantia,
952 2798 1000 2822 est
1013 2798 1103 2822 actus
1126 2792 1363 2832 temperantiae,

289 2841 348 2867 etc.
378 2834 494 2875 Arguit
508 2844 584 2874 ergo
612 2834 728 2865 directe
743 2841 854 2865 contra
876 2837 1052 2866 Auctorem
1071 2835 1216 2877 quinque
1238 2836 1361 2867 mediis.

343 2879 465 2916 Ρνίηιο,
482 2878 526 2909 sic
540 2878 568 2909 *.
593 2878 714 2909 Volitio
730 2879 868 2910 iustitiae
891 2886 957 2910 tam
970 2878 1063 2910 firma
1081 2887 1118 2911 ut
1140 2890 1198 2911 nec
1217 2891 1276 2921 pro
1294 2891 1363 2912 cru-

289 2923 372 2955 ciatu
397 2929 427 2955 et
451 2929 554 2954 morte
576 2923 653 2954 velit
676 2932 747 2954 eam
771 2924 923 2960 deserere,
947 2931 995 2955 est
1017 2930 1106 2955 actus
1129 2924 1276 2956 iustitiae.
1301 2925 1363 2956 Sed

288 2967 478 3008 martyrium
502 2967 641 2998 mentale
670 2978 730 3008 pro
753 2968 872 2999 iustitia
895 2978 963 2998 non
986 2975 1034 2999 est
1062 2969 1149 2999 aliud
1179 2979 1279 3010 quam
1303 2970 1363 3000 hu-

288 3011 429 3044 iusmodi
452 3011 576 3043 volitio.
607 3012 693 3052 Ergo
718 3012 906 3053 martyrium
930 3013 1067 3044 mentale
1090 3023 1150 3054 pro
1174 3013 1294 3044 iustitia
1318 3021 1365 3045 est

288 3063 377 3087 actus
400 3056 548 3088 iustitiae.
572 3056 614 3088 Et
636 3064 878 3097 consequenter,
903 3057 1092 3098 martyrium
1112 3057 1248 3088 exterius
1262 3058 1363 3098 impe-

288 3107 404 3132 ratum.
427 3118 450 3124 -
472 3101 577 3133 Maior
599 3101 762 3141 probatur.
797 3101 920 3133 Omnes
943 3101 1113 3132 volitiones
1141 3112 1225 3143 quae
1246 3102 1364 3134 habent

287 3144 373 3176 idem
389 3145 554 3177 obiectum
568 3155 753 3182 commune,
771 3146 930 3186 pertinent
947 3147 988 3177 ad
1003 3146 1089 3177 idem
1104 3156 1205 3186 genus
1220 3146 1362 3178 virtutis:

288 3188 361 3220 licet
382 3199 441 3229 per·
455 3189 592 3222 diversas
607 3189 867 3227 circumstantias,
883 3201 966 3232 quae
990 3201 1023 3221 se
1046 3191 1163 3222 habent
1186 3197 1223 3222 ut
1241 3191 1364 3222 obiecta

289 3233 431 3272 portiana
453 3234 722 3266 missionum-vel
751 3235 964 3272 nofflionum,
994 3242 1125 3275 possent
1154 3236 1194 3266 ad
1225 3235 1363 3266 diversas

289 3277 409 3317 species
432 3278 611 3318 pertinere.>
631 3278 694 3310 Sed
716 3279 776 3311 hae
800 3280 881 3310 duae
903 3279 1085 3316 volitiones,
1109 3279 1228 3311 scilicet
1248 3280 1362 3311 voliu'o

288 3321 427 3352 iustitiae
446 3323 603 3359 absolute,
628 3323 691 3355 hoc
714 3331 762 3355 est
783 3324 851 3355 sine
867 3324 1051 3355 conditione
1066 3324 1188 3360 mortis,
1205 3331 1236 3355 et
1250 3324 1362 3355 volitio

290 3365 427 3396 iustitiae
441 3376 518 3397 cum
532 3367 716 3399 conditione
730 3368 983 3400 circumstantiae
999 3369 1122 3405 mortis,
1139 3369 1256 3400 habent
1277 3368 1363 3400 idem

291 3409 454 3441 obiectum
483 3419 678 3448 noeumane,-
691 3413 817 3444 scilieet
847 3423 933 3464 opus
961 3413 1109 3445 iustitiae.
1140 3414 1226 3454 Ergo
1251 3415 1363 3445 ambae

291 3454 448 3504 pertinent
474 3455 515 3486 ad
536 3455 623 3487 idem
640 3465 743 3495 genua
762 3457 898 3489 virtutis.
928 3458 990 3489 Sed
1023 3458 1128 3499 prima
1159 3458 1294 3498 pertinet
1323 3459 1363 3489 ad

291 3498 564 3574 iustgggxdffrgo
587 3506 620 3530 et
637 3501 789 3533 secunda

292 3594 487 3618 executtoms
513 3597 553 3617 ne
577 3588 738 3618 deseratur
760 3589 895 3626 instilla,
920 3597 975 3621 aUt
1003 3598 1123 3631 Spectat
1146 3591 1186 3622 ad
1208 3591 1361 3623 iustitiam

566 3543 689 3575 Volitio
710 3554 787 3576 cum
812 3551 1001 3586 contemptu
1030 3547 1144 3578 mortis
1177 3547 1363 3598 imperativa
1389 3578 1391 3591 ι

1414 2620 1559 2645 tantum:
1592 2621 1624 2645 et
1654 2615 1788 2645 habetur
1816 2614 1988 2646 intentum.
2021 2618 2088 2646 Aut
2111 2616 2150 2646 ad
2175 2615 2396 2647 fortitudinem
2426 2625 2494 2649 tan-

1415 2665 1502 2689 tum:
1528 2666 1558 2690 et
1581 2659 1644 2689 hoc
1668 2669 1752 2695 non,
1784 2659 1860 2700 quia
1882 2659 2039 2691 fortitudo
2070 2670 2136 2690 non
2160 2660 2291 2691 inclinat
2319 2661 2359 2691 ad
2387 2669 2495 2692 actum

1414 2703 1553 2734 iustitiae
1576 2714 1633 2744 per
1656 2714 1688 2734 se
1713 2710 1744 2734 et
1765 2703 1960 2741 immediate,
1985 2704 2038 2735 ille
2061 2711 2169 2735 autem
2200 2712 2288 2736 actus
2312 2712 2359 2736 est
2381 2706 2493 2737 volitio

1415 2747 1564 2779 iustitiae.
1596 2750 1664 2778 Aut
1687 2748 1727 2778 ad
1759 2755 1938 2790 utramque.
1963 2749 2004 2780 Et
2027 2749 2089 2780 hoc
2113 2759 2191 2780 non.
2222 2750 2311 2780 Tum
2342 2751 2417 2791 quia
2441 2751 2494 2781 ille

1416 2799 1506 2823 actus
1531 2799 1577 2823 est
1600 2802 1698 2823 unus:
1725 2802 1799 2833 ergo
1824 2794 1959 2833 pertinet
1984 2794 2023 2824 ad
2047 2804 2151 2824 unum
2174 2803 2274 2833 genus
2298 2794 2438 2831 virtutis,
2464 2803 2494 2826 et

1416 2847 1483 2867 non
1500 2837 1540 2867 ad
1556 2837 1632 2868 duo.
1649 2855 1670 2860 -
1687 2837 1776 2868 Tum
1792 2838 1868 2878 quia
1883 2838 1990 2868 omnis
2009 2845 2098 2869 actus
2117 2838 2174 2879 qui
2194 2839 2347 2870 refertur'
2339 2850 2372 2869 m
2388 2839 2494 2880 aliqua

1417 2881 1494 2918 duo,
1518 2882 1551 2911 in
1576 2891 1680 2912 unum
1703 2888 1858 2923 tanquam
1880 2882 1914 2912 in
1931 2883 2141 2914 substantiam
2157 2890 2246 2914 actus
2265 2891 2296 2914 et
2309 2883 2342 2914 in
2359 2884 2494 2915 alterum

1416 2931 1570 2966 tanquam
1594 2926 1627 2956 in
1644 2926 1924 2963 circumstantiam,
1942 2927 2078 2968 pertinet
2097 2928 2136 2958 ad
2155 2927 2235 2958 illud
2252 2928 2375 2959 virtutis
2394 2939 2494 2969 genus

1416 2970 1457 3000 ad
1480 2971 1570 3012 quod
1597 2971 1733 3011 pertinet
1756 2972 1932 3003 substantia
1955 2979 2058 3003 actus:
2091 2973 2146 3003 sed
2170 2973 2357 3003 huiusmodi
2380 2974 2493 3004 volitio

1416 3014 1516 3046 fertur
1539 3015 1572 3045 in
1597 3025 1680 3055 opus
1703 3015 1842 3046 iustitiae
1872 3023 2026 3057 tanquam
2055 3017 2089 3047 in
2113 3017 2323 3054 substantiam
2347 3025 2435 3048 actus
2463 3025 2493 3048 et

1417 3059 1580 3090 obiectum
1608 3059 1750 3100 primum
1781 3067 1812 3091 et
1834 3060 2017 3101 principale,
2043 3068 2074 3092 et
2096 3061 2195 3092 fertur
2217 3062 2250 3092 in
2283 3062 2440 3093 cruciatus
2464 3069 2494 3092 et

1417 3110 1573 3140 mortem‚.
1586 3105 1823 3135 contemnendo
1840 3105 1967 3142 scilicet,
1992 3112 2146 3146 tanquam
2161 3106 2195 3136 in
2211 3106 2492 3145 circumstantiam,

1417 3148 1504 3188 quia,
1527 3155 1564 3179 ut
1586 3149 1720 3188 ponitur
1734 3149 1767 3179 in
1784 3159 1868 3186 casu,
1890 3149 2016 3181 facienti
2031 3150 2185 3181 iustitiam
2208 3151 2402 3190 proponitur
2417 3161 2492 3181 con-

1418 3192 1497 3223 ditio
1521 3193 1634 3223 mortis
1657 3200 1688 3223 et
1719 3194 1929 3225 cruciatuum.
1954 3195 2058 3225 Maior
2075 3195 2165 3225 istius
2196 3195 2394 3235 probationis
2418 3205 2492 3236 pro-

1416 3237 1520 3267 batur.
1544 3237 1630 3274 Quia
1644 3237 1720 3268 alias
1735 3237 1822 3268 idem
1838 3245 1926 3269 actus
1950 3245 2059 3279 posset
2074 3239 2196 3269 ratione
2212 3239 2406 3270 substantiae
2423 3251 2492 3281 spe—

1417 3288 1501 3312 ctare
1529 3282 1568 3311 ad
1599 3292 1702 3312 unum
1725 3282 1849 3313 virtutis
1871 3292 1992 3333 genus,
2017 3290 2048 3313 et
2078 3283 2199 3314 ratione
2229 3284 2327 3314 unius
2358 3284 2491 3315 circum-

1417 3325 1550 3356 stantiae
1580 3326 1621 3355 ad
1644 3326 1747 3362 aliud,
1773 3334 1804 3356 et
1831 3327 1953 3357 ratione
1976 3327 2104 3358 alterius
2128 3328 2168 3358 ad
2191 3327 2296 3359 aliud:
2329 3329 2419 3370 quod
2447 3336 2492 3360 est

1417 3369 1552 3400 omnino
1577 3371 1768 3406 absurdum,
1794 3377 1825 3401 et
1854 3378 1963 3402 contra
1986 3381 2120 3402 omnem
2143 3373 2321 3403 doctrinam
2349 3373 2492 3413 philoso-

1416 3414 1558 3455 phorum
1582 3415 1755 3445 moralium
1778 3422 1810 3445 et
1832 3415 2033 3453 Sanctorum,
2050 3417 2106 3458 qui
2129 3417 2162 3447 in
2182 3417 2333 3448 doctrinis
2350 3418 2415 3448 suis
2439 3419 2492 3448 de-

1417 3459 1536 3489 clarant
1552 3466 1640 3490 actus
1655 3459 1780 3490 virtutis
1799 3469 1856 3499 per
1871 3460 1974 3491 nullas
1991 3461 2241 3492 circumstantias
2257 3462 2375 3493 variare
2391 3473 2491 3503 genus

1416 3503 1550 3534 virtutis.

1478 3548 1584 3578 Tertio
1601 3547 1629 3579 *.
1654 3548 1769 3579 Omnis
1792 3555 1881 3579 actus
1904 3549 1960 3590 qui
1985 3556 2031 3580 est
2054 3550 2135 3581 circa
2150 3561 2255 3581 unum
2278 3558 2431 3592 tanquam
2455 3550 2490 3580 fi-

1389 3597 1391 3620 l
1416 3602 1508 3629 nem,
1533 3599 1564 3623 et
1588 3592 1668 3623 circa
1692 3593 1779 3623 aliud
1802 3600 1957 3634 tanquam
1980 3594 2012 3624 id
2035 3595 2126 3636 quod
2149 3602 2196 3626 est
2219 3596 2259 3625 ad
2282 3594 2396 3631 finem,
2421 3605 2490 3635 per-

1471 1946 1530 1981 An
1558 1955 1720 1981 TERTIUM
1750 1956 1934 1982 mOENDUM
1955 1946 2074 1995 quod,
2096 1946 2193 1984 sicut
2221 1947 2364 1984 dictum
2386 1955 2441 1984 est
2460 1947 2491 1993 ³²,
2521 1951 2543 1998 ᾗ,

2510 389 2530 411 3.

2514 617 2563 638 In
2576 616 2650 644 Epist.
2661 615 2726 637 Miss.

2513 643 2600 664 Mart.
2596 623 2651 664 pCf.
2667 642 2726 663 Heb.

2514 675 2565 697 cap.
2576 676 2608 697 xi,
2619 675 2678 691 v.ers
2690 675 2726 698 3⁴·

2542 1203 2608 1225 Vers.
2624 1209 2658 1224 22.

2618 1305 2631 1335 ζ

2521 1901 2530 1911 ⁸
2546 1901 2574 1922 D.
2588 1900 2638 1922 882.

2542 1949 2589 1977 Qu.
2601 1954 2682 1975 cxxiii,
2690 1952 2732 1970 art.

2519 3558 2577 3579 ·Ct.
2594 3564 2658 3579 num.
2673 3565 2694 3579 v.
