2768 4198
42 886 55 897 ⁸
66 884 100 907 c·
118 901 123 905 .
138 890 207 932 ιῆιι,
222 890 254 910 ιο,

41 917 108 960 2131.
122 926 128 932 .
181 926 187 932 .
202 911 254 932 lect.

958 276 1226 321 QUAESTIO
1257 275 1431 323 CLXIV,
1459 276 1756 313 ARTICULUS
1786 277 1799 312 I

284 357 369 394 ralis
397 356 543 394 homini
574 368 618 392 ex
647 363 752 404 parte
782 366 873 391 suae
902 354 1060 390 formae.
1096 353 1257 390 Materia
1286 366 1350 390 au·
1374 353 1376 378 ³

283 420 358 447 tem
393 409 560 446 hominis
594 416 649 444 est
683 420 821 456 corpus
854 408 927 443 tale
966 407 1072 454 quod
1102 415 1157 442 est
1186 419 1231 442 ex
1261 419 1350 442 con-

283 463 403 499 trariis
432 461 707 510 compositum:
737 462 784 497 ad
816 460 919 508 quod
948 460 1117 507 sequitur
1147 472 1189 495 ex
1221 471 1350 496 neces-

283 516 389 552 sitate
418 513 719 562 corruptibilitas.
750 514 799 549 Et
827 520 1011 561 quantum
1042 513 1091 549 ad
1119 513 1213 558 hoc,
1246 525 1351 548 mors

284 577 339 604 est
374 567 522 604 homini
556 566 747 603 naturalis.
786 566 894 602 Haec
926 573 1054 601 tamen
1075 570 1086 586 ²
1116 566 1283 602 conditio
1314 566 1351 602 in

283 620 440 657 materia
469 619 626 656 humani
657 620 826 668 corporis
856 627 911 655 est
940 631 1178 667 consequens
1213 631 1257 655 ex
1287 631 1352 655 ne-

283 674 454 710 cessitate
475 673 677 709 materiae:
707 674 796 721 quia
825 673 1026 720 oportebat
1054 684 1193 720 corpus
1217 673 1351 708 huma-

282 739 376 763 num
413 738 496 763 esse
531 738 719 774 organum
755 734 896 772 tactus,
937 733 973 761 et
1009 738 1078 774 per
1111 738 1351 773 consequens

283 779 455 816 medium
476 779 572 816 inter
591 779 804 827 tangibilia;
837 787 871 815 et
899 779 973 815 hoc
997 791 1074 815 non
1100 787 1248 827 poterat
1269 791 1350 815 esse

283 833 353 870 nisi
383 841 480 869 esset
509 845 553 869 ex
574 832 768 869 contrariis
789 832 1057 880 compositum,
1087 840 1127 868 ut
1154 839 1257 880 patet
1286 844 1353 880 per

284 886 575 935 Philosophum,
606 886 643 922 in
673 887 704 921 II
734 886 779 922 de
806 886 946 922 Anima
965 885 996 922 ²¹².
1027 886 1119 921 Non
1139 893 1266 921 autem
1298 893 1353 922 est

283 939 450 976 conditio
480 939 693 976 secundum
719 951 836 987 quam
867 939 1023 976 materia
1051 938 1249 987 adaptetur
1278 938 1351 974 for-

282 1005 390 1029 mae:
421 993 522 1041 quia,
553 993 581 1029 si
613 999 711 1028 esset
738 992 931 1041 possibile,
962 1005 1048 1028 cum
1079 992 1201 1028 forma
1231 991 1275 1027 sit
1299 992 1352 1028 in-

283 1046 546 1094 corruptibilis,
576 1045 703 1094 potius
732 1053 926 1094 oporteret
954 1045 1153 1081 materiam
1182 1045 1351 1081 incorru-

281 1099 453 1148 ptibilem
485 1111 579 1136 esse.
615 1099 719 1135 Sicut
747 1098 851 1146 quod
880 1110 982 1134 serra
1012 1098 1057 1134 sit
1085 1098 1217 1144 ferrea,
1249 1110 1349 1134 corn-

282 1153 375 1201 petit
411 1153 558 1189 formae
593 1159 629 1188 et
661 1151 799 1188 actioni
827 1151 966 1200 ipsius,
997 1158 1037 1187 ut
1071 1163 1139 1199 per
1174 1151 1351 1187 duritiem

283 1205 329 1242 sit
357 1214 444 1254 apta
473 1207 521 1242 ad
550 1205 779 1241 secandum:
819 1205 885 1241 sed
919 1204 1023 1251 quod
1053 1203 1098 1240 sit
1126 1211 1262 1251 potens
1292 1216 1352 1240 ru-

283 1259 450 1306 biginem
487 1258 729 1305 contrahere,
766 1257 1010 1305 consequitur
1047 1268 1092 1292 ex
1129 1257 1352 1293 necessitate

282 1312 368 1348 talis
386 1308 580 1357 materiae,
602 1318 638 1347 et
662 1323 740 1347 non
759 1310 970 1347 secundum
993 1310 1218 1346 electionem
1240 1321 1353 1357 agen-

283 1365 349 1411 tis3
384 1377 474 1402 nam
503 1364 532 1401 si
560 1363 691 1400 artifex
719 1371 868 1412 posset,
899 1363 1038 1399 faceret
1073 1374 1118 1398 ex
1147 1363 1246 1398 ferro
1277 1375 1353 1399 ser·
1377 1375 1379 1380 ’

284 1430 367 1454 ram
388 1430 486 1467 quae
507 1416 719 1464 rubiginem
740 1429 818 1453 non
839 1423 969 1465 posset
988 1416 1224 1452 contrahere.
1246 1416 1353 1452 Deus

285 1479 427 1518 autem,
448 1471 514 1519 qui
535 1478 591 1507 est
615 1469 789 1506 conditor
816 1468 995 1515 hominis,
1019 1469 1264 1517 omnipotens
1285 1476 1351 1505 est.

283 1524 395 1562 Unde
424 1523 566 1562 ademit
594 1535 664 1560 suo
694 1522 882 1559 beneficio
913 1522 961 1559 ab
990 1522 1149 1558 homine
1178 1522 1352 1570 primitus

283 1577 450 1614 instituto
487 1576 751 1614 necessitatem
790 1575 979 1613 moriendi
1017 1588 1059 1612 ex
1095 1575 1158 1612 tali
1195 1575 1353 1612 materia

284 1637 596 1680 consequentem.
638 1629 755 1676 Quod
787 1637 917 1666 tamen
946 1629 1177 1665 beneficium
1207 1629 1353 1666 subtra-

284 1691 387 1720 ctum
409 1691 464 1720 est
493 1695 561 1732 per
588 1691 788 1731 peccatum
817 1683 1029 1731 primorum
1059 1689 1274 1730 parentum.
1305 1683 1354 1719 Et

283 1737 338 1773 sic
371 1749 476 1774 mors
510 1743 546 1773 et
582 1743 638 1772 est
671 1736 869 1780 naturalis,
899 1744 1056 1784 propter
1091 1735 1350 1773 conditionem
1378 1758 1380 1771 .

283 1790 484 1827 materiae:
524 1797 560 1826 et
595 1797 650 1826 est
685 1789 880 1838 poenalis,
914 1796 1071 1838 propter
1104 1788 1380 1830 amissionem¹

283 1842 401 1880 divini
428 1842 606 1880 beneficii
633 1842 914 1891 praeservantis
943 1855 964 1879 a
993 1849 1128 1878 morte.

337 1898 395 1933 An
415 1907 606 1933 SECUNDUM
627 1907 811 1932 mcENDUM
840 1895 945 1944 quod
975 1895 1179 1932 similitudo
1200 1895 1261 1931 illa
1284 1896 1352 1932 ho-

284 1950 397 1987 minis
434 1950 483 1986 ad
519 1949 592 1985 alia
629 1948 807 1985 animalia
846 1948 1048 1986 attenditur
1083 1955 1268 1997 quantum
1304 1948 1352 1985 ad

285 2002 545 2040 conditionem
573 2001 766 2047 materiae,
797 2002 893 2038 idest
921 2009 1106 2050 quantum
1135 2001 1184 2038 ad
1215 2014 1354 2050 corpus

285 2069 331 2093 ex
360 2055 556 2092 contrariis
584 2055 864 2104 compositum:
903 2068 982 2092 non
1011 2063 1138 2091 autem
1167 2063 1352 2103 quantum

285 2110 334 2146 ad
363 2109 541 2146 formam.
570 2108 675 2145 Nam
700 2108 828 2145 anima
847 2108 1014 2145 hominis
1034 2116 1090 2145 est
1109 2108 1353 2145 immortalis:

285 2163 486 2199 brutorum
509 2173 602 2198 vero
623 2161 845 2198 animalium
866 2162 1017 2198 animae
1047 2169 1133 2197 sunt
1161 2162 1352 2198 mortales.

338 2217 397 2252 AD
416 2226 576 2252 TERTmM
596 2226 780 2252 mCENDUM
800 2215 903 2263 quod
932 2214 1045 2263 primi
1070 2222 1247 2263 parentes
1275 2215 1354 2251 fue-

285 2275 373 2306 runt
402 2267 557 2305 instituti
585 2280 607 2304 a
635 2269 721 2304 Deo
759 2280 837 2304 non
871 2269 996 2304 solum
1032 2267 1128 2304 sicut
1162 2268 1353 2316 quaedam

284 2334 472 2372 personae
491 2321 710 2369 singulares,
732 2321 798 2358 sed
828 2320 922 2358 sicut
950 2320 1142 2370 quaedam
1170 2320 1355 2370 principia

284 2374 399 2412 totius
426 2376 618 2412 humanae
643 2381 799 2411 naturae
829 2374 877 2410 ab
907 2374 959 2411 eis
988 2374 1027 2411 in
1055 2382 1230 2422 posteros
1260 2374 1355 2411 deri-

285 2428 436 2466 vandae
465 2427 575 2464 simul
605 2439 692 2464 cum
712 2427 902 2464 beneficio
924 2427 1054 2464 divino
1084 2435 1354 2476 praeservante

285 2494 307 2519 a
336 2489 472 2518 morte.
503 2481 551 2517 Et
578 2480 665 2517 ideo
696 2492 763 2528 per
785 2493 918 2517 eorum
947 2488 1150 2529 peccatum
1179 2488 1257 2517 tota
1285 2481 1355 2518 hu-

285 2547 402 2572 mana
430 2542 563 2571 natura
592 2533 629 2570 in
658 2534 820 2582 posteris
848 2534 912 2570 tali
939 2534 1128 2571 beneficio
1158 2534 1354 2581 destituta,

287 2595 451 2625 mortem
480 2594 645 2623 incurrit.

341 2643 399 2677 AD
439 2651 612 2683 QUARTUM
649 2651 835 2677 DICENDUM
871 2640 978 2688 quod
1015 2639 1149 2688 aliquis
1188 2639 1356 2676 defectus

287 2707 333 2731 ex
352 2701 510 2743 peccato
532 2693 775 2741 consequitur
795 2693 1004 2741 dupliciter.
1027 2693 1114 2730 Uno
1135 2693 1267 2738 modo,
1289 2705 1358 2742 per

287 2747 450 2785 modum
470 2758 621 2795 poenae
640 2754 787 2782 taxatae
807 2758 829 2782 a
849 2745 985 2783 iudice.
1016 2747 1065 2782 Et
1083 2746 1166 2782 talis
1187 2746 1357 2783 defectus

288 2801 455 2849 aequalis
495 2800 608 2837 debet
643 2812 726 2836 esse
760 2799 798 2835 in
833 2799 891 2835 his
929 2800 978 2836 ad
1016 2811 1114 2846 quos
1151 2799 1358 2846 aequaliter

287 2853 449 2904 pertinet
484 2860 698 2902 peccatum.
732 2873 756 2879 —
789 2852 895 2888 Alius
931 2859 1059 2888 autem
1098 2852 1266 2889 defectus
1302 2860 1358 2889 est

289 2907 354 2957 qui
383 2919 428 2944 ex
455 2905 678 2944 huiusmodi
707 2917 833 2954 poena
861 2917 929 2954 per
957 2905 1133 2942 accidens
1158 2905 1357 2954 consequi-

286 2968 365 2997 tur:
396 2960 491 2997 sicut
519 2959 623 3008 quod
653 2958 786 3008 aliquis
814 2970 884 3007 pro
905 2971 974 2994 sua
994 2959 1103 3006 culpa
1123 2966 1356 3005 excaecatus,

288 3013 398 3050 cadat
426 3013 464 3050 in
491 3013 567 3050 via.
607 3013 655 3049 Et
689 3012 770 3048 talis
804 3011 972 3048 defectus
1001 3012 1135 3060 culpae
1163 3024 1242 3048 non
1269 3024 1357 3060 pro-

289 3066 544 3114 portionatur:
573 3078 645 3102 nec
673 3065 721 3102 ab
750 3064 907 3102 homine
926 3064 1050 3101 iudice
1079 3072 1270 3113 pensatur,
1292 3065 1358 3113 qui

290 3131 368 3156 non
395 3127 521 3167 potest
547 3119 720 3156 fortuitos
750 3125 909 3155 eventus
937 3130 1276 3166 praecognoscere.

345 3170 407 3207 Sic
426 3171 534 3219 igitur
552 3184 680 3222 poena
698 3179 824 3208 taxata
845 3183 914 3220 pro
935 3170 1058 3219 primo
1078 3177 1249 3219 peccato,
1271 3183 1358 3219 pro—

290 3223 549 3273 portionaliter
576 3225 610 3262 ei
630 3224 878 3274 respondens,
909 3224 977 3260 fuit
1005 3223 1210 3260 subtractio
1240 3223 1359 3260 divini

291 3276 469 3313 beneficii
498 3289 575 3326 quo
599 3278 784 3315 rectitudo
806 3285 842 3314 et
860 3277 1049 3326 integritas
1078 3277 1272 3313 humanae
1293 3289 1358 3313 na-

290 3337 397 3366 turae
427 3330 734 3368 conservabatur.
762 3331 943 3367 Defectus
972 3338 1100 3367 autern
1122 3341 1358 3378 consequen-

291 3390 348 3419 tes
383 3381 676 3420 subtractionem
707 3384 820 3421 huius
849 3383 1044 3430 beneficii,
1075 3391 1162 3420 sunt
1188 3395 1292 3419 mors
1323 3389 1359 3418 et

292 3436 389 3473 aliae
421 3434 670 3483 poenalitates
702 3437 910 3484 praesentis
937 3437 1049 3474 vitae.
1086 3437 1136 3472 Et
1163 3435 1250 3473 ideo
1280 3448 1359 3472 non

348 3549 370 3581 ε)
390 3553 489 3574 tamen.
501 3562 521 3567 -
538 3551 628 3573 autem
646 3548 704 3573 Pla.

346 3583 375 3617 ζ)
392 3584 590 3616 dispensatione
603 3583 717 3609 divinae.
727 3597 746 3602 -
759 3584 931 3616 dispositione
944 3585 1052 3610 divinae
1065 3586 1263 3618 praescientiae
1274 3589 1301 3610 et
1314 3585 1360 3611 Pa.

2398 278 2470 314 335

1403 362 1554 402 oportet
1590 354 1810 391 huiusmodi
1845 366 1991 403 poenas
2026 354 2204 402 aequales
2234 366 2315 390 esse
2350 354 2387 390 in
2415 356 2473 392 his

1403 407 1452 444 ad
1490 419 1587 455 quos
1619 408 1828 455 aequaliter
1860 407 2020 456 pertinet
2055 407 2224 455 primum
2258 416 2471 455 peccatum.

1455 460 1602 497 Verum
1632 460 1720 509 quia
1749 462 1855 497 Deus
1883 460 2076 509 praescius
2096 468 2151 496 est
2171 460 2346 496 omnium
2376 461 2473 496 futu-

1403 525 1534 549 rorum
1565 522 1786 560 eventuum,
1813 526 1857 550 ex
1882 513 2165 562 dispensatione
2187 513 2337 550 divinae
2354 512 2366 537 ζ
2386 526 2473 562 pro-

1402 566 1593 602 videntiae
1622 567 1842 603 huiusmodi
1871 567 2120 616 poenalitates
2149 566 2406 603 diversimode
2435 567 2472 603 in

1405 619 1562 655 diversis
1591 619 1853 656 inveniuntur:
1884 633 1961 656 non
1991 620 2146 669 quidem
2174 627 2329 668 propter
2348 620 2474 668 aliqua

1404 672 1537 708 merita
1565 673 1831 720 praecedentia
1860 674 1958 710 hanc
1976 673 2108 720 vitam,
2138 680 2179 709 ut
2199 673 2385 721 Origenes
2405 685 2474 722 po-

1405 725 1475 761 suit
1494 724 1514 746 *
1542 726 1631 771 (hoc
1660 726 1762 762 enim
1789 734 1843 763 est
1872 734 2003 763 contra
2024 727 2060 763 id
2083 726 2188 775 quod
2209 726 2343 763 dicitur
2360 728 2473 764 Rom.

1406 790 1440 814 [Χ
1459 777 1495 814 *ε
1531 779 1626 815 Cum
1646 780 1812 815 nondum
1832 779 1976 828 aliquid
1993 780 2083 816 boni
2099 785 2167 816 aut
2183 780 2277 816 mali
2294 780 2475 830 egissent,-

1406 839 1460 867 est
1490 831 1602 867 etiam
1634 840 1765 868 contra
1784 833 1859 869 hoc
1887 833 1992 880 quod
2023 833 2059 869 in
2088 832 2253 869 Primo*
2277 841 2474 870 ostensum

1406 892 1480 930 est,
1511 885 1617 932 quod
1646 885 1773 921 anima
1808 898 1886 922 non
1916 894 1971 922 est
2007 894 2132 922 creata
2168 893 2254 922 ante
2290 888 2474 934 corpus);

1405 938 1472 974 sed
1501 938 1563 974 vel
1591 937 1628 973 in
1657 950 1825 986 poenam
1855 946 2101 986 paternorum
2130 947 2389 987 peccatorum,
2420 939 2476 976 in-

1406 998 1592 1038 quantum
1622 991 1721 1027 filius
1751 999 1806 1027 est
1833 992 2023 1039 quaedam
2046 1004 2103 1028 res
2124 992 2252 1040 patris,
2273 992 2374 1029 unde
2403 993 2475 1029 fre-

1404 1051 1565 1091 quenter
1593 1052 1769 1092 parentes
1797 1044 2006 1092 puniuntur
2036 1045 2071 1081 in
2101 1046 2229 1093 prole;
2264 1046 2325 1081 vel
2361 1045 2473 1082 etiam

1405 1105 1560 1144 propter
1581 1097 1790 1133 remedium
1812 1097 1939 1134 salutis
1960 1098 2039 1134 eius
2059 1097 2122 1146 qui
2141 1098 2362 1134 huiusmodi
2382 1111 2475 1147 poe-

1405 1149 1619 1185 nalitatibus
1648 1150 1831 1196 subditur,
1863 1158 1903 1186 ut
1922 1150 2061 1186 scilicet
2087 1163 2157 1199 per
2175 1151 2249 1187 hoc
2270 1164 2291 1187 a
2310 1152 2475 1200 peccatis

1405 1210 1592 1246 arceatur,
1621 1203 1683 1238 vel
1713 1202 1826 1239 etiam
1856 1203 1904 1240 de
1931 1203 2132 1240 virtutibus
2161 1216 2239 1240 non
2269 1205 2475 1253 superbiat,

1406 1262 1443 1291 et
1470 1267 1538 1303 per
1565 1255 1787 1302 patientiam
1818 1265 2033 1293 coronetur.

1459 1311 1516 1343 An
1538 1319 1701 1349 QfflNTUM
1720 1319 1905 1345 DICENDUM
1926 1310 2030 1357 quod
2051 1322 2156 1346 mors
2177 1310 2373 1359 dupliciter
2392 1320 2476 1360 pot-

1407 1368 1462 1397 est
1490 1360 1734 1397 considerari.
1771 1361 1858 1397 Uno
1887 1362 2018 1403 modo,
2048 1363 2262 1400 secundum
2288 1366 2391 1411 quod
2422 1373 2477 1401 est

1406 1413 1604 1462 quoddam
1635 1414 1780 1450 malurn
1810 1415 2003 1451 humanae
2033 1424 2201 1453 naturae.
2239 1417 2287 1453 Et
2315 1416 2368 1453 sic
2397 1429 2476 1454 non

1407 1475 1463 1503 est
1492 1478 1537 1503 ex
1565 1467 1663 1512 Deo,
1693 1467 1760 1502 sed
1782 1475 1836 1503 est
1866 1468 2034 1504 defectus
2063 1469 2218 1517 quidam
2241 1469 2411 1506 incidens
2432 1483 2476 1507 ex

1407 1521 1517 1568 culpa
1551 1520 1732 1556 humana.
1762 1542 1785 1547 —
1815 1520 1901 1556 Alio
1931 1522 2051 1558 modo
2086 1529 2211 1570 potest
2245 1523 2477 1560 considerari

1406 1573 1620 1610 secundum
1649 1573 1756 1620 quod
1784 1574 1898 1610 habet
1926 1575 2120 1622 quandam
2151 1575 2337 1612 rationem
2366 1577 2477 1624 boni,

1406 1634 1521 1675 prout
1548 1626 1688 1663 scilicet
1708 1634 1763 1662 est
1783 1628 1973 1675 quaedam
1994 1627 2090 1664 iusta
2115 1641 2253 1676 poena.
2283 1630 2332 1665 Et
2351 1629 2403 1665 sic
2423 1638 2479 1666 est

1407 1693 1428 1717 a
1458 1681 1555 1717 Deo.
1594 1680 1706 1717 Unde
1739 1680 1974 1728 Augustinus
2004 1681 2110 1727 dicit,
2141 1682 2179 1718 in
2213 1682 2309 1718 libro
2342 1684 2477 1719 Retra-

1406 1739 1490 1770 ctat.
1510 1733 1548 1779 ²¹²,
1580 1732 1684 1781 quod
1717 1734 1822 1769 Deus
1861 1746 1939 1770 non
1969 1741 2025 1771 est
2052 1742 2185 1771 auctor
2213 1735 2366 1782 mortis,
2406 1736 2476 1773 nisi

1407 1787 1635 1834 inquantum
1665 1793 1720 1822 est
1740 1791 1757 1812 η
1788 1798 1926 1834 poena.

1460 1841 1519 1876 AD
1539 1851 1681 1876 SEXTUM
1701 1851 1886 1876 DICENDUM
1913 1841 2030 1887 quod,
2052 1840 2147 1877 sicut
2170 1842 2402 1889 Augustinus
2423 1842 2477 1878 di-

1408 1893 1468 1938 cit,
1489 1893 1574 1929 XIII
1597 1893 1642 1929 de
1657 1893 1736 1929 Ciu.
1757 1893 1832 1929 Dei
1844 1892 1874 1939 *,
1897 1894 2213 1941 quemadmodam
2233 1895 2360 1931 iniusti
2378 1895 2478 1932 male

1408 1951 1563 1982 utuntur
1595 1958 1670 1982 non
1705 1951 1849 1982 tantum
1883 1946 2009 1992 malis,
2039 1958 2172 1984 verum
2202 1949 2314 1984 etiam
2347 1949 2477 1993 bonis;

1407 2000 1458 2036 ita
1487 1999 1573 2035 iusti
1595 2000 1688 2035 bene
1713 2004 1867 2035 utuntur
1883 2011 1957 2036 non
1977 2005 2122 2036 tantum
2143 2001 2260 2047 honis,
2280 2002 2347 2038 sed
2363 2003 2475 2038 etiam

1408 2053 1528 2089 malis.
1567 2052 1674 2088 Hinc
1696 2053 1750 2099 fit
1783 2058 1822 2088 ut
1857 2058 1892 2089 et
1927 2053 2022 2089 mali
2056 2054 2156 2090 male
2192 2054 2275 2104 lege
2311 2060 2476 2102 utantur,

1408 2106 1581 2154 quam1¹is
1608 2106 1655 2141 sit
1681 2105 1744 2141 lex
1772 2106 1934 2142 bonum.-
1963 2112 1999 2142 et
2024 2107 2115 2143 boni
2140 2108 2232 2144 bene
2250 2108 2476 2154 moriantur,

1408 2159 1581 2207 quamvis
1607 2159 1655 2194 sit
1672 2170 1775 2195 mors
1794 2159 1950 2196 malum.
1977 2161 2207 2208 Inquantum
2227 2161 2339 2208 igitur
2359 2162 2477 2198 sancti

1408 2213 1506 2249 bene
1536 2219 1659 2248 morte
1687 2219 1854 2257 utuntur,
1884 2212 1927 2248 fit
1956 2212 2009 2249 eis
2038 2225 2143 2249 mors
2163 2211 2175 2234 ⁰
2205 2214 2407 2251 meritoria.

1462 2267 1520 2301 AD
1555 2276 1734 2301 SEPT1MUM
1772 2277 1958 2302 DICENDUM
1996 2266 2100 2313 quod
2137 2278 2243 2303 mors
2281 2267 2479 2315 dupliciter

1408 2318 1527 2366 accipi
1565 2325 1700 2367 potest.
1739 2317 1826 2354 Uno
1866 2318 2006 2365 modo,
2036 2331 2106 2367 pro
2144 2319 2227 2368 ipsa
2262 2320 2478 2368 privatione

1408 2371 1521 2408 vitae.
1562 2372 1610 2407 Et
1642 2371 1695 2407 sic
1730 2383 1835 2407 mors
1864 2371 1991 2408 sentiri
2027 2384 2106 2408 non
2134 2380 2277 2421 potest:
2317 2386 2404 2410 cum
2434 2374 2480 2411 sit

1409 2424 1571 2474 privatio
1605 2437 1740 2461 sensus
1774 2432 1810 2460 et
1846 2425 1957 2461 vitae.
1997 2426 2046 2461 Et
2074 2425 2127 2462 sic
2161 2438 2239 2462 non
2269 2434 2325 2463 est
2351 2439 2480 2475 poena

1409 2491 1556 2524 senSUS,
1587 2478 1655 2514 sed
1683 2489 1810 2526 poena
1840 2478 1982 2514 damni.

1462 2531 1549 2568 Alio
1583 2531 1724 2577 modo,
1760 2531 1974 2568 secundum
2013 2532 2118 2579 quod
2154 2532 2328 2569 nominat
2355 2533 2478 2582 ipsam

1409 2584 1695 2633 corruptionem
1737 2596 1836 2632 quae
1877 2584 2101 2621 terminatur
2138 2585 2185 2622 ad
2223 2585 2479 2634 privationem

1409 2638 1657 2687 praedictam.
1697 2638 1755 2674 De
1790 2637 2032 2685 corruptione
2061 2646 2211 2684 autem,
2241 2638 2338 2675 sicut
2366 2647 2402 2675 et
2431 2641 2478 2676 de

1409 2691 1664 2740 generatione,
1697 2690 1896 2738 dupliciter
1915 2690 2018 2738 loqui
2038 2703 2257 2739 possumus.
2287 2691 2375 2728 Uno
2396 2705 2478 2728 mo-

1411 2747 1474 2791 do,
1495 2745 1708 2781 secundum
1738 2743 1843 2791 quod
1873 2752 1929 2779 est
1951 2744 2137 2780 terminus
2159 2745 2400 2782 alterationis.
2431 2747 2480 2782 Et

1411 2798 1464 2835 sic
1492 2798 1530 2834 in
1559 2798 1642 2846 ipso
1671 2796 1822 2833 instanti
1850 2796 1886 2833 in
1918 2809 1995 2845 quo
2025 2797 2149 2845 primo
2181 2798 2353 2846 privatur
2380 2798 2477 2846 vita,

1411 2851 1546 2888 dicitur
1582 2851 1705 2887 inesse
1744 2862 1861 2886 mors.
1905 2850 1954 2886 Et
1990 2851 2203 2887 secundum
2237 2852 2311 2887 hoc
2344 2852 2478 2899 etiarn,

1412 2917 1516 2941 mors
1550 2916 1627 2940 non
1659 2910 1714 2939 est
1747 2915 1874 2951 poena
1903 2915 2049 2940 sensus.
2079 2925 2103 2931 -
2132 2903 2218 2940 Alio
2249 2905 2367 2941 modo
2397 2917 2479 2941 cor—

1412 2957 1536 3006 ruptio
1556 2963 1681 3005 potest
1700 2956 1819 3004 accipi
1848 2968 1937 2992 cum
1958 2957 2178 2994 alteratione
2205 2959 2478 3006 praecedente:

1411 3018 1525 3059 prout
1554 3009 1688 3046 dicitur
1716 3009 1848 3057 aliquis
1878 3009 1975 3046 mori
2005 3010 2098 3046 dum
2122 3018 2301 3047 movetur
2318 3011 2356 3047 in
2377 3023 2479 3048 mor-

1410 3070 1510 3106 tem;
1541 3063 1635 3099 sicut
1655 3062 1789 3099 dicitur
1817 3062 1958 3110 aliquid
1986 3064 2157 3110 generari
2186 3063 2278 3100 dum
2300 3072 2480 3101 movetur

1411 3116 1450 3153 in
1478 3123 1701 3164 generatum
1731 3127 1826 3152 esse.
1865 3116 1914 3152 Et
1942 3115 1995 3152 sic
2023 3129 2129 3153 mors
2161 3124 2285 3165 potest
2314 3129 2396 3153 esse
2426 3118 2478 3154 af-

1411 3169 1564 3206 flictiva.

1466 3224 1523 3258 AD
1553 3233 1727 3258 OCTAVUM
1754 3233 1939 3258 mCENDUM
1974 3222 2092 3269 quod,
2122 3222 2216 3258 sicut
2243 3223 2479 3270 Augustinus

1412 3275 1509 3320 dicit,
1530 3286 1643 3322 super
1666 3274 1758 3310 Gen.
1780 3275 1832 3310 ad
1847 3274 1912 3311 litt.
1932 3274 1970 3320 ²¹²,
2000 3275 2172 3322 quamvis
2196 3287 2316 3312 annos
2343 3276 2480 3313 multos

1405 3328 1526 3376 primi
1554 3332 1732 3375 parentes
1761 3333 1893 3374 postea
1929 3328 2118 3373 vixerint,
2158 3328 2221 3365 illo
2259 3335 2383 3366 tamen
2420 3330 2480 3366 die

1412 3381 1514 3417 mori
1539 3385 1741 3428 coeperunt
1766 3391 1839 3428 quo
1868 3381 1999 3417 mortis
2026 3380 2161 3430 legem,
2182 3393 2257 3429 qua
2277 3382 2314 3419 in
2333 3383 2479 3419 senium

1411 3438 1695 3478 veterascerent,
1724 3439 1959 3481 acceperunt.

1468 3547 1498 3581 η)
1515 3550 1562 3572 est.
1574 3561 1593 3566 -
1611 3554 1684 3572 mors
1703 3547 1772 3572 addit
1789 3547 1817 3572 P.

1469 3581 1493 3615 Θ)
1514 3590 1593 3608 mors.
1605 3597 1624 3601 -
1643 3583 1704 3608 Om.
1724 3583 1752 3608 Ρ.

2502 737 2511 747 ·
2526 736 2582 758 Peri
2603 737 2715 764 Archon,

2502 763 2541 784 lib.
2556 763 2593 790 11,
2610 769 2660 791 cap.
2677 770 2714 785 rx.

2502 791 2512 800 ⁸
2527 789 2594 811 Vers.
2609 796 2633 811 11.

2503 844 2511 853 “
2523 844 2570 872 Qu.
2581 847 2619 869 xc,
2630 847 2672 864 art.
2686 850 2714 870 43

2501 875 2540 896 qu.
2554 875 2635 895 cxvln,
2645 873 2686 891 art.
2694 877 2714 899 3.

2503 1742 2513 1751 ⁴
2521 1741 2572 1762 Lib.
2580 1741 2599 1768 1,
2608 1747 2660 1769 cap.
2669 1747 2717 1768 xxi,

2503 1774 2566 1789 xxvi.

2600 1805 2616 1829 η

2504 1905 2513 1915 ⁴
2528 1904 2585 1932 Cap.
2601 1910 2623 1925 v.

2507 3287 2559 3308 ¹'De
2570 3287 2659 3309 Peccat.
2668 3287 2719 3308 Me*

2506 3314 2546 3334 rit.
2572 3316 2596 3335 et
2619 3314 2717 3335 Remiu.

2505 3340 2545 3362 lib.
2560 3340 2583 3367 1,
2605 3346 2655 3367 cap.
2670 3346 2718 3361 ΧΠ.
