2768 4198
56 1609 65 1618 ⁰
81 1607 146 1629 Vers.
162 1613 178 1629 ι.

65 2791 229 2833 vu

295 261 366 298 552

292 395 364 416 nem
389 391 425 415 ut
449 384 618 425 deceptum
635 393 667 414 se
683 382 771 414 fateri
786 382 867 412 iuste
891 381 1001 422 possit,
1019 381 1076 412 etsi
1100 391 1166 411 non
1190 380 1357 411 mendacio

291 429 485 464 inducentis,
511 436 617 459 tamen
641 428 712 467 ipso
736 426 928 456 inductionis
957 432 1047 462 actu,
1072 435 1139 466 quo
1162 432 1287 455 tantum
1318 425 1358 454 ad

290 474 378 504 illam
401 473 588 513 religionem
609 472 785 511 ingressum
810 469 929 500 extulit.
954 470 1058 507 Unde,
1082 470 1213 510 quando
1237 468 1357 499 induci-

291 526 342 549 tur
359 517 472 558 aliquis
489 518 528 547 ad
547 515 743 556 religionem,
761 514 948 554 exponenda
964 514 1060 544 etiarn
1075 521 1121 544 est
1140 513 1168 544 ei
1193 512 1359 544 difficultas

292 572 373 603 quae
398 561 455 591 erit
483 571 520 592 ex
545 558 785 600 imperfectione
810 565 1011 594 consortum,
1036 558 1062 588 si
1086 558 1128 588 ita
1152 564 1208 589 est.

347 609 468 636 Auctor
491 612 599 635 autem
622 603 766 643 loquitur
790 602 950 638 absolute,
976 602 1151 643 suppositis
1175 611 1359 642 supponen-

293 650 350 686 dis,
375 656 433 680 etc.

349 694 386 723 11.
412 694 447 723 1n
471 692 586 722 eodem
609 690 742 722 articulo
766 700 872 727 nono,
897 691 930 720 in
953 689 1162 730 responsione
1184 690 1224 720 ad
1248 699 1359 720 secun-

292 739 382 774 dum,
407 737 542 767 dubium
566 735 718 766 occurrit:
743 737 794 766 An
811 735 851 766 sit
873 734 1031 766 laudabile
1045 734 1196 765 inducere
1219 734 1360 775 aliquem

292 782 331 812 ad
355 781 540 822 religionem
556 780 590 810 in
609 778 808 810 monasteriis
825 779 875 809 vel
892 778 1101 810 conventibus
1117 778 1199 809 vitae
1214 788 1360 809 commu-

292 826 350 857 nis.
376 826 417 856 Et
432 832 478 856 est
489 824 569 855 ratio
585 823 673 855 dubii
689 824 774 864 quia,
788 833 824 854 ex
837 833 900 854 una
919 829 1016 864 parte,
1029 822 1172 854 inductio
1188 821 1224 853 fit
1239 823 1279 853 ad
1295 822 1361 853 reli-

292 870 459 910 gionem.-
478 870 526 899 Ex
541 869 637 899 altera
652 875 749 908 parte,
767 868 964 899 inducuntur
979 868 1018 898 de
1034 867 1118 898 facto
1135 867 1174 898 ad
1190 866 1362 907 suscipien-

291 915 372 945 dum
394 914 478 944 mala
493 913 636 954 exempla
650 919 778 953 patrum
802 919 833 943 et
855 912 988 943 fratrum
1014 912 1097 943 vitae
1121 911 1314 943 communis.

349 959 399 989 Ad
422 959 484 989 hoc
508 957 621 988 dicitur
643 958 732 998 quod
749 965 837 988 actus
861 957 918 988 iste
934 957 991 998 qui
1015 963 1062 988 est
1084 956 1233 987 inducere
1252 956 1293 987 ad
1314 956 1360 986 vi-

915 259 1184 306 QUAEsT1o
1212 258 1464 306 CLxxxlx,
1493 258 1793 296 ARTICULUS
1822 259 1858 294 x

291 342 450 381 ingressus
473 339 594 370 invenit
609 341 694 370 intus
719 345 839 370 tantam
863 337 1083 368 remissionem
1098 344 1129 367 et
1144 336 1358 377 imperfectio·
1384 345 1386 350 ·

1411 343 1478 366 tam
1502 337 1773 373 conventualium,
1799 344 1845 368 est
1869 343 1957 368 actus
1981 347 2018 367 ex
2042 347 2102 367 suo
2127 347 2240 377 genere
2260 337 2380 368 malus:
2405 346 2486 378 quo-

1413 380 1500 411 niam
1522 381 1684 412 inducitur
1708 381 1780 422 quis
1804 382 1844 412 ad
1867 381 1966 412 vitam
1982 381 2278 422 reprehensibilem;
2304 381 2410 412 omnis
2426 391 2485 411 au-

1411 431 1478 455 tem
1501 425 1564 455 vita
1587 425 1840 465 reprehensibilis
1856 426 1940 456 mala
1963 433 2019 457 est.
2044 427 2132 457 Patet
2155 432 2263 457 autem
2278 435 2486 456 communem

1413 469 1512 499 vitam
1528 469 1750 510 religiosorum
1773 479 1841 500 esse
1854 470 2144 511 reprehensibilem,
2162 480 2199 501 ex
2223 470 2284 500 hoc
2305 470 2377 510 ipso
2397 470 2487 511 quod

1413 512 1567 544 exorbitat
1591 524 1608 543 a
1631 513 1767 553 regulari
1790 514 1870 545 vita:
1898 521 1929 545 et
1952 525 1989 545 ex
2012 515 2074 545 hoc
2097 514 2169 555 ipso
2201 515 2290 555 quod
2314 514 2486 545 continuus

1413 558 1576 588 bonorum
1601 558 1819 598 praelatorum
1841 565 1975 590 conatus
1998 566 2046 590 est
2068 560 2107 590 ad
2131 559 2263 590 illorum
2287 558 2487 590 reformatio-

1414 611 1499 632 nem.
1524 602 1617 633 Unde
1633 602 1840 642 vituperabile
1856 610 1912 639 est,
1930 613 1996 634 non
2016 603 2124 634 solum
2143 603 2303 640 inducere,
2320 603 2375 634 sed
2391 603 2487 634 etiam

1413 646 1535 686 ingredi
1560 653 1590 676 et
1613 646 1751 686 recipere
1781 647 1821 677 ad
1843 647 1942 677 vitam
1965 647 2172 688 irregularem
2195 658 2347 688 personas
2371 647 2486 679 utrius-

1386 728 1388 735 Ι
1414 700 1478 731 que
1501 699 1608 721 sexus:
1633 690 1781 731 quamvis
1804 691 1946 722 Ecclesia
1967 691 2080 723 toleret
2102 692 2166 723 hoc
2189 692 2384 733 permissive.

1470 734 1523 765 111.
1541 735 1577 765 In
1593 735 1802 775 responsione
1818 736 1858 765 ad
1874 735 2003 767 tertium
2020 736 2162 767 eiusdem
2179 737 2302 768 articuli
2319 737 2408 774 noni,
2420 746 2487 768 me-

1414 785 1525 809 mento
1549 780 1639 820 quod
1662 779 1700 809 de
1725 779 1875 819 religione
1899 779 2020 811 maiore
2043 781 2124 811 bene
2142 787 2263 812 servata
2285 780 2487 822 intelligitur,

1415 823 1545 863 quando
1564 823 1678 854 dicitur
1694 823 1784 864 quod
1806 823 1931 855 licitum
1948 830 1995 855 est
2010 824 2159 855 inducere
2181 825 2358 866 obligatum
2373 826 2414 856 ad
2429 826 2488 856 mi-

1415 877 1529 898 norem
1545 874 1581 898 ut
1603 868 1710 898 veniat
1724 868 1764 898 ad
1787 867 1943 899 maiorem
1957 868 1985 899 ¹¹⁸.
2010 869 2186 907 Quoniam,
2202 869 2262 900 nisi
2278 869 2366 901 'bene
2387 879 2489 901 serve·

1415 918 1477 948 tur,
1494 911 1609 942 frustra
1625 912 1664 943 de
1680 912 1859 944 maioritate
1872 912 1906 944 in
1925 914 2082 945 abstracto
2097 920 2129 945 et
2142 913 2176 944 in
2197 913 2304 945 debito
2320 914 2487 954 gloriatur:

1414 962 1544 996 oportet
1559 956 1647 987 enim
1669 957 1709 987 ad
1725 956 1882 988 maiorem
1898 957 1938 988 de
1961 957 2044 989 facto
2062 964 2219 989 servatam
2233 958 2398 999 inspicere.

1088 1083 1410 1127 ARTICULUS
1440 1083 1692 1126 DECIMUS

293 1180 450 1211 UTRUM
473 1179 540 1211 SIT
564 1179 810 1211 LAUDABILE
835 1178 958 1216 QUOD
983 1178 1156 1216 ALIQUIS
1178 1176 1451 1209 RELIGIONEM
1480 1177 1782 1209 INGREDIATUR
1804 1178 1975 1217 ABSQUE
1999 1181 2252 1213 MULTORUM
2275 1181 2490 1221 CONSILIO,

872 1223 930 1254 ET
954 1223 1184 1254 DIUTURNA
1205 1221 1559 1253 DELIBERATIONE
1587 1222 1908 1254 PRAECEDENTE

993 1304 1069 1329 Gom.
1089 1302 1237 1328 retrahent.
1256 1302 1290 1327 ab
1309 1302 1422 1335 ingress.
1441 1300 1542 1334 Rerig„
1563 1309 1618 1334 cap.
1637 1308 1691 1331 vm,
1710 1309 1743 1332 rx,
1762 1309 1786 1328 x.

382 1402 391 1424 ³
411 1402 482 1449 *aa

316 1494 435 1534 RV<
457 1496 478 1530 (⁷
509 1504 598 1529 nem
626 1491 857 1539 ingrediatur
876 1491 1023 1539 absque
1043 1491 1253 1527 multorum
1274 1501 1365 1526 con-

353 1517 607 1592 ζ”’Ὺ-’5ἰ1ἰο,
637 1553 675 1582 et
704 1545 881 1582 diuturna
910 1543 1181 1582 deliberatione
1210 1555 1365 1592 praece·

297 1600 422 1637 dente.
457 1599 604 1636 Dicitur
633 1597 737 1635 enim
769 1599 781 1634 I
803 1599 908 1635 Ioan.
930 1610 965 1634 1v
983 1597 1020 1634 *ε
1055 1597 1186 1635 Nolite
1212 1597 1366 1634 credere

296 1654 402 1690 omni
417 1653 566 1701 spiritui
573 1666 586 1688 .·
605 1652 670 1688 sed
682 1652 844 1699 probate
861 1651 1025 1699 spiritus,
1044 1650 1078 1688 si
1096 1662 1146 1687 ex
1163 1651 1247 1687 Deo
1266 1655 1363 1686 sunt.

297 1706 375 1743 Sed
409 1705 642 1753 quandoque
678 1704 919 1753 propositum
954 1703 1142 1752 religionis
1170 1703 1365 1740 intrandae

296 1772 376 1797 non
405 1766 460 1795 est
486 1771 533 1795 ex
562 1759 666 1795 Deo:
697 1770 785 1795 cum
815 1758 1033 1805 frequenter
1061 1769 1129 1806 per
1149 1756 1289 1794 exitum
1309 1768 1366 1793 re-

296 1812 444 1861 ligionis
474 1811 722 1857 dissolvatur3
755 1811 890 1848 dicitur
913 1818 1041 1848 autem
1064 1815 1081 1831 ‘²
1107 1810 1191 1847 Act.
1213 1821 1236 1846 v
1254 1809 1293 1846 *z
1326 1810 1367 1847 Si

296 1872 350 1904 est
377 1878 427 1902 ex
453 1866 537 1902 Deo
564 1864 763 1902 consilium
782 1865 854 1902 hoc
872 1870 939 1901 aut
957 1875 1050 1912 opus
1068 1861 1095 1910 Ρ,
1126 1875 1201 1900 non
1225 1863 1366 1912 poteri-

295 1921 341 1957 tis
372 1919 575 1957 dissolvere
601 1918 704 1955 illud.
743 1919 846 1966 Ergo
879 1917 1031 1955 videtur
1063 1917 1189 1966 quod,
1226 1929 1366 1965 magna

298 1972 578 2011 examinatione
607 1972 872 2020 praecedente,
902 1971 1068 2009 debeant
1085 1970 1202 2020 aliqui
1220 1970 1367 2019 religio-

298 2039 387 2065 nem
417 2027 569 2064 intrare.

353 2092 388 2117 2.
423 2081 665 2126 PRAETEREA,
702 2079 816 2116 Prov.
845 2090 918 2115 xxv
945 2077 965 2099 *
1001 2077 1156 2115 dicitur:
1200 2078 1367 2115 Causam

298 2140 402 2171 tuam
430 2139 551 2171 tracta
575 2144 662 2169 cum
681 2132 806 2169 amico
826 2137 901 2169 tuo.
932 2131 1010 2168 Sed
1030 2130 1198 2169 maxime
1215 2131 1369 2169 videtur

298 2187 466 2224 hominis
490 2199 574 2223 esse
595 2197 709 2223 causa
737 2197 836 2234 quae
865 2185 1028 2234 pertinet
1046 2186 1093 2222 ad
1114 2184 1367 2222 mutationem

299 2249 428 2278 status.
472 2241 574 2288 Ergo
612 2239 763 2276 videtur
798 2238 905 2287 quod
940 2250 1023 2275 non
1059 2238 1199 2276 debeat
1236 2237 1369 2287 aliquis

300 2294 521 2342 religionem
559 2293 718 2338 intrare,
754 2291 826 2329 nisi
862 2291 967 2341 prius
997 2303 1088 2328 cum
1123 2290 1256 2328 amicis
1293 2290 1370 2328 suis

299 2354 444 2384 tractet.

357 2401 391 2437 3.
426 2400 670 2444 PRAETEREA,
707 2397 922 2444 Dominus,
951 2397 1045 2434 Luc.
1070 2407 1134 2433 xtv
1155 2395 1196 2443 *,
1226 2396 1370 2434 inducit

301 2452 586 2490 similitudinem
616 2451 665 2488 de
693 2451 844 2488 homine
876 2450 942 2499 qui
967 2450 1047 2487 vult
1073 2450 1209 2487 turrim
1241 2450 1370 2498 aedifi-

301 2518 406 2552 care,
435 2505 542 2554 quod
574 2505 685 2553 prius
716 2504 847 2542 sedens
878 2508 1072 2552 computat
1100 2508 1270 2551 sumptus
1306 2504 1373 2552 qui

301 2566 388 2597 sunt
410 2559 446 2596 ei
463 2558 676 2604 necessarii,
702 2558 738 2594 si
761 2557 899 2594 habeat
924 2557 976 2594 ad
995 2556 1292 2605 perficiendum.-
1321 2569 1370 2594 ne

301 2613 500 2651 insultetur
528 2611 580 2648 ei.-
612 2611 712 2653 Quia
738 2610 800 2648 hic
826 2611 940 2647 homo
966 2610 1130 2659 incoepit
1153 2610 1369 2658 aedificare,

301 2673 338 2704 et
369 2678 443 2703 non
473 2665 597 2714 potuit
620 2675 900 2702 consummare.
942 2663 1128 2713 Sumptus
1163 2671 1293 2701 autem
1320 2664 1370 2701 ad

303 2719 435 2757 turrim
461 2717 758 2765 aedificandam,
786 2724 829 2754 ut
847 2716 1082 2765 Augustinus
1102 2715 1203 2763 dicit,
1223 2716 1262 2754 in
1282 2717 1371 2766 Epi-

303 2774 401 2810 stola
427 2772 479 2810 ad
504 2773 665 2810 Laetum
683 2770 715 2817 ²¹⁸,
750 2770 845 2807 nihil
876 2775 932 2807 est
961 2770 1070 2807 aliud
1101 2781 1219 2818 quam
1248 2775 1288 2807 ut
1314 2782 1371 2808 re—

304 2826 446 2864 nuntiet
461 2825 718 2874 unusquisque
745 2824 918 2861 omnibus
937 2834 1035 2872 quae
1051 2829 1140 2860 sunt
1156 2823 1246 2861 eius.
1271 2823 1373 2862 Con-

304 2879 410 2927 tingit
450 2886 578 2916 antem
621 2876 853 2927 quandoque
891 2876 1001 2926 quod
1037 2877 1112 2914 hoc
1149 2876 1257 2914 multi
1290 2889 1373 2916 non

306 2940 482 2982 possunt,
510 2939 547 2968 et
575 2930 743 2968 similiter
771 2930 862 2967 alias
891 2929 1082 2978 religionis
1109 2930 1373 2968 observantias

306 2993 479 3035 portare:
505 2985 543 3022 in
563 2985 670 3022 cuius
690 2983 824 3032 figura,
842 2984 971 3033 lReg.
983 2995 1056 3020 xvii
1071 2982 1092 3005 ‘¹‘
1111 2982 1248 3021 dicitur
1266 2984 1372 3032 quod

307 3039 436 3076 David
469 3049 546 3075 non
579 3042 729 3086 poterat
761 3036 936 3074 incedere
967 3047 1054 3073 cum
1083 3037 1202 3074 armis
1229 3037 1373 3084 Saulis,

308 3092 397 3141 quia
425 3103 500 3128 non
529 3091 691 3128 habebat
717 3102 838 3128 usum.
867 3090 971 3138 Ergo
990 3089 1142 3128 videtur
1165 3090 1276 3139 quod
1295 3102 1374 3128 non

310 3146 447 3182 debeat
482 3143 613 3193 aliquis
649 3143 870 3191 religionem
905 3142 1064 3190 intrare,
1099 3142 1170 3180 nisi
1198 3143 1375 3182 diuturna

311 3197 582 3235 deliberatione
624 3196 854 3246 praemissa,
894 3203 930 3232 et
971 3196 1178 3234 mutim-um
1217 3196 1376 3236 emsffio

309 3251 453 3289 habito.

364 3304 441 3342 San
467 3314 615 3340 coum
634 3314 700 3340 tis-r
724 3302 833 3351 quod
852 3301 988 3340 dicitur
1008 3302 1142 3340 Matth.
1164 3314 1200 3340 tv
1218 3302 1250 3350 ⁸¹,
1269 3303 1377 3352 quod

366 3416 394 3448 α)
413 3419 541 3442 autenm—
558 3416 629 3441 enim
649 3415 749 3442 PCDH.

367 3450 448 3483 3)oe
467 3451 730 3483 neomenia-ex
752 3452 1067 3486 hei-(tuocumffl)
1087 3453 1307 3480 neoeonfflu-
1328 3454 1380 3480 boc

312 3485 367 3511 use
389 3492 455 3518 opus
479 3486 626 3518 ABEFHX,
644 3494 682 3512 ex
701 3487 760 3513 Deo
775 3487 916 3513 comitium
934 3488 983 3514 hoc
1001 3488 1056 3514 ἑά
1076 3495 1145 3521 opu·
1163 3494 1190 3514 et
1208 3497 1268 3515 mox
1286 3489 1380 3515 omittit

314 3520 381 3546 illud
406 3520 438 3552 D,
455 3527 493 3546 ex
512 3521 570 3546 Deo
594 3522 732 3547 consilium
755 3521 807 3548 hoc
830 3525 901 3548 certe
919 3523 938 3553 1,
956 3530 994 3548 ex
1011 3523 1060 3549 hoc
1086 3524 1144 3550 Deo
1167 3524 1307 3550 consilium
1330 3524 1380 3551 Ιιοι·

315 3555 409 3581 tollere
427 3563 493 3588 opus
505 3555 536 3586 L,
548 3557 573 3581 εἰ
585 3556 636 3589 (est
654 3564 733 3590 super
750 3556 816 3592 ru.)
827 3564 865 3583 ex
883 3557 941 3583 Deo
959 3558 1100 3584 consillum
1119 3557 1168 3585 hoc
1187 3559 1287 3592 (auum
1300 3566 1380 3593 nuper

314 3591 378 3624 m.)
397 3597 464 3624 opus
481 3590 511 3622 C,
528 3591 580 3617 *hoc
596 3592 734 3617 mmmm
753 3598 792 3617 ex
811 3592 870 3618 Deo
887 3592 934 3619 Pa.

324 1397 382 1440 2:2⁵,
507 1397 529 1422 n
549 1396 714 1422 Daemon
733 1396 787 1421 sm
806 1395 1049 1422 PaocEDn-ua.
1078 1383 1240 1420 Videtur
1255 1381 1363 1431 quod
1417 1381 1465 1441 ad
1494 1381 1741 1420 vocationem
1769 1384 1940 1432 Domini,
1969 1385 2106 1423 Petrus
2135 1394 2172 1424 et
2191 1387 2380 1436 Andreas,
2401 1399 2491 1426 ωη-

313 1429 587 1498 ᾖξ’ᾼᾎμιοῃ
615 1437 661 1475 sit
689 1437 878 1475 laudabile
916 1437 1023 1487 quod
1050 1436 1185 1486 aliquis
1218 1435 1364 1484 religio·
1416 1439 1532 1480 tmu0‚
1553 1435 1690 1473 relictis
1716 1437 1869 1483 retibus,
1887 1439 2007 1475 secuti
2030 1445 2119 1477 sunt
2143 1452 2243 1478 eum.
2272 1441 2349 1480 Ubi
2368 1441 2492 1491 Chry·

1417 1494 1610 1525 sostomus
1640 1489 1749 1538 dicit,
1778 1501 1892 1539 super
1918 1492 2057 1530 Matth.
2078 1493 2119 1530 *:
2157 1494 2288 1541 Talem
2315 1495 2491 1533 obedien-

1417 1540 1508 1578 tiam
1542 1542 1710 1579 Christus
1746 1545 1897 1592 quaerit
1930 1557 1954 1582 a
1983 1547 2090 1584 nobis
2126 1553 2167 1585 ut
2193 1559 2314 1598 neque
2340 1549 2494 1587 instanti

1418 1599 1587 1643 tempore
1614 1607 1854 1635 remoremur
1871 1603 1898 1636 Υ.

1474 1648 1701 1687 ΚεεΡοΝυΕο
1727 1662 1913 1690 mesanum
1937 1654 2043 1702 quod
2063 1653 2240 1692 diuturna
2269 1654 2491 1694 deliberatio

1420 1708 1456 1737 et
1485 1702 1694 1740 multorum
1724 1704 1881 1742 consilia
1907 1707 2150 1755 requiruntur
2177 1707 2215 1746 in
2244 1709 2394 1757 magnis
2418 1715 2460 1747 et
2477 1707 2492 1732 ⁸

1420 1753 1564 1802 dubiis,
1598 1763 1639 1792 ut
1667 1755 1926 1807 Philosophus
1953 1760 2058 1807 dicit,
2089 1760 2124 1800 in
2155 1762 2206 1798 111
2234 1762 2356 1800 Ethic.
2377 1762 2414 1800 *ε
2453 1761 2493 1800 in

1419 1807 1477 1844 his
1505 1815 1635 1845 autern
1665 1821 1763 1858 quae
1792 1819 1879 1848 sunt
1908 1820 2010 1850 certa
2038 1821 2074 1850 et
2103 1814 2374 1863 determinata,
2413 1827 2494 1854 non

1419 1861 1623 1909 requiritur
1651 1862 1865 1901 consilium.
1896 1865 2009 1904 Circa
2037 1866 2248 1916 ingressum
2274 1877 2406 1908 autem
2435 1881 2493 1907 re-

1418 1914 1570 1962 ligionis
1597 1915 1668 1954 tria
1695 1926 1858 1965 possunt
1885 1919 2131 1958 considerari.
2161 1921 2293 1959 Primo
2320 1922 2494 1972 quidem,

1419 1967 1500 2016 ipse
1530 1968 1720 2017 religionis
1742 1970 1935 2019 ingressus
1954 1974 2169 2012 secundum
2188 1986 2242 2012 se.
2273 1975 2323 2013 Et
2340 1975 2494 2014 sicaeer·

1419 2028 1502 2059 tum
1532 2029 1588 2060 est
1616 2024 1722 2072 quod
1750 2024 1941 2073 ingressus
1965 2027 2157 2076 religionis
2186 2035 2243 2066 est
2270 2029 2408 2068 melius
2426 2030 2495 2068 bo·

1421 2087 1538 2112 num:
1569 2083 1604 2114 et
1632 2077 1697 2125 qui
1726 2077 1775 2115 de
1803 2079 1879 2116 hoc
1907 2080 2064 2129 dubitat,
2093 2089 2280 2131 quantum
2301 2082 2422 2122 estin
2439 2095 2494 2131 se,

1421 2127 1579 2177 derogat
1607 2130 1772 2179 Christo,
1802 2132 1868 2181 qui
1895 2133 1971 2171 hoc
1999 2134 2202 2173 consilium
2231 2135 2348 2174 dedit.
2382 2136 2495 2176 Unde

1421 2182 1657 2230 Augustinus
1686 2185 1788 2232 dicit,
1817 2185 1855 2223 in
1884 2186 1980 2224 libro
2008 2188 2055 2226 de
2084 2188 2194 2226 Ver-b.
2214 2189 2331 2228 Dom.
2350 2189 2388 2228 *ε
2423 2190 2495 2229 Vo-

1422 2240 1485 2272 cat
1508 2241 1549 2272 te
1575 2236 1721 2284 Oriens,
1749 2238 1848 2276 idest
1875 2239 2061 2288 Christus,
2078 2247 2183 2280 ettu
2210 2243 2371 2281 attendis
2397 2244 2496 2282 ocei-

1420 2288 1587 2335 dentem,
1625 2289 1722 2328 idest
1753 2291 1802 2329 ad
1835 2293 2035 2332 hominem
2068 2295 2275 2334 mortalem
2303 2303 2342 2334 et
2367 2306 2496 2336 errare

1422 2349 1633 2390 potentem.

1476 2394 1562 2431 Alio
1592 2396 1712 2433 modo
1741 2404 1866 2446 potest
1889 2399 2121 2438 considerari
2141 2401 2334 2450 religionis
2353 2402 2496 2451 ingres-

1423 2458 1487 2506 sus
1514 2460 1584 2496 per
1606 2450 1937 2499 comparationem
1955 2453 2005 2491 ad
2025 2453 2127 2491 vires
2144 2454 2229 2492 eius
2258 2455 2324 2505 qui
2353 2463 2410 2494 est
2437 2467 2494 2494 re·

1422 2499 1603 2548 ltgtonem
1631 2502 1882 2551 ingressurus.
1912 2505 1963 2543 Et
1981 2505 2035 2543 sic
2053 2507 2170 2545 etiam
2199 2520 2279 2546 non
2302 2515 2360 2546 est
2385 2509 2496 2549 locus

1423 2552 1668 2593 dubitationis
1703 2557 1751 2594 de
1784 2557 1955 2606 ingressu
1984 2559 2191 2608 religionis:
2227 2561 2320 2610 quia
2351 2561 2404 2600 illi
2430 2562 2497 2612 qui

1424 2606 1647 2655 religionem
1666 2609 1938 2659 ingrediuntur,
1956 2625 2039 2650 non
2059 2613 2259 2653 confidunt
2271 2627 2343 2654 sua
2356 2615 2495 2655 virtute

1424 2671 1465 2697 se
1493 2672 1607 2710 posse
1636 2663 1853 2712 subsistere,
1882 2665 1950 2704 sed
1977 2666 2118 2704 auxilio
2146 2667 2294 2706 virtutis
2323 2667 2494 2717 divinae-3

1425 2714 1639 2752 secundum
1667 2715 1759 2754 illud
1789 2717 1907 2756 Isaiae
1930 2731 1977 2756 x1„
1996 2719 2036 2757 *ε
2070 2720 2146 2763 Qui
2169 2727 2324 2771 sperant
2350 2722 2388 2761 in
2414 2723 2496 2765 Do-

1425 2767 1544 2814 mino,
1574 2770 1773 2808 mutabunt
1792 2772 2077 2818 fortitudinem:
2103 2781 2298 2813 assument
2313 2780 2325 2796 ⁸
2346 2786 2497 2824 pennas

1423 2820 1521 2858 sicut
1545 2822 1712 2870 aquilae,
1739 2831 1897 2863 current
1918 2831 1959 2863 et
1984 2838 2060 2864 non
2089 2827 2334 2875 laborabunt,
2360 2829 2496 2869 ambu-

1425 2873 1558 2911 labunt
1574 2881 1610 2912 et
1627 2888 1703 2914 non
1719 2877 1904 2925 deficient.
1916 2900 1941 2908 -
1962 2879 2003 2917 Si
2021 2887 2152 2919 tamen
2172 2881 2219 2919 sit
2232 2881 2393 2930 aliquod
2409 2893 2498 2932 spe-

1427 2926 1520 2964 ciale
1554 2927 1894 2979 impedimentum,
1933 2940 2025 2981 puta
2057 2933 2257 2972 infirmitas
2290 2935 2498 2984 corporalis

1425 2981 1487 3017 vel
1516 2993 1634 3019 onera
1662 2983 1898 3032 debitorum,
1928 2986 1991 3024 vel
2020 2986 2151 3036 aliqua
2176 2987 2420 3035 huiusmodi,
2459 2988 2497 3026 in

1427 3033 1485 3070 his
1520 3035 1721 3083 requiritur
1751 3037 1996 3087 deliberatio,
2025 3047 2063 3078 et
2090 3039 2291 3078 consilium
2322 3048 2411 3079 cum
2438 3041 2499 3080 his

1429 3086 1476 3123 de
1505 3088 1644 3137 quibus
1671 3098 1845 3139 speratur
1879 3091 1986 3141 quod
2020 3091 2167 3142 prosint
2201 3101 2238 3131 et
2269 3106 2349 3132 non
2375 3094 2499 3144 impe-

1429 3139 1544 3178 diant.
1574 3142 1686 3180 Unde
1716 3143 1849 3182 dicitur
1866 3145 1984 3182 Eccli.
2003 3157 2124 3183 mvn
2143 3145 2181 3183 *ε
2215 3147 2312 3184 Cum
2338 3148 2423 3185 viro
2448 3148 2499 3186 ir-

1427 3193 1607 3244 religioso
1640 3201 1762 3234 trudo
1797 3198 1844 3234 de
1869 3198 2084 3244 sanctitate,
2113 3204 2150 3236 et
2174 3211 2261 3237 cum
2289 3201 2425 3239 iniusto
2453 3202 2500 3239 de

1429 3246 1589 3285 iustitia.-
1618 3249 1726 3298 quasi
1755 3250 1865 3298 dicat,
1884 3251 1990 3289 Non.
2019 3251 2131 3289 Unde
2151 3253 2322 3302 sequitur
2340 3253 2376 3292 *ε
2405 3254 2498 3302 Nou

1429 3300 1598 3338 attendas
1623 3302 1682 3339 his
1709 3303 1747 3340 in
1775 3303 1883 3341 omni
1907 3303 2084 3342 consilio.-
2111 3306 2178 3343 sed
2203 3318 2290 3344 aun
2309 3307 2393 3345 νόω
2410 3319 2498 3346 sen-

1433 3459 1465 3484 ed
1485 3423 1513 3456 γ)
1533 3429 1705 3449 remoremur.
1717 3437 1737 3444 -
1754 3430 1889 3449 moremur
1907 3423 2020 3458 HpCsK,
2040 3431 2238 3452 remuneremur
2252 3425 2270 3457 l,
2284 3430 2499 3454 remur-murem

1467 3476 1474 3484 .
1492 3465 1519 3484 ι.

1485 3493 1511 3527 ⁸)
1529 3496 1563 3519 ct.
1574 3507 1595 3514 -
1613 3493 1676 3520 Om.
1694 3493 1741 3524 Pa.
1759 3494 1946 3527 (requiruntur
1965 3496 2065 3530 magis)
2084 3497 2111 3522 in
2129 3497 2164 3523 H.

1448 3552 1454 3560 ,
1484 3530 1509 3563 ι)
1526 3532 1671 3556 muniat.
1683 3542 1702 3549 -
1719 3533 1858 3555 assumant
1877 3531 2075 3565 BEFfflKLpA.

2516 873 2528 886 ⁸
2533 873 2569 895 Cf.
2574 875 2617 895 m.
2623 863 2729 901 praeeed-

2520 1502 2530 1512 “
2543 1499 2631 1524 Hamil.
2646 1499 2709 1524 XIV.

2519 1760 2605 1810 {faa
2611 1766 2677 1810 ’ῗιὲέῑ
2688 1766 2732 1809 ’3.’.ῖ

2522 2195 2534 2207 ·
2607 2193 2735 2223 .c,u.vn,

2523 2728 2613 2752 ‘Vm
2626 2734 2657 2758 3¹-

2526 3151 2616 3175 ’ναι
2631 3157 2660 3175 n.

2525 3256 2706 3285 'venuste
