2768 4198
305 321 379 357 318

304 400 409 436 beret
437 411 459 436 a
487 399 631 448 seipso,
662 399 776 435 fertur
803 409 872 445 per
906 407 1144 443 consequens
1180 394 1366 443 appetitus

304 453 384 489 eius
411 453 450 489 in
478 452 671 501 propriam
702 449 957 486 excellentiam
993 459 1108 496 supra
1137 459 1248 484 suum
1283 459 1366 483 mo-

303 506 408 542 durn.
439 507 506 542 Est
525 513 651 542 autern
673 503 868 552 dupliciter
887 501 1020 549 aliquis
1041 513 1155 537 causa
1175 500 1232 537 sui
1252 499 1364 536 boni:

301 572 380 596 uno
410 559 542 605 modo,
573 558 793 600 efficienter3
823 555 896 590 alio
927 554 1059 600 modo,
1082 553 1286 590 meritorie.
1318 553 1365 589 Et

302 613 513 649 secundum
543 612 616 647 hoc
646 616 847 646 sumuntur
868 607 966 643 duae
994 607 1140 655 primae
1163 606 1365 655 superbiae

301 665 464 714 species:
496 663 644 708 scilicet,
665 674 750 698 cum
771 660 852 709 quis
876 672 899 696 a
923 660 1117 708 semetipso
1137 661 1276 697 habere
1304 671 1365 696 ae-

299 719 425 755 stimat
450 717 550 765 quod
575 728 599 752 a
623 716 705 751 Deo
733 715 864 756 habet,·
892 714 965 760 vel,
987 725 1073 750 cum
1096 713 1264 762 propriis
1289 724 1366 749 me-

299 771 379 807 ritis
404 770 475 806 sibi
500 769 629 805 datum
657 768 815 816 desuper
842 767 969 803 credit.

353 822 483 859 Tertio
515 821 656 868 modo,
687 833 731 857 ex
761 827 866 869 parte
896 819 1001 857 modi
1031 819 1214 857 habendi:
1252 827 1366 868 prout

299 875 540 912 excellentior
567 874 701 923 aliquis
731 873 899 911 redditur
918 885 962 910 ex
981 874 1057 910 hoc
1085 873 1190 923 quod
1211 872 1365 921 aliquod

299 930 444 966 bonum
474 928 716 964 excellentius
746 926 879 964 ceteris
907 926 1087 976 possidet.
1118 926 1230 964 Unde
1257 934 1292 963 et
1321 938 1366 962 ex

297 983 372 1019 hoc
401 982 513 1018 etiarn
536 982 653 1018 fertur
671 981 883 1018 inordinate
904 980 1093 1029 appetitus
1112 981 1150 1017 in
1170 980 1365 1029 propriam

299 1035 570 1072 excellentiam.
606 1036 655 1072 Et
687 1034 902 1072 secundum
930 1035 1005 1070 hoc
1043 1034 1205 1071 sumitur
1233 1041 1366 1083 quarta
1394 1063 1395 1080 ἢ

297 1089 442 1137 species
462 1088 676 1137 superbiae,
701 1100 800 1137 quae
830 1096 885 1124 est
910 1099 997 1124 cum
1017 1088 1164 1136 aliquis,
1190 1087 1366 1136 despectis

297 1142 427 1179 ceteris
446 1140 473 1189 β,
501 1141 747 1192 singulariter
773 1141 854 1178 vult
879 1141 1010 1178 videri.

964 316 1232 363 QUAESTIO
1263 315 1418 361 CLXII,
1447 316 1746 353 ARTICULUS
1777 317 1828 353 lV

1474 397 1533 431 AD
1563 406 1738 437 QUARTUM
1767 407 1953 433 DICENDUM
1983 396 2088 445 quod
2117 396 2177 432 illa
2205 397 2274 433 tria
2296 408 2393 445 quae
2423 409 2491 445 po-

1423 446 1476 484 nit
1516 449 1742 494 Anselmus,
1783 449 2020 498 accipiuntur
2061 449 2275 487 secundum
2318 461 2492 498 progres—

1422 512 1507 536 sum
1536 501 1682 549 peccati
1708 501 1926 539 cuiuslibet:
1957 503 2061 552 quod
2090 503 2229 552 prim0,
2256 503 2371 540 corde
2402 515 2492 539 con-

1422 553 1574 601 cipitur;
1595 554 1778 600 secundo,
1800 566 1866 591 ore
1886 556 2092 604 profertur3
2121 556 2244 603 tertio,
2266 568 2384 606 opere
2408 568 2493 605 per-

1421 607 1556 643 ficitur.

1475 660 1541 696 llla
1574 667 1702 696 autem
1737 660 1943 697 duodecim
1982 674 2081 710 quae
2116 664 2224 710 ponit
2260 662 2491 708 Bernardus,

1421 721 1623 750 sumuntur
1659 725 1728 761 per
1765 715 1984 762 oppositum
2024 715 2073 751 ad
2109 716 2316 753 duodecim
2354 716 2493 764 gradus

1420 766 1654 812 humilitatis,
1676 766 1723 803 de
1743 766 1880 815 quibus
1909 767 2059 816 supra*
2086 769 2259 807 habitum
2289 778 2356 806 est.
2387 770 2491 806 Nam

1419 820 1567 868 primus
1601 821 1741 867 gradus
1776 820 1998 857 humilitatis
2027 829 2097 867 est,
2127 824 2241 860 corde
2272 828 2308 859 et
2334 834 2494 872 corpore

1419 885 1567 921 semper
1600 873 1846 909 humilitatem
1876 874 2087 920 ostendere,
2117 875 2250 923 defixis
2283 877 2320 912 in
2350 882 2493 913 terram

1395 927 1639 975 1aspectibus.
1679 926 1751 962 Cui
1781 926 1989 975 opponitur
2025 928 2240 974 curiositas,
2269 941 2339 978 per
2374 941 2492 978 quam

1420 981 1554 1029 aliquis
1574 980 1723 1016 curiose
1743 979 1885 1028 ubique
1902 988 1939 1017 et
1956 980 2170 1017 inordinate
2186 982 2451 1031 circumspicit.
2468 1004 2492 1010 -

1422 1034 1623 1071 Secundus
1651 1033 1790 1081 gradus
1817 1033 2038 1070 humilitatis
2067 1042 2134 1080 est,
2161 1040 2201 1071 ut
2220 1046 2348 1083 pauca
2376 1037 2493 1073 verba

1422 1093 1459 1124 et
1475 1086 1716 1124 rationabilia
1736 1087 1914 1135 loquatur
1932 1087 2079 1136 aliquis,
2102 1099 2177 1125 non
2197 1088 2365 1125 clamosa
2390 1100 2492 1127 voce.

1422 1141 1567 1178 Contra
1587 1152 1702 1189 quem
1733 1140 1943 1189 opponitur
1961 1141 2090 1178 levitas
2120 1141 2264 1188 mentis,
2284 1153 2354 1190 per
2373 1154 2491 1191 quam

2521 780 2531 791 ⁶
2539 779 2587 808 Qu.
2594 782 2703 807 αιιμη.
2710 780 2734 802 ὁ.

1393 1178 1396 1211 ¹
1421 1194 1562 1231 scilicet
1580 1195 1700 1231 homo
1730 1194 1894 1242 superbe
1915 1206 1955 1231 se
1984 1195 2100 1231 habet
2124 1194 2162 1231 in
2182 1195 2316 1232 verbo.
2346 1216 2371 1222 -
2399 1195 2495 1232 Ter-

1421 1248 1493 1284 tius
1522 1248 1662 1296 gradus
1691 1247 1909 1284 humilitatis
1938 1255 2004 1294 est,
2035 1253 2076 1284 ut
2101 1259 2176 1285 non
2205 1248 2252 1285 sit
2270 1249 2401 1296 facilis
2429 1254 2498 1286 aut

1393 1294 1395 1308 ²
1416 1307 1615 1350 promptus
1635 1302 1672 1338 in
1702 1301 1791 1338 risu.
1823 1301 1895 1337 Cui
1915 1303 2124 1350 opponitur
2143 1301 2267 1350 inepta
2287 1302 2437 1339 laetitia.
2469 1322 2494 1331 -

1423 1355 1591 1402 Quartus
1620 1354 1758 1402 gradus
1784 1354 2004 1392 humilitatis
2033 1363 2088 1391 est
2117 1355 2351 1392 taciturnitas
2379 1367 2496 1404 usque

1393 1411 1395 1428 l
1421 1409 1473 1446 ad
1503 1409 1852 1458 interrogationem.
1893 1408 1964 1444 Cui
2003 1408 2209 1457 opponitur
2247 1409 2438 1446 iactantia.
2468 1430 2493 1438 -

350 1197 409 1232 AD
425 1207 562 1232 ramum
582 1207 680 1232 ERGO
700 1206 886 1232 DICENDUM
905 1195 1011 1243 quod
1029 1206 1123 1231 vera
1142 1193 1366 1230 existimatio

296 1257 422 1297 potest
451 1249 644 1297 corrumpi
673 1248 881 1297 dupliciter.
921 1248 1009 1285 Uno
1038 1247 1180 1294 modo,
1210 1247 1248 1284 in
1283 1246 1366 1284 uni-

296 1301 446 1339 versali.
477 1303 525 1339 Et
554 1302 626 1348 sic,
657 1302 694 1339 in
723 1302 781 1338 his
810 1313 909 1351 quae
939 1301 987 1339 ad
1016 1301 1134 1338 finem
1164 1301 1366 1350 pertinent,

297 1356 553 1404 corrumpitur
571 1368 664 1392 vera
687 1354 911 1392 existimatio
941 1367 1010 1404 per
1038 1354 1312 1392 infidelitatem.
1343 1374 1366 1380 -

297 1409 382 1446 Alio
413 1409 545 1456 modo,
566 1409 604 1446 in
634 1409 760 1458 aliquo
790 1408 1004 1457 particulari
1034 1408 1195 1456 eligibili.
1225 1409 1274 1445 Et
1292 1409 1367 1445 hoc

61 3209 73 3219 ¹⁵
85 3207 185 3230 Notand.
200 3214 216 3230 1.

61 3345 72 3356 ⁸
86 3343 121 3366 ef.
136 3349 199 3366 num.
216 3349 250 3365 ιιι.

62 3475 273 3502 ’A1.Sentent.,1ib.

60 3502 90 3529 11,
105 3508 155 3530 cap.
177 3508 274 3524 xxxvni.

297 1474 377 1499 non
406 1463 493 1499 facit
520 1462 795 1500 infidelitatem.
833 1462 937 1498 Sicut
964 1462 1023 1498 ille
1052 1462 1118 1510 qui
1150 1462 1366 1508 fornicatur,

298 1516 472 1553 aestimat
498 1528 569 1564 pro
599 1524 773 1564 tempore
801 1516 864 1552 illo
894 1516 1041 1552 bonum
1082 1528 1163 1551 esse
1193 1515 1263 1551 sibi
1292 1515 1366 1552 for-

297 1570 431 1607 nicari:
470 1582 541 1606 nec
570 1577 701 1606 tamen
730 1577 786 1606 est
814 1568 989 1615 infidelis,
1021 1569 1115 1605 sicut
1144 1576 1242 1605 esset
1269 1569 1300 1605 si
1328 1568 1365 1605 in

297 1623 500 1660 universali
530 1623 671 1660 diceret
699 1622 988 1659 fornicationem
1019 1634 1102 1659 esse
1132 1623 1288 1659 bonam.
1319 1623 1367 1658 Et

297 1676 347 1713 ita
377 1677 489 1713 etiam
520 1685 575 1713 est
603 1676 639 1713 in
670 1675 879 1725 proposito.
919 1676 1021 1712 Nam
1053 1675 1179 1712 dicere
1217 1675 1255 1712 in
1283 1675 1366 1712 uni-

297 1730 436 1767 versali
456 1730 611 1780 aliquod
633 1731 779 1766 bonum
800 1741 882 1765 esse
911 1729 1017 1777 quod
1046 1741 1124 1765 non
1150 1736 1205 1765 est
1224 1741 1246 1765 a
1266 1729 1365 1776 Deo,

296 1785 358 1820 vel
379 1784 536 1831 gratiam
563 1783 784 1820 hominibus
813 1794 883 1830 pro
913 1781 1057 1818 meritis
1087 1781 1180 1828 dari,
1205 1782 1367 1830 pertinet

297 1837 345 1874 ad
375 1837 647 1873 infidelitatem.
678 1837 754 1872 Sed
784 1835 889 1884 quod
917 1835 1063 1883 aliquis,
1086 1847 1130 1871 ex
1150 1835 1365 1871 inordinato

296 1890 465 1939 appetitu
494 1889 671 1938 propriae
700 1887 962 1934 excellentiae,
993 1888 1043 1924 ita
1072 1888 1119 1925 de
1150 1888 1261 1924 bonis
1290 1888 1365 1924 suis

296 1944 474 1992 glorietur
511 1955 555 1979 ac
583 1943 614 1979 si
644 1954 688 1978 ea
717 1954 739 1978 a
777 1954 818 1978 se
853 1942 1011 1978 haberet
1045 1942 1107 1978 vel
1144 1953 1190 1978 ex
1223 1941 1365 1978 meritis

295 1996 470 2046 propriis,
501 1996 662 2045 pertinet
691 1996 738 2032 ad
768 1994 1001 2043 superbiam,
1032 2002 1068 2031 et
1097 2007 1175 2031 non
1205 1995 1253 2032 ad
1282 1994 1365 2031 infi-

297 2050 501 2095 delitatem,
530 2048 682 2098 proprie
711 2048 920 2097 loquendo.

349 2106 408 2140 An
437 2114 627 2139 SECUNDUM
657 2113 842 2139 DlCENDUM
872 2101 977 2150 quod
1008 2101 1183 2138 iactantia
1211 2101 1365 2150 ponitur

296 2157 441 2206 species
471 2155 660 2193 mendacii
689 2163 875 2204 quantum
901 2154 949 2192 ad
970 2155 1196 2192 exteriorem
1226 2162 1363 2202 actum,

296 2223 373 2260 quo
403 2210 486 2259 quis
507 2210 599 2246 falso
621 2209 690 2245 sibi
720 2208 888 2246 attribuit
906 2209 1011 2258 quod
1034 2221 1111 2246 non
1131 2209 1257 2246 habet.
1289 2209 1362 2246 Sed

297 2272 482 2313 quantum
512 2263 561 2300 ad
589 2262 807 2299 interiorem
837 2261 963 2300 cordis
992 2262 1266 2311 arrogantiam,
1296 2274 1364 2311 po-

297 2319 396 2355 nitur
425 2329 447 2354 a
476 2316 662 2364 Gregorio
692 2316 838 2365 species
867 2315 1081 2365 superbiae.

349 2372 408 2407 An
427 2382 587 2407 TER-rium
606 2381 791 2407 DICENDUM
810 2370 916 2418 quod
941 2369 1107 2418 ingratus
1134 2376 1190 2405 est
1211 2369 1275 2418 qui
1295 2369 1363 2406 sibi

297 2424 464 2461 attribuit
491 2424 596 2472 quod
625 2424 673 2460 ab
702 2423 776 2460 alio
805 2424 933 2460 habet.
962 2424 1075 2461 Unde
1101 2423 1199 2460 duae
1218 2423 1365 2472 primae

297 2477 498 2527 superbiae
527 2477 672 2526 species
701 2477 749 2514 ad
778 2477 1086 2525 ingratitudinem
1112 2475 1311 2525 pertinent.
1340 2497 1365 2505 -

298 2531 415 2578 Quod
444 2539 572 2568 autem
602 2531 735 2579 aliquis
760 2543 799 2567 se
831 2538 984 2567 excuset
1004 2531 1051 2568 de
1071 2537 1230 2579 peccato
1259 2531 1364 2579 quod

296 2586 422 2631 habet,
443 2584 605 2633 pertinet
633 2584 681 2621 ad
701 2584 849 2621 tertiam
879 2584 1066 2633 speciem:
1096 2583 1185 2633 quia
1205 2596 1274 2632 per
1291 2584 1365 2620 hoc

297 2638 431 2687 aliquis
451 2638 520 2675 sibi
540 2637 707 2674 attribuit
726 2638 873 2674 bonum
891 2637 1145 2684 innocentiae,
1162 2637 1268 2686 quod
1288 2650 1365 2674 non

296 2692 422 2728 habet.
452 2712 476 2719 -
506 2691 623 2738 Quod
644 2699 772 2728 autem
793 2691 927 2741 aliquis
946 2698 1266 2740 praesumptuose
1286 2698 1366 2728 ten-

298 2745 351 2782 dit
378 2745 415 2782 in
445 2745 481 2783 id
510 2745 615 2793 quod
644 2757 758 2794 supra
779 2745 905 2794 ipsum
935 2752 1002 2791 est,
1029 2745 1233 2794 praecipue
1261 2744 1365 2782 vide-

296 2807 356 2836 tur
394 2799 441 2836 ad
478 2806 654 2846 quartam
693 2799 860 2847 speciem
900 2798 1113 2848 pertinere,
1152 2798 1363 2835 secundum

297 2865 414 2901 quam
444 2852 577 2901 aliquis
605 2853 686 2889 vult
714 2852 794 2888 aliis
823 2852 1016 2901 praeferri.

350 2966 376 3000 β)
395 2967 525 2999 despectis
543 2967 647 2992 ceteris.
659 2979 677 2984 -
695 2966 757 2991 aliis
776 2966 906 2998 despectis
924 2967 971 2992 Pa.

349 3004 375 3037 γ)
390 3007 574 3036 peccatorum.
585 3016 604 3022 -
622 3002 766 3027 eorundem
786 3002 832 3028 Pa.

1422 1462 1588 1509 Quintus
1616 1462 1757 1509 gradus
1786 1461 2005 1498 humilitatis
2035 1470 2102 1509 est,
2125 1467 2251 1499 tenere
2273 1463 2376 1511 quod
2392 1474 2494 1500 com-

1421 1516 1546 1552 munis
1565 1515 1700 1565 regula
1721 1515 1940 1552 monasterii
1956 1516 2078 1552 habet.
2101 1515 2173 1552 Cui
2193 1515 2402 1564 opponitur
2418 1515 2494 1553 sin-

1421 1569 1631 1618 gularitas.-
1660 1581 1730 1617 per
1758 1581 1874 1618 quam
1896 1568 2038 1605 scilicet
2057 1569 2191 1617 aliquis
2220 1569 2386 1606 sanctior
2411 1570 2495 1607 vult

1393 1617 1395 1626 ’
1421 1634 1618 1671 apparere.
1644 1643 1668 1650 —
1699 1623 1836 1658 Sextus
1855 1624 1994 1670 gradus
2015 1622 2234 1659 humilitatis
2254 1631 2320 1670 est,
2342 1623 2496 1660 credere

1420 1681 1457 1712 et
1476 1676 1729 1724 pronuntiare
1759 1687 1800 1712 se
1836 1676 2010 1712 omnibus
2041 1676 2225 1713 viliorem.
2265 1676 2337 1713 Cui
2371 1688 2492 1726 oppo-

1420 1729 1522 1766 nitur
1539 1729 1788 1778 arrogantia:
1816 1741 1885 1777 per
1903 1741 2021 1777 quam
2042 1729 2183 1766 scilicet
2208 1729 2328 1766 homo
2349 1741 2391 1766 se
2411 1729 2492 1767 aliis

1420 1782 1596 1830 praefert.
1627 1802 1652 1810 -
1681 1781 1876 1830 Septimus
1911 1782 2051 1830 gradus
2087 1782 2308 1819 humilitatis
2343 1790 2415 1829 est,
2444 1783 2496 1820 ad

1419 1836 1549 1872 omnia
1569 1835 1736 1871 inutilem
1756 1841 1792 1871 et
1809 1835 2008 1884 indignum
2027 1847 2067 1872 se
2086 1836 2259 1884 confiteri
2275 1842 2311 1873 et
2327 1837 2492 1874 credere.

1421 1888 1493 1924 Cui
1514 1888 1723 1937 opponitur
1737 1890 2016 1937 praesumptio:
2044 1901 2113 1937 per
2132 1901 2249 1937 quam
2270 1889 2410 1926 scilicet
2429 1890 2494 1927 ali-

1421 1941 1504 1990 quis
1534 1949 1683 1990 reputat
1711 1953 1752 1977 se
1782 1941 2034 1978 sufficientem
2055 1942 2104 1979 ad
2134 1942 2293 1979 maiora.
2323 1963 2347 1970 -
2377 1943 2491 1981 Octa-

1420 2006 1493 2031 vus
1522 1995 1661 2043 gradus
1689 1994 1911 2031 humilitatis
1939 2002 1996 2031 est
2024 1995 2208 2043 confessio
2235 2001 2492 2044 peccatorum.

1421 2048 1493 2084 Cui
1509 2048 1718 2097 opponitur
1731 2048 1898 2096 defensio
1911 2054 2158 2096 peccatorum
2169 2053 2196 2086 Υ.
2219 2069 2244 2077 -
2259 2049 2398 2086 Nonus
2412 2060 2495 2098 gra-

1420 2102 1492 2139 dus
1510 2099 1524 2124 ⁶
1554 2110 1621 2148 est,
1643 2103 1680 2139 in
1701 2102 1806 2139 duris
1833 2107 1871 2138 et
1895 2102 2039 2151 asperis
2062 2102 2286 2151 patientiam
2306 2102 2492 2151 amplecti.

1421 2155 1493 2192 Cui
1522 2155 1731 2204 opponitur
1757 2155 1934 2192 simulata
1963 2156 2167 2205 confessio:
2197 2168 2266 2206 per
2285 2167 2404 2205 quarn
2423 2155 2495 2194 sci-

1419 2209 1507 2246 licet
1535 2208 1670 2258 aliquis
1689 2221 1767 2246 non
1787 2210 1868 2246 vult
1887 2209 2014 2246 subire
2034 2221 2203 2258 poenam
2223 2221 2294 2259 pro
2314 2209 2493 2259 peccatis,

1421 2274 1520 2310 quae
1549 2263 1722 2299 simulate
1752 2263 1966 2300 confitetur.
1997 2285 2021 2292 -
2050 2263 2235 2300 Decimus
2263 2264 2402 2312 gradus
2424 2263 2495 2301 hu·

1421 2315 1585 2353 militatis
1614 2323 1670 2353 est
1697 2316 1916 2353 obedientia.
1948 2316 2020 2353 Cui
2051 2316 2258 2366 opponitur
2285 2316 2449 2354 rebellio.
2470 2337 2496 2346 -

1420 2369 1659 2407 Undecimus
1688 2377 1815 2406 autern
1836 2370 1975 2418 gradus
1995 2374 2008 2392 ⁸
2037 2377 2104 2416 est,
2136 2376 2178 2406 ut
2192 2371 2307 2407 homo
2336 2382 2411 2407 non
2431 2370 2494 2407 de-

1419 2423 1574 2460 lectetur
1589 2424 1729 2471 facere
1750 2424 1951 2472 propriam
1986 2423 2226 2461 voluntatem.
2265 2423 2338 2460 Cui
2371 2434 2495 2472 oppo-

1422 2476 1522 2513 nitur
1549 2476 1720 2514 libertas:
1748 2489 1817 2525 per
1836 2489 1952 2526 quam
1983 2477 2124 2514 scilicet
2141 2478 2262 2515 homo
2288 2476 2496 2514 delectatur

1420 2530 1540 2567 libere
1568 2530 1692 2567 facere
1713 2530 1819 2580 quod
1838 2531 1930 2568 vult.
1961 2551 1987 2559 -
2014 2531 2181 2568 Ultimus
2201 2538 2329 2568 autem
2354 2529 2494 2578 gradus

1421 2583 1641 2621 humilitatis
1671 2591 1727 2621 est
1745 2584 1859 2621 timor
1877 2584 1961 2621 Dei.
1992 2584 2063 2621 Cui
2090 2584 2298 2634 opponitur
2309 2582 2496 2633 peccandi

1421 2638 1661 2684 consuetudo,
1682 2649 1783 2685 quae
1807 2637 1976 2687 implicat
1995 2638 2067 2675 Dei
2088 2645 2367 2687 contemptum.
2397 2657 2422 2665 -
2451 2637 2494 2674 ln

1420 2691 1479 2728 his
1508 2698 1637 2728 autem
1667 2691 1873 2728 duodecim
1902 2691 2082 2740 gradibus
2109 2699 2316 2741 tanguntur
2334 2703 2413 2728 non
2432 2701 2494 2727 so—

1420 2745 1500 2782 lum
1530 2744 1731 2794 superbiae
1760 2745 1928 2794 species,
1958 2745 2024 2782 sed
2055 2745 2169 2783 etiarn
2199 2744 2392 2794 quaedam
2427 2754 2493 2780 an·

1421 2798 1633 2836 tecedentia
1663 2806 1699 2835 et
1727 2799 2020 2848 consequentia:
2059 2799 2154 2836 sicut
2189 2798 2302 2836 etiam
2342 2809 2455 2846 supra
2473 2795 2494 2818 ¹⁸¹

1421 2853 1469 2889 de
1498 2852 1710 2889 humilitate
1739 2852 1881 2890 dictum
1913 2860 1981 2889 est.

1473 2966 1498 2997 ὃ)
1517 2967 1630 3000 gradus.
1641 2981 1661 2986 -
1678 2967 1838 2992 humilitatis
1857 2967 1957 2992 addunt
1975 2966 2066 2999 PBpE.

1475 3004 1496 3035 ε)
1516 3006 1606 3028 autem
1625 3003 1737 3036 gradus.
1750 3017 1768 3022 —
1786 3002 1890 3036 gradus
1909 3002 2070 3027 humilitatis
2089 3002 2134 3027 Pa.

979 3082 1313 3114 Commenta-ria
1337 3081 1589 3115 Cardinalis
1610 3082 1812 3116 Caietam

302 3173 347 3235 IN
364 3162 495 3193 articulo
511 3169 625 3203 quarto
647 3161 790 3192 eiusdem
807 3161 1365 3202 centesimaesexagesimaesecundae

329 3206 532 3247 quaestionis,
557 3206 693 3237 dubium
713 3216 750 3236 ex
765 3206 913 3243 Martino‚
938 3216 992 3247 qu.
1008 3206 1056 3236 v*
1072 3207 1110 3237 de
1132 3206 1296 3246 Superbia,
1313 3217 1365 3237 oc-

299 3251 402 3287 currit,
420 3251 484 3287 ubi,
502 3250 628 3281 recitata
645 3251 702 3281 hac
722 3250 875 3287 doctrina,
893 3250 983 3281 dicit:
1012 3263 1026 3278 κ
1045 3251 1132 3281 Haec
1149 3251 1260 3292 opinio
1277 3251 1365 3282 Tho·
1392 3267 1393 3275 κ

300 3304 369 3324 mae
393 3302 439 3325 est
462 3295 603 3335 pulchra,
621 3302 651 3326 et
666 3296 746 3326 bene
762 3295 909 3325 moralis:
935 3295 989 3326 sed
1013 3302 1119 3326 tamen
1136 3296 1366 3327 calumniabilis

301 3338 514 3379 multipliciter
531 3339 655 3370 videtur
674 3351 702 3370 ».
725 3340 835 3370 Primo
849 3339 876 3376 *,
894 3340 969 3381 quia
986 3339 1159 3380 Gregorius
1175 3350 1241 3371 non
1257 3350 1366 3381 super-

300 3382 387 3418 biae,
412 3383 466 3413 sed
495 3384 689 3424 arrogantiae
719 3384 838 3424 species
869 3394 987 3424 ponere
1011 3384 1145 3416 videtur.
1178 3385 1366 3426 Arrogantia

301 3433 408 3456 autern
424 3434 470 3457 est
485 3428 648 3467 superbiae
665 3438 730 3458 una
745 3428 875 3468 species.
892 3429 996 3459 Immo
1013 3428 1162 3465 Isidorus,
1179 3429 1220 3460 de
1234 3429 1366 3460 Summo

300 3470 392 3500 Bono
407 3470 433 3506 *,
459 3470 620 3511 distinguit
644 3482 713 3502 eam
738 3483 755 3503 a
778 3473 925 3513 superbia
948 3480 984 3504 ut
1003 3473 1141 3514 speciem
1158 3484 1176 3504 a
1192 3474 1311 3514 specie:
1336 3481 1366 3505 et

302 3514 377 3544 dicit
399 3515 609 3554 arrogantiam
634 3526 669 3546 ex
693 3517 839 3556 superbia
863 3518 958 3554 nasci,
983 3525 1013 3548 et
1037 3528 1103 3548 non
1127 3528 1143 3549 e
1167 3525 1286 3550 contra.

357 3558 398 3588 Et
422 3557 634 3589 confirmatur.
659 3560 743 3597 Quia
767 3567 827 3591 stat
849 3561 988 3602 aliquem
1011 3572 1077 3592 esse
1093 3572 1164 3593 vere
1180 3563 1364 3604 superbum,

302 3609 333 3633 et
349 3608 456 3633 tamen
473 3602 550 3632 nihil
567 3603 624 3633 sibi
641 3613 794 3643 arrogare.
818 3605 982 3637 Probatur.
1007 3606 1195 3647 Theologus
1212 3607 1365 3638 excellens

302 3646 380 3676 alios
404 3646 598 3683 notabiliter,
623 3657 850 3687 recognoscens
878 3659 895 3679 a
919 3650 987 3680 Deo
1017 3660 1053 3680 ex
1076 3651 1175 3691 gratia
1202 3651 1364 3682 scientiam

1419 3163 1544 3199 habere,
1569 3162 1744 3203 despiciens
1768 3170 1875 3193 tamen
1894 3162 1974 3193 alios
1998 3169 2151 3202 tanquam
2175 3161 2253 3192 nihil
2277 3161 2420 3199 scientes,
2445 3167 2493 3195 eet

1419 3217 1491 3238 vere
1521 3208 1695 3248 superbus,
1729 3213 1842 3247 utpote
1869 3216 1962 3238 suam
1993 3205 2209 3237 excellentiam
2241 3205 2493 3247 contemptivam

1420 3262 1540 3283 amans.
1565 3251 1606 3282 Et
1629 3259 1736 3283 tamen
1760 3251 1838 3282 nihil
1862 3250 1920 3282 sibi
1945 3257 2079 3290 arrogat.
2096 3267 2117 3273 -
2139 3249 2310 3287 Praeterea,
2327 3250 2352 3281 si
2376 3250 2491 3292 aliquis

1419 3297 1622 3336 impudenter
1645 3296 1738 3327 iactet
1759 3296 1845 3326 bona
1868 3305 1951 3336 quae
1974 3294 2084 3331 habet,
2110 3295 2152 3325 ob
2177 3304 2320 3325 amorem
2343 3294 2491 3336 propriae

1392 3330 1394 3351 ‘⁵
1419 3340 1629 3376 excellentiae,
1645 3340 1678 3371 in
1702 3346 1924 3381 contemptum
1947 3338 2094 3375 aliorum,
2120 3339 2190 3370 talis
2214 3345 2261 3370 est
2282 3349 2355 3370 vere
2379 3339 2491 3380 super-

1419 3386 1489 3416 bus.
1514 3385 1556 3416 Et
1578 3391 1685 3415 tamen
1709 3384 1788 3415 nihil
1811 3383 1870 3414 sibi
1894 3390 2029 3423 arrogat.

1476 3430 1513 3461 11.
1537 3429 1685 3460 Secundo
1699 3428 1726 3459 ¹⁸.
1750 3428 1824 3459 Non
1841 3427 1964 3458 videtur
1987 3427 2132 3459 Thomas
2155 3429 2235 3459 bene
2251 3427 2402 3459 fundasse
2416 3427 2492 3459 istu

1392 3479 1394 3488 '
1419 3473 1616 3514 arrogantiae
1640 3473 1770 3513 species.
1794 3472 1959 3510 Quoniam
1982 3472 2060 3512 ipse,
2086 3473 2152 3503 duo
2176 3482 2251 3504 cum
2275 3478 2436 3513 proponat
2457 3471 2492 3503 iu

1419 3516 1567 3558 superbia
1590 3516 1732 3553 inveniri,
1754 3517 1877 3547 bonum
1901 3523 1932 3547 et
1950 3516 2167 3548 excellentiam
2183 3523 2434 3558 consequentem
2450 3515 2492 3547 ad

1392 3585 1393 3592 ,
1419 3562 1554 3598 bonum,
1579 3570 1692 3592 omnes
1715 3560 1835 3601 species
1863 3571 1899 3591 ex
1923 3568 2010 3602 parte
2034 3561 2110 3592 boni
2135 3561 2291 3602 assignat,
2317 3570 2354 3591 ex
2376 3559 2490 3602 triplici

1420 3612 1476 3637 aut
1504 3605 1703 3647 quadruplici
1735 3605 1987 3636 consideratione
2012 3606 2099 3637 boni.
2131 3606 2172 3638 Et
2200 3616 2236 3637 ex
2260 3605 2365 3647 primo
2390 3604 2490 3635 modo

1421 3649 1534 3690 accipit
1558 3649 1681 3681 tertiam
1705 3650 1860 3690 speciem,
1885 3660 1948 3691 qua
1971 3650 2043 3691 quis
2067 3650 2211 3681 aestimat
2238 3659 2271 3680 se
2294 3649 2409 3680 habere
2432 3649 2490 3679 bo-

2613 2065 2640 2149 Tb<

2519 2797 2604 2820 ⁸1bid.

2519 3430 2704 3455 *mamm
