2768 4198
59 949 69 960 ⁸
83 946 148 969 Vm.
163 952 197 975 3²·

57 1106 69 1117 ⁸
81 1105 150 1128 ven.
164 1096 187 1128 ss

55 1368 68 1381 ⁴
79 1367 147 1391 Vm.
161 1374 182 1391 2.

55 2113 67 2124 ⁴
80 2111 147 2134 Van.
161 2118 187 2134 u.

0 2746 18 3305 'lwmqmssml
0 2595 19 2736 qua-wa·-

66 2754 76 2768 Ἰ

147 2756 177 2769 ὲ

966 282 1234 329 QUAESTIO
1264 283 1438 330 CXLIX,
1468 275 1766 319 ARTICULUS
1798 281 1847 332 N

2428 279 2493 314 181

1080 418 1402 460 ARTICULUS
1446 417 1720 470 QUARTUS

682 512 837 543 UTRUM
861 511 1097 543 SOBRIETAS
1121 511 1253 543 MAots
1277 511 1564 548 REQUIRATUR
1587 511 1630 541 1N
1654 510 1890 545 MA10R113us
1913 509 2118 541 PERsoms

1194 589 1202 612 I
1222 589 1259 613 ad
1283 589 1359 618 Tim„
1380 596 1435 621 cap.
1455 596 1482 618 ιι,
1502 589 1560 613 lect.
1580 596 1608 613 u.

386 688 392 710 2
420 688 488 730 ἧς(
510 681 533 707 D
555 681 730 712 QUARTUM
745 681 798 706 SIC
824 680 1065 706 PROCEDITUR.
1085 668 1247 705 Videtur
1266 667 1372 716 quod
1430 668 1499 704 Tit.
1522 679 1544 704 11
1563 667 1583 689 ³⁶
1612 668 1765 705 dicitur:
1794 669 1954 704 Iuvenes
1990 667 2161 704 similiter
2192 667 2346 704 hortare
2375 673 2415 703 ut
2440 679 2499 704 so·
2529 682 2538 690 ·
2553 680 2620 701 νας.
2637 680 2658 700 ⁶.

433 728 491 763 ΜΛ
511 723 697 760 sobrietas
721 722 842 770 magis
863 722 1076 771 requiratur
1094 721 1132 758 in
1162 721 1374 758 maioribus

429 792 430 795 ¹
461 776 696 825 (personis.
736 776 922 812 Senectus
965 775 1066 812 enirn
1112 775 1401 821 excellentiam!

1427 721 1502 758 hrii
1526 721 1610 757 sint.

1479 775 1706 811 REspounEo
1727 785 1913 811 mCENnuM
1934 774 2038 822 quod
2059 773 2180 811 virtus
2207 773 2324 810 habet
2351 773 2500 810 habitu-

359 846 366 853 *
471 819 707 879 quandam
735 829 885 866 homini
902 836 1087 878 praestat:
1118 828 1220 865 unde
1251 834 1287 864 et
1316 840 1373 864 se—
1399 834 1402 876 1
1428 826 1557 864 dinem
1586 827 1635 864 ad
1665 828 1763 864 duo:
1792 839 1872 864 uno
1893 827 2050 876 quidem
2079 827 2211 874 modo,
2232 826 2282 864 ad
2311 826 2500 864 contraria

297 884 411 931 nibus
438 883 652 920 reverentia
681 890 716 920 et
743 883 869 920 honor
897 883 1068 930 debetur,
1089 881 1303 918 secundum
1333 881 1372 916 il-

297 937 362 974 lud
391 937 510 973 Levit.
540 948 602 973 x1x
620 936 657 973 *z
701 937 843 974 Coram
881 947 976 972 cano
1011 935 1131 984 capite
1162 945 1371 983 consurge,

297 996 333 1027 et
357 991 505 1027 honora
529 1002 736 1039 personam
754 990 862 1026 senis.
894 989 972 1026 Sed
992 988 1200 1038 Apostolus
1229 986 1373 1036 specia-

296 1043 380 1080 liter
398 1056 510 1080 senes
531 1042 618 1080 dicit
646 1056 729 1080 esse
749 1043 799 1080 ad
827 1042 1070 1080 sobrietatem
1097 1040 1371 1077 exhortandos:

297 1097 512 1134 secundum
548 1096 639 1134 illud
676 1097 744 1134 Tit.
776 1108 799 1133 11
824 1096 865 1132 *ε
903 1096 1036 1141 Senes,
1065 1100 1104 1131 ut
1136 1093 1254 1130 sobrii
1288 1093 1371 1130 sint.

296 1151 400 1199 Ergo
429 1149 614 1187 sobrietas
643 1149 809 1187 maxime
843 1148 1044 1196 requiritur
1067 1147 1104 1184 in
1134 1146 1372 1183 excellentio-

296 1204 401 1241 ribus
429 1203 616 1252 personis.

351 1268 387 1294 2.
413 1258 653 1304 PRAETEREA,
685 1255 889 1305 episcopus
916 1253 956 1291 in
984 1252 1156 1290 Ecclesia
1189 1253 1373 1289 excellen-

295 1309 675 1358 tissimumaegradum
703 1309 831 1346 habet.
862 1307 933 1344 Cui
961 1318 1031 1355 per
1058 1306 1289 1354 Apostolum
1317 1306 1373 1343 in-

297 1363 434 1401 dicitur
452 1363 657 1400 sobrietas:
686 1361 901 1399 secundum
927 1360 1020 1397 illud
1049 1361 1063 1396 I
1084 1359 1136 1396 ad
1158 1359 1253 1396 Tim.
1275 1371 1310 1395 111
1330 1358 1371 1395 *ε

300 1417 456 1466 Oportet
489 1417 704 1465 episcopum
740 1413 1105 1464 irreprehensibilem
1134 1424 1232 1458 esse,
1263 1412 1373 1449 unius

296 1471 430 1508 uxoris
456 1470 595 1516 virum,
615 1469 796 1514 sobrium,
812 1467 1050 1517 prudentem,
1079 1473 1149 1502 etc.
1180 1466 1282 1513 Ergo
1312 1477 1372 1502 so-

295 1523 435 1561 brietas
472 1522 638 1560 maxime
675 1521 878 1571 requiritur
905 1520 944 1557 in
976 1519 1151 1569 personis
1190 1519 1372 1556 excellen-

295 1577 396 1614 tibus
417 1580 446 1613 ⁸.

350 1631 386 1667 3.
406 1630 643 1676 Pur-mm,
673 1627 860 1665 sobrietas
887 1627 1070 1676 importat
1103 1625 1372 1664 abstinentiam

294 1695 318 1720 a
343 1683 449 1720 vino.
481 1682 560 1720 Sed
587 1681 723 1720 vinum
759 1680 993 1718 interdicitur
1027 1679 1195 1728 regibus,
1225 1679 1290 1728 qui
1318 1686 1371 1716 te-

294 1744 387 1774 nent
414 1747 613 1774 summum
632 1736 764 1774 locum
783 1734 821 1771 in
841 1735 954 1771 rebus
982 1733 1174 1781 humanis,
1196 1732 1372 1770 concedi—

293 1797 356 1829 tur
373 1797 503 1828 autem
532 1789 591 1827 his
619 1789 793 1838 quisunt
820 1787 859 1825 in
888 1795 987 1824 statu
1007 1786 1230 1824 deiectionis
1248 1784 1284 1823 βε
1315 1798 1372 1823 se-

295 1844 466 1882 cundum
494 1842 586 1880 illud
604 1843 718 1880 Pr‘ov.
739 1853 823 1878 xxxi
842 1840 883 1878 *z
912 1840 1009 1878 Noli
1025 1840 1180 1890 regibus
1207 1840 1301 1877 dare
1318 1840 1372 1877 vi·
1399 1850 1402 1877 ι

293 1908 405 1943 num3
436 1904 472 1933 et
499 1903 636 1945 postea
653 1895 674 1917 ¹²
702 1895 851 1932 subdit:
880 1895 980 1930 Date
1005 1894 1168 1930 siceram
1201 1904 1372 1930 moeren—

294 1951 403 1996 tibus,
425 1956 461 1987 et
486 1950 618 1986 vinum
645 1949 703 1985 his
730 1948 797 1996 qui
822 1958 959 1984 amaro
982 1947 1112 1983 animo
1139 1952 1236 1983 sunt.
1268 1947 1371 1994 Ergo

295 2003 481 2041 sobrietas
510 2002 631 2050 magis
651 2001 854 2050 requiritur
882 2000 919 2037 in
941 1999 1269 2037 excellentioribus
1289 2011 1373 2048 per·
1399 2009 1402 2069 l

296 2068 413 2095 sonis.

349 2109 426 2147 SED
446 2119 593 2146 CONTRA
612 2119 680 2145 EST
698 2106 805 2156 quod
824 2107 1045 2156 Apostolus,
1068 2107 1081 2142 1
1103 2106 1155 2143 ad
1172 2106 1268 2143 Tim.
1289 2118 1325 2142 111
1340 2105 1372 2152 ²¹⁸,

297 2163 404 2200 dicit:
432 2161 619 2199 Mulieres
645 2160 817 2198 similiter
839 2160 1010 2208 pudicas,
1034 2160 1193 2206 sobrias,
1225 2166 1294 2195 etc.
1325 2159 1374 2195 Et

349 2294 378 2328 α)
397 2293 597 2320 excellentibus.
608 2305 627 2312 ·-
645 2291 880 2318 excellentioribus
899 2291 957 2322 PK3
977 2290 1170 2316 excellentibus
1188 2290 1229 2316 hic
1249 2296 1274 2316 et
1292 2291 1371 2324 priori

296 2334 323 2356 et
340 2329 461 2363 sequenti
481 2329 541 2354 loeo
559 2328 610 2353 Ga.

349 2364 376 2399 β)
395 2364 560 2391 deiectionis.
572 2376 591 2384 -
609 2362 760 2389 dilectionis
778 2362 990 2396 ABDEFHKpC,
1010 2362 1186 2388 desolationis
1206 2361 1290 2387 PGsc
1308 2366 1334 2386 et
1348 2369 1389 2399 a,⁴

295 2400 458 2428 eruditionis
475 2400 506 2430 L,
526 2404 595 2433 spat.
612 2407 668 2424 vac.
687 2398 706 2423 1.

1426 879 1517 917 vitia
1536 892 1635 928 quae
1656 880 1831 928 excludit,
1853 888 1888 916 et
1917 880 2244 929 concupiscentias
2263 892 2358 929 quas
2386 880 2500 917 refre—

1427 941 1511 980 nat3
1542 933 1615 970 alio
1643 934 1775 980 modo,
1797 934 1845 970 ad
1865 933 1986 970 finem
2015 933 2053 970 in
2077 945 2193 981 quem
2222 933 2406 982 perducit.
2438 933 2501 970 Sic

1427 986 1536 1034 igitur
1564 986 1690 1035 aliqua
1709 985 1829 1023 virtus
1849 986 1970 1034 magis
1991 986 2192 1036 requiritur
2218 987 2257 1023 in
2277 986 2465 1035 aliquibus
2484 991 2500 1014 Υ

1428 1039 1565 1088 duplici
1595 1039 1752 1076 ratione.
1783 1039 1870 1076 Uno
1892 1040 2024 1087 modo,
2046 1039 2134 1088 quia
2153 1039 2191 1076 in
2220 1039 2272 1076 eis
2294 1047 2349 1076 est
2377 1039 2501 1076 maior

1428 1092 1596 1140 pronitas
1626 1092 1676 1129 ad
1696 1092 2022 1140 concupiscentias
2051 1105 2145 1141 quas
2170 1100 2320 1142 oportet
2339 1105 2408 1141 per
2427 1093 2501 1130 vir-

1427 1152 1547 1182 tutem
1576 1145 1778 1195 refrenari,
1809 1152 1846 1181 et
1883 1146 1931 1182 ad
1963 1145 2054 1182 vitia
2083 1158 2181 1194 quae
2215 1158 2283 1194 per
2319 1146 2500 1183 virtutem

1429 1199 1621 1235 tolluntur.
1660 1199 1709 1234 Et
1746 1197 1958 1234 secundum
1993 1199 2087 1245 hoc,
2116 1198 2299 1235 sobrietas
2334 1199 2500 1236 maxime

1429 1251 1628 1300 requiritur
1662 1250 1701 1287 in
1735 1251 1939 1288 iuvenibus
1978 1258 2014 1288 et
2049 1251 2293 1288 mulieribus:
2338 1252 2426 1301 quia
2463 1252 2501 1289 in

1428 1304 1632 1342 iuvenibus
1660 1303 1763 1352 viget
1791 1304 2098 1352 concupiscentia
2135 1304 2386 1353 delectabilis,
2415 1317 2502 1354 pro-

1427 1366 1511 1407 pter
1538 1358 1730 1395 fervorem
1759 1358 1909 1403 aetatis;
1939 1358 1977 1394 in
2006 1357 2226 1394 mulieribus
2259 1366 2388 1395 autem
2424 1371 2502 1396 non

1428 1419 1484 1448 est
1502 1410 1696 1448 sufficiens
1725 1411 1842 1447 robur
1869 1410 2008 1447 mentis
2028 1411 2076 1448 ad
2096 1411 2171 1447 hoc
2190 1412 2296 1459 quod
2323 1411 2502 1460 concupi-

1427 1464 1579 1502 scentiis
1599 1463 1783 1500 resistant.
1814 1464 1938 1511 Unde,
1959 1463 2173 1501 secundum
2194 1464 2407 1501 Maximum
2427 1465 2502 1502 Va-

1427 1518 1564 1555 lerium
1584 1517 1616 1564 ²⁸,
1638 1517 1817 1554 mulieres
1837 1517 1940 1566 apud
1961 1518 2162 1555 Romanos
2191 1518 2395 1566 antiquitus
2424 1530 2502 1555 non

1428 1572 1611 1609 bibebant
1638 1570 1784 1607 vinum.

1480 1625 1567 1662 Alio
1596 1636 1691 1661 vero
1720 1623 1841 1661 modo
1871 1624 2056 1661 sobrietas
2085 1623 2206 1672 magis
2235 1624 2437 1672 requiritur
2466 1626 2503 1662 in

1428 1677 1616 1727 aliquibus
1649 1684 1782 1727 utpote
1815 1677 1937 1725 magis
1972 1677 2187 1714 necessaria
2225 1677 2274 1715 ad
2308 1678 2503 1727 propriam

1428 1732 1696 1781 operationem
1716 1731 1902 1780 ipsorum.
1932 1731 2076 1768 Vinum
2098 1738 2226 1768 autem
2246 1731 2503 1769 immoderate

1429 1793 1626 1834 sumptum
1662 1784 1870 1833 praecipue
1904 1784 2064 1834 impedit
2096 1797 2211 1822 usum
2248 1785 2413 1822 rationis.
2454 1786 2502 1822 Et

1428 1840 1515 1876 ideo
1536 1838 1701 1885 senibus,
1723 1838 1761 1874 in
1781 1837 1920 1886 quibus
1940 1837 2035 1874 ratio
2057 1837 2171 1875 debet
2188 1837 2318 1886 vigere
2343 1838 2391 1876 ad
2411 1838 2502 1875 alio-

1427 1905 1513 1929 rum
1551 1891 1829 1937 eruditionem;
1859 1898 1897 1927 et
1931 1890 2139 1940 episcopis,
2170 1903 2238 1928 seu
2271 1891 2504 1939 quibuslibet

1429 1946 1624 1982 Ecclesiae
1653 1944 1843 1991 ministris,
1865 1943 1928 1993 qui
1949 1951 2076 1981 mente
2106 1945 2247 1982 devota
2266 1945 2408 1982 debent
2427 1946 2502 1994 spi-

1429 1999 1624 2036 ritualibus
1645 1998 1779 2035 officiis
1803 1997 1996 2043 insistere3
2028 2005 2064 2034 et
2083 1998 2246 2046 regibus,
2268 1997 2332 2047 qui
2354 2010 2425 2047 per
2443 2010 2501 2035 sa-

1427 2052 1609 2102 pientiam
1640 2052 1782 2088 debent
1817 2051 2006 2100 populum
2041 2051 2235 2088 subditum
2274 2051 2499 2099 gubernare,

1428 2105 1640 2155 specialiter
1668 2104 1854 2141 sobrietas
1882 2103 2068 2141 indicitur.

1481 2159 1530 2195 Et
1556 2170 1626 2207 per
1653 2159 1729 2194 hoc
1756 2164 1860 2206 patet
1888 2157 2087 2206 responsio
2117 2157 2167 2194 ad
2196 2157 2357 2194 obiecta.

1479 2289 1507 2324 γ)
1526 2291 1551 2315 in
1572 2291 1714 2323 aliquibus.
1728 2304 1747 2309 -
1767 2290 1792 2315 in
1813 2290 1917 2323 aliquid
1935 2290 1977 2321 IK,
1993 2290 2019 2315 in
2039 2290 2131 2323 aliqua
2149 2290 2183 2319 L,
2203 2290 2241 2315 ad
2264 2289 2369 2322 aliquid
2387 2290 2500 2315 ABEFH

1428 2326 1474 2359 pC,
1493 2326 1531 2351 ad
1549 2326 1661 2359 aliquod
1679 2326 1711 2350 D.

976 2477 1314 2511 Commentaria
1336 2476 1592 2510 cardinalis
1613 2476 1818 2509 Caietani

326 2572 347 2592 N
371 2560 504 2592 articulo
528 2566 644 2600 quarto
669 2557 813 2589 eiusdem
844 2557 1040 2599 quaestionis
1073 2557 1210 2588 dubium
1234 2557 1372 2588 occurrit
1395 2557 1399 2636 l
1425 2557 1456 2587 in
1473 2557 1643 2588 iuvenibus
1660 2564 1691 2588 et
1706 2556 1893 2588 mulieribus
1917 2556 2156 2588 considerentur
2172 2563 2203 2587 et
2218 2556 2366 2597 propriae
2390 2566 2500 2596 opera-

299 2573 365 2637 Iex
388 2616 427 2636 eo
451 2605 541 2645 quod
562 2613 632 2634 non
655 2603 736 2633 bene
760 2602 840 2633 ratio
865 2613 964 2645 quare
988 2602 1127 2639 senibus,
1152 2602 1313 2642 episcopis
1340 2609 1370 2633 et
1425 2602 1528 2633 tiones
1553 2607 1583 2632 et
1607 2601 1899 2642 concupiscentiae,
1925 2608 1956 2632 et
1979 2601 2121 2632 similiter
2144 2601 2177 2631 in
2201 2600 2285 2637 aliis,
2310 2600 2427 2631 scilicet
2455 2610 2500 2630 se-

295 2650 422 2691 regibus
442 2648 620 2690 specialiter
634 2647 784 2678 indicitur
800 2647 953 2678 sobrietas
969 2646 1070 2687 magis
1087 2645 1186 2688 quarn
1201 2646 1371 2677 iuvenibus
1425 2646 1529 2683 nibus,
1546 2646 1672 2686 regibus
1692 2653 1722 2676 et
1746 2646 1923 2687 episcopis:
1948 2652 2034 2682 tunc,
2052 2645 2226 2676 formaliter
2249 2645 2424 2686 loquend0‚
2451 2644 2499 2675 iu-

296 2701 327 2726 et
350 2694 549 2730 mulieribus,
573 2692 760 2732 assignatur.
792 2692 958 2729 Quoniam
980 2691 1151 2722 iuvenibus
1175 2698 1206 2722 et
1228 2691 1371 2722 mulieri·
1425 2691 1558 2722 venibus
1581 2698 1612 2721 et
1627 2691 1814 2721 mulieribus
1836 2697 1882 2721 est
1904 2690 2078 2720 necessaria
2102 2689 2255 2720 sobrietas
2274 2695 2404 2729 propter
2424 2698 2499 2719 con-

295 2740 356 2771 bus
380 2749 464 2780 opus
488 2745 535 2769 est
557 2737 725 2768 sobrietate
742 2743 773 2767 et
789 2743 920 2777 propter
943 2736 1226 2776 concupiscentias,
1243 2743 1275 2766 et
1297 2746 1371 2776 pro·
1397 2733 1399 2766 l
1426 2735 1635 2775 cupiscentias
1660 2742 1690 2766 et
1713 2735 1807 2772 vitia3
1831 2744 1917 2771 nam,
1934 2734 1983 2764 his
2008 2734 2147 2770 seclusis,
2174 2733 2262 2764 nulla
2286 2740 2332 2764 est
2355 2733 2499 2773 operatio

296 2790 367 2825 pter
388 2783 503 2820 finem,
529 2782 647 2813 scilicet
668 2780 913 2822 operationem:
946 2781 1075 2811 senibus
1105 2786 1213 2811 autem
1242 2787 1372 2821 propter
1397 2769 1399 2824 ἒ
1425 2780 1549 2810 iuvenis
1567 2786 1602 2810 ut
1626 2779 1681 2818 sic,
1698 2786 1754 2810 aut
1778 2778 1919 2810 mulieris
1935 2785 1970 2810 ut
1993 2778 2047 2815 sic,
2063 2788 2146 2820 quae
2170 2778 2272 2818 exigat
2295 2777 2498 2808 sobrietatem

297 2828 519 2870 operationem
542 2833 678 2858 tantum.
703 2825 787 2856 Male
811 2835 886 2866 ergo
910 2825 1035 2856 videtur
1059 2824 1219 2856 distinctio
1242 2825 1302 2855 ista
1325 2835 1373 2855 ra·
1397 2826 1399 2855 l
1426 2824 1612 2865 specialiter,
1630 2823 1786 2865 quoniam
1802 2823 1889 2854 nulla
1912 2823 1983 2853 talis
2000 2822 2143 2864 operatio
2168 2822 2262 2862 exigit
2282 2821 2497 2852 excellentiam

296 2873 425 2905 tionum
448 2871 615 2912 assignata.
1397 2858 1399 2886 ⁴*
1426 2879 1523 2909 purae
1539 2868 1665 2899 mentis.
1691 2868 1725 2898 In
1743 2867 1872 2898 senibus
1888 2874 2006 2904 autem,
2024 2867 2181 2908 episcopis
2198 2874 2228 2897 et
2244 2866 2379 2906 regibus,
2398 2866 2497 2896 seclu-

352 2917 404 2948 Ad
427 2916 490 2947 hoc
514 2916 628 2946 dicitur
655 2915 745 2955 quod
769 2914 930 2945 distinctio
955 2920 986 2944 et
1008 2914 1088 2944 ratio
1114 2920 1160 2944 est
1184 2913 1316 2954 optima,
1346 2913 1372 2944 si
1398 2889 1399 2942 i

296 2961 472 2993 formaliter
486 2960 688 3000 intelligatur.
714 2958 908 2990 Communis
925 2958 1092 2989 necessitas
1108 2958 1230 2999 quippe
1253 2958 1371 2988 sobrie·
1426 2967 1481 2988 nes
1510 2957 1640 2997 exigunt
1663 2956 1778 2987 mentis
1809 2956 1979 2996 puritatem
2004 2956 2217 2992 excellentem,
2235 2961 2365 2995 propter
2385 2963 2497 2984 eorum

295 3007 368 3039 tatis
391 3007 424 3037 in
448 3005 599 3036 omnibus
623 3011 670 3035 est
692 3011 823 3044 propter
846 3013 1055 3034 communem
1080 3002 1301 3043 operationem
1324 3012 1371 3032 ra·
1426 3001 1540 3038 officia,
1558 3009 1594 3032 ut
1610 3007 1696 3042 patet
1711 3001 1744 3031 in
1760 3001 1872 3037 littera,
1888 3001 1962 3031 ideo
1979 3010 2016 3031 ex
2031 3001 2090 3031 hac
2106 3007 2194 3041 parte
2209 3006 2302 3040 egent
2318 2999 2496 3029 sobrietate.

295 3050 403 3088 tionis,
434 3050 553 3082 scilicet
584 3056 715 3090 propter
747 3058 844 3079 usum
873 3047 1023 3079 rationis:
1056 3053 1092 3078 ut
1121 3054 1207 3087 patet
1237 3057 1274 3078 ex
1302 3046 1372 3087 ipsa
1427 3046 1574 3078 obiectio
1591 3053 1699 3077 autem
1715 3046 1748 3075 in
1766 3045 1954 3086 oppositum
1977 3045 2121 3085 procedit
2137 3045 2175 3075 de
2200 3043 2385 3084 operatione
2408 3053 2495 3073 com-

296 3094 472 3126 sobrietatis
496 3101 618 3125 natura.
644 3094 706 3125 Sed
729 3093 894 3134 loquendo
919 3093 957 3122 de
981 3091 1111 3122 diversis
1133 3091 1371 3122 conditionibus
1426 3090 1517 3122 muni
1541 3090 1702 3127 omnibus,
1720 3089 1837 3121 scilicet
1861 3089 1906 3120 uti
1923 3089 2054 3120 ratione.
2087 3089 2198 3120 Sermo
2222 3095 2330 3119 autem
2349 3097 2496 3127 praesens

297 3146 328 3170 et
351 3139 483 3171 statibus
513 3148 724 3180 personarum
754 3137 933 3169 secundum
957 3136 1015 3167 sibi
1045 3135 1191 3176 propria,
1215 3135 1259 3166 ita
1282 3135 1371 3176 quod
1397 3144 1399 3172 ‚³
1426 3141 1472 3166 est
1495 3135 1534 3165 de
1563 3135 1749 3175 operatione
1773 3133 1901 3175 propria
1930 3133 2153 3165 conditionum
2178 3140 2207 3163 et
2230 3139 2381 3163 statuum.

831 3336 1957 3425 staur—*—

2532 1529 2541 1538 ⁸
2556 1527 2674 1549 Dictorum
2694 1527 2741 1548 Fa-

2530 1556 2681 1602 33:223‘1'1‘3.
2692 1554 2743 1607 ⁸453

2530 1614 2580 1635 cap.
2596 1614 2612 1634 ι,
2627 1613 2650 1628 n.
2665 1613 2684 1635 5.

1425 2913 1467 2943 sis
1491 2912 1766 2953 concupiscentiis,
1792 2911 1867 2952 quia
1890 2911 2037 2952 propriae
2061 2921 2185 2949 eorum,
2203 2917 2239 2942 ut
2262 2910 2315 2947 sic,
2341 2909 2497 2950 operatio·
2530 2928 2532 2930 ·
