2768 4198
41 500 253 574 ὲςὲῗΡὲῆὴῗῑκὶὲ

40 856 51 867 “
59 855 106 883 Qu.
113 858 253 882 camai-ta.

41 1299 51 1311 ι
56 1299 81 1322 1¹
86 1298 143 1326 uu,

39 1328 83 1348 nn·
94 1331 110 1348 Ι.
118 1337 129 1342 -

186 1314 192 1321 .
199 1305 253 1325 uv,

167 1341 174 1348 .
182 1325 254 1348 Com-

918 282 1188 328 QUAESTIO
1218 282 1432 330 CXXXVI,
1462 282 1761 320 ARTICULUS
1792 282 1840 318 111

282 361 391 403 quitur
413 370 564 402 arguens,
589 361 628 392 ad
652 360 805 392 iustitiam
836 367 979 401 respectu
1011 361 1148 402 proximi
1179 362 1273 392 etiarn
1304 372 1353 392 ac-

282 406 443 448 quisitam,
456 412 589 446 negatur
604 412 817 445 assumptum,
832 405 950 436 scilicet
961 407 1050 446 quod
1063 406 1178 437 melius
1194 414 1256 437 est:
1273 416 1353 447 quo-

282 450 368 481 niam
392 449 507 481 melius
522 456 569 481 est
585 459 652 480 esse
675 450 797 481 iustum
814 459 912 491 quam
929 450 1111 491 patientem.
1137 451 1302 489 Quoniam
1319 458 1354 482 ut

281 494 396 526 dicitur
410 494 443 525 in
462 494 492 526 V
507 494 611 525 Ethic.
631 494 658 533 ἢ,
683 495 716 524 in
740 494 802 525 hoc
819 495 957 525 maxime
981 496 1225 526 commendatur
1249 496 1354 526 bonus

282 539 382 570 homo
407 539 497 581 quod
520 539 615 569 etiam
635 539 703 570 aliis
720 546 767 570 est
789 540 911 570 bonus:
937 540 1039 570 iustus
1064 547 1172 571 autem
1196 540 1266 571 talis
1291 547 1354 576 est,

281 583 404 624 patiens
426 590 535 615 autem
559 583 618 614 sibi
642 583 702 614 soli
726 585 833 615 bonus
857 591 913 614 est.

334 628 402 659 Nec
426 635 473 660 est
494 637 608 659 verum
630 629 720 669 quod
743 629 846 659 iustus
869 628 908 659 sit
927 628 1034 659 minus
1050 629 1223 669 dispositus
1240 629 1279 659 ad
1295 629 1354 659 vir-

281 679 364 704 tutes
387 682 486 714 quam
502 672 636 714 patiens.
661 673 765 704 Immo
782 673 899 704 iustitia
915 683 1068 713 magnum
1092 681 1139 704 est
1161 673 1354 714 principium

281 724 312 748 et
334 716 503 758 patientiae
520 723 551 748 et
574 717 722 748 omnium
739 718 908 749 virtutum:
933 717 1089 759 quoniam
1105 718 1216 749 volens
1233 726 1263 749 et
1286 718 1354 749 red-

282 762 358 793 dens
382 761 557 803 unicuique
581 762 670 803 quod
694 772 790 800 suum
807 770 863 799 est,
880 770 982 793 totam
1005 763 1108 802 legem
1132 763 1257 803 implet;
1282 772 1355 803 pro-

281 812 350 846 pter
373 806 471 847 quod,
497 806 606 837 omnia
630 813 795 847 praecepta
818 807 896 847 legis
920 814 995 838 sunt
1018 814 1184 848 praecepta
1207 807 1353 843 iustitiae,

281 857 316 882 ut
340 851 485 892 superius
500 850 518 870 '⁸‘
540 858 635 891 patet.
661 851 702 882 Et
724 853 764 882 ad
789 852 1008 883 fortitudinem
1033 862 1066 882 se
1090 852 1233 892 accingit,
1251 858 1287 882 ut
1302 852 1354 882 de-

281 895 384 939 bitum
408 895 526 936 patriae
550 896 674 933 reddat;
699 903 730 927 et
753 897 792 927 ad
816 896 1068 938 temperantiam,
1085 907 1103 927 a
1122 907 1262 927 non-sua
1284 906 1354 926 mu-

280 940 356 971 liere
380 940 585 977 abstinendo;
610 948 641 972 et
663 941 704 971 ad
727 941 927 982 patientiam,
953 941 1108 982 superiori
1131 941 1212 982 parti
1231 941 1355 971 animae

281 994 357 1016 suae
370 985 504 1016 reddens
517 986 607 1026 quod
620 986 723 1022 debet,
736 986 853 1017 scilicet
868 986 1141 1017 conservationem
1154 985 1231 1016 boni
1245 985 1354 1026 ipsius.

337 1029 436 1067 Quod
460 1036 568 1061 autem
598 1030 713 1061 dicitur
741 1031 831 1071 quod
859 1030 957 1072 aliqui
981 1030 1054 1061 iusti
1086 1037 1160 1061 sunt
1189 1029 1356 1070 impatien-

280 1073 409 1111 tissimi,
434 1074 510 1115 quia
534 1074 573 1105 de
597 1074 680 1105 facto
709 1075 868 1116 loquitur,
894 1075 1076 1115 negandum
1102 1081 1157 1104 est.
1190 1073 1354 1111 Quoniam

281 1118 307 1149 si
330 1129 403 1149 vere
427 1126 502 1150 sunt
524 1118 617 1155 iusti,
642 1119 760 1150 habent
781 1126 906 1150 tantum
935 1118 1106 1160 patientiae
1133 1124 1169 1149 ut
1191 1118 1269 1148 vitio
1293 1118 1354 1148 im-

282 1163 451 1204 patientiae
475 1170 613 1200 careant,
638 1173 673 1194 ac
697 1174 753 1205 per
774 1164 853 1200 hoc,
877 1173 945 1194 non
968 1169 1043 1194 sunt
1070 1162 1355 1203 impatientissimi:

281 1209 428 1249 quamvis
447 1218 514 1239 non
531 1215 678 1249 oporteat
701 1218 815 1239 omnes
830 1208 932 1239 iustos
947 1208 1063 1238 habere
1078 1207 1263 1247 patientiam
1287 1216 1356 1247 per-

282 1253 407 1290 fectam,
423 1260 459 1284 ut
478 1259 564 1294 patet
580 1263 617 1284 ex
641 1253 689 1284 his
714 1263 798 1294 quae
814 1254 853 1283 de
872 1251 1071 1283 connexione
1095 1251 1249 1282 virtutum
1275 1251 1357 1282 dicta

282 1305 357 1329 sunt
367 1297 395 1329 *.

40 1355 254 1380 nent-num.1,1r‚
275 1329 485 1374 wxffAd'
505 1341 656 1383 quintum
681 1341 816 1372 dubium
832 1341 860 1378 ⁸¹,
884 1340 1054 1382 quomodo
1075 1339 1226 1380 patientia
1243 1339 1358 1370 habeat

39 1385 75 1402 m.

38 1406 51 1418 ·
62 1405 136 1428 Num.
150 1412 174 1428 v.
205 1434 208 1436 .

32 1750 238 1834 Qfflai'

41 2503 120 2552 §.Cat
129 2507 198 2552 “¹133
206 2507 252 2552 ’πῖ

42 3205 169 3231 ‘enai-14,
181 3204 253 3226 Com-

41 3235 112 3254 ment.
123 3237 146 3253 ιι.
157 3238 180 3258 x,
191 3237 222 3252 xi.

281 1397 363 1429 opus
384 1387 589 1428 perfectum,
614 1386 729 1417 dicitur
758 1386 848 1426 quod
878 1385 910 1415 id
939 1385 1028 1426 quod
1057 1384 1163 1425 primo
1193 1384 1356 1421 obiicitur,

281 1439 392 1464 contra
415 1431 562 1463 ordinem
595 1430 800 1471 passionum,
824 1429 904 1460 nihil
927 1430 1043 1460 obstat.
1076 1429 1161 1460 Nam
1184 1439 1250 1459 non
1283 1428 1358 1460 dicit

281 1480 405 1509 Auctor
426 1475 517 1518 quod
539 1481 668 1516 oportet
685 1475 766 1506 iram
790 1483 918 1505 causare
941 1473 1029 1514 prius
1053 1473 1167 1505 odium
1191 1480 1220 1504 et
1243 1473 1356 1504 deinde

281 1521 439 1553 iniustum
462 1527 705 1555 nocumentum,
726 1519 768 1550 ita
792 1519 883 1560 quod
906 1518 1020 1550 odium
1043 1525 1191 1559 oporteat
1206 1517 1356 1554 mediare,

282 1572 318 1597 ut
340 1565 398 1597 iste
421 1563 588 1596 intellexit:
614 1564 668 1595 sed
692 1563 767 1595 dicit
789 1563 880 1605 quod
904 1563 1055 1594 naturalis
1075 1573 1261 1604 progressus
1281 1563 1357 1593 mali

280 1610 380 1642 moris
403 1609 435 1640 in
459 1608 570 1640 animo
594 1615 704 1640 nostro
728 1618 764 1639 ex
789 1608 927 1639 adversis
954 1607 1172 1649 praesentibus
1196 1614 1244 1639 est
1266 1608 1355 1649 quod

280 1654 386 1697 primo
416 1653 555 1689 tristitia,
580 1660 638 1684 etc.
668 1654 795 1684 Praeter
817 1663 916 1694 quem
946 1660 1053 1684 tamen
1081 1653 1259 1683 naturalem
1283 1662 1356 1693 pro—

279 1709 424 1740 gressum
447 1705 556 1740 potest
577 1697 692 1739 aliquis
715 1698 798 1729 male
820 1708 854 1729 se
872 1698 987 1729 habere
1010 1697 1043 1728 in
1067 1698 1214 1730 adversis.
1239 1697 1356 1728 Nullus

279 1744 439 1787 siquidem
463 1743 587 1774 dubitat
608 1743 688 1784 quin
713 1744 764 1773 ira
788 1748 913 1775 crescat
928 1744 960 1774 in
977 1742 1085 1774 odium
1102 1742 1135 1773 *z
1165 1752 1232 1773 non
1249 1749 1355 1773 tamen

279 1799 364 1832 opus
388 1794 435 1820 est
457 1797 590 1821 omnem
612 1787 693 1819 iram
716 1788 879 1828 pervenire
903 1787 942 1818 ad
966 1787 1090 1818 odium.

285 1830 289 1833 ¹
336 1833 388 1864 Ad
410 1833 443 1864 id
465 1843 542 1865 vero
570 1833 661 1874 quod
684 1832 825 1863 secundo
855 1832 929 1863 loco
963 1831 1126 1869 obiicitur,
1152 1831 1191 1862 ad
1219 1832 1356 1872 proban-

280 1879 359 1910 dum
382 1877 552 1919 patientiae
575 1877 802 1914 excellentiam,
827 1876 943 1907 dicitur
965 1876 1065 1917 quod,
1082 1875 1108 1906 si
1131 1885 1189 1916 per
1203 1885 1355 1916 prospera

279 1923 338 1955 iste
360 1922 507 1963 intelligit
530 1922 640 1953 omnia
664 1931 730 1952 non
755 1922 893 1957 adversa,
915 1921 994 1951 circa
1019 1930 1101 1961 quae
1125 1928 1171 1951 est
1193 1920 1354 1960 patientia,

280 1967 469 1999 antecedens
493 1973 539 1997 est
562 1966 782 1997 falsissimum:
811 1965 966 2006 quoniam
990 1965 1095 1996 multo
1128 1964 1286 1996 difficilius
1310 1972 1356 1996 est

279 2012 395 2043 habere
417 2011 556 2052 reliquas
578 2011 726 2047 virtutes,
750 2010 919 2047 iustitiam,
944 2009 1255 2050 magnanimitatem,
1285 2015 1355 2046 etc„

281 2066 380 2098 quam
396 2055 591 2097 patientiam.
617 2055 649 2086 Si
666 2062 773 2086 autern
793 2065 850 2095 per
865 2064 1015 2096 prospera
1035 2054 1181 2094 intelligit
1196 2054 1354 2095 quaedam

281 2102 366 2132 bona
390 2099 595 2136 delectabilia,
615 2099 695 2130 nihil
716 2100 800 2130 valet
823 2099 1051 2140 consequentia
1074 2098 1210 2129 inferens
1235 2099 1353 2139 patien-

281 2145 359 2178 tiam
383 2155 450 2176 esse
473 2144 695 2186 perfectiorem
719 2144 904 2185 simpliciter
927 2143 1036 2174 ceteris
1059 2143 1242 2174 virtutibus:
1272 2153 1355 2184 quo-

281 2190 384 2227 niam,
410 2190 485 2221 dato
508 2190 598 2230 quod
631 2196 713 2220 esset
741 2188 910 2229 perfectior
938 2188 1000 2218 illis
1027 2198 1110 2229 quae
1140 2195 1244 2218 essent
1274 2188 1355 2218 circa

281 2235 360 2266 tales
381 2234 623 2276 prosperitates,
647 2243 714 2264 non
738 2233 892 2275 sequitur,
925 2233 1010 2273 Ergo
1040 2240 1086 2264 est
1114 2232 1284 2273 perfectior
1307 2242 1355 2263 ce-

281 2280 354 2311 teris
384 2278 579 2320 simpliciter.
603 2295 623 2301 —
646 2278 758 2309 Peccat
785 2287 917 2319 quoque
948 2277 1031 2308 dicta
1059 2277 1140 2308 ratio
1171 2283 1202 2308 et
1225 2277 1258 2307 in
1282 2277 1353 2314 hoc,

278 2324 356 2366 quia
378 2322 610 2364 praesupponit
632 2322 802 2363 patientiae
817 2322 966 2353 virtutem
992 2331 1060 2352 esse
1076 2321 1157 2352 circa
1171 2321 1281 2352 omnia
1304 2322 1356 2352 ad-

280 2377 383 2401 versa:
409 2378 484 2399 cum
508 2367 588 2399 circa
612 2377 738 2398 summe
762 2368 902 2404 adversa,
927 2367 1045 2398 scilicet
1068 2366 1181 2397 mortis
1203 2366 1354 2407 pericula,

279 2412 320 2445 nit
342 2412 509 2444 fortitudo.
533 2430 555 2436 -
578 2412 691 2443 Peccat
707 2418 738 2443 et
759 2412 864 2449 tertio,
881 2411 957 2453 quia
977 2411 1207 2453 perfectionem
1229 2411 1354 2442 virtutis

278 2457 348 2489 sola
371 2457 556 2488 difficultate
579 2457 725 2497 graduat:
751 2467 826 2488 cum
850 2456 1002 2498 perfectio
1019 2456 1152 2492 virtutis,
1170 2456 1208 2487 de
1225 2466 1289 2497 qua
1309 2456 1355 2486 di—

279 2502 360 2534 citur
383 2502 416 2533 in
441 2502 467 2533 ll
490 2501 626 2533 Emit-‚⁴¹
649 2502 739 2542 quod
753 2508 801 2532 est
823 2502 910 2532 circa
934 2502 1050 2532 bonum
1075 2506 1106 2532 et
1121 2500 1266 2543 difficile,
1287 2511 1355 2531 ma-

279 2547 326 2588 gis
342 2553 493 2587 pensetur
516 2556 553 2577 ex
575 2547 664 2577 bono
689 2556 788 2587 quam
812 2556 849 2577 ex
872 2545 1001 2577 difficili.
1018 2564 1038 2569 —
1054 2546 1146 2584 Quae
1162 2555 1238 2576 vero
1257 2545 1354 2582 addit,

279 2592 380 2633 quod,
405 2591 510 2622 habita
534 2590 695 2631 patientia,
720 2591 877 2622 habentur
900 2591 972 2622 illae
995 2590 1137 2627 virtutes,
1162 2597 1240 2631 puta
1267 2600 1356 2621 man-

279 2637 438 2673 suetudo,
464 2635 574 2666 caritas
599 2642 630 2666 et
652 2635 788 2672 iustitia,
813 2645 879 2665 non
904 2642 951 2666 est
973 2645 1086 2666 verum
1111 2633 1152 2677 (si
1176 2635 1357 2666 secludatur

279 2681 437 2712 connexio
459 2678 639 2721 virtutum),
665 2680 724 2710 nisi
748 2680 901 2720 negative,
918 2680 980 2711 hoc
1003 2687 1051 2711 est
1073 2680 1159 2721 quia,
1175 2679 1281 2710 habita
1300 2690 1356 2720 pa-

278 2726 402 2763 tientia,
426 2725 550 2756 tollitur
572 2725 749 2762 iracundia,
775 2724 888 2755 odium
912 2731 943 2756 et
965 2725 1128 2761 iniustitia,
1149 2735 1215 2755 non
1236 2724 1357 2765 simpli-

279 2770 364 2807 citer,
382 2771 437 2801 sed
453 2777 611 2811 quantum
637 2776 683 2800 est
699 2779 736 2800 ex
755 2769 879 2800 tristitia
893 2770 1118 2800 adversorum:
1144 2776 1252 2809 posset
1271 2769 1357 2800 enim

279 2814 431 2856 patientia
455 2815 522 2845 sola
545 2814 707 2855 praeditus
731 2824 768 2844 ex
792 2814 855 2844 alio
879 2814 981 2854 capite
1005 2814 1082 2844 odio
1115 2814 1228 2844 habere
1252 2814 1358 2854 proxi-

279 2869 372 2891 mum
396 2866 427 2891 et
450 2859 494 2890 illi
533 2869 662 2895 nocere,
687 2866 764 2899 puta
793 2868 829 2889 ex
860 2859 1043 2889 crudelitate
1065 2859 1115 2889 vel
1148 2858 1276 2889 avaritia
1307 2859 1358 2889 vel

2409 291 2474 315 101

1409 361 1587 402 tyrannide,
1612 370 1668 391 seu
1692 359 1822 391 libidine
1850 358 2052 394 dominandi,
2077 358 2266 394 excellendi,
2291 365 2349 388 etc.
2382 358 2480 395 Quod

1409 416 1483 436 vero
1508 416 1525 436 e
1549 412 1658 436 contra
1689 404 1802 435 dicitur
1830 404 1869 434 de
1888 403 2033 439 caritate,
2058 403 2161 444 quod,
2186 409 2344 443 quantum
2374 410 2421 433 est
2444 413 2480 433 ex

1409 457 1495 490 parte
1510 449 1647 486 habitus,
1665 449 1798 480 habetur
1813 448 1880 479 sine
1894 447 2054 489 patientia,
2075 446 2192 477 falsum
2209 453 2264 477 est.
2289 447 2382 483 Nam,
2403 454 2480 478 teste

1410 495 1566 535 Apostolo
1583 493 1610 531 *,
1634 495 1756 525 caritas
1772 494 1902 534 patiens
1925 497 1982 523 est.
2006 492 2047 522 Et
2070 492 2223 532 probatur
2246 491 2380 522 ratione:
2406 492 2480 532 quia

1409 539 1518 570 caritas
1542 549 1579 570 ex
1603 538 1652 569 sui
1675 537 1796 579 proprii
1811 537 1936 568 habitus
1951 536 2074 567 ratione
2089 535 2224 577 praefert
2247 536 2354 567 Deum
2377 536 2480 566 omni-

1409 585 1477 621 bus,
1502 593 1539 614 ac
1570 593 1626 624 per
1654 583 1730 619 hoc,
1763 582 1913 613 omnibus
1945 581 2213 612 contristantibus.
2244 581 2285 611 Et
2314 588 2479 621 propterea

1410 628 1585 669 Apostolus
1608 627 1718 668 posuit
1740 626 1987 667 primogenitam
2016 625 2152 657 caritatis
2179 625 2375 666 patientiam.
2394 643 2413 647 -
2430 625 2479 661 Et,

1410 683 1448 704 ne
1480 673 1531 703 hic
1564 682 1761 713 occupemus
1793 678 1930 712 tempus,
1964 670 2114 706 breviter,
2148 677 2374 710 argumentum
2407 669 2480 700 satis

1408 717 1549 749 abundat
1572 716 1768 748 falsitatibus.

1465 761 1585 793 Ultima
1609 761 1741 792 demum
1764 760 1922 801 probatio,
1951 759 2078 795 scilicet,
2099 758 2263 800 Quidquid
2284 759 2378 790 habet
2401 768 2481 799 opus

1405 806 1586 847 perfectum
1618 807 1662 836 ita
1687 810 1721 836 ut
1744 804 1864 835 habens
1884 805 1987 845 ipsum
2012 805 2044 834 in
2070 804 2160 834 nullo
2182 803 2320 844 deficiat,
2339 808 2386 834 est
2403 812 2480 844 per-

1402 851 1617 892 fectissimum
1637 850 1834 890 simpliciter,
1853 848 2015 880 concludit
2039 848 2129 889 quod
2145 848 2296 888 patientia
2313 854 2359 879 est
2381 848 2480 879 Deus.

1413 896 1467 926 Illa
1481 895 1567 926 enim
1590 894 1703 931 maior,
1722 900 1758 924 ut
1776 893 1865 930 iacet,
1883 893 1943 924 soli
1967 893 2117 924 convenit
2137 892 2261 923 divinae
2277 892 2479 933 perfectioni:

1410 941 1524 970 habere
1541 948 1681 979 namque
1704 948 1788 979 opus
1804 937 1981 978 perfectum
1997 937 2042 967 sic
2056 944 2092 968 ut
2108 937 2199 968 nullo
2216 937 2364 978 indigeat,
2382 937 2481 967 solius

1411 984 1469 1014 Dei
1493 990 1554 1019 est;
1579 982 1686 1014 omnis
1702 982 1788 1012 enim
1811 988 1952 1012 creatura
1968 981 2012 1012 sic
2036 988 2082 1012 est
2102 981 2239 1022 perfecta
2263 989 2298 1012 ut
2314 981 2377 1012 alio
2401 981 2481 1012 indi-

1410 1035 1490 1068 geat.
1514 1028 1555 1058 Et
1578 1028 1651 1057 ideo
1668 1033 1723 1057 aut
1745 1025 1900 1056 Martinus
1917 1025 2052 1066 corrigat
2071 1026 2244 1056 maiorem:
2269 1034 2324 1056 aut
2349 1025 2481 1056 fateatur

1411 1072 1595 1112 patientiam
1619 1081 1686 1101 esse
1710 1070 1869 1101 deitatem.

1465 1116 1549 1147 XIII.
1574 1115 1625 1146 Ad
1648 1121 1773 1145 sextum
1796 1114 1933 1144 dubium
1948 1113 1966 1133 *
1993 1113 2106 1145 dicitur
2136 1115 2224 1154 quod
2252 1114 2343 1154 quies
2373 1114 2481 1150 animi,

1410 1171 1466 1191 seu
1490 1160 1598 1201 quieta
1614 1159 1664 1190 sui
1688 1159 1859 1200 possessio,
1876 1158 2045 1199 dupliciter
2059 1157 2190 1198 intelligi
2208 1165 2322 1199 potest.
2347 1158 2481 1196 Scilicet,

1410 1206 1500 1246 quod
1524 1205 1564 1236 sit
1587 1203 1722 1235 omnino
1746 1202 1899 1244 perfecta:
1923 1220 1945 1226 —
1970 1209 2000 1233 et
2022 1203 2100 1233 haec
2130 1213 2197 1232 non
2223 1203 2281 1233 nisi
2309 1213 2365 1243 per
2388 1210 2482 1234 aeter-

1411 1260 1486 1280 nam
1510 1248 1754 1284 beatitudinem,
1780 1257 1862 1288 quae
1886 1247 1918 1277 in
1943 1246 2043 1287 patria
2067 1247 2139 1283 erit,
2164 1254 2349 1288 praestatur.
2380 1247 2421 1278 Et
2445 1247 2482 1278 de

1410 1294 1464 1325 tali
1480 1293 1588 1335 quieta
1604 1292 1806 1334 possessione
1820 1301 1932 1322 verum
1945 1298 1992 1322 est
2003 1291 2094 1333 quod
2112 1301 2178 1321 non
2193 1292 2326 1322 habetur
2340 1291 2481 1332 quandiu

1412 1337 1516 1370 deficit
1539 1338 1646 1379 aliqua
1662 1337 1761 1368 virtus
1777 1336 1880 1367 maior
1895 1343 1968 1366 nata
1992 1335 2109 1372 haberi,
2127 1342 2185 1367 etc.
2210 1336 2271 1367 Sed
2291 1335 2361 1366 talis
2377 1335 2483 1377 quieta

1411 1382 1571 1424 possessio
1595 1391 1662 1412 non
1687 1381 1819 1422 ponitur
1834 1391 1852 1411 a
1872 1380 2000 1412 Christo
2025 1380 2153 1411 effectus
2177 1380 2346 1421 patientiae
2369 1380 2402 1410 in
2426 1380 2483 1411 hac

1410 1428 1483 1464 vita,
1504 1428 1559 1458 sed
1583 1427 1616 1457 in
1640 1426 1746 1458 futura
1764 1432 1901 1457 tantum.
1925 1443 1946 1449 —
1969 1425 2044 1456 Alio
2067 1425 2167 1455 modo
2191 1424 2376 1466 intelligitur
2395 1425 2483 1465 quod

1411 1473 1451 1504 sit
1473 1471 1581 1514 quieta
1605 1471 1637 1501 in
1653 1480 1768 1511 genere
1787 1470 2051 1511 perturbabilium
2075 1476 2111 1500 ut
2134 1469 2188 1500 sic.
2219 1470 2260 1501 Et
2283 1469 2353 1500 talis
2377 1469 2483 1510 quieta

1411 1516 1570 1558 possessio
1603 1515 1728 1546 animae
1760 1515 1892 1555 ponitur
1922 1513 2050 1545 effectus
2081 1513 2260 1554 patientiae.
2294 1514 2360 1544 Nec
2391 1513 2485 1554 exigit

1410 1562 1499 1604 quod
1523 1561 1591 1602 ipsa
1607 1560 1647 1591 sit
1666 1559 1892 1601 perfectissima
1907 1559 2018 1590 virtus.
2044 1559 2209 1596 Quoniam
2229 1569 2303 1590 cum
2318 1559 2380 1589 hoc
2395 1558 2484 1599 quod

1411 1614 1457 1638 est
1480 1606 1541 1637 alia
1563 1605 1664 1636 virtus
1686 1604 1755 1645 ipsa
1778 1603 1957 1644 perfectior,
1982 1609 2043 1635 stat
2066 1604 2155 1644 quod
2174 1603 2293 1634 habens
2317 1603 2435 1644 ipsam,
2459 1603 2483 1633 si

1410 1658 1513 1682 careat
1535 1651 1589 1681 illa
1613 1650 1689 1686 alia,
1715 1649 1876 1690 possideat
1898 1658 1991 1679 suam
2015 1648 2155 1679 animam
2186 1648 2292 1689 quiete
2315 1648 2349 1678 in
2371 1657 2484 1688 genere

1411 1694 1693 1737 perturbabilium:
1725 1694 1788 1725 hoc
1816 1701 1879 1730 est,
1912 1700 1947 1724 ut
1977 1693 2078 1724 homo
2109 1693 2148 1724 sit
2178 1692 2444 1734 imperturbabilis
2467 1703 2485 1722 a

1412 1741 1522 1772 multis
1546 1738 1816 1771 contristantibus.
1841 1755 1862 1761 -
1885 1739 1998 1770 Peccat
2020 1748 2153 1780 quoque
2183 1738 2266 1769 dicta
2289 1737 2427 1768 obiectio
2452 1737 2484 1767 iu

1412 1787 1474 1817 hoc
1497 1785 1586 1827 quod
1610 1783 1765 1825 supponit
1788 1783 1919 1814 virtutes
1943 1793 2009 1813 non
2034 1793 2101 1814 esse
2126 1791 2296 1814 connexas:
2330 1792 2404 1812 cum
2428 1781 2483 1812 fal-

1411 1830 1573 1861 sissimum
1589 1838 1656 1859 esse
1680 1834 1804 1859 constet
1819 1827 1880 1858 hoc
1897 1828 1936 1858 de
1959 1828 2109 1868 patientia
2133 1837 2215 1869 quae
2231 1834 2279 1857 est
2293 1827 2391 1857 virtus
2415 1835 2484 1866 gra-

1411 1875 1503 1911 tuita;
1529 1880 1653 1905 constat
1676 1871 1761 1904 enirn
1785 1882 1899 1903 omnes
1922 1872 2052 1903 virtutes
2076 1872 2196 1903 infusas
2221 1881 2288 1902 esse
2315 1880 2482 1901 connean.

1413 1923 1457 1950 Ac
1480 1929 1537 1960 per
1559 1919 1636 1955 hoc,
1660 1927 1727 1948 non
1751 1916 1928 1948 admittitur
1956 1918 2046 1958 quod
2073 1917 2195 1958 patiens
2227 1922 2330 1946 careat
2352 1915 2405 1946 illa
2427 1915 2486 1945 vir-

1411 1971 1478 1995 tute
1501 1962 1700 2004 perfectiore:
1729 1971 1803 1992 cum
1826 1962 1939 1992 habeat
1967 1961 2127 1993 caritatem
2151 1968 2181 1992 et
2205 1967 2321 1991 ceteras
2344 1960 2483 1991 virtutes.

1465 2008 1549 2039 XIV.
1574 2007 1626 2038 Ad
1650 2006 1823 2047 septimum
1847 2006 1984 2037 dubium
1998 2006 2026 2045 *,
2051 2007 2090 2037 de
2109 2006 2215 2047 glossa
2234 2005 2307 2036 dicti
2328 2005 2483 2045 Gregorii,

1410 2053 1525 2085 dicitur
1548 2053 1637 2093 quod
1662 2061 1752 2082 casus
1775 2050 2049 2092 incompossibilia
2073 2051 2222 2082 continet.
2250 2050 2335 2080 Nam
2364 2049 2484 2090 impos-

1410 2098 1499 2128 sibile
1523 2104 1570 2128 est
1593 2097 1707 2127 habere
1731 2095 1917 2137 patientiam
1942 2096 2078 2136 perfecte
2100 2102 2130 2126 et
2154 2103 2258 2126 carere
2277 2094 2408 2135 reliquis
2424 2094 2482 2124 vir-

1411 2142 1548 2173 tutibus:
1580 2148 1650 2172 tum
1674 2141 1750 2182 quia
1773 2141 1905 2171 virtutes
1929 2147 2003 2171 sunt
2028 2149 2203 2175 connexae;
2238 2146 2308 2170 tum
2336 2139 2411 2180 quia
2435 2149 2484 2169 ca-

1412 2187 1484 2218 ritas
1508 2195 1634 2227 semper
1651 2185 1856 2225 coniungitur
1878 2185 2059 2226 patientiae,
2077 2192 2112 2215 ut
2127 2183 2208 2214 infra
2226 2183 2243 2202 *
2267 2183 2394 2224 patebit.
2420 2184 2485 2214 Ad-

1411 2231 1507 2262 missa
1530 2238 1637 2262 tamen
1662 2229 1886 2266 conditionali,
1912 2227 2046 2266 scilicet,
2071 2229 2107 2260 Si
2124 2229 2284 2269 patientia
2313 2233 2394 2259 esset
2416 2229 2486 2259 sine

1411 2276 1480 2307 ulla
1504 2277 1571 2307 alia
1596 2276 1725 2313 virtute,
1746 2274 1957 2315 respondetur
1980 2274 2127 2314 negando
2145 2274 2234 2314 quod
2258 2273 2380 2314 patiens
2403 2279 2485 2303 recte

1411 2327 1515 2362 ageret
1537 2321 1570 2350 in
1595 2319 1725 2351 materia
1748 2319 1899 2357 iustitiae,
1924 2318 1984 2349 nisi
2008 2319 2090 2349 forte
2113 2328 2169 2359 per
2192 2317 2351 2349 accidens:
2381 2327 2485 2347 sermo

1411 2372 1519 2397 autem
1548 2364 1731 2395 doctrinalis
1761 2364 1853 2395 debet
1880 2373 1947 2394 esse
1976 2363 2014 2394 de
2045 2363 2094 2394 his
2117 2373 2200 2404 quae
2230 2371 2287 2403 per
2310 2372 2343 2393 se
2366 2362 2483 2393 insunt.

1412 2411 1452 2442 Et
1486 2410 1526 2440 ad
1557 2409 1801 2450 probationem,
1834 2409 1909 2450 quia
1942 2408 1968 2438 si
1996 2418 2062 2439 non
2093 2414 2176 2439 recte
2206 2413 2299 2448 aget,
2333 2407 2395 2437 hoc
2429 2407 2487 2437 erit

1411 2455 1519 2487 amore
1543 2455 1593 2485 vel
1617 2454 1694 2485 odio
1717 2453 1768 2484 vel
1791 2453 1898 2494 aliqua
1926 2453 2074 2494 passione
2098 2453 2130 2483 in
2155 2462 2219 2493 qua
2241 2451 2409 2483 intervenit
2431 2451 2485 2481 ali-

1411 2500 1499 2542 quod
1514 2509 1581 2530 non
1605 2498 1751 2530 sufferre:
1773 2498 1887 2529 dicitur
1910 2498 1999 2539 quod
2020 2508 2056 2528 ex
2079 2497 2167 2528 nulla
2191 2497 2349 2537 passione,
2367 2497 2420 2526 sed
2450 2506 2486 2526 ex

1411 2545 1479 2576 sola
1502 2543 1656 2576 electione
1680 2543 1754 2574 mali
1771 2543 1925 2574 iniustum
1951 2542 2052 2579 faciet,
2076 2549 2114 2573 ut
2135 2541 2271 2572 iniustus
2295 2541 2378 2577 facit,
2403 2540 2485 2570 dele—

1412 2596 1513 2621 ctatus
1538 2589 1577 2619 de
1600 2588 1763 2624 iniustitia,
1784 2595 1815 2619 et
1838 2597 1903 2618 non
1928 2594 2059 2628 propter
2082 2586 2178 2623 aliud,
2196 2593 2232 2617 ut
2255 2592 2341 2626 patet
2357 2596 2393 2616 ex
2412 2585 2453 2615 IV
2468 2584 2485 2603 ’⁸‘

1412 2642 1443 2666 et
1466 2635 1495 2665 V
1510 2633 1528 2654 *
1550 2634 1654 2664 Ethic.

1467 2679 1519 2710 Ad
1542 2678 1621 2709 illud
1645 2688 1721 2708 vero
1741 2677 1830 2719 quod
1862 2676 2009 2707 subditur
2031 2676 2070 2706 de
2095 2674 2277 2706 excellentia
2305 2673 2484 2714 patientiae,

1413 2724 1527 2755 dicitur
1541 2724 1630 2764 quod
1646 2722 1774 2758 iustitia,
1792 2721 1969 2752 secundum
1986 2731 2019 2751 se
2035 2727 2146 2756 totam,
2163 2719 2267 2750 multo
2285 2718 2485 2749 excellentius

1413 2769 1452 2799 ad
1476 2778 1589 2799 omnes
1612 2767 1743 2798 virtutes
1760 2777 1792 2797 se
1815 2766 1922 2797 habet:
1948 2765 2131 2806 praesertim
2152 2764 2227 2805 quia
2242 2763 2351 2804 legalis
2367 2763 2486 2793 iustitia

1413 2814 1452 2844 ad
1477 2822 1650 2844 commune
1675 2813 1798 2842 bonum
1823 2821 1936 2841 omnes
1955 2810 2050 2841 habet
2072 2810 2212 2845 virtutes,
2237 2809 2341 2839 omnis
2359 2813 2406 2838 est
2421 2808 2485 2838 vir-

1413 2863 1476 2895 tus,
1502 2867 1615 2888 omnes
1639 2857 1730 2897 parit,
1755 2856 1906 2886 omnibus
1929 2855 2065 2895 imperat
2078 2854 2105 2885 *.

1089 3012 1414 3055 ARTICULUS
1441 3012 1673 3055 TERTIUS

842 3103 998 3134 UTRUM
1018 3103 1256 3134 PAT1ENT1A
1278 3102 1428 3135 POSS1T
1452 3104 1612 3134 HABERI
1638 3103 1732 3135 snm
1762 3102 1926 3133 GRATIA

307 3210 469 3308 ’ἴῃ
495 3248 676 3298 patientia
703 3247 823 3297 possit
841 3247 975 3284 haberi
1000 3246 1079 3284 sine
1100 3246 1229 3294 gratia.
1261 3245 1355 3283 Illud

432 3288 464 3344 ’ὃ
479 3301 483 3305 “
497 3302 599 3339 enim
629 3302 678 3339 ad
698 3301 804 3351 quod
824 3300 918 3338 ratio
948 3300 1069 3348 magis
1090 3300 1255 3347 inclinat,
1275 3311 1355 3336 ma—

337 3377 342 3385 «
373 3378 399 3396 π
418 3372 426 3382 ’
454 3348 486 3392 ‘s
497 3354 552 3404 gis
587 3362 712 3405 potest
748 3354 907 3404 implere
946 3353 1136 3391 rationalis
1172 3361 1355 3390 creatura.

285 3408 363 3446 Sed
393 3407 514 3456 magis
543 3416 599 3446 est
636 3408 858 3450 rationabile
897 3408 1004 3457 quod
1033 3407 1167 3456 aliquis
1195 3406 1358 3456 patiatur

285 3463 387 3499 mala
416 3469 572 3510 propter
590 3461 739 3499 bonum
769 3475 886 3510 quarn
916 3469 1073 3511 propter
1092 3462 1251 3498 malum.
1280 3461 1357 3498 Ali-

285 3515 350 3564 qui
370 3523 499 3552 autem
523 3515 723 3564 patiuntur
739 3517 842 3552 mala
859 3523 1018 3564 propter
1036 3516 1182 3552 malum
1203 3527 1248 3551 ex
1270 3527 1356 3563 pro-

339 3629 366 3663 α)
387 3637 449 3656 non.
462 3643 481 3648 -
499 3632 589 3654 autem
614 3636 666 3654 non
692 3628 857 3662 BDEFpAK,
875 3634 940 3655 ante
959 3637 1012 3655 non
1031 3630 1062 3656 L.

465 3220 470 3228 s
495 3206 695 3233 DTERTmM
711 3206 764 3231 sm
780 3192 1057 3231 PROCED1TUR*.
1074 3192 1235 3230 Videtur
1250 3192 1357 3242 quod
1381 3196 1384 3236 Ι
1412 3192 1493 3240 pria
1520 3193 1672 3239 virtute,
1699 3191 1778 3229 sine
1808 3191 1947 3228 auxilio
1977 3190 2136 3238 gratiae:
2169 3189 2254 3226 dicit
2284 3190 2384 3227 enim
2405 3192 2483 3227 Au-

1412 3245 1604 3293 gustinus,
1635 3246 1673 3282 in
1701 3245 1797 3282 libro
1827 3245 1873 3281 de
1900 3244 2083 3281 Patientia
2102 3243 2132 3290 ³¹⁸,
2163 3243 2268 3292 quod
2298 3244 2416 3280 multa
2446 3245 2483 3281 in

1413 3299 1604 3336 laboribus
1633 3305 1670 3336 et
1694 3298 1885 3335 doloribus
1913 3297 2097 3334 ‘sustinent
2127 3297 2297 3334 homines
2327 3303 2486 3347 propter

1413 3364 1457 3390 ea
1486 3364 1584 3401 quae
1597 3353 1728 3389 vitiose
1746 3351 1917 3402 diligunt.
1948 3351 2052 3399 Ergo
2073 3351 2194 3388 multo
2223 3350 2344 3399 magis
2363 3351 2483 3388 homo

1413 3414 1537 3454 potest
1566 3402 1667 3443 mala
1696 3405 1881 3442 sustinere
1909 3412 2067 3454 propter
2094 3404 2260 3452 bonum,
2291 3404 2397 3453 quod
2429 3412 2483 3441 est

1411 3472 1503 3497 vere
1531 3459 1738 3508 patientem
1768 3471 1862 3505 esse,
1892 3466 2041 3507 praeter
2070 3458 2248 3495 auxilium
2278 3458 2429 3506 gratiae.

1469 3525 1503 3550 2.
1534 3514 1769 3559 PRAETEREA,
1798 3512 1914 3560 aliqui
1938 3525 2017 3549 non
2037 3517 2055 3533 ‘²
2088 3512 2289 3549 existentes
2317 3511 2354 3548 in
2388 3518 2482 3548 statu

2508 498 2518 506 ⁸
2527 497 2537 518 1
2547 497 2580 518 ad
2592 496 2656 519 Cor..
2668 503 2719 524 cap.

2507 529 2558 547 χιιι,
2574 530 2631 545 vers.
2647 532 2670 550 4·

2510 1120 2519 1129 ⁸
2534 1119 2605 1140 Num.
2620 1125 2651 1140 vr.

2513 2011 2522 2019 '⁵
2537 2009 2608 2031 Num.
2623 2016 2663 2031 vn.

2513 2183 2522 2192 ⁸
2537 2182 2587 2203 Art.
2602 2188 2622 2210 3.

2515 2587 2523 2595 ⁸
2538 2586 2567 2607 Cf
2587 2592 2637 2613 cap.
2653 2593 2690 2609 vn,
2703 2593 2724 2607 n.

2514 2619 2547 2639 ιο,
2569 2618 2598 2634 12.
2614 2624 2623 2628 -
2640 2613 2663 2634 S.
2679 2613 2724 2634 Th.

2513 2639 2565 2660 lect.
2580 2645 2616 2660 xv.

2514 2667 2523 2676 ⁴
2539 2666 2596 2693 Cap.
2607 2672 2656 2688 vm.
2678 2672 2700 2687 n.
2712 2667 2724 2687 8

2513 2699 2564 2720 sqq.
2571 2703 2582 2707 -
2591 2692 2661 2715 S.Th.
2672 2694 2723 2714 lect.

2513 2725 2559 2740 xm.

2513 2777 2523 2787 '¹‘
2534 2776 2570 2798 ef.
2581 2776 2680 2798 Aristot.
2691 2777 2722 2798 Ε-

2513 2803 2567 2824 thie.
2580 2803 2620 2824 lib.
2632 2803 2660 2825 V.
2672 2809 2698 2824 ca
2707 2819 2724 2835 Ἴ.

2513 2836 2683 2878 ΗπὲἓὶῖἳῐΓ
2718 2845 2725 2851 ·

2512 3257 2521 3266 ’
2537 3256 2593 3284 Cap.
2609 3262 2643 3277 m.
