<?xml version="1.0" encoding="UTF-8"?>
<!DOCTYPE html PUBLIC "-//W3C//DTD XHTML 1.0 Transitional//EN"
    "http://www.w3.org/TR/xhtml1/DTD/xhtml1-transitional.dtd">
<html xmlns="http://www.w3.org/1999/xhtml" xml:lang="en" lang="en">
 <head>
  <title>
</title>
<meta http-equiv="Content-Type" content="text/html;charset=utf-8" />
  <meta name='ocr-system' content='tesseract 3.04.00' />
  <meta name='ocr-capabilities' content='ocr_page ocr_carea ocr_par ocr_line ocrx_word'/>
</head>
<body>
  <div class='ocr_page' id='page_1' title='image "./operaomniaiussui10thom_0195.png"; bbox 0 0 2768 4198; ppageno 0'>
   <div class='ocr_carea' id='block_1_1' title="bbox 71 840 285 868">
    <p class='ocr_par' dir='ltr' id='par_1_1' title="bbox 71 840 285 868">
     <span class='ocr_line' id='line_1_1' title="bbox 71 840 285 868; baseline -0.009 -5"><span class='ocrx_word' id='word_1_1' title='bbox 71 841 82 852; x_wconf 76' lang='lat'>⁸</span> <span class='ocrx_word' id='word_1_2' title='bbox 99 840 136 863; x_wconf 82' lang='lat' dir='ltr'>Cf.</span> <span class='ocrx_word' id='word_1_3' title='bbox 153 846 191 868; x_wconf 88' lang='lat' dir='ltr'>qu.</span> <span class='ocrx_word' id='word_1_4' title='bbox 207 845 285 866; x_wconf 77' lang='lat' dir='ltr'>ext-vr,</span> 
     </span>
    </p>
   </div>
   <div class='ocr_carea' id='block_1_2' title="bbox 69 867 157 890">
    <p class='ocr_par' dir='ltr' id='par_1_2' title="bbox 69 867 157 890">
     <span class='ocr_line' id='line_1_2' title="bbox 69 867 157 890; baseline -0.011 0"><span class='ocrx_word' id='word_1_5' title='bbox 69 867 157 890; x_wconf 81' lang='lat' dir='ltr'>Introd.</span> 
     </span>
    </p>
   </div>
   <div class='ocr_carea' id='block_1_3' title="bbox 70 1730 197 1760">
    <p class='ocr_par' dir='ltr' id='par_1_3' title="bbox 70 1730 197 1760">
     <span class='ocr_line' id='line_1_3' title="bbox 70 1730 197 1760; baseline 0 -6"><span class='ocrx_word' id='word_1_6' title='bbox 70 1730 197 1760; x_wconf 67' lang='lat' dir='ltr'>“Van-3.</span> 
     </span>
    </p>
   </div>
   <div class='ocr_carea' id='block_1_4' title="bbox 73 2587 237 2616">
    <p class='ocr_par' dir='ltr' id='par_1_4' title="bbox 73 2587 237 2616">
     <span class='ocr_line' id='line_1_4' title="bbox 73 2587 237 2616; baseline 0 -6"><span class='ocrx_word' id='word_1_7' title='bbox 73 2587 83 2597; x_wconf 76' lang='lat'><strong><em>⁴</em></strong></span> <span class='ocrx_word' id='word_1_8' title='bbox 98 2587 164 2614; x_wconf 60' lang='lat' dir='ltr'>vm.</span> <span class='ocrx_word' id='word_1_9' title='bbox 180 2594 199 2616; x_wconf 78' lang='lat'>5,</span> <span class='ocrx_word' id='word_1_10' title='bbox 214 2587 237 2610; x_wconf 83' lang='lat'>⁶.</span> 
     </span>
    </p>
   </div>
   <div class='ocr_carea' id='block_1_5' title="bbox 175 2957 190 2991">
    <p class='ocr_par' dir='ltr' id='par_1_5' title="bbox 175 2957 190 2991">
     <span class='ocr_line' id='line_1_5' title="bbox 175 2957 190 2991; baseline 0 0"><span class='ocrx_word' id='word_1_11' title='bbox 175 2957 190 2991; x_wconf 78' lang='grc' dir='ltr'><strong>β</strong></span> 
     </span>
    </p>
   </div>
   <div class='ocr_carea' id='block_1_6' title="bbox 77 3017 289 3046">
    <p class='ocr_par' dir='ltr' id='par_1_6' title="bbox 77 3017 289 3046">
     <span class='ocr_line' id='line_1_6' title="bbox 77 3017 289 3046; baseline -0.009 -5"><span class='ocrx_word' id='word_1_12' title='bbox 77 3019 88 3030; x_wconf 75' lang='grc'><em>“</em></span> <span class='ocrx_word' id='word_1_13' title='bbox 100 3019 156 3046; x_wconf 77' lang='lat' dir='ltr'>Arg.</span> <span class='ocrx_word' id='word_1_14' title='bbox 166 3017 215 3040; x_wconf 80' lang='lat' dir='ltr'>Sed</span> <span class='ocrx_word' id='word_1_15' title='bbox 228 3020 289 3040; x_wconf 81' lang='lat' dir='ltr'>cont.</span> 
     </span>
    </p>
   </div>
   <div class='ocr_carea' id='block_1_7' title="bbox 77 3121 290 3227">
    <p class='ocr_par' dir='ltr' id='par_1_7' title="bbox 77 3121 290 3227">
     <span class='ocr_line' id='line_1_7' title="bbox 78 3121 290 3144; baseline -0.009 0"><span class='ocrx_word' id='word_1_16' title='bbox 78 3123 89 3133; x_wconf 79' lang='lat'>⁸</span> <span class='ocrx_word' id='word_1_17' title='bbox 96 3121 163 3144; x_wconf 68' lang='grc' dir='ltr'><strong><em>δοκι.</em></strong></span> <span class='ocrx_word' id='word_1_18' title='bbox 170 3121 243 3142; x_wconf 73' lang='lat' dir='ltr'>levin.</span> <span class='ocrx_word' id='word_1_19' title='bbox 249 3121 290 3143; x_wconf 83' lang='lat' dir='ltr'>lib.</span> 
     </span>
     <span class='ocr_line' id='line_1_8' title="bbox 77 3146 290 3171; baseline -0.009 -1"><span class='ocrx_word' id='word_1_20' title='bbox 77 3149 106 3170; x_wconf 87' lang='lat'>11.</span> <span class='ocrx_word' id='word_1_21' title='bbox 120 3160 131 3164; x_wconf 91' lang='lat'>-</span> <span class='ocrx_word' id='word_1_22' title='bbox 145 3148 183 3171; x_wconf 69' lang='lat' dir='ltr'>Cf.</span> <span class='ocrx_word' id='word_1_23' title='bbox 197 3146 290 3170; x_wconf 76' lang='lat' dir='ltr'>Terent.</span> 
     </span>
     <span class='ocr_line' id='line_1_9' title="bbox 77 3174 290 3201; baseline -0.019 -3"><span class='ocrx_word' id='word_1_24' title='bbox 77 3175 183 3198; x_wconf 59' lang='lat' dir='ltr'>much.</span> <span class='ocrx_word' id='word_1_25' title='bbox 193 3178 237 3196; x_wconf 80' lang='lat' dir='ltr'>act.</span> <span class='ocrx_word' id='word_1_26' title='bbox 249 3174 290 3201; x_wconf 85' lang='lat' dir='ltr'>lv,</span> 
     </span>
     <span class='ocr_line' id='line_1_10' title="bbox 79 3200 290 3227; baseline -0.014 -3"><span class='ocrx_word' id='word_1_27' title='bbox 79 3209 140 3224; x_wconf 82' lang='lat' dir='ltr'>scen.</span> <span class='ocrx_word' id='word_1_28' title='bbox 155 3209 181 3227; x_wconf 73' lang='lat' dir='ltr'>v,</span> <span class='ocrx_word' id='word_1_29' title='bbox 195 3207 255 3223; x_wconf 79' lang='lat' dir='ltr'>vers.</span> <span class='ocrx_word' id='word_1_30' title='bbox 269 3200 290 3222; x_wconf 83' lang='lat'>6.</span> 
     </span>
    </p>
   </div>
   <div class='ocr_carea' id='block_1_8' title="bbox 80 3326 263 3355">
    <p class='ocr_par' dir='ltr' id='par_1_8' title="bbox 80 3326 263 3355">
     <span class='ocr_line' id='line_1_11' title="bbox 80 3326 263 3355; baseline -0.011 -7"><span class='ocrx_word' id='word_1_31' title='bbox 80 3328 90 3339; x_wconf 66' lang='lat'>*</span> <span class='ocrx_word' id='word_1_32' title='bbox 103 3326 170 3348; x_wconf 81' lang='lat' dir='ltr'>Vers.</span> <span class='ocrx_word' id='word_1_33' title='bbox 185 3333 197 3355; x_wconf 84' lang='lat'>3</span> <span class='ocrx_word' id='word_1_34' title='bbox 212 3331 263 3353; x_wconf 81' lang='lat' dir='ltr'>sqq.</span> 
     </span>
    </p>
   </div>
   <div class='ocr_carea' id='block_1_9' title="bbox 81 3435 215 3458">
    <p class='ocr_par' dir='ltr' id='par_1_9' title="bbox 81 3435 215 3458">
     <span class='ocr_line' id='line_1_12' title="bbox 81 3435 215 3458; baseline -0.007 -2"><span class='ocrx_word' id='word_1_35' title='bbox 81 3437 91 3447; x_wconf 76' lang='grc'><em>·</em></span> <span class='ocrx_word' id='word_1_36' title='bbox 106 3435 170 3458; x_wconf 83' lang='lat' dir='ltr'>Vers.</span> <span class='ocrx_word' id='word_1_37' title='bbox 187 3441 215 3457; x_wconf 83' lang='lat'>12.</span> 
     </span>
    </p>
   </div>
   <div class='ocr_carea' id='block_1_10' title="bbox 980 274 1843 324">
    <p class='ocr_par' dir='ltr' id='par_1_10' title="bbox 980 274 1843 324">
     <span class='ocr_line' id='line_1_13' title="bbox 980 274 1843 324; baseline -0.003 -10"><span class='ocrx_word' id='word_1_38' title='bbox 980 276 1249 324; x_wconf 86' lang='lat' dir='ltr'>QUAESTIO</span> <span class='ocrx_word' id='word_1_39' title='bbox 1279 277 1470 323; x_wconf 82' lang='lat' dir='ltr'>CXLVII,</span> <span class='ocrx_word' id='word_1_40' title='bbox 1500 274 1799 313; x_wconf 84' lang='lat' dir='ltr'>ARTICULUS</span> <span class='ocrx_word' id='word_1_41' title='bbox 1829 275 1843 310; x_wconf 91' lang='lat'><em>1</em></span> 
     </span>
    </p>
   </div>
   <div class='ocr_carea' id='block_1_11' title="bbox 2439 273 2507 310">
    <p class='ocr_par' dir='ltr' id='par_1_11' title="bbox 2439 273 2507 310">
     <span class='ocr_line' id='line_1_14' title="bbox 2439 273 2507 310; baseline 0 -1"><span class='ocrx_word' id='word_1_42' title='bbox 2439 273 2507 310; x_wconf 86' lang='lat'>153</span> 
     </span>
    </p>
   </div>
   <div class='ocr_carea' id='block_1_12' title="bbox 432 491 2394 658">
    <p class='ocr_par' dir='ltr' id='par_1_12' title="bbox 432 491 2394 658">
     <span class='ocr_line' id='line_1_15' title="bbox 432 491 2394 575; baseline -0.004 -22"><span class='ocrx_word' id='word_1_43' title='bbox 432 495 847 575; x_wconf 80' lang='lat' dir='ltr'>QUAESTIO</span> <span class='ocrx_word' id='word_1_44' title='bbox 887 491 2394 573; x_wconf 78' lang='lat' dir='ltr'>CENTESIMAQUADRAGESIMASEPTIMA</span> 
     </span>
     <span class='ocr_line' id='line_1_16' title="bbox 1162 616 1670 658; baseline -0.004 0"><span class='ocrx_word' id='word_1_45' title='bbox 1162 618 1204 658; x_wconf 89' lang='lat' dir='ltr'>D</span> <span class='ocrx_word' id='word_1_46' title='bbox 1229 618 1267 658; x_wconf 89' lang='lat' dir='ltr'><strong>E</strong></span> <span class='ocrx_word' id='word_1_47' title='bbox 1321 618 1338 657; x_wconf 93' lang='lat'>1</span> <span class='ocrx_word' id='word_1_48' title='bbox 1362 617 1440 658; x_wconf 86' lang='grc' dir='ltr'>ΕΙ</span> <span class='ocrx_word' id='word_1_49' title='bbox 1464 617 1505 658; x_wconf 91' lang='lat' dir='ltr'>U</span> <span class='ocrx_word' id='word_1_50' title='bbox 1523 617 1604 657; x_wconf 88' lang='lat' dir='ltr'>NI</span> <span class='ocrx_word' id='word_1_51' title='bbox 1631 616 1670 656; x_wconf 95' lang='lat' dir='ltr'>o</span> 
     </span>
    </p>
   </div>
   <div class='ocr_carea' id='block_1_13' title="bbox 1144 733 1178 758">
    <p class='ocr_par' dir='ltr' id='par_1_13' title="bbox 1144 733 1178 758">
     <span class='ocr_line' id='line_1_17' title="bbox 1144 733 1178 758; baseline 0 0"><span class='ocrx_word' id='word_1_52' title='bbox 1144 733 1178 758; x_wconf 92' lang='lat' dir='ltr'>IN</span> 
     </span>
    </p>
   </div>
   <div class='ocr_carea' id='block_1_14' title="bbox 313 826 1384 1197">
    <p class='ocr_par' dir='ltr' id='par_1_14' title="bbox 313 826 1384 1197">
     <span class='ocr_line' id='line_1_18' title="bbox 396 826 1240 866; baseline -0.002 0"><span class='ocrx_word' id='word_1_53' title='bbox 396 840 505 866; x_wconf 68' lang='lat' dir='ltr'>amm-2</span> <span class='ocrx_word' id='word_1_54' title='bbox 534 827 856 865; x_wconf 86' lang='lat' dir='ltr'>considerandum</span> <span class='ocrx_word' id='word_1_55' title='bbox 886 835 942 864; x_wconf 89' lang='lat' dir='ltr'>est</span> <span class='ocrx_word' id='word_1_56' title='bbox 971 827 1018 864; x_wconf 91' lang='lat' dir='ltr'>de</span> <span class='ocrx_word' id='word_1_57' title='bbox 1047 826 1189 864; x_wconf 91' lang='lat' dir='ltr'>ieiunio</span> <span class='ocrx_word' id='word_1_58' title='bbox 1209 826 1240 864; x_wconf 72' lang='lat'>³¹⁶.</span> 
     </span>
     <span class='ocr_line' id='line_1_19' title="bbox 313 840 1069 930; baseline -0.004 -10"><span class='ocrx_word' id='word_1_59' title='bbox 313 840 446 923; x_wconf 83' lang='lat' dir='ltr'>DEt</span> <span class='ocrx_word' id='word_1_60' title='bbox 475 881 573 919; x_wconf 86' lang='lat' dir='ltr'>circa</span> <span class='ocrx_word' id='word_1_61' title='bbox 602 882 677 918; x_wconf 94' lang='lat' dir='ltr'>hoc</span> <span class='ocrx_word' id='word_1_62' title='bbox 706 888 941 930; x_wconf 86' lang='lat' dir='ltr'>quaeruntur</span> <span class='ocrx_word' id='word_1_63' title='bbox 969 888 1069 918; x_wconf 92' lang='lat' dir='ltr'>octo.</span> 
     </span>
     <span class='ocr_line' id='line_1_20' title="bbox 365 933 1281 973; baseline -0.003 0"><span class='ocrx_word' id='word_1_64' title='bbox 365 936 514 973; x_wconf 91' lang='lat' dir='ltr'>Primo:</span> <span class='ocrx_word' id='word_1_65' title='bbox 543 942 671 971; x_wconf 89' lang='lat' dir='ltr'>utrum</span> <span class='ocrx_word' id='word_1_66' title='bbox 700 934 885 972; x_wconf 90' lang='lat' dir='ltr'>ieiunium</span> <span class='ocrx_word' id='word_1_67' title='bbox 915 934 961 971; x_wconf 91' lang='lat' dir='ltr'>sit</span> <span class='ocrx_word' id='word_1_68' title='bbox 989 941 1094 972; x_wconf 90' lang='lat' dir='ltr'>actus</span> <span class='ocrx_word' id='word_1_69' title='bbox 1122 933 1281 971; x_wconf 89' lang='lat' dir='ltr'>virtutis.</span> 
     </span>
     <span class='ocr_line' id='line_1_21' title="bbox 367 988 1098 1027; baseline -0.003 -1"><span class='ocrx_word' id='word_1_70' title='bbox 367 988 564 1027; x_wconf 91' lang='lat' dir='ltr'>Secundo:</span> <span class='ocrx_word' id='word_1_71' title='bbox 595 988 702 1025; x_wconf 85' lang='lat' dir='ltr'>cuius</span> <span class='ocrx_word' id='word_1_72' title='bbox 729 988 877 1025; x_wconf 87' lang='lat' dir='ltr'>virtutis</span> <span class='ocrx_word' id='word_1_73' title='bbox 907 988 952 1024; x_wconf 91' lang='lat' dir='ltr'>sit</span> <span class='ocrx_word' id='word_1_74' title='bbox 980 995 1098 1024; x_wconf 91' lang='lat' dir='ltr'>actus.</span> 
     </span>
     <span class='ocr_line' id='line_1_22' title="bbox 365 1041 1167 1090; baseline -0.002 -11"><span class='ocrx_word' id='word_1_75' title='bbox 365 1042 518 1080; x_wconf 92' lang='lat' dir='ltr'>Tertio:</span> <span class='ocrx_word' id='word_1_76' title='bbox 547 1049 678 1079; x_wconf 91' lang='lat' dir='ltr'>utrum</span> <span class='ocrx_word' id='word_1_77' title='bbox 708 1042 820 1078; x_wconf 91' lang='lat' dir='ltr'>cadat</span> <span class='ocrx_word' id='word_1_78' title='bbox 848 1041 919 1078; x_wconf 92' lang='lat' dir='ltr'>sub</span> <span class='ocrx_word' id='word_1_79' title='bbox 948 1048 1167 1090; x_wconf 83' lang='lat' dir='ltr'>praeceptO.</span> 
     </span>
     <span class='ocr_line' id='line_1_23' title="bbox 367 1094 1384 1144; baseline -0.003 -11"><span class='ocrx_word' id='word_1_80' title='bbox 367 1097 536 1144; x_wconf 88' lang='lat' dir='ltr'>Quarto:</span> <span class='ocrx_word' id='word_1_81' title='bbox 566 1102 695 1132; x_wconf 88' lang='lat' dir='ltr'>utrum</span> <span class='ocrx_word' id='word_1_82' title='bbox 724 1094 840 1142; x_wconf 87' lang='lat' dir='ltr'>aliqui</span> <span class='ocrx_word' id='word_1_83' title='bbox 870 1101 1098 1131; x_wconf 86' lang='lat' dir='ltr'>excusentur</span> <span class='ocrx_word' id='word_1_84' title='bbox 1125 1094 1174 1130; x_wconf 93' lang='lat' dir='ltr'>ab</span> <span class='ocrx_word' id='word_1_85' title='bbox 1203 1094 1384 1130; x_wconf 89' lang='lat' dir='ltr'>observa-</span> 
     </span>
     <span class='ocr_line' id='line_1_24' title="bbox 419 1147 897 1197; baseline -0.006 -10"><span class='ocrx_word' id='word_1_86' title='bbox 419 1150 522 1187; x_wconf 87' lang='lat' dir='ltr'>tione</span> <span class='ocrx_word' id='word_1_87' title='bbox 551 1148 664 1186; x_wconf 87' lang='lat' dir='ltr'>huius</span> <span class='ocrx_word' id='word_1_88' title='bbox 692 1147 897 1197; x_wconf 86' lang='lat' dir='ltr'><strong>praecepti.</strong></span> 
     </span>
    </p>
   </div>
   <div class='ocr_carea' id='block_1_15' title="bbox 1208 731 1687 758">
    <p class='ocr_par' dir='ltr' id='par_1_15' title="bbox 1208 731 1687 758">
     <span class='ocr_line' id='line_1_25' title="bbox 1208 731 1687 758; baseline -0.004 0"><span class='ocrx_word' id='word_1_89' title='bbox 1208 732 1307 758; x_wconf 91' lang='lat' dir='ltr'>OCTO</span> <span class='ocrx_word' id='word_1_90' title='bbox 1336 731 1540 758; x_wconf 78' lang='lat' dir='ltr'>ARTICULOS</span> <span class='ocrx_word' id='word_1_91' title='bbox 1569 731 1687 756; x_wconf 89' lang='lat' dir='ltr'>DlVISA</span> 
     </span>
    </p>
   </div>
   <div class='ocr_carea' id='block_1_16' title="bbox 1495 825 2513 1116">
    <p class='ocr_par' dir='ltr' id='par_1_16' title="bbox 1495 825 2110 874">
     <span class='ocr_line' id='line_1_26' title="bbox 1495 825 2110 874; baseline -0.002 -12"><span class='ocrx_word' id='word_1_92' title='bbox 1495 825 1660 872; x_wconf 88' lang='lat' dir='ltr'>Quinto:</span> <span class='ocrx_word' id='word_1_93' title='bbox 1692 825 1739 862; x_wconf 94' lang='lat' dir='ltr'>de</span> <span class='ocrx_word' id='word_1_94' title='bbox 1768 833 1941 874; x_wconf 89' lang='lat' dir='ltr'>ternpore</span> <span class='ocrx_word' id='word_1_95' title='bbox 1970 825 2110 861; x_wconf 91' lang='lat' dir='ltr'>ieiunii.</span> 
     </span>
    </p>

    <p class='ocr_par' dir='ltr' id='par_1_17' title="bbox 1496 909 2513 1025">
     <span class='ocr_line' id='line_1_27' title="bbox 1496 909 2513 959; baseline -0.002 -11"><span class='ocrx_word' id='word_1_96' title='bbox 1496 912 1634 948; x_wconf 87' lang='lat' dir='ltr'>Sexto:</span> <span class='ocrx_word' id='word_1_97' title='bbox 1672 918 1800 946; x_wconf 88' lang='lat' dir='ltr'>utrum</span> <span class='ocrx_word' id='word_1_98' title='bbox 1835 910 1953 946; x_wconf 88' lang='lat' dir='ltr'>semel</span> <span class='ocrx_word' id='word_1_99' title='bbox 1983 910 2186 947; x_wconf 86' lang='lat' dir='ltr'>comedere</span> <span class='ocrx_word' id='word_1_100' title='bbox 2226 910 2436 959; x_wconf 84' lang='lat' dir='ltr'>requiratur</span> <span class='ocrx_word' id='word_1_101' title='bbox 2465 909 2513 946; x_wconf 88' lang='lat' dir='ltr'>ad</span> 
     </span>
     <span class='ocr_line' id='line_1_28' title="bbox 1551 989 1747 1025; baseline 0 0"><span class='ocrx_word' id='word_1_102' title='bbox 1551 989 1747 1025; x_wconf 89' lang='lat' dir='ltr'>ieiunium.</span> 
     </span>
    </p>

    <p class='ocr_par' dir='ltr' id='par_1_18' title="bbox 1497 1066 2458 1116">
     <span class='ocr_line' id='line_1_29' title="bbox 1497 1066 2458 1116; baseline -0.001 -12"><span class='ocrx_word' id='word_1_103' title='bbox 1497 1068 1689 1116; x_wconf 89' lang='lat' dir='ltr'>Septimo:</span> <span class='ocrx_word' id='word_1_104' title='bbox 1720 1066 1768 1103; x_wconf 92' lang='lat' dir='ltr'>de</span> <span class='ocrx_word' id='word_1_105' title='bbox 1797 1067 1892 1102; x_wconf 88' lang='lat' dir='ltr'>hora</span> <span class='ocrx_word' id='word_1_106' title='bbox 1922 1066 2168 1103; x_wconf 88' lang='lat' dir='ltr'>comestionis</span> <span class='ocrx_word' id='word_1_107' title='bbox 2197 1066 2458 1103; x_wconf 88' lang='lat' dir='ltr'>ieiunantium.</span> 
     </span>
    </p>
   </div>
   <div class='ocr_carea' id='block_1_17' title="bbox 1498 1143 2459 1191">
    <p class='ocr_par' dir='ltr' id='par_1_19' title="bbox 1498 1143 2459 1191">
     <span class='ocr_line' id='line_1_30' title="bbox 1498 1143 2459 1191; baseline -0.001 -9"><span class='ocrx_word' id='word_1_108' title='bbox 1498 1145 1670 1182; x_wconf 90' lang='lat' dir='ltr'>Octavo:</span> <span class='ocrx_word' id='word_1_109' title='bbox 1701 1144 1748 1182; x_wconf 91' lang='lat' dir='ltr'>de</span> <span class='ocrx_word' id='word_1_110' title='bbox 1778 1143 1871 1180; x_wconf 91' lang='lat' dir='ltr'>cibis</span> <span class='ocrx_word' id='word_1_111' title='bbox 1891 1156 1913 1180; x_wconf 93' lang='lat' dir='ltr'>a</span> <span class='ocrx_word' id='word_1_112' title='bbox 1933 1144 2070 1191; x_wconf 89' lang='lat' dir='ltr'>quibus</span> <span class='ocrx_word' id='word_1_113' title='bbox 2095 1144 2235 1181; x_wconf 92' lang='lat' dir='ltr'>debent</span> <span class='ocrx_word' id='word_1_114' title='bbox 2259 1144 2459 1181; x_wconf 89' lang='lat' dir='ltr'>abstinere.</span> 
     </span>
    </p>
   </div>
   <div class='ocr_carea' id='block_1_18' title="bbox 979 1253 1855 1379">
    <p class='ocr_par' dir='ltr' id='par_1_20' title="bbox 979 1253 1855 1379">
     <span class='ocr_line' id='line_1_31' title="bbox 1135 1253 1698 1297; baseline -0.002 -1"><span class='ocrx_word' id='word_1_115' title='bbox 1135 1254 1456 1297; x_wconf 89' lang='lat' dir='ltr'>ARTICULUS</span> <span class='ocrx_word' id='word_1_116' title='bbox 1490 1253 1698 1296; x_wconf 87' lang='lat' dir='ltr'>PRIMUS</span> 
     </span>
     <span class='ocr_line' id='line_1_32' title="bbox 979 1347 1855 1379; baseline -0.001 0"><span class='ocrx_word' id='word_1_117' title='bbox 979 1347 1136 1379; x_wconf 89' lang='lat' dir='ltr'>UTRUM</span> <span class='ocrx_word' id='word_1_118' title='bbox 1161 1347 1360 1378; x_wconf 81' lang='lat' dir='ltr'>IEIUNIUM</span> <span class='ocrx_word' id='word_1_119' title='bbox 1384 1347 1451 1378; x_wconf 81' lang='lat' dir='ltr'>SIT</span> <span class='ocrx_word' id='word_1_120' title='bbox 1481 1347 1627 1379; x_wconf 87' lang='lat' dir='ltr'>ACTUS</span> <span class='ocrx_word' id='word_1_121' title='bbox 1650 1347 1855 1378; x_wconf 81' lang='lat' dir='ltr'>V1RTUT1s</span> 
     </span>
    </p>
   </div>
   <div class='ocr_carea' id='block_1_19' title="bbox 387 1427 2445 1465">
    <p class='ocr_par' dir='ltr' id='par_1_21' title="bbox 387 1427 2445 1465">
     <span class='ocr_line' id='line_1_33' title="bbox 387 1427 2445 1465; baseline -0.001 -9"><span class='ocrx_word' id='word_1_122' title='bbox 387 1433 480 1465; x_wconf 79' lang='lat' dir='ltr'>Supra,</span> <span class='ocrx_word' id='word_1_123' title='bbox 499 1438 546 1463; x_wconf 86' lang='lat' dir='ltr'>qu.</span> <span class='ocrx_word' id='word_1_124' title='bbox 564 1436 681 1459; x_wconf 60' lang='grc' dir='ltr'>μων-ω,</span> <span class='ocrx_word' id='word_1_125' title='bbox 701 1434 749 1454; x_wconf 84' lang='lat' dir='ltr'>art.</span> <span class='ocrx_word' id='word_1_126' title='bbox 770 1436 794 1459; x_wconf 75' lang='lat'>2.</span> <span class='ocrx_word' id='word_1_127' title='bbox 814 1429 846 1454; x_wconf 78' lang='lat' dir='ltr'>ad</span> <span class='ocrx_word' id='word_1_128' title='bbox 867 1428 896 1459; x_wconf 81' lang='lat'>3;</span> <span class='ocrx_word' id='word_1_129' title='bbox 917 1429 951 1453; x_wconf 97' lang='lat' dir='ltr'>IV</span> <span class='ocrx_word' id='word_1_130' title='bbox 970 1428 1054 1458; x_wconf 65' lang='lat' dir='ltr'>Sent„</span> <span class='ocrx_word' id='word_1_131' title='bbox 1075 1428 1134 1453; x_wconf 86' lang='lat' dir='ltr'>dist.</span> <span class='ocrx_word' id='word_1_132' title='bbox 1153 1435 1195 1459; x_wconf 83' lang='lat' dir='ltr'>xv,</span> <span class='ocrx_word' id='word_1_133' title='bbox 1214 1435 1260 1460; x_wconf 86' lang='lat' dir='ltr'>qu.</span> <span class='ocrx_word' id='word_1_134' title='bbox 1278 1434 1315 1458; x_wconf 87' lang='lat' dir='ltr'>m,</span> <span class='ocrx_word' id='word_1_135' title='bbox 1334 1431 1382 1452; x_wconf 81' lang='lat' dir='ltr'>art.</span> <span class='ocrx_word' id='word_1_136' title='bbox 1405 1435 1426 1456; x_wconf 84' lang='lat'>1,</span> <span class='ocrx_word' id='word_1_137' title='bbox 1445 1427 1495 1460; x_wconf 77' lang='lat' dir='ltr'>qu¹</span> <span class='ocrx_word' id='word_1_138' title='bbox 1517 1434 1530 1451; x_wconf 90' lang='lat'>2</span> <span class='ocrx_word' id='word_1_139' title='bbox 1537 1435 1544 1458; x_wconf 71' lang='grc' dir='ltr'><strong><em>ς</em></strong></span> <span class='ocrx_word' id='word_1_140' title='bbox 1567 1427 1608 1452; x_wconf 91' lang='lat' dir='ltr'>De</span> <span class='ocrx_word' id='word_1_141' title='bbox 1627 1427 1740 1461; x_wconf 83' lang='lat' dir='ltr'>Persect.</span> <span class='ocrx_word' id='word_1_142' title='bbox 1759 1427 1810 1452; x_wconf 79' lang='lat' dir='ltr'>Vit.</span> <span class='ocrx_word' id='word_1_143' title='bbox 1826 1427 1930 1459; x_wconf 73' lang='lat' dir='ltr'>Spin-it„</span> <span class='ocrx_word' id='word_1_144' title='bbox 1945 1435 2001 1460; x_wconf 87' lang='lat' dir='ltr'>cap.</span> <span class='ocrx_word' id='word_1_145' title='bbox 2014 1435 2053 1458; x_wconf 76' lang='lat'>1¹3</span> <span class='ocrx_word' id='word_1_146' title='bbox 2071 1427 2168 1457; x_wconf 79' lang='lat' dir='ltr'>Quodl.</span> <span class='ocrx_word' id='word_1_147' title='bbox 2187 1428 2218 1457; x_wconf 89' lang='lat' dir='ltr'>V,</span> <span class='ocrx_word' id='word_1_148' title='bbox 2238 1435 2282 1460; x_wconf 91' lang='lat' dir='ltr'>qu.</span> <span class='ocrx_word' id='word_1_149' title='bbox 2302 1435 2336 1456; x_wconf 76' lang='lat'>1¹,</span> <span class='ocrx_word' id='word_1_150' title='bbox 2354 1433 2402 1452; x_wconf 86' lang='lat' dir='ltr'>art.</span> <span class='ocrx_word' id='word_1_151' title='bbox 2421 1434 2445 1454; x_wconf 81' lang='lat'>2.</span> 
     </span>
    </p>
   </div>
   <div class='ocr_carea' id='block_1_20' title="bbox 345 1508 1386 1605">
    <p class='ocr_par' dir='ltr' id='par_1_22' title="bbox 345 1508 1386 1620">
     <span class='ocr_line' id='line_1_34' title="bbox 357 1508 1384 1561; baseline -0.006 -11"><span class='ocrx_word' id='word_1_152' title='bbox 357 1546 371 1555; x_wconf 70' lang='lat'>„</span> <span class='ocrx_word' id='word_1_153' title='bbox 450 1542 472 1561; x_wconf 59' lang='lat' dir='ltr'>a</span> <span class='ocrx_word' id='word_1_154' title='bbox 525 1523 548 1549; x_wconf 86' lang='lat' dir='ltr'>D</span> <span class='ocrx_word' id='word_1_155' title='bbox 576 1522 715 1548; x_wconf 70' lang='lat' dir='ltr'>ramum</span> <span class='ocrx_word' id='word_1_156' title='bbox 743 1521 798 1547; x_wconf 86' lang='lat' dir='ltr'>src</span> <span class='ocrx_word' id='word_1_157' title='bbox 817 1520 1059 1547; x_wconf 67' lang='lat' dir='ltr'>paneam-run.</span> <span class='ocrx_word' id='word_1_158' title='bbox 1093 1508 1255 1545; x_wconf 89' lang='lat' dir='ltr'>Videtur</span> <span class='ocrx_word' id='word_1_159' title='bbox 1279 1510 1384 1556; x_wconf 92' lang='lat' dir='ltr'>quod</span> 
     </span>
     <span class='ocr_line' id='line_1_35' title="bbox 345 1561 1386 1605; baseline -0.007 0"><span class='ocrx_word' id='word_1_160' title='bbox 345 1570 352 1578; x_wconf 83' lang='grc'><strong>’</strong></span> <span class='ocrx_word' id='word_1_161' title='bbox 386 1576 417 1605; x_wconf 50' lang='grc' dir='ltr'><em>κ</em></span> <span class='ocrx_word' id='word_1_162' title='bbox 525 1564 710 1602; x_wconf 90' lang='lat' dir='ltr'>ieiunium</span> <span class='ocrx_word' id='word_1_163' title='bbox 731 1575 810 1600; x_wconf 91' lang='lat' dir='ltr'>non</span> <span class='ocrx_word' id='word_1_164' title='bbox 838 1563 885 1600; x_wconf 92' lang='lat' dir='ltr'>sit</span> <span class='ocrx_word' id='word_1_165' title='bbox 913 1570 1019 1600; x_wconf 92' lang='lat' dir='ltr'>actus</span> <span class='ocrx_word' id='word_1_166' title='bbox 1046 1562 1208 1599; x_wconf 89' lang='lat' dir='ltr'>virtutis.</span> <span class='ocrx_word' id='word_1_167' title='bbox 1247 1561 1386 1598; x_wconf 89' lang='lat' dir='ltr'>Omnis</span> 
     </span>
    </p>
   </div>
   <div class='ocr_carea' id='block_1_21' title="bbox 310 1512 524 1720">
    <p class='ocr_par' dir='ltr' id='par_1_23' title="bbox 310 1512 524 1720">
     <span class='ocr_line' id='line_1_36' title="bbox 310 1512 524 1720; baseline 0 -74"><span class='ocrx_word' id='word_1_168' title='bbox 310 1512 524 1720; x_wconf 95' lang='lat' dir='ltr'>   </span> 
     </span>
    </p>
   </div>
   <div class='ocr_carea' id='block_1_22' title="bbox 313 1666 1387 1774">
    <p class='ocr_par' dir='ltr' id='par_1_24' title="bbox 313 1666 1387 1774">
     <span class='ocr_line' id='line_1_37' title="bbox 320 1666 488 1707; baseline 0 0"><span class='ocrx_word' id='word_1_169' title='bbox 320 1667 466 1707; x_wconf 40' lang='lat' dir='ltr'>’Ast-⁵¹5»</span> <span class='ocrx_word' id='word_1_170' title='bbox 484 1666 488 1673; x_wconf 64' lang='grc'>”’</span> 
     </span>
     <span class='ocr_line' id='line_1_38' title="bbox 313 1715 1387 1774; baseline -0.004 -11"><span class='ocrx_word' id='word_1_171' title='bbox 313 1715 488 1774; x_wconf 66' lang='lat' dir='ltr'>ceptu&#39;m:</span> <span class='ocrx_word' id='word_1_172' title='bbox 518 1724 733 1762; x_wconf 90' lang='lat' dir='ltr'>secundum</span> <span class='ocrx_word' id='word_1_173' title='bbox 760 1723 853 1761; x_wconf 90' lang='lat' dir='ltr'>illud</span> <span class='ocrx_word' id='word_1_174' title='bbox 872 1723 991 1761; x_wconf 86' lang='lat' dir='ltr'>Isaiae</span> <span class='ocrx_word' id='word_1_175' title='bbox 1014 1735 1099 1760; x_wconf 78' lang='lat' dir='ltr'>Lvm</span> <span class='ocrx_word' id='word_1_176' title='bbox 1118 1722 1156 1760; x_wconf 73' lang='grc' dir='ltr'>*ε</span> <span class='ocrx_word' id='word_1_177' title='bbox 1190 1723 1320 1765; x_wconf 86' lang='lat' dir='ltr'>Quare</span> <span class='ocrx_word' id='word_1_178' title='bbox 1338 1722 1387 1759; x_wconf 89' lang='lat' dir='ltr'>ie-</span> 
     </span>
    </p>
   </div>
   <div class='ocr_carea' id='block_1_23' title="bbox 312 1776 1387 1870">
    <p class='ocr_par' dir='ltr' id='par_1_25' title="bbox 312 1776 1387 1870">
     <span class='ocr_line' id='line_1_39' title="bbox 312 1776 1387 1826; baseline -0.004 -10"><span class='ocrx_word' id='word_1_179' title='bbox 312 1779 540 1826; x_wconf 80' lang='lat' dir='ltr'>iunavimus,</span> <span class='ocrx_word' id='word_1_180' title='bbox 563 1784 600 1815; x_wconf 89' lang='lat' dir='ltr'>et</span> <span class='ocrx_word' id='word_1_181' title='bbox 625 1790 700 1815; x_wconf 88' lang='lat' dir='ltr'>non</span> <span class='ocrx_word' id='word_1_182' title='bbox 729 1777 939 1826; x_wconf 76' lang='lat' dir='ltr'>aspexisti?</span> <span class='ocrx_word' id='word_1_183' title='bbox 967 1778 1070 1825; x_wconf 89' lang='lat' dir='ltr'>Ergo</span> <span class='ocrx_word' id='word_1_184' title='bbox 1099 1776 1284 1814; x_wconf 90' lang='lat' dir='ltr'>ieiunium</span> <span class='ocrx_word' id='word_1_185' title='bbox 1308 1787 1387 1812; x_wconf 91' lang='lat' dir='ltr'>non</span> 
     </span>
     <span class='ocr_line' id='line_1_40' title="bbox 313 1839 691 1870; baseline -0.003 -1"><span class='ocrx_word' id='word_1_186' title='bbox 313 1839 369 1870; x_wconf 88' lang='lat' dir='ltr'>est</span> <span class='ocrx_word' id='word_1_187' title='bbox 397 1839 503 1870; x_wconf 88' lang='lat' dir='ltr'>actus</span> <span class='ocrx_word' id='word_1_188' title='bbox 531 1839 691 1870; x_wconf 76' lang='lat' dir='ltr'>wrtuns.</span> 
     </span>
    </p>
   </div>
   <div class='ocr_carea' id='block_1_24' title="bbox 311 1988 1389 2147">
    <p class='ocr_par' dir='ltr' id='par_1_26' title="bbox 311 1988 1389 2147">
     <span class='ocr_line' id='line_1_41' title="bbox 311 1988 1388 2040; baseline -0.005 -10"><span class='ocrx_word' id='word_1_189' title='bbox 311 1992 419 2030; x_wconf 90' lang='lat' dir='ltr'>tutis:</span> <span class='ocrx_word' id='word_1_190' title='bbox 453 1993 559 2040; x_wconf 91' lang='lat' dir='ltr'>quod</span> <span class='ocrx_word' id='word_1_191' title='bbox 587 1991 745 2040; x_wconf 89' lang='lat' dir='ltr'>quidem</span> <span class='ocrx_word' id='word_1_192' title='bbox 773 1991 813 2028; x_wconf 91' lang='lat' dir='ltr'>in</span> <span class='ocrx_word' id='word_1_193' title='bbox 841 1990 980 2028; x_wconf 89' lang='lat' dir='ltr'>virtute</span> <span class='ocrx_word' id='word_1_194' title='bbox 1008 1989 1257 2027; x_wconf 89' lang='lat' dir='ltr'>abstinentiae</span> <span class='ocrx_word' id='word_1_195' title='bbox 1291 1988 1388 2026; x_wconf 88' lang='lat' dir='ltr'>acci-</span> 
     </span>
     <span class='ocr_line' id='line_1_42' title="bbox 312 2042 1389 2095; baseline -0.004 -12"><span class='ocrx_word' id='word_1_196' title='bbox 312 2045 415 2095; x_wconf 91' lang='lat' dir='ltr'>pitur</span> <span class='ocrx_word' id='word_1_197' title='bbox 447 2045 660 2083; x_wconf 91' lang='lat' dir='ltr'>secundum</span> <span class='ocrx_word' id='word_1_198' title='bbox 699 2045 789 2091; x_wconf 88' lang='lat' dir='ltr'>hoc,</span> <span class='ocrx_word' id='word_1_199' title='bbox 820 2051 861 2080; x_wconf 92' lang='lat' dir='ltr'>ut</span> <span class='ocrx_word' id='word_1_200' title='bbox 894 2043 1142 2081; x_wconf 87' lang='lat' dir='ltr'>subveniatur</span> <span class='ocrx_word' id='word_1_201' title='bbox 1174 2042 1389 2080; x_wconf 87' lang='lat' dir='ltr'>necessitati</span> 
     </span>
     <span class='ocr_line' id='line_1_43' title="bbox 314 2096 1386 2147; baseline -0.003 -11"><span class='ocrx_word' id='word_1_202' title='bbox 314 2107 493 2146; x_wconf 88' lang='lat' dir='ltr'>naturae,</span> <span class='ocrx_word' id='word_1_203' title='bbox 528 2098 589 2136; x_wconf 92' lang='lat' dir='ltr'>cui</span> <span class='ocrx_word' id='word_1_204' title='bbox 625 2110 694 2147; x_wconf 88' lang='lat' dir='ltr'>per</span> <span class='ocrx_word' id='word_1_205' title='bbox 730 2097 915 2135; x_wconf 90' lang='lat' dir='ltr'>ieiunium</span> <span class='ocrx_word' id='word_1_206' title='bbox 953 2097 1094 2145; x_wconf 91' lang='lat' dir='ltr'>aliquid</span> <span class='ocrx_word' id='word_1_207' title='bbox 1135 2096 1386 2142; x_wconf 84' lang='lat' dir='ltr'>subtrahitur3</span> 
     </span>
    </p>
   </div>
   <div class='ocr_carea' id='block_1_25' title="bbox 314 2145 1417 2202">
    <p class='ocr_par' dir='ltr' id='par_1_27' title="bbox 314 2145 1417 2206">
     <span class='ocr_line' id='line_1_44' title="bbox 314 2145 1417 2202; baseline -0.003 -13"><span class='ocrx_word' id='word_1_208' title='bbox 314 2151 484 2202; x_wconf 88' lang='lat' dir='ltr'>alioquin</span> <span class='ocrx_word' id='word_1_209' title='bbox 512 2164 591 2189; x_wconf 92' lang='lat' dir='ltr'>non</span> <span class='ocrx_word' id='word_1_210' title='bbox 624 2151 836 2188; x_wconf 89' lang='lat' dir='ltr'>ieiunantes</span> <span class='ocrx_word' id='word_1_211' title='bbox 869 2163 948 2188; x_wconf 92' lang='lat' dir='ltr'>non</span> <span class='ocrx_word' id='word_1_212' title='bbox 986 2151 1172 2188; x_wconf 88' lang='lat' dir='ltr'>haberent</span> <span class='ocrx_word' id='word_1_213' title='bbox 1206 2149 1387 2187; x_wconf 90' lang='lat' dir='ltr'>virtutem</span> <span class='ocrx_word' id='word_1_214' title='bbox 1415 2145 1417 2159; x_wconf 83' lang='lat'>¹</span> 
     </span>
    </p>
   </div>
   <div class='ocr_carea' id='block_1_26' title="bbox 314 2202 1389 2786">
    <p class='ocr_par' dir='ltr' id='par_1_28' title="bbox 314 2202 1387 2254">
     <span class='ocr_line' id='line_1_45' title="bbox 314 2202 1387 2254; baseline -0.005 -10"><span class='ocrx_word' id='word_1_215' title='bbox 314 2205 577 2244; x_wconf 87' lang='lat' dir='ltr'>abstinentiae.</span> <span class='ocrx_word' id='word_1_216' title='bbox 599 2205 701 2254; x_wconf 87' lang='lat' dir='ltr'>Ergo</span> <span class='ocrx_word' id='word_1_217' title='bbox 722 2204 908 2242; x_wconf 89' lang='lat' dir='ltr'>ieiunium</span> <span class='ocrx_word' id='word_1_218' title='bbox 926 2216 1006 2242; x_wconf 92' lang='lat' dir='ltr'>non</span> <span class='ocrx_word' id='word_1_219' title='bbox 1028 2211 1083 2241; x_wconf 89' lang='lat' dir='ltr'>est</span> <span class='ocrx_word' id='word_1_220' title='bbox 1102 2211 1208 2241; x_wconf 90' lang='lat' dir='ltr'>actus</span> <span class='ocrx_word' id='word_1_221' title='bbox 1227 2202 1387 2240; x_wconf 89' lang='lat' dir='ltr'>virtutis.</span> 
     </span>
    </p>

    <p class='ocr_par' dir='ltr' id='par_1_29' title="bbox 314 2255 1389 2510">
     <span class='ocr_line' id='line_1_46' title="bbox 371 2255 1387 2307; baseline -0.005 -10"><span class='ocrx_word' id='word_1_222' title='bbox 371 2260 405 2297; x_wconf 89' lang='lat'>3.</span> <span class='ocrx_word' id='word_1_223' title='bbox 429 2259 665 2306; x_wconf 75' lang='lat' dir='ltr'>PRAETEREA,</span> <span class='ocrx_word' id='word_1_224' title='bbox 686 2258 778 2295; x_wconf 93' lang='lat' dir='ltr'>illud</span> <span class='ocrx_word' id='word_1_225' title='bbox 803 2258 910 2307; x_wconf 93' lang='lat' dir='ltr'>quod</span> <span class='ocrx_word' id='word_1_226' title='bbox 931 2256 1188 2294; x_wconf 91' lang='lat' dir='ltr'>communiter</span> <span class='ocrx_word' id='word_1_227' title='bbox 1206 2255 1387 2293; x_wconf 90' lang='lat' dir='ltr'>omnibus</span> 
     </span>
     <span class='ocr_line' id='line_1_47' title="bbox 315 2309 1389 2360; baseline -0.003 -11"><span class='ocrx_word' id='word_1_228' title='bbox 315 2312 513 2360; x_wconf 89' lang='lat' dir='ltr'>convenit,</span> <span class='ocrx_word' id='word_1_229' title='bbox 545 2319 581 2348; x_wconf 90' lang='lat' dir='ltr'>et</span> <span class='ocrx_word' id='word_1_230' title='bbox 610 2311 719 2348; x_wconf 92' lang='lat' dir='ltr'>bonis</span> <span class='ocrx_word' id='word_1_231' title='bbox 750 2318 786 2348; x_wconf 93' lang='lat' dir='ltr'>et</span> <span class='ocrx_word' id='word_1_232' title='bbox 814 2310 941 2358; x_wconf 87' lang='lat' dir='ltr'>malis,</span> <span class='ocrx_word' id='word_1_233' title='bbox 971 2323 1051 2347; x_wconf 95' lang='lat' dir='ltr'>non</span> <span class='ocrx_word' id='word_1_234' title='bbox 1087 2317 1144 2347; x_wconf 91' lang='lat' dir='ltr'>est</span> <span class='ocrx_word' id='word_1_235' title='bbox 1181 2316 1286 2346; x_wconf 90' lang='lat' dir='ltr'>actus</span> <span class='ocrx_word' id='word_1_236' title='bbox 1313 2309 1389 2346; x_wconf 91' lang='lat' dir='ltr'>vir-</span> 
     </span>
     <span class='ocr_line' id='line_1_48' title="bbox 314 2363 1387 2412; baseline -0.003 -9"><span class='ocrx_word' id='word_1_237' title='bbox 314 2365 414 2403; x_wconf 86' lang='lat' dir='ltr'>tutis.</span> <span class='ocrx_word' id='word_1_238' title='bbox 445 2365 523 2403; x_wconf 89' lang='lat' dir='ltr'>Sed</span> <span class='ocrx_word' id='word_1_239' title='bbox 541 2365 725 2402; x_wconf 90' lang='lat' dir='ltr'>ieiunium</span> <span class='ocrx_word' id='word_1_240' title='bbox 746 2372 803 2401; x_wconf 93' lang='lat' dir='ltr'>est</span> <span class='ocrx_word' id='word_1_241' title='bbox 821 2363 1063 2401; x_wconf 84' lang='lat' dir='ltr'>huiusmodi:</span> <span class='ocrx_word' id='word_1_242' title='bbox 1094 2363 1252 2412; x_wconf 91' lang='lat' dir='ltr'>quilibet</span> <span class='ocrx_word' id='word_1_243' title='bbox 1272 2363 1387 2410; x_wconf 88' lang='lat' dir='ltr'>enim,</span> 
     </span>
     <span class='ocr_line' id='line_1_49' title="bbox 315 2416 1386 2468; baseline -0.003 -12"><span class='ocrx_word' id='word_1_244' title='bbox 315 2426 521 2468; x_wconf 87' lang='lat' dir='ltr'>antequam</span> <span class='ocrx_word' id='word_1_245' title='bbox 551 2419 745 2465; x_wconf 91' lang='lat' dir='ltr'>comedat,</span> <span class='ocrx_word' id='word_1_246' title='bbox 778 2418 926 2455; x_wconf 90' lang='lat' dir='ltr'>ieiunus</span> <span class='ocrx_word' id='word_1_247' title='bbox 955 2425 1022 2454; x_wconf 91' lang='lat' dir='ltr'>est.</span> <span class='ocrx_word' id='word_1_248' title='bbox 1063 2418 1166 2466; x_wconf 87' lang='lat' dir='ltr'>Ergo</span> <span class='ocrx_word' id='word_1_249' title='bbox 1203 2416 1386 2453; x_wconf 88' lang='lat' dir='ltr'>ieiunium</span> 
     </span>
     <span class='ocr_line' id='line_1_50' title="bbox 315 2471 801 2510; baseline -0.004 0"><span class='ocrx_word' id='word_1_250' title='bbox 315 2484 395 2510; x_wconf 90' lang='lat' dir='ltr'>non</span> <span class='ocrx_word' id='word_1_251' title='bbox 423 2479 479 2508; x_wconf 88' lang='lat' dir='ltr'>est</span> <span class='ocrx_word' id='word_1_252' title='bbox 507 2479 613 2508; x_wconf 90' lang='lat' dir='ltr'>actus</span> <span class='ocrx_word' id='word_1_253' title='bbox 641 2471 801 2509; x_wconf 87' lang='lat' dir='ltr'>virtutis.</span> 
     </span>
    </p>

    <p class='ocr_par' dir='ltr' id='par_1_30' title="bbox 315 2522 1389 2677">
     <span class='ocr_line' id='line_1_51' title="bbox 370 2522 1387 2573; baseline -0.003 -11"><span class='ocrx_word' id='word_1_254' title='bbox 370 2526 445 2562; x_wconf 83' lang='lat' dir='ltr'>SED</span> <span class='ocrx_word' id='word_1_255' title='bbox 474 2537 622 2562; x_wconf 80' lang='lat' dir='ltr'>CONTRA</span> <span class='ocrx_word' id='word_1_256' title='bbox 648 2537 716 2562; x_wconf 84' lang='lat' dir='ltr'>EST</span> <span class='ocrx_word' id='word_1_257' title='bbox 743 2524 847 2573; x_wconf 92' lang='lat' dir='ltr'>quod</span> <span class='ocrx_word' id='word_1_258' title='bbox 877 2531 1178 2561; x_wconf 90' lang='lat' dir='ltr'>connumeratur</span> <span class='ocrx_word' id='word_1_259' title='bbox 1206 2523 1286 2560; x_wconf 90' lang='lat' dir='ltr'>aliis</span> <span class='ocrx_word' id='word_1_260' title='bbox 1314 2522 1387 2560; x_wconf 90' lang='lat' dir='ltr'>vir-</span> 
     </span>
     <span class='ocr_line' id='line_1_52' title="bbox 315 2576 1389 2626; baseline -0.002 -11"><span class='ocrx_word' id='word_1_261' title='bbox 315 2585 438 2615; x_wconf 89' lang='lat' dir='ltr'>tutum</span> <span class='ocrx_word' id='word_1_262' title='bbox 471 2578 639 2625; x_wconf 86' lang='lat' dir='ltr'>actibus,</span> <span class='ocrx_word' id='word_1_263' title='bbox 677 2579 709 2614; x_wconf 91' lang='lat' dir='ltr'>II</span> <span class='ocrx_word' id='word_1_264' title='bbox 743 2578 795 2615; x_wconf 90' lang='lat' dir='ltr'>ad</span> <span class='ocrx_word' id='word_1_265' title='bbox 826 2578 913 2615; x_wconf 91' lang='lat' dir='ltr'>Cor.</span> <span class='ocrx_word' id='word_1_266' title='bbox 943 2589 979 2614; x_wconf 79' lang='lat' dir='ltr'>vr</span> <span class='ocrx_word' id='word_1_267' title='bbox 1006 2577 1045 2625; x_wconf 74' lang='lat'>²¹⁸,</span> <span class='ocrx_word' id='word_1_268' title='bbox 1074 2576 1141 2614; x_wconf 92' lang='lat' dir='ltr'>ubi</span> <span class='ocrx_word' id='word_1_269' title='bbox 1179 2577 1389 2626; x_wconf 89' lang='lat' dir='ltr'>Apostolus</span> 
     </span>
     <span class='ocr_line' id='line_1_53' title="bbox 317 2631 1386 2677; baseline -0.001 -9"><span class='ocrx_word' id='word_1_270' title='bbox 317 2632 424 2669; x_wconf 90' lang='lat' dir='ltr'>dicit:</span> <span class='ocrx_word' id='word_1_271' title='bbox 462 2632 509 2668; x_wconf 91' lang='lat' dir='ltr'>In</span> <span class='ocrx_word' id='word_1_272' title='bbox 539 2631 685 2668; x_wconf 87' lang='lat' dir='ltr'>ieiuniis</span> <span class='ocrx_word' id='word_1_273' title='bbox 706 2636 739 2677; x_wconf 65' lang='grc' dir='ltr'>α,</span> <span class='ocrx_word' id='word_1_274' title='bbox 769 2631 807 2668; x_wconf 88' lang='lat' dir='ltr'>in</span> <span class='ocrx_word' id='word_1_275' title='bbox 834 2631 1006 2676; x_wconf 82' lang='lat' dir='ltr'>scientia,</span> <span class='ocrx_word' id='word_1_276' title='bbox 1036 2631 1073 2667; x_wconf 92' lang='lat' dir='ltr'>in</span> <span class='ocrx_word' id='word_1_277' title='bbox 1103 2631 1285 2676; x_wconf 91' lang='lat' dir='ltr'>castitate,</span> <span class='ocrx_word' id='word_1_278' title='bbox 1316 2638 1386 2667; x_wconf 92' lang='lat' dir='ltr'>etc.</span> 
     </span>
    </p>

    <p class='ocr_par' dir='ltr' id='par_1_31' title="bbox 317 2683 1389 2786">
     <span class='ocr_line' id='line_1_54' title="bbox 369 2683 1388 2733; baseline -0.002 -11"><span class='ocrx_word' id='word_1_279' title='bbox 369 2686 597 2722; x_wconf 82' lang='lat' dir='ltr'>RESPONDEO</span> <span class='ocrx_word' id='word_1_280' title='bbox 630 2696 816 2722; x_wconf 76' lang='lat' dir='ltr'>mOENDUM</span> <span class='ocrx_word' id='word_1_281' title='bbox 837 2683 943 2733; x_wconf 91' lang='lat' dir='ltr'>quod</span> <span class='ocrx_word' id='word_1_282' title='bbox 963 2695 1009 2720; x_wconf 87' lang='lat' dir='ltr'>ex</span> <span class='ocrx_word' id='word_1_283' title='bbox 1028 2684 1104 2720; x_wconf 91' lang='lat' dir='ltr'>hoc</span> <span class='ocrx_word' id='word_1_284' title='bbox 1124 2683 1258 2732; x_wconf 90' lang='lat' dir='ltr'>aliquis</span> <span class='ocrx_word' id='word_1_285' title='bbox 1283 2691 1388 2721; x_wconf 88' lang='lat' dir='ltr'>actus</span> 
     </span>
     <span class='ocr_line' id='line_1_55' title="bbox 317 2736 1389 2786; baseline -0.002 -11"><span class='ocrx_word' id='word_1_286' title='bbox 317 2745 373 2776; x_wconf 91' lang='lat' dir='ltr'>est</span> <span class='ocrx_word' id='word_1_287' title='bbox 398 2737 612 2784; x_wconf 87' lang='lat' dir='ltr'>virtuosus,</span> <span class='ocrx_word' id='word_1_288' title='bbox 643 2737 750 2786; x_wconf 93' lang='lat' dir='ltr'>quod</span> <span class='ocrx_word' id='word_1_289' title='bbox 787 2750 856 2786; x_wconf 90' lang='lat' dir='ltr'>per</span> <span class='ocrx_word' id='word_1_290' title='bbox 883 2737 1072 2774; x_wconf 90' lang='lat' dir='ltr'>rationem</span> <span class='ocrx_word' id='word_1_291' title='bbox 1110 2737 1308 2774; x_wconf 88' lang='lat' dir='ltr'>ordinatur</span> <span class='ocrx_word' id='word_1_292' title='bbox 1339 2736 1389 2774; x_wconf 87' lang='lat' dir='ltr'>ad</span> 
     </span>
    </p>
   </div>
   <div class='ocr_carea' id='block_1_27' title="bbox 315 2790 1418 3001">
    <p class='ocr_par' dir='ltr' id='par_1_32' title="bbox 315 2789 1418 3001">
     <span class='ocr_line' id='line_1_56' title="bbox 316 2790 1389 2841; baseline -0.003 -12"><span class='ocrx_word' id='word_1_293' title='bbox 316 2792 473 2841; x_wconf 87' lang='lat' dir='ltr'>aliquod</span> <span class='ocrx_word' id='word_1_294' title='bbox 502 2792 649 2829; x_wconf 90' lang='lat' dir='ltr'>bonum</span> <span class='ocrx_word' id='word_1_295' title='bbox 679 2792 898 2828; x_wconf 91' lang='lat' dir='ltr'>honestum.</span> <span class='ocrx_word' id='word_1_296' title='bbox 930 2791 1016 2827; x_wconf 93' lang='lat' dir='ltr'>Hoc</span> <span class='ocrx_word' id='word_1_297' title='bbox 1045 2797 1174 2827; x_wconf 89' lang='lat' dir='ltr'>autem</span> <span class='ocrx_word' id='word_1_298' title='bbox 1210 2790 1389 2827; x_wconf 89' lang='lat' dir='ltr'>convenit</span> 
     </span>
     <span class='ocr_line' id='line_1_57' title="bbox 316 2843 1418 2892; baseline -0.001 -10"><span class='ocrx_word' id='word_1_299' title='bbox 316 2845 471 2882; x_wconf 90' lang='lat' dir='ltr'>ieiunio.</span> <span class='ocrx_word' id='word_1_300' title='bbox 500 2844 720 2882; x_wconf 90' lang='lat' dir='ltr'>Assumitur</span> <span class='ocrx_word' id='word_1_301' title='bbox 739 2844 843 2881; x_wconf 90' lang='lat' dir='ltr'>enirn</span> <span class='ocrx_word' id='word_1_302' title='bbox 863 2843 1047 2881; x_wconf 89' lang='lat' dir='ltr'>ieiunium</span> <span class='ocrx_word' id='word_1_303' title='bbox 1067 2843 1322 2892; x_wconf 79' lang='lat' dir='ltr'>principaliter</span> <span class='ocrx_word' id='word_1_304' title='bbox 1340 2843 1389 2881; x_wconf 93' lang='lat' dir='ltr'>ad</span> <span class='ocrx_word' id='word_1_305' title='bbox 1417 2855 1418 2860; x_wconf 58' lang='lat'>¹</span> 
     </span>
     <span class='ocr_line' id='line_1_58' title="bbox 315 2896 1418 2948; baseline -0.002 -13"><span class='ocrx_word' id='word_1_306' title='bbox 315 2898 398 2936; x_wconf 86' lang='lat' dir='ltr'>tria.</span> <span class='ocrx_word' id='word_1_307' title='bbox 436 2898 568 2935; x_wconf 89' lang='lat' dir='ltr'>Primo</span> <span class='ocrx_word' id='word_1_308' title='bbox 605 2898 780 2947; x_wconf 89' lang='lat' dir='ltr'>quidem,</span> <span class='ocrx_word' id='word_1_309' title='bbox 820 2897 870 2934; x_wconf 90' lang='lat' dir='ltr'>ad</span> <span class='ocrx_word' id='word_1_310' title='bbox 907 2896 1233 2945; x_wconf 85' lang='lat' dir='ltr'>concupiscentias</span> <span class='ocrx_word' id='word_1_311' title='bbox 1267 2896 1418 2948; x_wconf 49' lang='lat' dir='ltr'>carnis,</span> 
     </span>
     <span class='ocr_line' id='line_1_59' title="bbox 318 2950 1418 3001; baseline -0.003 -12"><span class='ocrx_word' id='word_1_312' title='bbox 318 2951 631 3001; x_wconf 87' lang='lat' dir='ltr'>comprimendas</span> <span class='ocrx_word' id='word_1_313' title='bbox 651 2950 677 2988; x_wconf 74' lang='grc' dir='ltr'>β.</span> <span class='ocrx_word' id='word_1_314' title='bbox 707 2951 820 2989; x_wconf 91' lang='lat' dir='ltr'>Unde</span> <span class='ocrx_word' id='word_1_315' title='bbox 849 2951 1058 2999; x_wconf 89' lang='lat' dir='ltr'>Apostolus</span> <span class='ocrx_word' id='word_1_316' title='bbox 1079 2950 1179 2997; x_wconf 86' lang='lat' dir='ltr'>dicit,</span> <span class='ocrx_word' id='word_1_317' title='bbox 1199 2950 1238 2987; x_wconf 90' lang='lat' dir='ltr'>in</span> <span class='ocrx_word' id='word_1_318' title='bbox 1259 2957 1389 2987; x_wconf 85' lang='lat' dir='ltr'>aucto·</span> <span class='ocrx_word' id='word_1_319' title='bbox 1416 2954 1418 2956; x_wconf 66' lang='grc'><strong>“</strong></span> 
     </span>
    </p>
   </div>
   <div class='ocr_carea' id='block_1_28' title="bbox 317 3003 1390 3052">
    <p class='ocr_par' dir='ltr' id='par_1_33' title="bbox 317 3003 1390 3052">
     <span class='ocr_line' id='line_1_60' title="bbox 317 3003 1390 3052; baseline -0.004 -9"><span class='ocrx_word' id='word_1_320' title='bbox 317 3005 425 3043; x_wconf 90' lang='lat' dir='ltr'>ritate</span> <span class='ocrx_word' id='word_1_321' title='bbox 453 3005 609 3043; x_wconf 91' lang='lat' dir='ltr'>inducta</span> <span class='ocrx_word' id='word_1_322' title='bbox 628 3005 666 3041; x_wconf 75' lang='grc' dir='ltr'>*ε</span> <span class='ocrx_word' id='word_1_323' title='bbox 696 3006 743 3041; x_wconf 91' lang='lat' dir='ltr'>In</span> <span class='ocrx_word' id='word_1_324' title='bbox 764 3004 921 3050; x_wconf 90' lang='lat' dir='ltr'>ieiuniis,</span> <span class='ocrx_word' id='word_1_325' title='bbox 943 3005 980 3041; x_wconf 93' lang='lat' dir='ltr'>in</span> <span class='ocrx_word' id='word_1_326' title='bbox 1010 3004 1188 3049; x_wconf 88' lang='lat' dir='ltr'>castitate,</span> <span class='ocrx_word' id='word_1_327' title='bbox 1210 3003 1299 3052; x_wconf 89' lang='lat' dir='ltr'>quia</span> <span class='ocrx_word' id='word_1_328' title='bbox 1321 3016 1390 3052; x_wconf 89' lang='lat' dir='ltr'>per</span> 
     </span>
    </p>
   </div>
   <div class='ocr_carea' id='block_1_29' title="bbox 488 1667 1416 1719">
    <p class='ocr_par' dir='ltr' id='par_1_34' title="bbox 488 1667 1416 1719">
     <span class='ocr_line' id='line_1_61' title="bbox 488 1667 1416 1719; baseline -0.001 -13"><span class='ocrx_word' id='word_1_329' title='bbox 488 1673 514 1706; x_wconf 35' lang='lat' dir='ltr'>*s</span> <span class='ocrx_word' id='word_1_330' title='bbox 527 1671 604 1709; x_wconf 90' lang='lat' dir='ltr'>Sed</span> <span class='ocrx_word' id='word_1_331' title='bbox 632 1670 818 1708; x_wconf 88' lang='lat' dir='ltr'>ieiunium</span> <span class='ocrx_word' id='word_1_332' title='bbox 846 1683 926 1708; x_wconf 91' lang='lat' dir='ltr'>non</span> <span class='ocrx_word' id='word_1_333' title='bbox 953 1682 1108 1719; x_wconf 90' lang='lat' dir='ltr'>semper</span> <span class='ocrx_word' id='word_1_334' title='bbox 1137 1676 1193 1706; x_wconf 89' lang='lat' dir='ltr'>est</span> <span class='ocrx_word' id='word_1_335' title='bbox 1211 1670 1297 1706; x_wconf 92' lang='lat' dir='ltr'>Deo</span> <span class='ocrx_word' id='word_1_336' title='bbox 1327 1681 1387 1706; x_wconf 89' lang='lat' dir='ltr'>ac-</span> <span class='ocrx_word' id='word_1_337' title='bbox 1415 1667 1416 1670; x_wconf 69' lang='grc'>’</span> 
     </span>
    </p>
   </div>
   <div class='ocr_carea' id='block_1_30' title="bbox 1411 1518 1422 2779">
    <p class='ocr_par' dir='ltr' id='par_1_35' title="bbox 1411 1518 1422 2779">
     <span class='ocr_line' id='line_1_62' title="bbox 1411 1518 1422 2779; baseline 0 0"><span class='ocrx_word' id='word_1_338' title='bbox 1411 1518 1422 2779; x_wconf 95' lang='lat' dir='ltr'> </span> 
     </span>
    </p>
   </div>
   <div class='ocr_carea' id='block_1_31' title="bbox 1445 1507 2515 1545">
    <p class='ocr_par' dir='ltr' id='par_1_36' title="bbox 1445 1507 2515 1545">
     <span class='ocr_line' id='line_1_63' title="bbox 1445 1507 2515 1545; baseline 0 -1"><span class='ocrx_word' id='word_1_339' title='bbox 1445 1507 1720 1545; x_wconf 77' lang='lat' dir='ltr'>Convertimini</span> <span class='ocrx_word' id='word_1_340' title='bbox 1745 1507 1798 1544; x_wconf 84' lang='lat' dir='ltr'>ad</span> <span class='ocrx_word' id='word_1_341' title='bbox 1824 1519 1885 1544; x_wconf 93' lang='lat' dir='ltr'>me</span> <span class='ocrx_word' id='word_1_342' title='bbox 1913 1507 1950 1544; x_wconf 91' lang='lat' dir='ltr'>in</span> <span class='ocrx_word' id='word_1_343' title='bbox 1980 1513 2054 1544; x_wconf 93' lang='lat' dir='ltr'>toto</span> <span class='ocrx_word' id='word_1_344' title='bbox 2083 1508 2197 1544; x_wconf 90' lang='lat' dir='ltr'>corde</span> <span class='ocrx_word' id='word_1_345' title='bbox 2223 1513 2369 1544; x_wconf 82' lang='lat' dir='ltr'>vestro:</span> <span class='ocrx_word' id='word_1_346' title='bbox 2400 1508 2436 1544; x_wconf 90' lang='lat' dir='ltr'>in</span> <span class='ocrx_word' id='word_1_347' title='bbox 2466 1508 2515 1544; x_wconf 90' lang='lat' dir='ltr'>ie-</span> 
     </span>
    </p>
   </div>
   <div class='ocr_carea' id='block_1_32' title="bbox 526 1557 1978 1664">
    <p class='ocr_par' dir='ltr' id='par_1_37' title="bbox 526 1557 1978 1664">
     <span class='ocr_line' id='line_1_64' title="bbox 1414 1557 1978 1610; baseline -0.002 -12"><span class='ocrx_word' id='word_1_348' title='bbox 1414 1557 1416 1576; x_wconf 56' lang='lat'><em>*</em></span> <span class='ocrx_word' id='word_1_349' title='bbox 1442 1561 1545 1598; x_wconf 89' lang='lat' dir='ltr'>iunio</span> <span class='ocrx_word' id='word_1_350' title='bbox 1575 1566 1610 1597; x_wconf 91' lang='lat' dir='ltr'>et</span> <span class='ocrx_word' id='word_1_351' title='bbox 1626 1562 1724 1610; x_wconf 88' lang='lat' dir='ltr'>fletu</span> <span class='ocrx_word' id='word_1_352' title='bbox 1753 1566 1788 1597; x_wconf 92' lang='lat' dir='ltr'>et</span> <span class='ocrx_word' id='word_1_353' title='bbox 1808 1561 1978 1609; x_wconf 88' lang='lat' dir='ltr'>planctu.</span> 
     </span>
     <span class='ocr_line' id='line_1_65' title="bbox 526 1616 1416 1664; baseline -0.004 -9"><span class='ocrx_word' id='word_1_354' title='bbox 526 1617 629 1656; x_wconf 89' lang='lat' dir='ltr'>enim</span> <span class='ocrx_word' id='word_1_355' title='bbox 657 1616 806 1655; x_wconf 91' lang='lat' dir='ltr'>virtutis</span> <span class='ocrx_word' id='word_1_356' title='bbox 845 1623 951 1654; x_wconf 92' lang='lat' dir='ltr'>actus</span> <span class='ocrx_word' id='word_1_357' title='bbox 985 1624 1041 1653; x_wconf 86' lang='lat' dir='ltr'>est</span> <span class='ocrx_word' id='word_1_358' title='bbox 1069 1616 1155 1653; x_wconf 91' lang='lat' dir='ltr'>Deo</span> <span class='ocrx_word' id='word_1_359' title='bbox 1194 1622 1385 1664; x_wconf 87' lang='lat' dir='ltr'>acceptus.</span> <span class='ocrx_word' id='word_1_360' title='bbox 1415 1643 1416 1660; x_wconf 47' lang='lat'>2</span> 
     </span>
    </p>
   </div>
   <div class='ocr_carea' id='block_1_33' title="bbox 1497 1613 2516 1663">
    <p class='ocr_par' dir='ltr' id='par_1_38' title="bbox 1497 1613 2516 1663">
     <span class='ocr_line' id='line_1_66' title="bbox 1497 1613 2516 1663; baseline 0 -12"><span class='ocrx_word' id='word_1_361' title='bbox 1497 1615 1546 1651; x_wconf 90' lang='lat' dir='ltr'>Et</span> <span class='ocrx_word' id='word_1_362' title='bbox 1573 1615 1649 1651; x_wconf 94' lang='lat' dir='ltr'>hoc</span> <span class='ocrx_word' id='word_1_363' title='bbox 1675 1621 1731 1651; x_wconf 89' lang='lat' dir='ltr'>est</span> <span class='ocrx_word' id='word_1_364' title='bbox 1759 1615 1863 1662; x_wconf 91' lang='lat' dir='ltr'>quod</span> <span class='ocrx_word' id='word_1_365' title='bbox 1884 1614 2118 1662; x_wconf 88' lang='lat' dir='ltr'>Augustinus</span> <span class='ocrx_word' id='word_1_366' title='bbox 2149 1614 2248 1662; x_wconf 92' lang='lat' dir='ltr'>dicit,</span> <span class='ocrx_word' id='word_1_367' title='bbox 2277 1614 2316 1651; x_wconf 92' lang='lat' dir='ltr'>in</span> <span class='ocrx_word' id='word_1_368' title='bbox 2344 1613 2516 1663; x_wconf 89' lang='lat' dir='ltr'>quodam</span> 
     </span>
    </p>
   </div>
   <div class='ocr_carea' id='block_1_34' title="bbox 1443 1667 2757 1725">
    <p class='ocr_par' dir='ltr' id='par_1_39' title="bbox 1443 1667 2757 1725">
     <span class='ocr_line' id='line_1_67' title="bbox 1443 1667 2757 1725; baseline -0.002 -19"><span class='ocrx_word' id='word_1_369' title='bbox 1443 1680 1620 1706; x_wconf 88' lang='lat' dir='ltr'>sermone</span> <span class='ocrx_word' id='word_1_370' title='bbox 1653 1668 1700 1704; x_wconf 85' lang='lat' dir='ltr'>de</span> <span class='ocrx_word' id='word_1_371' title='bbox 1732 1667 1835 1705; x_wconf 85' lang='lat' dir='ltr'>Orat.</span> <span class='ocrx_word' id='word_1_372' title='bbox 1865 1673 1900 1704; x_wconf 91' lang='lat' dir='ltr'>et</span> <span class='ocrx_word' id='word_1_373' title='bbox 1926 1668 2048 1705; x_wconf 89' lang='lat' dir='ltr'>Ieiun.</span> <span class='ocrx_word' id='word_1_374' title='bbox 2078 1667 2114 1704; x_wconf 72' lang='grc' dir='ltr'>*ε</span> <span class='ocrx_word' id='word_1_375' title='bbox 2148 1668 2338 1705; x_wconf 86' lang='lat' dir='ltr'>Ieiunium</span> <span class='ocrx_word' id='word_1_376' title='bbox 2369 1673 2519 1717; x_wconf 82' lang='lat' dir='ltr'>purgat</span> <span class='ocrx_word' id='word_1_377' title='bbox 2544 1677 2587 1724; x_wconf 43' lang='grc' dir='ltr'>’ἀλ</span> <span class='ocrx_word' id='word_1_378' title='bbox 2622 1676 2757 1725; x_wconf 45' lang='lat' dir='ltr'>end-asserffie-</span> 
     </span>
    </p>
   </div>
   <div class='ocr_carea' id='block_1_35' title="bbox 1415 1719 2754 1769">
    <p class='ocr_par' dir='ltr' id='par_1_40' title="bbox 1415 1719 2754 1769">
     <span class='ocr_line' id='line_1_68' title="bbox 1415 1719 2754 1769; baseline -0.003 -8"><span class='ocrx_word' id='word_1_379' title='bbox 1415 1753 1416 1762; x_wconf 66' lang='grc'>,</span> <span class='ocrx_word' id='word_1_380' title='bbox 1442 1727 1616 1767; x_wconf 82' lang='lat' dir='ltr'>mentem,</span> <span class='ocrx_word' id='word_1_381' title='bbox 1636 1721 1808 1758; x_wconf 77' lang='lat' dir='ltr'>sublevat</span> <span class='ocrx_word' id='word_1_382' title='bbox 1832 1733 1982 1758; x_wconf 89' lang='lat' dir='ltr'>sensum</span> <span class='ocrx_word' id='word_1_383' title='bbox 1998 1727 2026 1769; x_wconf 69' lang='grc' dir='ltr'>Υ,</span> <span class='ocrx_word' id='word_1_384' title='bbox 2051 1733 2207 1759; x_wconf 89' lang='lat' dir='ltr'>carnem</span> <span class='ocrx_word' id='word_1_385' title='bbox 2232 1721 2380 1769; x_wconf 88' lang='lat' dir='ltr'>spiritui</span> <span class='ocrx_word' id='word_1_386' title='bbox 2405 1721 2517 1758; x_wconf 86' lang='lat' dir='ltr'>subii·</span> <span class='ocrx_word' id='word_1_387' title='bbox 2546 1730 2624 1757; x_wconf 72' lang='lat' dir='ltr'>Temp-</span> <span class='ocrx_word' id='word_1_388' title='bbox 2642 1719 2754 1751; x_wconf 59' lang='lat' dir='ltr'>&amp;cxxx-</span> 
     </span>
    </p>
   </div>
   <div class='ocr_carea' id='block_1_36' title="bbox 1443 1766 2659 1823">
    <p class='ocr_par' dir='ltr' id='par_1_41' title="bbox 1443 1766 2659 1823">
     <span class='ocr_line' id='line_1_69' title="bbox 1443 1766 2659 1823; baseline 0 -12"><span class='ocrx_word' id='word_1_389' title='bbox 1443 1776 1502 1821; x_wconf 89' lang='lat' dir='ltr'>cit,</span> <span class='ocrx_word' id='word_1_390' title='bbox 1517 1787 1586 1812; x_wconf 90' lang='lat' dir='ltr'>cor</span> <span class='ocrx_word' id='word_1_391' title='bbox 1590 1775 1697 1823; x_wconf 85' lang='lat' dir='ltr'>facit</span> <span class='ocrx_word' id='word_1_392' title='bbox 1713 1775 1914 1811; x_wconf 91' lang='lat' dir='ltr'>contritum</span> <span class='ocrx_word' id='word_1_393' title='bbox 1935 1780 1971 1811; x_wconf 92' lang='lat' dir='ltr'>et</span> <span class='ocrx_word' id='word_1_394' title='bbox 1987 1775 2238 1821; x_wconf 86' lang='lat' dir='ltr'>humiliatum,</span> <span class='ocrx_word' id='word_1_395' title='bbox 2255 1775 2518 1822; x_wconf 88' lang='lat' dir='ltr'>concupiscen-</span> <span class='ocrx_word' id='word_1_396' title='bbox 2642 1766 2659 1791; x_wconf 64' lang='grc' dir='ltr'><strong>γ</strong></span> 
     </span>
    </p>
   </div>
   <div class='ocr_carea' id='block_1_37' title="bbox 367 1828 2513 1932">
    <p class='ocr_par' dir='ltr' id='par_1_42' title="bbox 367 1828 2513 1932">
     <span class='ocr_line' id='line_1_70' title="bbox 1415 1828 2513 1878; baseline -0.001 -13"><span class='ocrx_word' id='word_1_397' title='bbox 1415 1836 1416 1854; x_wconf 62' lang='lat'><strong>³</strong></span> <span class='ocrx_word' id='word_1_398' title='bbox 1442 1829 1516 1865; x_wconf 84' lang='lat' dir='ltr'>tiae</span> <span class='ocrx_word' id='word_1_399' title='bbox 1534 1828 1690 1865; x_wconf 81' lang='lat' dir='ltr'>nebulas</span> <span class='ocrx_word' id='word_1_400' title='bbox 1709 1828 1902 1878; x_wconf 82' lang='lat' dir='ltr'>dispergit,</span> <span class='ocrx_word' id='word_1_401' title='bbox 1924 1828 2118 1866; x_wconf 86' lang='lat' dir='ltr'>libidinum</span> <span class='ocrx_word' id='word_1_402' title='bbox 2138 1830 2295 1865; x_wconf 85' lang='lat' dir='ltr'>ardores</span> <span class='ocrx_word' id='word_1_403' title='bbox 2314 1828 2513 1877; x_wconf 83' lang='lat' dir='ltr'>extinguit,</span> 
     </span>
     <span class='ocr_line' id='line_1_71' title="bbox 367 1881 1416 1932; baseline -0.005 -9"><span class='ocrx_word' id='word_1_404' title='bbox 367 1897 402 1923; x_wconf 92' lang='lat'>2.</span> <span class='ocrx_word' id='word_1_405' title='bbox 437 1886 674 1932; x_wconf 80' lang='lat' dir='ltr'>PRAETEREA,</span> <span class='ocrx_word' id='word_1_406' title='bbox 709 1884 833 1921; x_wconf 89' lang='lat' dir='ltr'>nullus</span> <span class='ocrx_word' id='word_1_407' title='bbox 867 1891 973 1920; x_wconf 89' lang='lat' dir='ltr'>actus</span> <span class='ocrx_word' id='word_1_408' title='bbox 1009 1882 1158 1920; x_wconf 88' lang='lat' dir='ltr'>virtutis</span> <span class='ocrx_word' id='word_1_409' title='bbox 1196 1881 1337 1919; x_wconf 91' lang='lat' dir='ltr'>recedit</span> <span class='ocrx_word' id='word_1_410' title='bbox 1365 1894 1388 1919; x_wconf 89' lang='lat' dir='ltr'>a</span> <span class='ocrx_word' id='word_1_411' title='bbox 1415 1882 1416 1890; x_wconf 60' lang='lat'>¹</span> 
     </span>
    </p>
   </div>
   <div class='ocr_carea' id='block_1_38' title="bbox 312 1935 1416 1977">
    <p class='ocr_par' dir='ltr' id='par_1_43' title="bbox 312 1935 1416 1977">
     <span class='ocr_line' id='line_1_72' title="bbox 312 1935 1416 1977; baseline -0.005 0"><span class='ocrx_word' id='word_1_412' title='bbox 312 1938 443 1977; x_wconf 91' lang='lat' dir='ltr'>medio</span> <span class='ocrx_word' id='word_1_413' title='bbox 462 1938 622 1976; x_wconf 89' lang='lat' dir='ltr'>virtutis.</span> <span class='ocrx_word' id='word_1_414' title='bbox 654 1938 732 1975; x_wconf 91' lang='lat' dir='ltr'>Sed</span> <span class='ocrx_word' id='word_1_415' title='bbox 750 1937 934 1974; x_wconf 90' lang='lat' dir='ltr'>ieiunium</span> <span class='ocrx_word' id='word_1_416' title='bbox 961 1936 1104 1974; x_wconf 88' lang='lat' dir='ltr'>recedit</span> <span class='ocrx_word' id='word_1_417' title='bbox 1123 1949 1146 1973; x_wconf 90' lang='lat' dir='ltr'>a</span> <span class='ocrx_word' id='word_1_418' title='bbox 1164 1935 1293 1974; x_wconf 88' lang='lat' dir='ltr'>medio</span> <span class='ocrx_word' id='word_1_419' title='bbox 1314 1935 1389 1973; x_wconf 87' lang='lat' dir='ltr'>vir-</span> <span class='ocrx_word' id='word_1_420' title='bbox 1415 1940 1416 1945; x_wconf 78' lang='grc'>’</span> 
     </span>
    </p>
   </div>
   <div class='ocr_carea' id='block_1_39' title="bbox 1438 1881 2759 2998">
    <p class='ocr_par' dir='ltr' id='par_1_44' title="bbox 1442 1881 2517 1973">
     <span class='ocr_line' id='line_1_73' title="bbox 1443 1881 2517 1931; baseline -0.002 -12"><span class='ocrx_word' id='word_1_421' title='bbox 1443 1882 1619 1919; x_wconf 84' lang='lat' dir='ltr'>castitatis</span> <span class='ocrx_word' id='word_1_422' title='bbox 1647 1893 1738 1918; x_wconf 77' lang='lat' dir='ltr'>vero</span> <span class='ocrx_word' id='word_1_423' title='bbox 1768 1881 1892 1918; x_wconf 90' lang='lat' dir='ltr'>lumen</span> <span class='ocrx_word' id='word_1_424' title='bbox 1921 1882 2100 1919; x_wconf 85' lang='lat' dir='ltr'>accendit.</span> <span class='ocrx_word' id='word_1_425' title='bbox 2139 1882 2251 1919; x_wconf 90' lang='lat' dir='ltr'>Unde</span> <span class='ocrx_word' id='word_1_426' title='bbox 2280 1889 2384 1931; x_wconf 88' lang='lat' dir='ltr'>patet</span> <span class='ocrx_word' id='word_1_427' title='bbox 2412 1882 2517 1929; x_wconf 89' lang='lat' dir='ltr'>quod</span> 
     </span>
     <span class='ocr_line' id='line_1_74' title="bbox 1442 1942 2032 1973; baseline 0 -1"><span class='ocrx_word' id='word_1_428' title='bbox 1442 1947 1626 1973; x_wconf 77' lang='lat' dir='ltr'>leiunlum</span> <span class='ocrx_word' id='word_1_429' title='bbox 1658 1942 1713 1972; x_wconf 91' lang='lat' dir='ltr'>est</span> <span class='ocrx_word' id='word_1_430' title='bbox 1740 1942 1846 1972; x_wconf 88' lang='lat' dir='ltr'>actus</span> <span class='ocrx_word' id='word_1_431' title='bbox 1875 1942 2032 1972; x_wconf 78' lang='lat' dir='ltr'>virtutis.</span> 
     </span>
    </p>

    <p class='ocr_par' dir='ltr' id='par_1_45' title="bbox 1438 1987 2759 2786">
     <span class='ocr_line' id='line_1_75' title="bbox 1496 1987 2517 2037; baseline -0.002 -11"><span class='ocrx_word' id='word_1_432' title='bbox 1496 1990 1557 2026; x_wconf 83' lang='lat' dir='ltr'>An</span> <span class='ocrx_word' id='word_1_433' title='bbox 1586 2000 1725 2026; x_wconf 83' lang='lat' dir='ltr'>PRIMUM</span> <span class='ocrx_word' id='word_1_434' title='bbox 1746 2000 1845 2026; x_wconf 83' lang='lat' dir='ltr'>ERGO</span> <span class='ocrx_word' id='word_1_435' title='bbox 1874 2000 2059 2026; x_wconf 84' lang='lat' dir='ltr'>DlCENDUM</span> <span class='ocrx_word' id='word_1_436' title='bbox 2080 1989 2185 2037; x_wconf 91' lang='lat' dir='ltr'>quod</span> <span class='ocrx_word' id='word_1_437' title='bbox 2211 1987 2391 2036; x_wconf 88' lang='lat' dir='ltr'>contingit</span> <span class='ocrx_word' id='word_1_438' title='bbox 2411 1987 2517 2036; x_wconf 93' lang='lat' dir='ltr'>quod</span> 
     </span>
     <span class='ocr_line' id='line_1_76' title="bbox 1443 2041 2517 2092; baseline -0.002 -13"><span class='ocrx_word' id='word_1_439' title='bbox 1443 2042 1578 2092; x_wconf 90' lang='lat' dir='ltr'>aliquis</span> <span class='ocrx_word' id='word_1_440' title='bbox 1608 2050 1713 2079; x_wconf 90' lang='lat' dir='ltr'>actus</span> <span class='ocrx_word' id='word_1_441' title='bbox 1743 2042 1807 2091; x_wconf 93' lang='lat' dir='ltr'>qui</span> <span class='ocrx_word' id='word_1_442' title='bbox 1827 2054 1872 2079; x_wconf 87' lang='lat' dir='ltr'>ex</span> <span class='ocrx_word' id='word_1_443' title='bbox 1892 2054 2030 2090; x_wconf 88' lang='lat' dir='ltr'>genere</span> <span class='ocrx_word' id='word_1_444' title='bbox 2061 2054 2131 2078; x_wconf 90' lang='lat' dir='ltr'>suo</span> <span class='ocrx_word' id='word_1_445' title='bbox 2162 2049 2217 2078; x_wconf 90' lang='lat' dir='ltr'>est</span> <span class='ocrx_word' id='word_1_446' title='bbox 2244 2041 2449 2088; x_wconf 86' lang='lat' dir='ltr'>virtuosus,</span> <span class='ocrx_word' id='word_1_447' title='bbox 2472 2053 2517 2077; x_wconf 86' lang='lat' dir='ltr'>ex</span> 
     </span>
     <span class='ocr_line' id='line_1_77' title="bbox 1444 2094 2515 2144; baseline -0.003 -11"><span class='ocrx_word' id='word_1_448' title='bbox 1444 2095 1634 2144; x_wconf 91' lang='lat' dir='ltr'>aliquibus</span> <span class='ocrx_word' id='word_1_449' title='bbox 1651 2095 1939 2132; x_wconf 89' lang='lat' dir='ltr'>circumstantiis</span> <span class='ocrx_word' id='word_1_450' title='bbox 1959 2095 2145 2132; x_wconf 90' lang='lat' dir='ltr'>adiunctis</span> <span class='ocrx_word' id='word_1_451' title='bbox 2161 2094 2330 2132; x_wconf 86' lang='lat' dir='ltr'>redditur</span> <span class='ocrx_word' id='word_1_452' title='bbox 2344 2094 2515 2131; x_wconf 91' lang='lat' dir='ltr'>vitiosus.</span> 
     </span>
     <span class='ocr_line' id='line_1_78' title="bbox 1443 2148 2520 2187; baseline -0.003 -1"><span class='ocrx_word' id='word_1_453' title='bbox 1443 2150 1555 2187; x_wconf 90' lang='lat' dir='ltr'>Unde</span> <span class='ocrx_word' id='word_1_454' title='bbox 1576 2149 1720 2186; x_wconf 90' lang='lat' dir='ltr'>ibidem</span> <span class='ocrx_word' id='word_1_455' title='bbox 1741 2148 1896 2186; x_wconf 89' lang='lat' dir='ltr'>dicitur:</span> <span class='ocrx_word' id='word_1_456' title='bbox 1925 2149 2025 2185; x_wconf 90' lang='lat' dir='ltr'>Ecce</span> <span class='ocrx_word' id='word_1_457' title='bbox 2044 2149 2081 2185; x_wconf 87' lang='lat' dir='ltr'>in</span> <span class='ocrx_word' id='word_1_458' title='bbox 2102 2149 2230 2185; x_wconf 87' lang='lat' dir='ltr'>diebus</span> <span class='ocrx_word' id='word_1_459' title='bbox 2259 2148 2389 2185; x_wconf 89' lang='lat' dir='ltr'>ieiunii</span> <span class='ocrx_word' id='word_1_460' title='bbox 2406 2148 2520 2184; x_wconf 78' lang='lat' dir='ltr'>vestri</span> 
     </span>
     <span class='ocr_line' id='line_1_79' title="bbox 1444 2200 2677 2250; baseline -0.003 -10"><span class='ocrx_word' id='word_1_461' title='bbox 1444 2202 1632 2240; x_wconf 74' lang='lat' dir='ltr'>invenitur</span> <span class='ocrx_word' id='word_1_462' title='bbox 1646 2202 1820 2239; x_wconf 81' lang='lat' dir='ltr'>voluntas</span> <span class='ocrx_word' id='word_1_463' title='bbox 1833 2207 1981 2246; x_wconf 79' lang='lat' dir='ltr'>vestra‚·</span> <span class='ocrx_word' id='word_1_464' title='bbox 2007 2209 2042 2238; x_wconf 90' lang='lat' dir='ltr'>et</span> <span class='ocrx_word' id='word_1_465' title='bbox 2060 2202 2175 2250; x_wconf 91' lang='lat' dir='ltr'>paulo</span> <span class='ocrx_word' id='word_1_466' title='bbox 2191 2209 2279 2250; x_wconf 92' lang='lat' dir='ltr'>post</span> <span class='ocrx_word' id='word_1_467' title='bbox 2293 2201 2312 2222; x_wconf 73' lang='lat'>’¹‘</span> <span class='ocrx_word' id='word_1_468' title='bbox 2328 2200 2517 2238; x_wconf 88' lang='lat' dir='ltr'>subditur:</span> <span class='ocrx_word' id='word_1_469' title='bbox 2546 2207 2556 2216; x_wconf 74' lang='lat'>⁸</span> <span class='ocrx_word' id='word_1_470' title='bbox 2570 2206 2638 2227; x_wconf 71' lang='lat' dir='ltr'>Vers-</span> <span class='ocrx_word' id='word_1_471' title='bbox 2653 2212 2677 2231; x_wconf 82' lang='grc'>4-</span> 
     </span>
     <span class='ocr_line' id='line_1_80' title="bbox 1442 2254 2516 2302; baseline -0.003 -9"><span class='ocrx_word' id='word_1_472' title='bbox 1442 2256 1506 2293; x_wconf 82' lang='grc' dir='ltr'>Αά</span> <span class='ocrx_word' id='word_1_473' title='bbox 1531 2256 1611 2292; x_wconf 91' lang='lat' dir='ltr'>lites</span> <span class='ocrx_word' id='word_1_474' title='bbox 1638 2261 1675 2292; x_wconf 91' lang='lat' dir='ltr'>et</span> <span class='ocrx_word' id='word_1_475' title='bbox 1701 2255 1953 2292; x_wconf 88' lang='lat' dir='ltr'>contentiones</span> <span class='ocrx_word' id='word_1_476' title='bbox 1977 2255 2160 2301; x_wconf 88' lang='lat' dir='ltr'>ieiunatis,</span> <span class='ocrx_word' id='word_1_477' title='bbox 2181 2260 2217 2291; x_wconf 88' lang='lat' dir='ltr'>et</span> <span class='ocrx_word' id='word_1_478' title='bbox 2236 2254 2431 2302; x_wconf 89' lang='lat' dir='ltr'>percutitis</span> <span class='ocrx_word' id='word_1_479' title='bbox 2444 2265 2516 2301; x_wconf 92' lang='lat' dir='ltr'>pu-</span> 
     </span>
     <span class='ocr_line' id='line_1_81' title="bbox 1443 2307 2520 2359; baseline -0.003 -13"><span class='ocrx_word' id='word_1_480' title='bbox 1443 2321 1521 2359; x_wconf 81' lang='lat' dir='ltr'>gno</span> <span class='ocrx_word' id='word_1_481' title='bbox 1551 2309 1675 2357; x_wconf 85' lang='lat' dir='ltr'>impie.</span> <span class='ocrx_word' id='word_1_482' title='bbox 1711 2308 1829 2356; x_wconf 93' lang='lat' dir='ltr'>Quod</span> <span class='ocrx_word' id='word_1_483' title='bbox 1859 2321 2054 2357; x_wconf 87' lang='lat' dir='ltr'>exponens</span> <span class='ocrx_word' id='word_1_484' title='bbox 2084 2307 2304 2356; x_wconf 86' lang='lat' dir='ltr'>Gregorius,</span> <span class='ocrx_word' id='word_1_485' title='bbox 2324 2307 2364 2344; x_wconf 93' lang='lat' dir='ltr'>in</span> <span class='ocrx_word' id='word_1_486' title='bbox 2391 2308 2520 2344; x_wconf 90' lang='lat' dir='ltr'>Pasto-</span> 
     </span>
     <span class='ocr_line' id='line_1_82' title="bbox 1444 2359 2759 2416; baseline -0.003 -17"><span class='ocrx_word' id='word_1_487' title='bbox 1444 2363 1519 2400; x_wconf 88' lang='lat' dir='ltr'>rali</span> <span class='ocrx_word' id='word_1_488' title='bbox 1536 2362 1567 2410; x_wconf 65' lang='lat'>³⁸,</span> <span class='ocrx_word' id='word_1_489' title='bbox 1591 2362 1698 2400; x_wconf 88' lang='lat' dir='ltr'>dicit:</span> <span class='ocrx_word' id='word_1_490' title='bbox 1736 2362 1915 2399; x_wconf 86' lang='lat' dir='ltr'>Voluntas</span> <span class='ocrx_word' id='word_1_491' title='bbox 1943 2362 1995 2398; x_wconf 85' lang='lat' dir='ltr'>ad</span> <span class='ocrx_word' id='word_1_492' title='bbox 2021 2362 2200 2399; x_wconf 87' lang='lat' dir='ltr'>laetitiam</span> <span class='ocrx_word' id='word_1_493' title='bbox 2220 2359 2233 2382; x_wconf 71' lang='grc' dir='ltr'>δ</span> <span class='ocrx_word' id='word_1_494' title='bbox 2251 2361 2425 2410; x_wconf 83' lang='lat' dir='ltr'>pertinet,</span> <span class='ocrx_word' id='word_1_495' title='bbox 2446 2372 2518 2409; x_wconf 88' lang='lat' dir='ltr'>pu·</span> <span class='ocrx_word' id='word_1_496' title='bbox 2547 2362 2759 2416; x_wconf 43' lang='grc' dir='ltr'>ζιξξῐξύᾞᾶρῗᾶῇ</span> 
     </span>
     <span class='ocr_line' id='line_1_83' title="bbox 1443 2415 2692 2468; baseline -0.002 -15"><span class='ocrx_word' id='word_1_497' title='bbox 1443 2428 1543 2466; x_wconf 83' lang='lat' dir='ltr'>gnus</span> <span class='ocrx_word' id='word_1_498' title='bbox 1558 2417 1610 2453; x_wconf 90' lang='lat' dir='ltr'>ad</span> <span class='ocrx_word' id='word_1_499' title='bbox 1623 2416 1734 2452; x_wconf 87' lang='lat' dir='ltr'>iram.</span> <span class='ocrx_word' id='word_1_500' title='bbox 1755 2417 1953 2453; x_wconf 90' lang='lat' dir='ltr'>Incassum</span> <span class='ocrx_word' id='word_1_501' title='bbox 1969 2427 2062 2465; x_wconf 77' lang='lat' dir='ltr'>ergo</span> <span class='ocrx_word' id='word_1_502' title='bbox 2071 2427 2146 2463; x_wconf 89' lang='lat' dir='ltr'>per</span> <span class='ocrx_word' id='word_1_503' title='bbox 2159 2415 2422 2452; x_wconf 86' lang='lat' dir='ltr'>abstinentiam</span> <span class='ocrx_word' id='word_1_504' title='bbox 2437 2426 2519 2450; x_wconf 86' lang='lat' dir='ltr'>cor·</span> <span class='ocrx_word' id='word_1_505' title='bbox 2547 2417 2692 2468; x_wconf 59' lang='lat' dir='ltr'>amm-3²0·</span> 
     </span>
     <span class='ocr_line' id='line_1_84' title="bbox 1438 2468 2681 2519; baseline -0.002 -13"><span class='ocrx_word' id='word_1_506' title='bbox 1438 2482 1513 2519; x_wconf 90' lang='lat' dir='ltr'>pus</span> <span class='ocrx_word' id='word_1_507' title='bbox 1536 2470 1718 2516; x_wconf 88' lang='lat' dir='ltr'>atteritur,</span> <span class='ocrx_word' id='word_1_508' title='bbox 1739 2469 1772 2506; x_wconf 92' lang='lat' dir='ltr'>si</span> <span class='ocrx_word' id='word_1_509' title='bbox 1800 2469 2021 2506; x_wconf 88' lang='lat' dir='ltr'>inordinatis</span> <span class='ocrx_word' id='word_1_510' title='bbox 2050 2469 2210 2505; x_wconf 88' lang='lat' dir='ltr'>motibus</span> <span class='ocrx_word' id='word_1_511' title='bbox 2234 2468 2386 2505; x_wconf 89' lang='lat' dir='ltr'>dimissa</span> <span class='ocrx_word' id='word_1_512' title='bbox 2415 2479 2520 2504; x_wconf 90' lang='lat' dir='ltr'>mens</span> <span class='ocrx_word' id='word_1_513' title='bbox 2676 2469 2681 2475; x_wconf 90' lang='lat'>&#39;</span> 
     </span>
     <span class='ocr_line' id='line_1_85' title="bbox 1443 2520 2715 2571; baseline -0.003 -11"><span class='ocrx_word' id='word_1_514' title='bbox 1443 2523 1541 2561; x_wconf 83' lang='lat' dir='ltr'>vitiis</span> <span class='ocrx_word' id='word_1_515' title='bbox 1559 2523 1771 2571; x_wconf 85' lang='lat' dir='ltr'>dissipatur.</span> <span class='ocrx_word' id='word_1_516' title='bbox 1798 2523 1847 2559; x_wconf 91' lang='lat' dir='ltr'>Et</span> <span class='ocrx_word' id='word_1_517' title='bbox 1870 2522 2116 2570; x_wconf 83' lang='lat' dir='ltr'>Augustinus,</span> <span class='ocrx_word' id='word_1_518' title='bbox 2136 2522 2176 2559; x_wconf 91' lang='lat' dir='ltr'>in</span> <span class='ocrx_word' id='word_1_519' title='bbox 2194 2521 2389 2570; x_wconf 89' lang='lat' dir='ltr'>praedicto</span> <span class='ocrx_word' id='word_1_520' title='bbox 2405 2520 2425 2542; x_wconf 72' lang='lat'>&#39;³‘</span> <span class='ocrx_word' id='word_1_521' title='bbox 2444 2533 2520 2557; x_wconf 89' lang='lat' dir='ltr'>ser·</span> <span class='ocrx_word' id='word_1_522' title='bbox 2548 2523 2557 2532; x_wconf 77' lang='grc'><em>’</em></span> <span class='ocrx_word' id='word_1_523' title='bbox 2571 2523 2596 2543; x_wconf 86' lang='lat'>¹¹¹</span> <span class='ocrx_word' id='word_1_524' title='bbox 2612 2527 2715 2549; x_wconf 56' lang='lat'>00‘1’012·</span> 
     </span>
     <span class='ocr_line' id='line_1_86' title="bbox 1444 2575 2518 2624; baseline -0.004 -10"><span class='ocrx_word' id='word_1_525' title='bbox 1444 2589 1574 2624; x_wconf 91' lang='lat' dir='ltr'>mone,</span> <span class='ocrx_word' id='word_1_526' title='bbox 1593 2576 1681 2613; x_wconf 87' lang='lat' dir='ltr'>dicit</span> <span class='ocrx_word' id='word_1_527' title='bbox 1701 2575 1807 2624; x_wconf 88' lang='lat' dir='ltr'>quod</span> <span class='ocrx_word' id='word_1_528' title='bbox 1828 2576 2008 2613; x_wconf 88' lang='lat' dir='ltr'>ieiunium</span> <span class='ocrx_word' id='word_1_529' title='bbox 2023 2576 2285 2612; x_wconf 79' lang='lat' dir='ltr'>verbositatem</span> <span class='ocrx_word' id='word_1_530' title='bbox 2305 2587 2380 2611; x_wconf 91' lang='lat' dir='ltr'>non</span> <span class='ocrx_word' id='word_1_531' title='bbox 2402 2579 2518 2619; x_wconf 87' lang='lat' dir='ltr'>amat,</span> 
     </span>
     <span class='ocr_line' id='line_1_87' title="bbox 1444 2627 2517 2678; baseline -0.004 -11"><span class='ocrx_word' id='word_1_532' title='bbox 1444 2631 1592 2668; x_wconf 83' lang='lat' dir='ltr'>divitias</span> <span class='ocrx_word' id='word_1_533' title='bbox 1619 2629 1913 2678; x_wconf 88' lang='lat' dir='ltr'>superfluitatem</span> <span class='ocrx_word' id='word_1_534' title='bbox 1943 2629 2093 2674; x_wconf 86' lang='lat' dir='ltr'>iudicat,</span> <span class='ocrx_word' id='word_1_535' title='bbox 2122 2628 2338 2677; x_wconf 88' lang='lat' dir='ltr'>superbiam</span> <span class='ocrx_word' id='word_1_536' title='bbox 2366 2627 2517 2675; x_wconf 86' lang='lat' dir='ltr'>spernit,</span> 
     </span>
     <span class='ocr_line' id='line_1_88' title="bbox 1444 2681 2519 2730; baseline -0.005 -9"><span class='ocrx_word' id='word_1_537' title='bbox 1444 2684 1690 2721; x_wconf 86' lang='lat' dir='ltr'>humilitatem</span> <span class='ocrx_word' id='word_1_538' title='bbox 1719 2683 1968 2728; x_wconf 88' lang='lat' dir='ltr'>commendat,</span> <span class='ocrx_word' id='word_1_539' title='bbox 1989 2687 2162 2730; x_wconf 88' lang='lat' dir='ltr'>praestat</span> <span class='ocrx_word' id='word_1_540' title='bbox 2186 2681 2332 2718; x_wconf 85' lang='lat' dir='ltr'>homini</span> <span class='ocrx_word' id='word_1_541' title='bbox 2356 2681 2519 2728; x_wconf 86' lang='lat' dir='ltr'>seipsum</span> 
     </span>
     <span class='ocr_line' id='line_1_89' title="bbox 1445 2734 2339 2786; baseline -0.004 -12"><span class='ocrx_word' id='word_1_542' title='bbox 1445 2737 1665 2786; x_wconf 84' lang='lat' dir='ltr'>intelligere,</span> <span class='ocrx_word' id='word_1_543' title='bbox 1695 2736 1797 2784; x_wconf 85' lang='lat' dir='ltr'>quod</span> <span class='ocrx_word' id='word_1_544' title='bbox 1823 2742 1876 2772; x_wconf 92' lang='lat' dir='ltr'>est</span> <span class='ocrx_word' id='word_1_545' title='bbox 1903 2736 2097 2783; x_wconf 89' lang='lat' dir='ltr'>infirmum</span> <span class='ocrx_word' id='word_1_546' title='bbox 2126 2740 2162 2771; x_wconf 90' lang='lat' dir='ltr'>et</span> <span class='ocrx_word' id='word_1_547' title='bbox 2174 2734 2339 2784; x_wconf 82' lang='lat' dir='ltr'>fragile.</span> 
     </span>
    </p>

    <p class='ocr_par' dir='ltr' id='par_1_46' title="bbox 1445 2785 2758 2998">
     <span class='ocr_line' id='line_1_90' title="bbox 1498 2785 2519 2836; baseline -0.005 -9"><span class='ocrx_word' id='word_1_548' title='bbox 1498 2792 1559 2828; x_wconf 81' lang='lat' dir='ltr'>An</span> <span class='ocrx_word' id='word_1_549' title='bbox 1596 2801 1788 2827; x_wconf 81' lang='lat' dir='ltr'><strong>SECUNDUM</strong></span> <span class='ocrx_word' id='word_1_550' title='bbox 1818 2801 2002 2826; x_wconf 85' lang='lat' dir='ltr'><strong>DICENDUM</strong></span> <span class='ocrx_word' id='word_1_551' title='bbox 2035 2789 2139 2836; x_wconf 91' lang='lat' dir='ltr'>quod</span> <span class='ocrx_word' id='word_1_552' title='bbox 2173 2788 2345 2824; x_wconf 91' lang='lat' dir='ltr'>medium</span> <span class='ocrx_word' id='word_1_553' title='bbox 2373 2785 2519 2822; x_wconf 89' lang='lat' dir='ltr'>virtutis</span> 
     </span>
     <span class='ocr_line' id='line_1_91' title="bbox 1445 2840 2517 2891; baseline -0.005 -11"><span class='ocrx_word' id='word_1_554' title='bbox 1445 2857 1524 2881; x_wconf 92' lang='lat' dir='ltr'>non</span> <span class='ocrx_word' id='word_1_555' title='bbox 1553 2843 1736 2891; x_wconf 88' lang='lat' dir='ltr'>accipitur</span> <span class='ocrx_word' id='word_1_556' title='bbox 1763 2843 1977 2879; x_wconf 91' lang='lat' dir='ltr'>secundum</span> <span class='ocrx_word' id='word_1_557' title='bbox 2003 2841 2264 2890; x_wconf 88' lang='lat' dir='ltr'>quantitatem,</span> <span class='ocrx_word' id='word_1_558' title='bbox 2291 2840 2359 2877; x_wconf 91' lang='lat' dir='ltr'>sed</span> <span class='ocrx_word' id='word_1_559' title='bbox 2387 2851 2517 2876; x_wconf 90' lang='lat' dir='ltr'>secun-</span> 
     </span>
     <span class='ocr_line' id='line_1_92' title="bbox 1445 2891 2758 2941; baseline -0.005 -7"><span class='ocrx_word' id='word_1_560' title='bbox 1445 2898 1535 2934; x_wconf 86' lang='lat' dir='ltr'>dum</span> <span class='ocrx_word' id='word_1_561' title='bbox 1564 2897 1750 2933; x_wconf 86' lang='lat' dir='ltr'>rationem</span> <span class='ocrx_word' id='word_1_562' title='bbox 1779 2902 1941 2941; x_wconf 88' lang='lat' dir='ltr'>rectam,</span> <span class='ocrx_word' id='word_1_563' title='bbox 1971 2903 2012 2932; x_wconf 93' lang='lat' dir='ltr'>ut</span> <span class='ocrx_word' id='word_1_564' title='bbox 2042 2895 2178 2932; x_wconf 89' lang='lat' dir='ltr'>dicitur</span> <span class='ocrx_word' id='word_1_565' title='bbox 2214 2895 2252 2931; x_wconf 89' lang='lat' dir='ltr'>in</span> <span class='ocrx_word' id='word_1_566' title='bbox 2287 2895 2319 2930; x_wconf 92' lang='lat' dir='ltr'>II</span> <span class='ocrx_word' id='word_1_567' title='bbox 2347 2893 2467 2930; x_wconf 89' lang='lat' dir='ltr'>Ethic.</span> <span class='ocrx_word' id='word_1_568' title='bbox 2497 2891 2517 2912; x_wconf 73' lang='lat'>&#39;¹‘</span> <span class='ocrx_word' id='word_1_569' title='bbox 2546 2892 2758 2940; x_wconf 42' lang='grc' dir='ltr'>ὲέἳξὶἶῖἒξῐχῐῇζ</span> 
     </span>
     <span class='ocr_line' id='line_1_93' title="bbox 1445 2947 2518 2998; baseline -0.006 -11"><span class='ocrx_word' id='word_1_570' title='bbox 1445 2950 1558 2988; x_wconf 88' lang='lat' dir='ltr'>Ratio</span> <span class='ocrx_word' id='word_1_571' title='bbox 1588 2957 1717 2986; x_wconf 90' lang='lat' dir='ltr'>autem</span> <span class='ocrx_word' id='word_1_572' title='bbox 1746 2949 1889 2986; x_wconf 89' lang='lat' dir='ltr'>iudicat</span> <span class='ocrx_word' id='word_1_573' title='bbox 1917 2948 2022 2997; x_wconf 91' lang='lat' dir='ltr'>quod</span> <span class='ocrx_word' id='word_1_574' title='bbox 2050 2956 2206 2998; x_wconf 91' lang='lat' dir='ltr'>propter</span> <span class='ocrx_word' id='word_1_575' title='bbox 2239 2947 2405 2995; x_wconf 89' lang='lat' dir='ltr'>aliquam</span> <span class='ocrx_word' id='word_1_576' title='bbox 2434 2957 2518 2993; x_wconf 88' lang='lat' dir='ltr'>spe-</span> 
     </span>
    </p>
   </div>
   <div class='ocr_carea' id='block_1_40' title="bbox 317 2998 2517 3213">
    <p class='ocr_par' dir='ltr' id='par_1_47' title="bbox 317 2998 2517 3213">
     <span class='ocr_line' id='line_1_94' title="bbox 1416 2998 2517 3052; baseline -0.005 -12"><span class='ocrx_word' id='word_1_577' title='bbox 1416 3035 1418 3052; x_wconf 34' lang='lat'>,</span> <span class='ocrx_word' id='word_1_578' title='bbox 1446 3004 1580 3041; x_wconf 87' lang='lat' dir='ltr'>cialem</span> <span class='ocrx_word' id='word_1_579' title='bbox 1603 3015 1758 3040; x_wconf 88' lang='lat' dir='ltr'>causam</span> <span class='ocrx_word' id='word_1_580' title='bbox 1780 3002 1913 3051; x_wconf 92' lang='lat' dir='ltr'>aliquis</span> <span class='ocrx_word' id='word_1_581' title='bbox 1933 3003 2053 3039; x_wconf 91' lang='lat' dir='ltr'>homo</span> <span class='ocrx_word' id='word_1_582' title='bbox 2075 3001 2202 3038; x_wconf 88' lang='lat' dir='ltr'>minus</span> <span class='ocrx_word' id='word_1_583' title='bbox 2218 3008 2344 3038; x_wconf 88' lang='lat' dir='ltr'>sumat</span> <span class='ocrx_word' id='word_1_584' title='bbox 2364 3000 2411 3036; x_wconf 94' lang='lat' dir='ltr'>de</span> <span class='ocrx_word' id='word_1_585' title='bbox 2432 2998 2517 3035; x_wconf 91' lang='lat' dir='ltr'>cibo</span> 
     </span>
     <span class='ocr_line' id='line_1_95' title="bbox 317 3056 1389 3105; baseline -0.003 -9"><span class='ocrx_word' id='word_1_586' title='bbox 317 3058 457 3096; x_wconf 88' lang='lat' dir='ltr'>ieiunia</span> <span class='ocrx_word' id='word_1_587' title='bbox 476 3059 625 3096; x_wconf 90' lang='lat' dir='ltr'>castitas</span> <span class='ocrx_word' id='word_1_588' title='bbox 645 3065 906 3095; x_wconf 90' lang='lat' dir='ltr'>conservatur.</span> <span class='ocrx_word' id='word_1_589' title='bbox 931 3058 981 3095; x_wconf 91' lang='lat' dir='ltr'>Ut</span> <span class='ocrx_word' id='word_1_590' title='bbox 1000 3056 1104 3094; x_wconf 89' lang='lat' dir='ltr'>enirn</span> <span class='ocrx_word' id='word_1_591' title='bbox 1127 3056 1389 3105; x_wconf 87' lang='lat' dir='ltr'>Hieronymus</span> 
     </span>
     <span class='ocr_line' id='line_1_96' title="bbox 319 3104 1418 3160; baseline -0.003 -11"><span class='ocrx_word' id='word_1_592' title='bbox 319 3112 408 3150; x_wconf 90' lang='lat' dir='ltr'>dicit</span> <span class='ocrx_word' id='word_1_593' title='bbox 420 3111 452 3160; x_wconf 72' lang='lat'>³¹⁵,</span> <span class='ocrx_word' id='word_1_594' title='bbox 475 3113 557 3149; x_wconf 80' lang='lat' dir='ltr'>sine</span> <span class='ocrx_word' id='word_1_595' title='bbox 580 3113 718 3149; x_wconf 90' lang='lat' dir='ltr'>Cerere</span> <span class='ocrx_word' id='word_1_596' title='bbox 736 3118 773 3149; x_wconf 90' lang='lat' dir='ltr'>et</span> <span class='ocrx_word' id='word_1_597' title='bbox 788 3112 942 3148; x_wconf 85' lang='lat' dir='ltr'>Baccho</span> <span class='ocrx_word' id='word_1_598' title='bbox 953 3111 1084 3160; x_wconf 80' lang='lat' dir='ltr'>friget</span> <span class='ocrx_word' id='word_1_599' title='bbox 1106 3111 1251 3147; x_wconf 88' lang='lat' dir='ltr'>Venus:</span> <span class='ocrx_word' id='word_1_600' title='bbox 1280 3110 1388 3157; x_wconf 89' lang='lat' dir='ltr'>idest,</span> <span class='ocrx_word' id='word_1_601' title='bbox 1416 3104 1418 3151; x_wconf 66' lang='grc' dir='ltr'>ξ</span> 
     </span>
     <span class='ocr_line' id='line_1_97' title="bbox 319 3163 1418 3213; baseline -0.002 -12"><span class='ocrx_word' id='word_1_602' title='bbox 319 3177 388 3213; x_wconf 90' lang='lat' dir='ltr'>per</span> <span class='ocrx_word' id='word_1_603' title='bbox 416 3166 683 3203; x_wconf 87' lang='lat' dir='ltr'>abstinentiam</span> <span class='ocrx_word' id='word_1_604' title='bbox 704 3165 777 3203; x_wconf 93' lang='lat' dir='ltr'>cibi</span> <span class='ocrx_word' id='word_1_605' title='bbox 798 3173 834 3202; x_wconf 90' lang='lat' dir='ltr'>et</span> <span class='ocrx_word' id='word_1_606' title='bbox 851 3172 966 3213; x_wconf 91' lang='lat' dir='ltr'>potus</span> <span class='ocrx_word' id='word_1_607' title='bbox 994 3164 1152 3212; x_wconf 91' lang='lat' dir='ltr'>tepescit</span> <span class='ocrx_word' id='word_1_608' title='bbox 1180 3163 1338 3200; x_wconf 86' lang='lat' dir='ltr'>luxuria.</span> <span class='ocrx_word' id='word_1_609' title='bbox 1364 3184 1388 3192; x_wconf 92' lang='grc'><strong>-</strong></span> <span class='ocrx_word' id='word_1_610' title='bbox 1417 3169 1418 3192; x_wconf 60' lang='lat' dir='ltr'>l</span> 
     </span>
    </p>
   </div>
   <div class='ocr_carea' id='block_1_41' title="bbox 1445 3055 2519 3212">
    <p class='ocr_par' dir='ltr' id='par_1_48' title="bbox 1445 3055 2519 3212">
     <span class='ocr_line' id='line_1_98' title="bbox 1445 3055 2519 3106; baseline -0.006 -12"><span class='ocrx_word' id='word_1_611' title='bbox 1445 3069 1563 3106; x_wconf 92' lang='lat' dir='ltr'>quam</span> <span class='ocrx_word' id='word_1_612' title='bbox 1593 3056 1664 3093; x_wconf 91' lang='lat' dir='ltr'>sibi</span> <span class='ocrx_word' id='word_1_613' title='bbox 1684 3063 1920 3104; x_wconf 89' lang='lat' dir='ltr'>competeret</span> <span class='ocrx_word' id='word_1_614' title='bbox 1939 3055 2154 3092; x_wconf 90' lang='lat' dir='ltr'>secundum</span> <span class='ocrx_word' id='word_1_615' title='bbox 2183 3062 2323 3091; x_wconf 91' lang='lat' dir='ltr'>statum</span> <span class='ocrx_word' id='word_1_616' title='bbox 2344 3063 2519 3089; x_wconf 90' lang='lat' dir='ltr'>commu-</span> 
     </span>
     <span class='ocr_line' id='line_1_99' title="bbox 1446 3106 2519 3158; baseline -0.006 -12"><span class='ocrx_word' id='word_1_617' title='bbox 1446 3123 1553 3147; x_wconf 91' lang='lat' dir='ltr'>nem:</span> <span class='ocrx_word' id='word_1_618' title='bbox 1591 3110 1687 3146; x_wconf 90' lang='lat' dir='ltr'>sicut</span> <span class='ocrx_word' id='word_1_619' title='bbox 1719 3116 1875 3158; x_wconf 87' lang='lat' dir='ltr'>propter</span> <span class='ocrx_word' id='word_1_620' title='bbox 1912 3108 2174 3146; x_wconf 89' lang='lat' dir='ltr'>infirmitatem</span> <span class='ocrx_word' id='word_1_621' title='bbox 2207 3106 2424 3152; x_wconf 88' lang='lat' dir='ltr'>vitandam,</span> <span class='ocrx_word' id='word_1_622' title='bbox 2454 3111 2519 3141; x_wconf 90' lang='lat' dir='ltr'>aut</span> 
     </span>
     <span class='ocr_line' id='line_1_100' title="bbox 1445 3158 2519 3212; baseline -0.006 -12"><span class='ocrx_word' id='word_1_623' title='bbox 1445 3164 1573 3212; x_wconf 88' lang='lat' dir='ltr'>aliqua</span> <span class='ocrx_word' id='word_1_624' title='bbox 1610 3175 1729 3211; x_wconf 89' lang='lat' dir='ltr'>opera</span> <span class='ocrx_word' id='word_1_625' title='bbox 1767 3162 1980 3211; x_wconf 85' lang='lat' dir='ltr'>corporalia</span> <span class='ocrx_word' id='word_1_626' title='bbox 2019 3161 2228 3211; x_wconf 85' lang='lat' dir='ltr'>expeditius</span> <span class='ocrx_word' id='word_1_627' title='bbox 2266 3159 2426 3208; x_wconf 91' lang='lat' dir='ltr'>agenda.</span> <span class='ocrx_word' id='word_1_628' title='bbox 2470 3158 2519 3194; x_wconf 85' lang='lat' dir='ltr'>Et</span> 
     </span>
    </p>
   </div>
   <div class='ocr_carea' id='block_1_42' title="bbox 321 3210 2519 3320">
    <p class='ocr_par' dir='ltr' id='par_1_49' title="bbox 321 3210 2519 3320">
     <span class='ocr_line' id='line_1_101' title="bbox 321 3210 2519 3274; baseline -0.003 -19"><span class='ocrx_word' id='word_1_629' title='bbox 321 3218 513 3266; x_wconf 89' lang='lat' dir='ltr'>Secundo,</span> <span class='ocrx_word' id='word_1_630' title='bbox 542 3219 750 3256; x_wconf 83' lang='lat' dir='ltr'>assumitur</span> <span class='ocrx_word' id='word_1_631' title='bbox 778 3218 828 3255; x_wconf 86' lang='lat' dir='ltr'>ad</span> <span class='ocrx_word' id='word_1_632' title='bbox 855 3219 931 3255; x_wconf 92' lang='lat' dir='ltr'>hoc</span> <span class='ocrx_word' id='word_1_633' title='bbox 959 3217 1064 3267; x_wconf 92' lang='lat' dir='ltr'>quod</span> <span class='ocrx_word' id='word_1_634' title='bbox 1094 3228 1204 3253; x_wconf 90' lang='lat' dir='ltr'>mens</span> <span class='ocrx_word' id='word_1_635' title='bbox 1237 3216 1389 3253; x_wconf 89' lang='lat' dir='ltr'>liberius</span> <span class='ocrx_word' id='word_1_636' title='bbox 1417 3220 1419 3274; x_wconf 58' lang='lat' dir='ltr'>j</span> <span class='ocrx_word' id='word_1_637' title='bbox 1446 3217 1567 3254; x_wconf 87' lang='lat' dir='ltr'>multo</span> <span class='ocrx_word' id='word_1_638' title='bbox 1589 3216 1710 3263; x_wconf 87' lang='lat' dir='ltr'>magis</span> <span class='ocrx_word' id='word_1_639' title='bbox 1740 3216 1833 3253; x_wconf 90' lang='lat' dir='ltr'>ratio</span> <span class='ocrx_word' id='word_1_640' title='bbox 1854 3223 1956 3252; x_wconf 89' lang='lat' dir='ltr'>recta</span> <span class='ocrx_word' id='word_1_641' title='bbox 1974 3216 2050 3252; x_wconf 92' lang='lat' dir='ltr'>hoc</span> <span class='ocrx_word' id='word_1_642' title='bbox 2079 3215 2228 3251; x_wconf 90' lang='lat' dir='ltr'>ordinat</span> <span class='ocrx_word' id='word_1_643' title='bbox 2246 3214 2295 3251; x_wconf 90' lang='lat' dir='ltr'>ad</span> <span class='ocrx_word' id='word_1_644' title='bbox 2315 3210 2519 3262; x_wconf 89' lang='lat' dir='ltr'>spiritualia</span> 
     </span>
     <span class='ocr_line' id='line_1_102' title="bbox 321 3267 2519 3320; baseline -0.003 -13"><span class='ocrx_word' id='word_1_645' title='bbox 321 3271 491 3308; x_wconf 81' lang='lat' dir='ltr'>elevetur</span> <span class='ocrx_word' id='word_1_646' title='bbox 508 3274 557 3309; x_wconf 91' lang='lat' dir='ltr'>ad</span> <span class='ocrx_word' id='word_1_647' title='bbox 577 3272 755 3310; x_wconf 90' lang='lat' dir='ltr'>sublimia</span> <span class='ocrx_word' id='word_1_648' title='bbox 779 3271 1086 3320; x_wconf 89' lang='lat' dir='ltr'>contemplanda.</span> <span class='ocrx_word' id='word_1_649' title='bbox 1117 3270 1229 3308; x_wconf 90' lang='lat' dir='ltr'>Unde</span> <span class='ocrx_word' id='word_1_650' title='bbox 1255 3269 1390 3307; x_wconf 90' lang='lat' dir='ltr'>dicitur</span> <span class='ocrx_word' id='word_1_651' title='bbox 1417 3275 1418 3284; x_wconf 64' lang='lat'>³</span> <span class='ocrx_word' id='word_1_652' title='bbox 1446 3270 1548 3306; x_wconf 88' lang='lat' dir='ltr'>mala</span> <span class='ocrx_word' id='word_1_653' title='bbox 1575 3269 1732 3306; x_wconf 89' lang='lat' dir='ltr'>vitanda</span> <span class='ocrx_word' id='word_1_654' title='bbox 1761 3276 1797 3305; x_wconf 90' lang='lat' dir='ltr'>et</span> <span class='ocrx_word' id='word_1_655' title='bbox 1825 3269 1928 3305; x_wconf 91' lang='lat' dir='ltr'>bona</span> <span class='ocrx_word' id='word_1_656' title='bbox 1955 3267 2238 3317; x_wconf 87' lang='lat' dir='ltr'>prosequenda.</span> <span class='ocrx_word' id='word_1_657' title='bbox 2268 3267 2360 3304; x_wconf 92' lang='lat' dir='ltr'>Non</span> <span class='ocrx_word' id='word_1_658' title='bbox 2388 3273 2519 3302; x_wconf 86' lang='lat' dir='ltr'>tamen</span> 
     </span>
    </p>
   </div>
   <div class='ocr_carea' id='block_1_43' title="bbox 321 3319 1419 3428">
    <p class='ocr_par' dir='ltr' id='par_1_50' title="bbox 321 3319 1419 3428">
     <span class='ocr_line' id='line_1_103' title="bbox 321 3319 1419 3375; baseline -0.001 -15"><span class='ocrx_word' id='word_1_659' title='bbox 321 3325 421 3361; x_wconf 86' lang='lat' dir='ltr'>Dan.</span> <span class='ocrx_word' id='word_1_660' title='bbox 449 3336 475 3360; x_wconf 80' lang='lat' dir='ltr'><strong>x</strong></span> <span class='ocrx_word' id='word_1_661' title='bbox 492 3324 524 3372; x_wconf 70' lang='lat'>²⁸,</span> <span class='ocrx_word' id='word_1_662' title='bbox 546 3326 651 3373; x_wconf 92' lang='lat' dir='ltr'>quod</span> <span class='ocrx_word' id='word_1_663' title='bbox 678 3333 765 3375; x_wconf 92' lang='lat' dir='ltr'>post</span> <span class='ocrx_word' id='word_1_664' title='bbox 782 3325 967 3362; x_wconf 91' lang='lat' dir='ltr'>ieiunium</span> <span class='ocrx_word' id='word_1_665' title='bbox 994 3325 1109 3361; x_wconf 86' lang='lat' dir='ltr'>trium</span> <span class='ocrx_word' id='word_1_666' title='bbox 1128 3323 1391 3361; x_wconf 89' lang='lat' dir='ltr'>hebdomada·</span> <span class='ocrx_word' id='word_1_667' title='bbox 1417 3319 1419 3357; x_wconf 73' lang='grc' dir='ltr'>ἶ</span> 
     </span>
     <span class='ocr_line' id='line_1_104' title="bbox 322 3377 1419 3428; baseline 0 -15"><span class='ocrx_word' id='word_1_668' title='bbox 322 3389 418 3424; x_wconf 88' lang='lat' dir='ltr'>rum,</span> <span class='ocrx_word' id='word_1_669' title='bbox 439 3377 712 3416; x_wconf 85' lang='lat' dir='ltr'>revelationem</span> <span class='ocrx_word' id='word_1_670' title='bbox 730 3379 876 3428; x_wconf 87' lang='lat' dir='ltr'>accepit</span> <span class='ocrx_word' id='word_1_671' title='bbox 894 3392 917 3415; x_wconf 90' lang='lat' dir='ltr'>a</span> <span class='ocrx_word' id='word_1_672' title='bbox 936 3379 1034 3415; x_wconf 89' lang='lat' dir='ltr'>Deo.</span> <span class='ocrx_word' id='word_1_673' title='bbox 1052 3399 1076 3407; x_wconf 90' lang='lat'>-</span> <span class='ocrx_word' id='word_1_674' title='bbox 1092 3377 1237 3425; x_wconf 84' lang='lat' dir='ltr'>Tertio,</span> <span class='ocrx_word' id='word_1_675' title='bbox 1265 3377 1312 3414; x_wconf 89' lang='lat' dir='ltr'>ad</span> <span class='ocrx_word' id='word_1_676' title='bbox 1332 3389 1390 3414; x_wconf 88' lang='lat' dir='ltr'>sa·</span> <span class='ocrx_word' id='word_1_677' title='bbox 1418 3382 1419 3427; x_wconf 49' lang='lat' dir='ltr'>l</span> 
     </span>
    </p>
   </div>
   <div class='ocr_carea' id='block_1_44' title="bbox 321 3429 1388 3480">
    <p class='ocr_par' dir='ltr' id='par_1_51' title="bbox 321 3429 1388 3480">
     <span class='ocr_line' id='line_1_105' title="bbox 321 3429 1388 3480; baseline -0.001 -13"><span class='ocrx_word' id='word_1_678' title='bbox 321 3429 587 3468; x_wconf 85' lang='lat' dir='ltr'>tisfaciendum</span> <span class='ocrx_word' id='word_1_679' title='bbox 606 3443 677 3479; x_wconf 90' lang='lat' dir='ltr'>pro</span> <span class='ocrx_word' id='word_1_680' title='bbox 697 3432 874 3480; x_wconf 88' lang='lat' dir='ltr'>peccatis.</span> <span class='ocrx_word' id='word_1_681' title='bbox 903 3431 1016 3470; x_wconf 91' lang='lat' dir='ltr'>Unde</span> <span class='ocrx_word' id='word_1_682' title='bbox 1038 3431 1172 3468; x_wconf 90' lang='lat' dir='ltr'>dicitur</span> <span class='ocrx_word' id='word_1_683' title='bbox 1202 3431 1280 3467; x_wconf 90' lang='lat' dir='ltr'>Ioel</span> <span class='ocrx_word' id='word_1_684' title='bbox 1308 3443 1331 3467; x_wconf 92' lang='lat'>11</span> <span class='ocrx_word' id='word_1_685' title='bbox 1350 3430 1388 3466; x_wconf 65' lang='grc' dir='ltr'>*ε</span> 
     </span>
    </p>
   </div>
   <div class='ocr_carea' id='block_1_45' title="bbox 377 3540 973 3609">
    <p class='ocr_par' dir='ltr' id='par_1_52' title="bbox 377 3540 973 3609">
     <span class='ocr_line' id='line_1_106' title="bbox 377 3540 888 3573; baseline 0.004 -8"><span class='ocrx_word' id='word_1_686' title='bbox 377 3541 403 3573; x_wconf 83' lang='grc' dir='ltr'>α)</span> <span class='ocrx_word' id='word_1_687' title='bbox 424 3540 538 3566; x_wconf 80' lang='lat' dir='ltr'>ieiuniis.</span> <span class='ocrx_word' id='word_1_688' title='bbox 552 3553 570 3558; x_wconf 85' lang='lat'><em>-</em></span> <span class='ocrx_word' id='word_1_689' title='bbox 589 3541 680 3566; x_wconf 83' lang='lat' dir='ltr'>multis</span> <span class='ocrx_word' id='word_1_690' title='bbox 698 3541 796 3566; x_wconf 89' lang='lat' dir='ltr'>addunt</span> <span class='ocrx_word' id='word_1_691' title='bbox 816 3542 888 3567; x_wconf 88' lang='lat' dir='ltr'>PGa.</span> 
     </span>
     <span class='ocr_line' id='line_1_107' title="bbox 377 3576 973 3609; baseline 0.003 -9"><span class='ocrx_word' id='word_1_692' title='bbox 377 3576 402 3609; x_wconf 80' lang='grc' dir='ltr'>β)</span> <span class='ocrx_word' id='word_1_693' title='bbox 422 3576 646 3608; x_wconf 81' lang='lat' dir='ltr'>comprimendas.</span> <span class='ocrx_word' id='word_1_694' title='bbox 657 3590 676 3595; x_wconf 94' lang='lat'>—</span> <span class='ocrx_word' id='word_1_695' title='bbox 694 3577 880 3608; x_wconf 79' lang='lat' dir='ltr'>reprimendas</span> <span class='ocrx_word' id='word_1_696' title='bbox 901 3578 973 3602; x_wconf 85' lang='lat' dir='ltr'>PGa.</span> 
     </span>
    </p>
   </div>
   <div class='ocr_carea' id='block_1_46' title="bbox 466 3665 998 3691">
    <p class='ocr_par' dir='ltr' id='par_1_53' title="bbox 466 3665 998 3691">
     <span class='ocr_line' id='line_1_108' title="bbox 466 3665 998 3691; baseline -0.002 -1"><span class='ocrx_word' id='word_1_697' title='bbox 466 3666 575 3691; x_wconf 59' lang='lat' dir='ltr'>Summas</span> <span class='ocrx_word' id='word_1_698' title='bbox 594 3665 696 3690; x_wconf 66' lang='lat' dir='ltr'>Tur-201..</span> <span class='ocrx_word' id='word_1_699' title='bbox 716 3665 747 3689; x_wconf 91' lang='lat' dir='ltr'>D.</span> <span class='ocrx_word' id='word_1_700' title='bbox 761 3665 875 3690; x_wconf 56' lang='lat' dir='ltr'>Tnomr:</span> <span class='ocrx_word' id='word_1_701' title='bbox 894 3665 926 3690; x_wconf 89' lang='grc' dir='ltr'>Τ.</span> <span class='ocrx_word' id='word_1_702' title='bbox 945 3666 998 3690; x_wconf 90' lang='lat' dir='ltr'>VII.</span> 
     </span>
    </p>
   </div>
   <div class='ocr_carea' id='block_1_47' title="bbox 1446 3319 2520 3478">
    <p class='ocr_par' dir='ltr' id='par_1_54' title="bbox 1446 3319 2520 3478">
     <span class='ocr_line' id='line_1_109' title="bbox 1446 3319 2519 3360; baseline -0.005 -1"><span class='ocrx_word' id='word_1_703' title='bbox 1446 3323 1540 3360; x_wconf 88' lang='lat' dir='ltr'>ratio</span> <span class='ocrx_word' id='word_1_704' title='bbox 1571 3330 1674 3359; x_wconf 86' lang='lat' dir='ltr'>recta</span> <span class='ocrx_word' id='word_1_705' title='bbox 1701 3330 1850 3359; x_wconf 89' lang='lat' dir='ltr'>tantum</span> <span class='ocrx_word' id='word_1_706' title='bbox 1885 3322 1932 3358; x_wconf 90' lang='lat' dir='ltr'>de</span> <span class='ocrx_word' id='word_1_707' title='bbox 1972 3321 2057 3358; x_wconf 92' lang='lat' dir='ltr'>cibo</span> <span class='ocrx_word' id='word_1_708' title='bbox 2087 3319 2272 3358; x_wconf 85' lang='lat' dir='ltr'>subtrahit</span> <span class='ocrx_word' id='word_1_709' title='bbox 2308 3327 2350 3356; x_wconf 94' lang='lat' dir='ltr'>ut</span> <span class='ocrx_word' id='word_1_710' title='bbox 2384 3326 2519 3356; x_wconf 89' lang='lat' dir='ltr'>natura</span> 
     </span>
     <span class='ocr_line' id='line_1_110' title="bbox 1447 3371 2518 3423; baseline -0.005 -11"><span class='ocrx_word' id='word_1_711' title='bbox 1447 3375 1668 3413; x_wconf 91' lang='lat' dir='ltr'>conservari</span> <span class='ocrx_word' id='word_1_712' title='bbox 1692 3387 1771 3412; x_wconf 89' lang='lat' dir='ltr'>non</span> <span class='ocrx_word' id='word_1_713' title='bbox 1785 3375 1920 3423; x_wconf 90' lang='lat' dir='ltr'>possit:</span> <span class='ocrx_word' id='word_1_714' title='bbox 1947 3375 2048 3423; x_wconf 90' lang='lat' dir='ltr'>quia,</span> <span class='ocrx_word' id='word_1_715' title='bbox 2065 3382 2107 3411; x_wconf 91' lang='lat' dir='ltr'>ut</span> <span class='ocrx_word' id='word_1_716' title='bbox 2132 3373 2396 3422; x_wconf 89' lang='lat' dir='ltr'>Hieronymus</span> <span class='ocrx_word' id='word_1_717' title='bbox 2418 3371 2518 3417; x_wconf 88' lang='lat' dir='ltr'>dicit,</span> 
     </span>
     <span class='ocr_line' id='line_1_111' title="bbox 1446 3427 2520 3478; baseline -0.006 -12"><span class='ocrx_word' id='word_1_718' title='bbox 1446 3442 1522 3466; x_wconf 91' lang='lat' dir='ltr'>non</span> <span class='ocrx_word' id='word_1_719' title='bbox 1551 3428 1680 3478; x_wconf 76' lang='lat' dir='ltr'>differt</span> <span class='ocrx_word' id='word_1_720' title='bbox 1707 3434 1833 3465; x_wconf 89' lang='lat' dir='ltr'>utrum</span> <span class='ocrx_word' id='word_1_721' title='bbox 1870 3439 2013 3478; x_wconf 82' lang='lat' dir='ltr'>magno</span> <span class='ocrx_word' id='word_1_722' title='bbox 2041 3427 2101 3465; x_wconf 79' lang='lat' dir='ltr'>vel</span> <span class='ocrx_word' id='word_1_723' title='bbox 2133 3439 2257 3476; x_wconf 80' lang='lat' dir='ltr'>parvo</span> <span class='ocrx_word' id='word_1_724' title='bbox 2291 3432 2458 3475; x_wconf 90' lang='lat' dir='ltr'>tempore</span> <span class='ocrx_word' id='word_1_725' title='bbox 2486 3429 2520 3459; x_wconf 89' lang='lat' dir='ltr'>te</span> 
     </span>
    </p>
   </div>
   <div class='ocr_carea' id='block_1_48' title="bbox 1446 3537 2517 3645">
    <p class='ocr_par' dir='ltr' id='par_1_55' title="bbox 1446 3537 2517 3645">
     <span class='ocr_line' id='line_1_112' title="bbox 1499 3537 2517 3575; baseline -0.006 -9"><span class='ocrx_word' id='word_1_726' title='bbox 1499 3542 1525 3575; x_wconf 89' lang='grc' dir='ltr'>γ)</span> <span class='ocrx_word' id='word_1_727' title='bbox 1546 3548 1661 3566; x_wconf 89' lang='lat' dir='ltr'>sensum.</span> <span class='ocrx_word' id='word_1_728' title='bbox 1679 3555 1697 3559; x_wconf 95' lang='lat'>—</span> <span class='ocrx_word' id='word_1_729' title='bbox 1711 3540 1854 3572; x_wconf 85' lang='lat' dir='ltr'>propriam</span> <span class='ocrx_word' id='word_1_730' title='bbox 1880 3540 1958 3568; x_wconf 84' lang='lat' dir='ltr'>EFL,</span> <span class='ocrx_word' id='word_1_731' title='bbox 1983 3539 2109 3571; x_wconf 84' lang='lat' dir='ltr'>spiritum</span> <span class='ocrx_word' id='word_1_732' title='bbox 2128 3540 2164 3569; x_wconf 83' lang='lat' dir='ltr'>A,</span> <span class='ocrx_word' id='word_1_733' title='bbox 2191 3543 2256 3570; x_wconf 86' lang='lat' dir='ltr'>spat.</span> <span class='ocrx_word' id='word_1_734' title='bbox 2279 3546 2334 3562; x_wconf 82' lang='lat' dir='ltr'>vac.</span> <span class='ocrx_word' id='word_1_735' title='bbox 2354 3538 2376 3567; x_wconf 80' lang='grc' dir='ltr'>Ι,</span> <span class='ocrx_word' id='word_1_736' title='bbox 2401 3537 2517 3561; x_wconf 82' lang='lat' dir='ltr'>animam</span> 
     </span>
     <span class='ocr_line' id='line_1_113' title="bbox 1446 3573 2355 3609; baseline -0.004 -8"><span class='ocrx_word' id='word_1_737' title='bbox 1446 3582 1471 3602; x_wconf 89' lang='lat' dir='ltr'>et</span> <span class='ocrx_word' id='word_1_738' title='bbox 1489 3581 1616 3609; x_wconf 87' lang='lat' dir='ltr'>pergunt:</span> <span class='ocrx_word' id='word_1_739' title='bbox 1637 3579 1750 3601; x_wconf 85' lang='lat' dir='ltr'>mentem</span> <span class='ocrx_word' id='word_1_740' title='bbox 1775 3575 1908 3605; x_wconf 84' lang='lat' dir='ltr'>sublevat,</span> <span class='ocrx_word' id='word_1_741' title='bbox 1924 3575 2066 3607; x_wconf 78' lang='lat' dir='ltr'>propriam</span> <span class='ocrx_word' id='word_1_742' title='bbox 2087 3581 2195 3600; x_wconf 86' lang='lat' dir='ltr'>carnem</span> <span class='ocrx_word' id='word_1_743' title='bbox 2215 3579 2263 3598; x_wconf 86' lang='lat' dir='ltr'>etc.</span> <span class='ocrx_word' id='word_1_744' title='bbox 2283 3573 2355 3597; x_wconf 87' lang='lat' dir='ltr'>PGa.</span> 
     </span>
     <span class='ocr_line' id='line_1_114' title="bbox 1499 3611 1859 3645; baseline -0.006 -8"><span class='ocrx_word' id='word_1_745' title='bbox 1499 3612 1523 3645; x_wconf 81' lang='grc' dir='ltr'>ὃ)</span> <span class='ocrx_word' id='word_1_746' title='bbox 1543 3612 1684 3637; x_wconf 83' lang='lat' dir='ltr'>laetitiam.</span> <span class='ocrx_word' id='word_1_747' title='bbox 1699 3627 1718 3630; x_wconf 98' lang='lat'><em>-</em></span> <span class='ocrx_word' id='word_1_748' title='bbox 1736 3612 1809 3636; x_wconf 82' lang='lat' dir='ltr'>litem</span> <span class='ocrx_word' id='word_1_749' title='bbox 1829 3611 1859 3635; x_wconf 90' lang='lat' dir='ltr'>P.</span> 
     </span>
    </p>
   </div>
   <div class='ocr_carea' id='block_1_49' title="bbox 2341 3668 2372 3684">
    <p class='ocr_par' dir='ltr' id='par_1_56' title="bbox 2341 3668 2372 3684">
     <span class='ocr_line' id='line_1_115' title="bbox 2341 3668 2372 3684; baseline 0 0"><span class='ocrx_word' id='word_1_750' title='bbox 2341 3668 2372 3684; x_wconf 86' lang='lat'>20</span> 
     </span>
    </p>
   </div>
  </div>
 </body>
</html>
