2768 4198
34 434 45 445 ⁸
59 434 86 455 Ι).
102 434 145 461 815.

35 1170 44 1179 ”
59 1169 94 1189 De
113 1167 245 1196 Magm'fic„

34 1195 61 1216 ad
69 1201 115 1221 arg.
123 1198 184 1216 cont.
191 1200 246 1215 con-

36 1222 90 1242 clus.
108 1229 130 1246 4.

278 303 329 340 94

277 373 387 410 nibus
416 380 452 409 et
480 371 695 420 sumptibus
715 369 910 407 faciendis:
940 368 1044 404 unde
1074 366 1186 404 estin
1206 378 1346 402 concu-

276 425 437 475 piscibili
459 425 489 462 *.
523 424 600 462 Sed
618 422 900 472 magnificentia
914 420 1064 469 respicit
1083 426 1259 468 sumptus
1279 431 1348 467 per

278 478 603 528 comparationem
633 477 682 514 ad
711 489 841 525 spem,
872 473 1090 521 attingendo
1130 473 1178 510 ad
1208 472 1348 521 aliquid

277 533 454 578 arduum,
475 543 554 568 non
583 530 813 579 simpliciter,
834 528 929 565 sicut
952 525 1258 574 magnanimitas,
1280 526 1348 563 sed
1374 570 1375 583 χ

276 586 314 622 in
353 584 603 623 determinata
646 582 823 627 materia,
866 579 1005 617 scilicet
1042 579 1080 616 in
1118 579 1346 627 sumptibus.
1374 586 1375 635 ᾗ

277 639 389 676 Unde
409 636 693 685 magnificentia
706 635 859 672 videtur
877 645 960 670 esse
981 633 1018 670 in
1038 632 1230 670 irascibili:
1252 632 1348 669 sicut
1373 638 1375 684 ]

278 700 313 729 et
342 690 644 739 magnanimitas.

330 748 389 782 An
419 754 610 781 SECUNDUM
630 752 815 778 mcENnuM
836 741 941 789 quod
962 738 1257 787 magnificentia,
1279 738 1348 776 etsi

276 811 355 835 non
384 795 587 834 conveniat
615 807 704 832 cum
734 793 953 831 fortitudine
982 792 1021 830 in
1048 792 1228 839 materia,
1258 804 1349 829 con·

275 851 379 888 venit
407 858 537 887 tamen
566 861 655 886 cum
686 860 731 885 ea
750 848 788 885 in
817 846 1036 884 conditione
1065 845 1264 883 materiae:
1294 846 1349 883 in-

275 912 459 952 quantum
490 902 629 940 scilicet
657 901 776 940 tendit
804 900 842 938 in
871 900 1015 950 aliquid
1052 900 1218 937 arduum
1249 899 1347 941 circa
1374 929 1376 947 ,

919 287 1187 335 QUAESTlo
1218 286 1430 334 cxxxw,
1461 287 1759 325 ARTICULUS
1790 287 1840 324 lv

1401 374 1590 415 sumptus,
1620 367 1715 404 sicut
1744 367 1924 405 fortitudo
1953 368 1991 405 in
2020 366 2161 416 aliquid
2186 366 2350 404 arduum
2377 365 2474 402 circa

1401 419 1571 456 timores.

1454 474 1514 509 An
1542 484 1704 510 TERTIUM
1733 472 1919 512 menapum
1953 474 2060 522 quod
2096 471 2380 522 magnificentia
2414 483 2474 508 or-

1403 524 1507 562 dinat
1533 537 1647 562 usum
1677 526 1766 564 artis
1793 527 1844 568 ad
1871 527 2013 577 aliquid
2042 539 2239 576 magnum,
2259 534 2302 564 ut
2330 525 2475 563 dictum

1403 585 1459 615 est
1477 577 1508 615 ³¹².
1538 579 1613 615 Ars
1642 587 1771 616 autem
1801 587 1858 617 est
1884 580 1923 618 in
1953 580 2111 619 ratione.
2142 581 2191 618 Et
2210 580 2299 618 ideo
2327 579 2376 616 ad
2394 590 2475 616 ma-

1402 631 1586 679 gnificum
1616 632 1778 680 pertinet
1796 634 1896 671 bene
1924 634 1979 671 uti
2007 634 2153 672 ratione
2173 635 2212 672 in
2240 632 2474 672 attendendo

1374 710 1375 719 ἶ
1402 685 1693 734 proportionem
1723 693 1899 735 sumptus
1928 688 1977 725 ad
2006 700 2105 737 opus
2125 689 2231 738 quod
2255 686 2474 724 faciendum

1404 745 1471 775 est.
1509 739 1559 775 Et
1586 739 1661 775 hoc
1689 739 1896 788 praecipue
1934 741 2195 780 necessarium
2230 749 2286 778 est
2318 747 2476 790 propter

1403 791 1707 840 magnitudinem
1735 791 1953 842 utriusque:
1983 795 2072 842 quia
2100 795 2172 833 nisi
2200 794 2357 843 diligens
2387 805 2477 831 con-

1403 845 1581 883 sideratio
1611 845 1872 893 adhiberetur,
1902 846 2121 885 immineret
2148 848 2361 898 periculum
2396 859 2477 884 ma-

1402 899 1466 947 gni
1493 898 1637 937 damni.

947 1014 1282 1048 Commentaria
1307 1013 1559 1047 Cardinalis
1583 1014 1784 1047 Caietam

304 1125 324 1145 N
349 1114 482 1146 articulo
506 1121 621 1155 quarto
650 1114 794 1145 eiusdem
817 1113 1013 1155 quaestionis
1038 1112 1349 1153 centesimaetrigesi—

278 1127 509 1200 Imaequartae
533 1158 669 1190 dubium
690 1157 827 1190 occurrit
847 1168 884 1189 ex
899 1157 1048 1194 Martino,
1064 1157 1183 1188 ibidem
1199 1158 1226 1194 *,
1251 1157 1349 1198 tripli-

275 1203 349 1235 citer
372 1210 522 1245 arguente
546 1204 636 1245 quod
659 1203 736 1234 istae
760 1204 842 1234 duae
862 1202 1062 1234 conditiones
1085 1213 1168 1244 quae
1191 1202 1225 1233 in
1247 1202 1351 1233 littera

274 1256 454 1289 ponuntur,
479 1258 546 1279 non
577 1247 740 1279 sufficiunt
763 1248 803 1279 ad
834 1258 901 1279 esse
930 1247 1081 1278 virtutem
1107 1247 1291 1278 adiunctam
1314 1253 1350 1277 ut
1377 1244 1379 1283 ἔ

274 1293 494 1324 secundariam
517 1293 693 1334 principali.
724 1292 847 1329 Primo,
872 1292 948 1334 quia
971 1292 1015 1323 sic
1044 1292 1150 1323 omnis
1172 1292 1272 1323 virtus
1299 1301 1350 1323 ex·
1377 1287 1379 1299 ¹

274 1348 360 1370 cessa
384 1349 401 1369 a
425 1338 611 1369 fortitudine
634 1345 715 1369 esset
738 1337 924 1369 secundaria
942 1337 1041 1368 virtus
1065 1344 1209 1378 respectu
1234 1337 1312 1368 eius.
1329 1354 1350 1359 -
1377 1336 1379 1344 ¹

274 1383 440 1414 Probatur.
465 1382 550 1420 Quia
573 1383 668 1414 habet
691 1383 801 1413 ambas
826 1382 1042 1414 conditiones:
1067 1382 1186 1413 scilicet
1208 1389 1238 1413 et
1261 1381 1350 1423 quod

275 1427 423 1459 convenit
447 1437 521 1458 cum
545 1437 592 1464 ea,
617 1437 715 1458 omne
731 1427 818 1458 enim
835 1437 999 1458 excessum
1023 1427 1171 1458 convenit
1186 1426 1219 1457 in
1239 1427 1349 1468 aliquo

276 1482 350 1503 cum
374 1472 558 1509 excedente3
584 1478 614 1503 et
637 1472 727 1514 quod
751 1472 911 1503 exceditur
935 1472 974 1503 ab
998 1481 1043 1503 ea.

331 1516 489 1553 Secundo,
506 1516 582 1558 quia
606 1516 650 1547 sic
673 1516 852 1554 liberalitas,
868 1516 1051 1557 eutrapelia‚
1070 1523 1101 1547 et
1117 1515 1160 1547 sic
1177 1515 1215 1547 de
1239 1515 1350 1547 multis

275 1561 353 1598 aliis,
371 1569 453 1593 esset
476 1561 661 1592 secundaria
679 1561 779 1592 virtus
802 1568 948 1602 respectu
964 1560 1118 1593 iustitiae:
1143 1561 1219 1602 quia
1241 1561 1350 1591 ambas

275 1607 369 1638 habet
393 1606 604 1637 conditiones.

331 1650 457 1688 Tertio,
481 1651 558 1692 quia
580 1650 713 1687 iustitia,
738 1658 769 1682 et
793 1650 899 1681 omnis
922 1650 1022 1682 virtus
1046 1650 1197 1692 requisita
1220 1650 1260 1680 ad
1283 1660 1351 1691 gra-

274 1706 347 1726 vem
379 1695 702 1732 administrationem,
726 1702 807 1726 esset
837 1695 1023 1726 secundaria
1046 1702 1190 1735 respectu
1223 1705 1351 1735 magna·
1379 1693 1380 1700 ¹

275 1740 437 1771 nimitatis.
461 1758 483 1763 -
507 1740 599 1778 Quae
623 1740 731 1770 omnia
755 1746 830 1771 sunt
852 1740 999 1770 absurda.
1379 1739 1381 1776 ξ

331 1785 367 1815 ΙΙ.
393 1785 444 1815 Ad
468 1784 610 1825 primum
634 1785 751 1815 horum
776 1783 891 1815 dicitur
913 1784 1003 1825 quod
1027 1783 1131 1824 prima
1152 1783 1294 1814 conditio
1319 1783 1351 1814 in
1379 1785 1381 1819 ἓ

274 1828 375 1859 littera
406 1829 520 1869 posita,
546 1829 663 1860 scilicet
690 1829 912 1860 convenientia
937 1830 969 1858 in
991 1828 1120 1869 aliquo,
1146 1838 1213 1858 non
1238 1835 1284 1858 est
1307 1828 1351 1858 sic
1379 1822 1381 1852 Ι

274 1873 479 1914 intelligenda
503 1880 539 1904 ut
561 1881 670 1910 sonat,
696 1883 769 1904 curn
799 1882 896 1903 omne
926 1882 982 1903 ens
1011 1882 1086 1904 cum
1110 1872 1200 1902 omni
1224 1879 1295 1903 ente
1318 1872 1351 1902 in
1379 1872 1381 1912 l

275 1917 383 1958 aliquo
415 1918 600 1949 conveniat:
637 1918 691 1948 sed
716 1917 920 1958 intelligenda
951 1924 998 1948 est
1028 1926 1119 1954 sane,
1144 1924 1180 1947 ut
1203 1916 1352 1958 exposuit
1378 1914 1381 1951 l

1376 1111 1378 1148 ζ
1403 1114 1527 1143 Auctor
1549 1111 1696 1152 superius
1719 1111 1753 1142 in
1776 1122 1830 1153 qu.
1856 1122 1980 1148 cxxvm,
2004 1111 2060 1143 ubi
2083 1118 2188 1152 partes
2211 1110 2408 1143 fortitudinis
2430 1123 2477 1144 as-

1404 1156 1555 1197 signavit;
1579 1156 1698 1188 scilicet
1713 1157 1804 1198 quod
1820 1156 1989 1188 conveniat
2004 1156 2037 1187 in
2062 1156 2162 1187 modo
2179 1166 2279 1198 quem
2295 1155 2478 1197 principalis

1404 1201 1503 1232 virtus
1528 1208 1630 1232 servat
1652 1201 1685 1232 in
1714 1211 1771 1232 sua
1795 1201 1941 1238 materia,
1966 1208 2045 1242 puta
2066 1200 2099 1232 in
2123 1200 2242 1232 iustitia
2265 1200 2356 1243 quod
2379 1200 2418 1232 sit
2441 1202 2480 1232 ad

1405 1247 1557 1282 alterum,
1586 1245 1619 1276 in
1643 1245 1829 1277 fortitudine
1860 1246 1950 1288 quod
1973 1246 2026 1289 sit·
2043 1246 2083 1276 ad
2113 1246 2266 1283 arduum,
2297 1245 2330 1276 in
2359 1252 2480 1287 tempe-

1405 1291 1506 1322 rantia
1535 1291 1626 1332 quod
1656 1291 1807 1322 consistat
1829 1290 1863 1321 in
1886 1290 2119 1322 moderatione.
2147 1290 2189 1322 Et
2211 1290 2257 1322 sic
2280 1299 2347 1321 non
2375 1290 2482 1322 omnis

1405 1336 1504 1367 virtus
1528 1345 1653 1366 excessa
1677 1335 1827 1367 convenit
1850 1345 1925 1367 cum
1946 1335 2063 1366 virtute
2086 1335 2267 1367 excedente.
2290 1352 2312 1358 -
2335 1334 2482 1369 Secunda

1405 1380 1549 1412 similiter
1570 1380 1724 1420 conditio,
1740 1380 1826 1422 quod
1839 1381 1882 1412 sit
1902 1390 2045 1419 excessa,
2063 1379 2249 1422 intelligitur
2261 1380 2372 1422 quoad
2386 1379 2482 1412 ratio-

1405 1434 1497 1457 nem:
1516 1425 1578 1456 hoc
1594 1433 1650 1462 est,
1662 1425 1752 1466 quod
1765 1425 1913 1457 adiuncta
1925 1425 2026 1457 virtus
2038 1423 2163 1456 deficiat
2177 1435 2195 1455 a
2207 1423 2346 1466 perfecta
2358 1424 2482 1456 ratione

1405 1470 1490 1507 iusti,
1514 1469 1604 1501 fortis
1627 1470 1678 1501 vel
1704 1469 1886 1511 temperati;
1914 1476 1950 1502 ut
1973 1476 2060 1511 patet
2082 1469 2178 1501 etiam
2202 1479 2239 1500 ex
2254 1469 2345 1501 dictis
2368 1469 2402 1501 in
2425 1478 2480 1511 qu.

1406 1525 1495 1552 mrxx,
1513 1521 1544 1546 et
1559 1514 1691 1546 inferius
1707 1515 1739 1546 in
1758 1525 1862 1546 cxmn.
1878 1532 1900 1538 -
1917 1514 2006 1546 Nihil
2023 1524 2098 1555 ergo
2113 1514 2198 1546 valet
2212 1514 2316 1557 prima
2331 1513 2482 1546 obiectio.

1462 1560 1513 1590 Ad
1537 1559 1716 1590 secundum
1738 1569 1815 1590 vero
1838 1559 1954 1591 dicitur
1976 1560 2066 1601 quod
2082 1558 2252 1591 liberalitas
2270 1567 2343 1590 vere
2366 1565 2415 1590 est
2424 1558 2484 1590 ad—

1379 1640 1380 1650 *
1406 1604 1515 1636 iuncta
1542 1604 1696 1636 iustitiae:
1721 1604 1797 1646 quia
1827 1611 1874 1636 est
1901 1604 1942 1635 ad
1971 1604 2107 1635 alterum
2129 1605 2189 1636 sub
2217 1603 2339 1636 ratione
2367 1602 2482 1641 debiti,

1407 1649 1537 1680 moralis
1562 1656 1679 1681 tamen.
1705 1666 1726 1672 -
1750 1648 1934 1690 Eutrapelia
1963 1656 2071 1680 autern
2099 1659 2172 1690 pars
2201 1648 2334 1690 ponitur
2361 1655 2482 1690 tempe-

1407 1694 1536 1730 rantiae,
1553 1701 1589 1725 ut
1603 1693 1684 1724 infra
1699 1693 1717 1713 *
1736 1693 1870 1735 patebit:
1888 1693 1964 1735 quia
1979 1693 2136 1725 modestia
2151 1693 2309 1735 quaedam
2326 1699 2374 1724 est
2385 1691 2482 1724 actio—

1407 1749 1487 1770 num
1511 1738 1715 1770 ludicrarum.

1462 1783 1514 1814 Ad
1537 1783 1666 1814 tertium
1691 1783 1805 1814 dicitur
1835 1783 1925 1824 quod
1949 1781 2176 1824 consequentia
2200 1792 2267 1814 non
2297 1782 2398 1814 valet:
2423 1791 2482 1814 nec

1407 1827 1551 1868 sequitur
1575 1837 1611 1858 ex
1635 1827 1725 1858 dictis
1748 1827 1869 1858 litterae
1893 1837 1968 1858 sane
1992 1827 2168 1872 intellectis

1461 1872 1502 1902 Et
1524 1872 1601 1902 haec
1626 1871 1664 1902 de
1688 1872 1747 1902 hac
1770 1871 1968 1913 quaestione,
1989 1878 2020 1902 et
2043 1871 2189 1913 sequenti
2213 1872 2252 1902 de
2269 1870 2483 1912 parvificentia

1407 1923 1438 1947 et
1462 1915 1720 1957 consumptione,
1745 1915 1827 1947 dicta
1851 1915 2018 1947 sufficiant.

2503 587 2578 609 ’Am
2593 593 2613 608 2.

2511 1701 2725 1757 assfflt‘tfzi
