2768 4198
26 373 36 382 ·
50 369 118 391 Vers.
134 376 154 397 7.

27 432 37 442 ⁸
50 431 118 453 Vers.
133 437 164 452 ιο.

26 531 38 542 ⁸
51 530 117 552 Vers.
132 536 168 556 4²-

27 639 38 650 ⁸
50 638 124 660 Serm.
138 637 200 663 cm,
210 637 239 658 al.

26 664 111 689 XXVI,
126 670 177 692 cap.
193 670 223 685 tv.

124 800 140 824 Υ

27 1061 39 1072 “
51 1058 109 1088 cap.
129 1065 155 1086 ιι,
174 1065 196 1081 ιι.
212 1065 240 1081 2¹.

232 1257 236 1259 ,
270 1229 349 1254 non
377 1218 503 1254 solum
531 1218 694 1266 pertinet
713 1217 792 1254 vita
815 1215 950 1261 activa,
972 1213 1040 1250 sed
1070 1213 1183 1250 etiam
1203 1212 1344 1249 debent
1369 1232 1371 1267 3

270 1283 353 1307 esse
401 1271 626 1319 excellentes
668 1270 707 1307 in
756 1269 835 1306 vita
877 1266 1186 1315 contemplativa.
1230 1266 1371 1303 Unde*

29 1326 252 1354 ’pamma-pas

28 1596 41 1609 ⁴
52 1595 105 1618 Lib.
123 1595 144 1623 1,
161 1593 243 1618 homil.

29 1628 66 1646 ιιι.

30 2117 204 2162 σφω

34 2373 45 2383 ·
62 2371 98 2394 (Σ
113 2377 183 2404 ‘num
205 2377 241 2398 ιιι,

32 2544 46 2558 ⁸
59 2544 96 2567 et.
111 2550 176 2567 uum.
190 2550 222 2567 tv.

37 2903 50 2915 ⁹
63 2902 98 2926 et.
113 2909 179 2926 ιιιιιιι.
192 2909 216 2926 v.

40 2991 94 3014 *ct
102 2990 184 3013 nutv
198 2996 249 3019 ap.

38 3007 251 3067 niuam-

41 3171 52 3183 ⁸
64 3170 100 3193 Cf.
115 3176 179 3193 num.
194 3176 227 3192 vr.

912 281 1181 327 QUAESTIO
1212 253 1444 328 CLXXXII,
1474 282 1774 319 ARTICULUS
1805 283 1818 318 Ι

270 363 412 400 dictum
434 369 489 399 est
502 362 532 408 *,
552 362 741 398 Homines
760 366 795 396 et
813 361 978 397 iumenta
1006 360 1182 406 salvabis,
1207 362 1339 397 Domi-

269 428 336 462 ne,
357 414 564 453 subditur*
582 414 619 451 id
641 414 746 462 quod
767 420 823 449 est
842 413 1062 450 hominibus
1089 414 1270 462 speciale:
1292 415 1337 451 In

268 469 410 506 lumine
437 475 500 505 tuo
529 467 735 504 videbimus
763 466 902 503 lumen.
926 487 947 493 —
967 467 1125 504 Nonam
1151 468 1337 504 rationem
1365 464 1366 470 ’

269 522 373 560 addit
387 521 591 566 Dominus,
608 521 702 556 Luc.
718 531 742 556 x
756 519 787 565 ²¹²,
810 532 898 556 cum
921 520 1025 557 dicit:
1047 521 1235 568 Optimam
1250 533 1340 569 par-

269 581 342 612 tem
361 575 475 624 elegit
486 574 633 619 Maria,
650 585 747 621 quae
766 585 840 609 non
860 574 1056 620 auferetur
1074 575 1123 611 ab
1142 586 1200 612 ea.
1222 574 1340 621 Quod
1365 568 1367 574 ¹

270 640 465 677 exponens
493 626 739 674 Augustinus,
761 626 799 662 in
828 626 923 662 libro
953 627 999 663 de
1024 628 1153 664 Verbis
1172 629 1286 664 Dom.
1306 627 1338 673 ³¹⁶,

269 681 376 718 dicit:
414 681 506 718 Non
537 686 575 716 tu
604 679 768 716 malam:
804 680 871 716 sed
897 680 961 716 illa
996 681 1202 718 meliorem.
1238 681 1342 718 Audi
1366 682 1367 710 ἶ

1398 743 1452 771 est
1481 735 1586 782 quod
1615 735 1821 783 Gregorius
1861 736 1968 783 dicit,
1997 748 2111 784 super
2137 738 2272 786 Ezech.
2293 737 2331 784 ³¹⁶,
2362 738 2468 787 quod

1396 788 1520 824 activa
1543 788 1620 824 vita
1648 789 1817 835 servitus,
1847 790 2134 838 contemplativa
2163 796 2288 827 autem
2318 791 2468 828 libertas

1367 839 1369 850 '
1396 847 1566 878 vocatur.
1950 844 1953 845 ’

322 895 546 932 Secundum
576 896 668 945 quid
696 903 838 942 tamen,
870 902 906 931 et
934 893 971 930 in
1003 906 1104 941 casu,
1135 894 1257 942 magis
1287 901 1342 930 est
1367 899 1369 912 ²

269 735 367 771 unde
394 734 609 771 meliorem.-
638 733 727 781 quia
756 745 830 770 non
860 734 1056 780 auferetur
1083 735 1131 771 ab
1160 746 1216 771 ea.
1246 735 1283 771 A
1306 740 1340 770 te

267 789 464 836 auferetur
499 787 704 835 aliquando
742 799 837 823 onus
860 791 876 814 Υ
910 787 1153 824 necessitatis:
1186 794 1340 824 aeterna

268 847 322 878 est
346 841 503 878 dulcedo
524 841 710 878 veritatis.

269 948 441 996 eligenda
470 949 548 986 vita
576 950 719 996 activa,
749 956 907 998 propter
935 947 1200 984 necessitatem
1234 959 1340 996 prae-

268 1002 384 1039 sentis
412 1003 525 1040 vitae.
557 1004 663 1040 Sicut
683 1003 797 1040 etiam
827 1001 1084 1050 Philosophus
1104 1000 1203 1046 dicit,
1224 1001 1261 1037 in
1291 1002 1340 1036 III

272 1057 308 1092 T
304 1057 399 1104 opic.
419 1056 451 1103 ³⁸,
481 1058 587 1106 quod
610 1057 874 1105 philosophari
899 1060 953 1092 est
979 1054 1112 1091 melius
1145 1066 1259 1102 quam
1288 1054 1341 1090 di—
1368 1064 1370 1073 ’

268 1111 354 1155 tari,
382 1111 450 1147 sed
475 1111 590 1147 ditari
607 1111 741 1147 melius
760 1115 813 1146 est
840 1108 1094 1145 necessitatem
1118 1107 1287 1155 patienti.

322 1165 382 1200 An
410 1176 551 1202 PRIMUM
585 1175 684 1201 ERGO
720 1173 906 1200 morannum
931 1161 1036 1209 quod
1074 1161 1122 1196 ad
1150 1161 1342 1208 praelatos

268 1320 478 1371 Gregorius
507 1323 606 1370 dicit,
624 1324 662 1360 in
691 1321 880 1360 Pastorali
896 1320 934 1356 ²¹⁸:
965 1320 1020 1356 Sit
1046 1325 1170 1356 rector
1197 1319 1345 1355 actione

263 1377 518 1426 praecipuus,
547 1388 646 1424 prae
673 1376 815 1412 cunctis
848 1375 885 1411 in
919 1372 1232 1420 contemplatione
1265 1384 1344 1408 sus-

263 1442 416 1479 pensus.

323 1485 383 1520 Αι)
402 1494 594 1520 SECUNDUM
613 1492 801 1519 mer-:noun
822 1480 929 1529 quod
947 1479 1028 1515 vita
1048 1477 1345 1526 contemplativa

270 1537 309 1574 in
337 1537 505 1586 quadam
535 1535 653 1572 animi
681 1535 853 1571 libertate
883 1531 1065 1569 consistit.
1104 1531 1205 1569 Dicit
1243 1531 1344 1567 enim

272 1590 490 1638 Gregorius,
519 1600 633 1638 super
658 1589 794 1637 Ezech.
815 1586 846 1634 ’¹‘,
877 1586 983 1635 quod
1001 1585 1079 1622 vita
1109 1585 1346 1633 contempla·
1372 1585 1373 1596 ¹

271 1644 350 1681 tiva
368 1644 420 1681 ad
436 1643 629 1692 quandam
648 1642 781 1678 mentis
801 1641 1009 1677 libertatem
1039 1639 1183 1684 transit,
1205 1644 1345 1686 tempo-

271 1697 370 1734 ralia
398 1709 473 1734 non
503 1696 687 1746 cogitans,
706 1696 773 1733 sed
790 1700 958 1732 aeterna.
989 1693 1038 1729 Et
1058 1692 1214 1729 Boetius
1244 1691 1345 1738 dicit,

272 1750 310 1788 in
332 1751 368 1788 V
387 1750 433 1787 de
457 1750 645 1787 Consolat.
665 1749 704 1785 *z
733 1749 942 1785 Humanas
969 1746 1119 1783 animas
1151 1745 1346 1782 liberiores

323 1883 351 1917 γ)
370 1889 446 1907 onus.
459 1895 479 1900 -
496 1880 585 1905 omnis
604 1879 826 1912 ABDEFIKLpC.

2382 295 2454 331 441

1394 373 1472 397 esse
1500 373 1647 398 necesse
1675 367 1727 398 est
1754 373 1840 398 cum
1868 374 1908 398 se
1936 362 1973 398 in
2002 362 2135 398 mentis
2160 362 2308 399 divinae
2335 375 2462 411 specu-

1395 415 1532 451 latione
1560 421 1786 451 conservant
1802 413 1836 451 ⁶:
1867 415 1991 452 minus
2018 427 2121 460 vero,
2142 427 2228 452 cum
2248 416 2464 453 dilabuntur

1394 468 1446 504 ad
1473 480 1647 516 corpora.
1677 468 1788 506 Unde
1808 476 1911 517 patet
1939 468 2046 517 quod
2065 468 2139 505 vita
2162 469 2284 506 activa
2313 483 2391 507 non
2412 471 2464 506 di-

1396 529 1496 558 recte
1525 521 1708 570 praecipit
1735 522 1835 558 vitae
1866 522 2205 571 contemplativae:
2237 523 2316 570 sed,
2338 523 2465 572 dispo—

1396 575 1524 612 nendo
1555 575 1602 612 ad
1630 576 1748 612 vitam
1771 576 2119 624 contemplativam,
2140 577 2323 625 praecipit
2352 590 2466 626 quae-

1397 628 1486 664 dam
1526 639 1643 677 opera
1680 628 1780 664 vitae
1810 629 1973 675 activae;
2009 629 2046 665 in
2077 642 2154 678 quo
2193 630 2312 678 magis
2351 631 2467 667 servit

1397 681 1716 729 contemplativae
1744 681 1844 718 vitae
1883 695 2000 730 quam
2041 683 2270 720 dominetur.
2309 685 2359 720 Et
2392 685 2468 721 hoc

1450 896 1509 931 AD
1529 906 1691 931 TERTmM
1711 907 1899 932 D1CENDUM
1921 896 2025 944 quod
2046 898 2093 933 ad
2114 909 2232 945 opera
2250 897 2350 934 vitae
2380 898 2468 934 acti-

1396 959 1469 984 vae
1498 947 1689 984 interdum
1719 948 1854 998 aliquis
1881 961 1902 985 a
1932 950 2256 998 contemplatione
2286 958 2469 987 avocatur

1397 1008 1555 1049 propter
1592 1001 1759 1051 aliquam
1797 1002 2060 1039 necessitatem
2100 1003 2308 1051 praesentis
2344 1004 2466 1040 vitae:

1398 1066 1477 1091 non
1496 1062 1625 1091 tamen
1645 1055 1720 1091 hoc
1741 1055 1859 1091 modo
1884 1056 1988 1103 quod
2010 1065 2165 1104 cogatur
2193 1057 2327 1105 aliquis
2346 1057 2468 1094 totali-

1397 1115 1454 1143 ter
1483 1108 1847 1156 contemplationem
1878 1108 2066 1145 deserere.
2097 1110 2209 1147 Unde
2235 1110 2468 1157 Augustinus

1399 1160 1499 1206 dicit,
1525 1161 1615 1196 XIX
1639 1161 1685 1197 de
1713 1162 1792 1198 Ciu.
1817 1161 1941 1198 Dei*:
1975 1162 2098 1199 Otium
2127 1169 2298 1199 sanctum
2324 1164 2472 1212 quaerit

1398 1213 1538 1249 caritas
1573 1214 1757 1250 veritatis:
1794 1215 1986 1264 negotium
2019 1216 2172 1261 iustum,
2203 1216 2342 1253 scilicet
2368 1217 2468 1253 vitae

1399 1266 1558 1312 activae,
1587 1267 1740 1315 suscipit
1766 1268 1963 1304 necessitas
1991 1269 2167 1305 caritatis.
2202 1270 2325 1311 Quam
2354 1270 2470 1306 sarci-

1400 1331 1489 1355 nam
1508 1319 1542 1355 si
1568 1320 1692 1356 nullus
1720 1321 1887 1368 imponit,
1903 1322 2169 1370 percipiendae
2188 1328 2299 1370 atque
2327 1323 2468 1359 intuen—

1399 1372 1471 1408 dae
1498 1373 1714 1409 vacandum
1752 1379 1806 1410 est
1830 1375 1990 1411 veritati.
2026 1375 2068 1411 Si
2093 1381 2218 1412 autem
2254 1376 2468 1423 imponitur,

1399 1425 1634 1473 suscipienda
1663 1431 1727 1471 est,
1741 1432 1900 1474 propter
1918 1428 2084 1464 caritatis
2104 1429 2368 1465 necessitatem.
2399 1431 2473 1466 Sed

1401 1489 1469 1514 nec
1496 1478 1550 1514 sic
1578 1479 1731 1515 omnino
1761 1480 1927 1516 veritatis
1956 1481 2148 1517 delectatio
2172 1482 2376 1518 deserenda
2400 1489 2470 1519 est:

1401 1543 1448 1567 ne
1475 1532 1720 1568 subtrahatur
1748 1532 1811 1569 illa
1839 1534 2018 1579 suavitas,
2039 1540 2073 1570 et
2100 1535 2289 1582 opprimat
2312 1536 2380 1571 ista
2410 1548 2471 1572 ne-

1401 1585 1561 1621 cessitas.
1602 1586 1650 1621 Et
1679 1585 1732 1622 sic
1760 1594 1863 1634 patet
1892 1587 2013 1634 quod,
2045 1599 2132 1623 cum
2169 1587 2303 1636 aliquis
2332 1601 2353 1624 a
2383 1601 2472 1625 con-

1401 1638 1623 1687 templativa
1651 1638 1730 1675 vita
1759 1639 1806 1676 ad
1837 1639 2000 1676 activam
2030 1648 2201 1687 vocatur,
2232 1654 2310 1678 non
2337 1641 2411 1678 hoc
2431 1642 2473 1678 fit

1400 1704 1470 1782 ger
1498 1692 1660 1751 modum
1700 1693 1982 1740 subtractionis,
2017 1694 2084 1731 sed
2113 1706 2181 1742 per
2218 1695 2379 1732 modurn
2409 1695 2473 1732 ad-

1428 1753 1568 1781 ltlonls.

1448 1877 1473 1909 δ)
1493 1881 1664 1903 conservant.
1676 1891 1696 1896 —
1714 1881 1874 1903 conservent
1893 1879 1930 1903 Pa
1950 1884 1975 1903 et
1995 1879 2105 1904 codices.

952 1963 1290 1996 commentaria
1313 1962 1568 1996 Oardinah’s
1591 1963 1795 1996 Caietam

277 2061 323 2125 IN
353 2051 488 2083 articulo
518 2050 624 2091 primo
660 2048 857 2090 quaestionis
890 2047 1345 2088 centesimaeoctogesimaese-
1373 2049 1375 2080 l,
1401 2045 1558 2075 mittendo
1583 2045 1672 2086 quod
1697 2045 1811 2075 melius
1826 2046 2013 2085 simpliciter
2036 2044 2213 2084 appellatur
2229 2045 2319 2085 quod
2339 2051 2385 2075 est
2408 2055 2473 2076 me-

305 2097 444 2133 cundae,
469 2095 606 2126 dubium
633 2103 670 2124 ex
693 2093 834 2123 Henrico
859 2093 898 2122 de
922 2088 1092 2128 Gandavo,
1116 2091 1150 2122 in
1177 2091 1344 2129 Quolibeto

272 2142 330 2174 XII
340 2142 368 2178 *,
379 2140 527 2176 occurrit,
544 2139 721 2174 mordente,
736 2143 771 2168 ut
790 2143 930 2178 apparet,
943 2139 1120 2167 Auctorem
1136 2137 1245 2177 quoad
1262 2136 1344 2167 duo:
1373 2161 1375 2183 ἢ

1374 2191 1375 2229 l
1401 2186 1448 2210 ter
1463 2179 1609 2216 dicimus,
1627 2185 1704 2220 puta
1719 2178 1898 2209 albedinem
1915 2178 2086 2218 nigredine,
2100 2177 2265 2208 hominem
2284 2178 2386 2214 leone,
2404 2185 2473 2214 etc.;

273 2187 390 2228 primo,
415 2185 524 2226 quoad
548 2183 768 2215 auctoritatem
798 2181 976 2212 Aristotelis
1000 2191 1038 2212 ex
1060 2181 1090 2211 X
1112 2180 1215 2212 Ethic.
1241 2181 1274 2210 in
1298 2181 1346 2211 lit-

273 2238 340 2262 tera
363 2230 491 2261 allatam
506 2229 540 2259 in
563 2235 638 2259 octo
661 2226 852 2262 rationibus;
877 2226 1029 2262 secundo,
1047 2226 1156 2266 quoad
1183 2225 1348 2256 veritatem

273 2276 375 2317 ipsius
397 2273 628 2309 conclusionis,
653 2282 712 2312 pro
737 2277 860 2312 quanto
884 2270 959 2301 dicit
982 2270 1071 2311 quod
1100 2271 1348 2310 contemplativa
1374 2288 1376 2309 5

1375 2312 1376 2351 3
1402 2314 1444 2344 Et
1459 2320 1636 2354 propterea,
1654 2323 1728 2344 cum
1745 2313 1784 2343 de
1799 2312 1864 2343 vita
1879 2312 1979 2342 activa
1998 2318 2028 2342 et
2052 2311 2299 2350 contemplativa
2315 2311 2476 2352 quaeritur

275 2326 322 2353 est
343 2319 532 2360 simpliciter
555 2318 680 2348 melior.

330 2371 372 2402 Et
386 2370 420 2400 in
436 2369 541 2410 primo
558 2368 689 2409 quidem
706 2366 808 2407 arguit
823 2366 851 2404 ²¹¹,
868 2365 944 2406 quia
959 2365 1177 2406 Philosophus
1192 2364 1350 2405 ignoravit
1375 2368 1377 2410 ᾗ

275 2416 417 2447 futuram
440 2414 560 2450 vitam,
584 2413 617 2443 in
642 2411 753 2442 ordine
777 2411 817 2441 ad
840 2420 939 2451 quam
963 2410 1078 2441 melior
1096 2409 1280 2450 simpliciter
1304 2416 1350 2440 est
1375 2415 1377 2450 ξ

1375 2452 1377 2472 ³
1404 2458 1459 2479 seu
1485 2448 1642 2479 bonitates
1658 2447 1698 2477 ad
1714 2446 1943 2487 perfectionem
1966 2444 2144 2475 secundum
2160 2444 2238 2485 quid
2261 2451 2412 2484 spectant.
2435 2444 2476 2474 Et

275 2461 339 2492 vita
361 2458 462 2490 activa
484 2458 517 2488 in
545 2464 628 2488 statu
659 2455 832 2497 praesentis
861 2454 1015 2485 miseriae.
1046 2455 1087 2485 Et
1113 2454 1186 2485 ideo
1214 2454 1350 2484 rationes

276 2503 454 2536 Aristotelis
478 2502 646 2533 modicum
667 2501 775 2531 valent
798 2500 885 2540 apud
909 2498 1126 2530 catholicum.

332 2549 371 2580 11.
395 2549 432 2578 In
455 2547 597 2578 secundo
621 2552 739 2581 autem,
765 2544 868 2584 arguit
890 2543 1062 2584 tripliciter.
1088 2544 1198 2574 Primo
1216 2542 1249 2578 *,
1275 2542 1350 2583 quia
1376 2566 1377 2576 ,

276 2594 341 2625 vim
363 2592 465 2624 activa
488 2598 535 2622 est
558 2589 687 2621 maioris
714 2589 818 2619 meriti
848 2588 974 2618 homini
996 2587 1166 2619 virtutibus
1196 2586 1349 2627 praedito,

277 2639 396 2669 idoneo
415 2636 456 2667 ad
478 2635 664 2675 regendum,
690 2640 720 2663 et
743 2639 855 2664 coacto
879 2633 920 2662 ad
943 2632 1016 2662 hoc.
1048 2633 1134 2672 Ergo
1159 2638 1206 2662 est
1228 2630 1350 2671 simpli-

278 2683 354 2715 citer
377 2680 501 2712 melior.
526 2697 544 2703 -
567 2678 767 2710 Antecedens
790 2677 958 2718 probatur:
984 2676 1060 2716 quia
1074 2676 1207 2717 quilibet
1226 2682 1351 2706 tenetur

277 2726 434 2769 praeferre
457 2724 616 2756 actionem
640 2730 676 2755 ut
699 2724 777 2764 quid
800 2723 915 2754 melius
939 2722 1034 2753 etiam
1058 2720 1127 2758 sibi,
1152 2719 1350 2760 contempla-

277 2771 367 2804 tioni.
392 2789 414 2794 -
438 2770 678 2810 Consequentia
707 2779 783 2799 vero
811 2768 980 2810 probatur:
1010 2765 1086 2807 quia
1117 2763 1290 2806 principale
1316 2764 1350 2794 in

277 2824 412 2858 utraque
435 2816 499 2847 vita
524 2821 570 2845 est
593 2814 759 2851 meritum3
788 2825 824 2845 ac
847 2823 904 2855 per
926 2813 1005 2848 hoc,
1030 2811 1063 2842 in
1086 2820 1153 2852 quo
1178 2816 1224 2840 est
1247 2809 1350 2839 maius

277 2869 480 2939 megzffido
494 2904 528 2942 *,
554 2904 630 2946 quia
652 2903 734 2934 illud
757 2910 804 2934 est
827 2901 1011 2942 simpliciter
1041 2899 1155 2930 melius
1179 2898 1268 2939 quod
1292 2897 1350 2928 ho-

278 2952 419 2984 minibus
442 2953 523 2982 bene
546 2949 708 2990 dispositis
723 2955 770 2979 est
792 2948 923 2978 melius:
949 2946 1035 2977 iuxta
1054 2942 1300 2983 Philosophum,
1316 2942 1350 2973 in
1375 2963 1377 2970 ,

279 2997 290 3027 l
310 2997 404 3028 Polit.
421 2994 437 3011 ⁸¹
461 2997 524 3028 Sed
539 2996 603 3026 vita
619 2994 720 3025 activa
736 2993 952 3034 praelatorum
969 2996 1015 3020 est
1031 2989 1145 3019 melior
1164 2986 1350 3018 hominibus

279 3041 359 3072 bene
387 3041 558 3082 dispositis.
589 3039 675 3079 Ergo
708 3046 754 3069 est
784 3035 968 3077 simpliciter
998 3033 1121 3064 melior.
1146 3050 1166 3055 —
1194 3031 1351 3062 Probatur

280 3085 400 3116 minor:
424 3084 500 3126 quia
516 3092 563 3115 est
577 3083 691 3114 melior
706 3082 892 3113 hominibus
907 3078 1077 3110 virtutibus
1093 3075 1252 3118 praeditis,
1269 3075 1350 3116 aptis

280 3130 320 3159 ad
343 3129 586 3169 gubernandum
609 3128 698 3164 alim,
723 3134 818 3168 atque
842 3124 959 3156 coactis
983 3123 1024 3153 ad
1045 3123 1117 3153 hoc.

341 3173 448 3204 Tertio
457 3173 487 3210 *,
500 3183 598 3214 opera
609 3172 738 3213 propria
753 3171 847 3202 statui
863 3167 1041 3210 perfectiori
1056 3164 1261 3207 praeferenda
1277 3170 1351 3214 sunt

281 3217 431 3258 operibus
455 3224 553 3248 status
583 3217 690 3248 minus
712 3216 855 3257 perfecti,
881 3219 917 3245 ut
940 3212 1072 3243 meliora
1104 3209 1212 3240 minus
1238 3209 1348 3239 bonls:

281 3305 422 3337 fectioni.
446 3305 508 3336 Sed
532 3314 628 3346 opera
650 3305 732 3336 vitae
755 3305 873 3336 activae
897 3308 971 3333 sunt
994 3300 1122 3341 propria
1146 3297 1240 3329 statui
1261 3306 1349 3338 prae-

281 3394 363 3425 vitae
387 3392 661 3433 contemplativae.
685 3393 771 3433 Ergo
794 3393 858 3424 vita
881 3391 982 3423 activa
1005 3388 1188 3430 simpliciter
1212 3393 1258 3417 est
1280 3394 1350 3426 per—

282 3438 393 3469 fectior
416 3436 672 3477 contemplativa.

338 3482 391 3513 111.
407 3483 459 3513 Ad
474 3481 570 3512 huius
594 3480 796 3517 evidentiam,
811 3480 976 3511 sciendum
992 3485 1039 3510 est
1053 3477 1142 3519 quod
1166 3481 1351 3516 argumenta

281 3528 359 3558 haec
383 3526 462 3557 nihil
486 3531 595 3557 contra
611 3524 788 3555 doctrinam
811 3524 959 3555 Auctoris
974 3522 1160 3564 procedunt.
1186 3518 1351 3557 Quoniam

282 3570 447 3602 manifeste
474 3568 555 3601 forte
585 3569 618 3599 in
651 3567 721 3599 solo
752 3567 909 3598 vocabulo
940 3568 1096 3603 dissonat,
1121 3571 1278 3607 quantum
1311 3563 1351 3593 ad

283 3615 534 3647 conclusionem.
558 3613 775 3645 Veruntamen
791 3610 972 3652 singillatim
988 3610 1139 3642 solvenda
1159 3615 1242 3645 sunt,
1262 3617 1351 3649 prae-

424 3678 535 3702 Smnuss
553 3676 655 3700 Tim-01..
674 3675 706 3699 D.
723 3673 839 3698 Tuom
853 3672 885 3697 T.
898 3671 952 3697 vn.

1401 2089 1462 2120 lius
1487 2100 1524 2120 ex
1548 2100 1607 2120 suo
1632 2099 1755 2130 genere,
1781 2090 1842 2119 hoc
1866 2097 1912 2120 est
1936 2099 1972 2120 ex
1992 2099 2049 2119 sua
2072 2088 2199 2129 propria
2223 2096 2253 2119 et
2277 2089 2474 2120 substantiali

1402 2142 1523 2165 natura.
1549 2135 1600 2165 Sic
1617 2134 1702 2165 enim
1718 2134 1751 2164 in
1768 2134 1965 2165 naturalibus
1985 2143 2087 2164 unum
2104 2133 2218 2163 melius
2242 2133 2304 2163 alio
2322 2134 2472 2174 simplici-

1403 2231 1433 2254 et
1456 2223 1599 2254 similiter
1622 2224 1655 2254 in
1678 2223 1863 2260 moralibus,
1887 2222 2039 2253 iustitiam
2063 2222 2228 2252 meliorem
2249 2223 2470 2262 temperantia;

1403 2275 1433 2299 et
1456 2269 1488 2298 in
1505 2268 1749 2310 theologalibus,
1767 2267 1926 2298 caritatem
1949 2267 2115 2297 meliorem
2130 2266 2192 2297 fide
2209 2273 2239 2297 et
2257 2277 2313 2307 spe
2330 2267 2474 2298 dicimus.

1403 2369 1486 2400 quae
1509 2359 1624 2389 harum
1648 2358 1687 2388 sit
1711 2357 1835 2393 melior,
1855 2356 1908 2387 illa
1931 2355 2114 2396 simpliciter
2137 2355 2269 2386 dicenda
2293 2362 2339 2386 est
2363 2355 2476 2386 melior

1403 2414 1485 2445 quae
1511 2413 1547 2434 ex
1564 2413 1623 2433 suo
1646 2412 1760 2443 genere
1776 2401 1944 2442 perfectior
1968 2407 2028 2431 est:
2054 2407 2172 2430 ceterae
2192 2400 2277 2430 enim
2297 2399 2475 2430 nobilitates

1404 2493 1559 2534 quoniam
1585 2498 1709 2523 constat
1724 2491 1814 2532 quod
1829 2490 1892 2521 vita
1909 2489 2154 2529 contemplativa
2177 2489 2354 2519 secundum
2375 2498 2475 2528 genus

1404 2548 1501 2568 suum
1525 2537 1693 2578 perfectior
1717 2543 1763 2566 est
1785 2545 1883 2576 quam
1898 2534 1962 2565 vita
1985 2533 2095 2570 activa,
2111 2533 2183 2563 ideo
2200 2535 2322 2564 Auctor
2345 2533 2475 2564 conclu-

1404 2583 1529 2613 sionem
1553 2581 1763 2623 principalem
1785 2579 1983 2610 verissimam
2006 2577 2125 2618 posuit.

1460 2628 1501 2658 Et
1524 2627 1600 2668 quia
1615 2627 1655 2656 ad
1671 2626 1733 2656 hoc
1749 2634 1805 2665 per
1828 2623 1981 2659 accidens,
2002 2633 2058 2653 seu
2074 2629 2216 2652 extranee
2233 2631 2265 2651 se
2282 2620 2376 2651 habet
2394 2621 2473 2651 ratio

1405 2672 1517 2709 meriti,
1543 2671 1696 2713 quoniam
1721 2679 1758 2699 ex
1782 2668 1907 2699 caritate
1930 2667 2010 2697 illud
2034 2667 2159 2707 pendet,
2177 2672 2207 2696 et
2230 2665 2389 2706 quantitas
2409 2675 2474 2695 me-

1403 2716 1454 2747 riti
1478 2726 1515 2747 ex
1538 2715 1699 2757 quantitae
1723 2712 1857 2744 caritatis
1881 2710 1931 2754 (ut
1954 2718 2040 2751 patet
2062 2721 2099 2741 ex
2115 2710 2177 2741 hoc
2200 2710 2288 2751 quod
2305 2719 2388 2749 opus
2407 2719 2473 2739 rne-

1402 2761 1465 2792 lius
1489 2770 1526 2792 ex
1549 2771 1609 2791 suo
1626 2768 1738 2800 genere
1762 2757 1917 2796 contingit
1932 2766 1999 2786 esse
2023 2754 2155 2785 minoris
2178 2754 2291 2790 meriti,
2309 2761 2344 2784 ut
2360 2754 2385 2784 si
2401 2753 2474 2794 quis

1404 2805 1593 2837 sacrificium
1617 2814 1654 2834 ex
1677 2802 1794 2833 minori
1818 2801 1943 2832 caritate
1966 2801 2036 2830 Deo
2054 2799 2164 2830 offerat
2186 2809 2284 2839 quam
2299 2799 2376 2829 alter
2399 2808 2473 2828 con-

1403 2851 1539 2881 tinenter
1562 2847 1680 2890 bibat):
1703 2847 1776 2877 ideo
1799 2846 1938 2876 rationes
1961 2843 2139 2875 Aristotelis
2154 2851 2184 2874 et
2207 2843 2344 2873 aliorum
2368 2843 2472 2883 philo—

1375 2889 1377 2914 5
1404 2895 1592 2935 sophorum,
1610 2902 1693 2934 quae
1716 2897 1862 2922 naturam
1879 2897 1966 2920 actus
1990 2899 2027 2919 ex
2041 2899 2100 2919 suo
2117 2898 2229 2928 genere
2246 2893 2388 2927 pensant,
2406 2897 2472 2917 non

1404 2939 1580 2975 modicum,
1606 2937 1660 2968 sed
1684 2935 1874 2967 sufficienter
1896 2934 2001 2964 valent
2025 2933 2110 2973 apud
2135 2931 2318 2963 Catholicos
2332 2931 2358 2961 *.

1460 2984 1514 3014 IV.
1538 2983 1631 3014 Unde
1654 2981 1694 3011 ad
1717 2980 1854 3021 primam
1885 2978 2098 3009 obiectionem
2129 2983 2237 3007 contra
2264 2976 2366 3016 ipsam
2395 2985 2471 3005 con-

1404 3027 1628 3062 clusionem*‚
1654 3025 1768 3055 dicitur
1794 3024 1884 3065 quod
1914 3023 1967 3053 illa
1998 3021 2194 3063 propositio,
2222 3020 2311 3061 Opus
2340 3021 2473 3051 maioris

1404 3073 1511 3103 meriti
1540 3077 1588 3102 est
1609 3071 1744 3107 melius,
1768 3067 1990 3108 distinguenda
2018 3074 2074 3097 est.
2109 3065 2192 3103 Quia
2215 3065 2265 3095 vel
2288 3064 2472 3104 intelligitur

1375 3127 1377 3131 ’
1404 3118 1443 3148 de
1455 3117 1596 3147 bonitate
1612 3113 1808 3145 substantiali
1824 3113 1924 3153 ipsius
1944 3111 2064 3152 operis:
2083 3117 2112 3140 et
2128 3109 2271 3140 similiter
2290 3109 2328 3138 de
2346 3108 2471 3145 merito,

1405 3161 1513 3192 ceteris
1537 3160 1676 3201 paribus.
1694 3158 1754 3189 Vel
1772 3157 1958 3197 intelligitur
1982 3156 2020 3185 de
2035 3154 2175 3185 bonitate
2199 3153 2397 3184 accidentali:
2415 3162 2470 3183 seu

1376 3219 1377 3222 ¹
1404 3207 1443 3236 de
1465 3205 1588 3240 merito,
1606 3203 1714 3234 ceteris
1736 3201 1922 3242 imparibus.
1947 3200 2030 3230 Nam
2046 3199 2071 3229 si
2088 3198 2192 3239 primo
2209 3197 2308 3228 modo
2325 3197 2471 3238 intelligi-

281 3261 357 3302 quia
380 3261 585 3302 propriorum
615 3271 751 3302 operum
780 3259 931 3301 perfectio
955 3255 1125 3297 respondet
1155 3260 1254 3284 status
1284 3263 1351 3293 per·
1376 3241 1378 3282 ἶ
1404 3257 1464 3287 tur,
1483 3249 1599 3280 scilicet
1623 3248 1661 3277 de
1685 3245 1881 3277 substantiali
1905 3244 2046 3294 bonitate
2063 3249 2093 3273 et
2112 3242 2219 3273 ceteris
2242 3241 2381 3292 paribus,
2398 3251 2472 3282 pro-

1376 3293 1378 3306 '
1404 3294 1522 3335 positio
1547 3300 1593 3323 est
1615 3290 1787 3322 verissima.
1816 3290 1878 3321 Sed
1901 3295 1977 3319 tunc
2000 3296 2106 3318 mmor
2129 3293 2175 3317 est
2198 3286 2275 3316 falsa
2298 3295 2330 3316 m
2354 3295 2472 3326 propo-

281 3350 437 3386 latorum,
461 3349 517 3389 qui
541 3355 588 3379 est
609 3349 776 3388 perfectior
807 3355 890 3379 statu
918 3345 1140 3386 religiosorum
1169 3341 1348 3372 vacantium
1376 3343 1378 3378 ξ
1405 3339 1483 3370 sito:
1503 3337 1658 3378 quoniam
1674 3335 1804 3385 quando
1821 3344 1905 3374 opus
1919 3333 2001 3363 vitae
2015 3332 2133 3382 activae
2150 3338 2195 3381 est
2214 3330 2342 3381 maioris
2359 3330 2472 3380 meriti,

1376 3387 1378 3402 '¹
1404 3383 1467 3414 hoc
1490 3392 1557 3413 non
1581 3388 1627 3412 est
1643 3381 1685 3411 ob
1709 3380 1885 3410 bonitatem
1900 3376 2139 3408 substantialem
2164 3385 2264 3415 lpsms
2287 3384 2402 3415 opens,
2418 3375 2473 3405 sed

1376 3425 1378 3461 Ξ
1404 3427 1525 3458 ratione
1549 3425 1677 3456 maioris
1702 3423 1845 3455 caritatis.
1868 3422 1961 3453 Unde
1985 3430 2114 3460 arguere
2138 3430 2175 3450 ex
2198 3419 2382 3450 conditione
2405 3428 2471 3449 me-

1376 3464 1378 3495 ἶ
1404 3471 1454 3502 riti
1471 3471 1510 3502 ad
1527 3469 1745 3502 conditionem
1764 3466 2003 3498 substantialem
2019 3465 2119 3505 ipsius
2143 3463 2257 3504 operis,
2279 3470 2325 3494 est
2343 3473 2471 3503 arguere

1406 3527 1443 3547 ex
1465 3515 1625 3546 accidente
1648 3513 1687 3544 ad
1711 3511 1929 3543 substantiam.
1960 3509 2001 3540 Et
2024 3515 2191 3550 propterea
2215 3508 2305 3539 divus
2328 3507 2471 3538 Thomas

1406 3561 1488 3591 duos
1513 3559 1676 3590 distinctos
1706 3556 1854 3588 articulos
1882 3555 1934 3586 hic
1960 3554 2048 3585 fecit:
2078 3553 2231 3589 alterurn,
2257 3551 2470 3592 comparando

1406 3605 1480 3636 istas
1504 3604 1583 3635 duas
1605 3603 1685 3634 vitas
1708 3601 1741 3632 in
1757 3600 1898 3631 bonitate
1921 3597 2127 3635 substantiali,
2148 3605 2178 3628 et
2201 3597 2250 3628 hic
2266 3603 2312 3627 est
2335 3595 2468 3636 primus;

2296 3656 2328 3681 56

2496 743 2506 752 ⁸
2519 743 2575 764 Loc.
2590 748 2656 770 prox.
2669 742 2706 763 cit.

2498 1168 2506 1177 ⁸
2521 1167 2578 1195 Cap.
2592 1173 2639 1189 xix.

2500 2934 2509 2943 ⁸
2524 2933 2559 2955 Cf.
2574 2939 2638 2956 num.
2653 2940 2669 2956 ι.

2500 3029 2508 3039 ⁸
2522 3029 2594 3051 Num.
2607 3035 2630 3051 ιι.
