2768 4198
272 307 347 332 210

271 384 344 414 ergo
370 373 498 403 seminis
523 379 552 402 et
576 371 709 401 aliarum
734 368 1006 409 superfluitatum,
1032 375 1088 406 per
1112 375 1144 394 se
1173 371 1203 395 et
1228 373 1339 394 secun-
1363 393 1365 404 k

271 420 349 449 dum
374 428 430 448 sua
454 426 567 457 genera
591 415 759 446 iudicando
778 420 874 447 actus,
893 412 968 441 haec
985 417 1030 440 est
1050 408 1231 444 differentia,
1250 407 1338 448 quod
1363 405 1365 453 ξ

272 463 399 494 emissio
424 461 552 492 seminis
576 470 612 490 ex
635 469 694 489 suo
719 467 831 497 genere
860 456 955 486 habet
983 454 1071 494 quod
1101 454 1141 483 ad
1164 452 1270 502 finem⁴
1285 461 1338 502 ge·

271 507 440 538 nerationis
472 505 634 536 ordinetur
662 502 837 533 secundum
861 507 977 529 rectam
1002 498 1174 534 rationem;
1210 506 1338 526 emissio
1363 503 1365 529 ξ

271 559 377 582 autem
401 551 532 581 aliarum
557 547 810 588 superfluitatum
827 555 863 574 ex
879 554 938 574 suo
958 552 1072 582 genere
1095 542 1221 572 nullum
1246 541 1339 571 habet

271 596 415 626 ordinem
444 595 483 624 ad
510 593 682 627 rationem,
708 590 765 620 nisi
797 599 855 628 pro
888 595 1009 628 quanto
1038 587 1132 616 habet
1162 585 1339 616 decentiam

271 640 402 670 humani
423 638 585 669 convictus
602 645 765 666 annexam.
791 634 848 663 Per
866 632 1010 662 accidens
1026 638 1144 666 autem,
1170 637 1246 670 puta
1264 629 1339 670 quia

271 695 335 714 non
361 691 406 714 est
429 682 626 722 superfluum
651 680 737 719 quod
763 677 962 717 superfluum
987 675 1123 706 creditur
1146 683 1176 705 et
1195 675 1268 704 ideo
1294 674 1339 704 ni-

271 729 330 759 mis
355 734 549 768 procuratur,
575 731 628 755 aut
651 723 726 763 quia
750 722 926 752 admixtum
952 727 998 751 est
1023 721 1109 750 bono
1127 727 1267 754 naturae,
1286 725 1340 749 aut

271 774 345 814 quia
369 773 468 802 homo
493 770 632 800 abutitur
656 767 806 797 membris
830 765 1019 796 officialibus
1043 764 1204 804 corporis,
1230 773 1339 803 pecca-

271 826 340 848 tum
364 817 395 846 in
419 813 604 845 huiusmodi
629 811 853 841 emissionibus
879 810 1091 840 constituitur.

326 861 375 892 Ad
406 858 582 889 secundum
610 866 740 897 quoque
769 855 882 885 dicitur
912 854 1002 895 quod
1031 863 1139 883 semen
1164 862 1339 892 puerorum

271 905 382 935 dicitur
410 904 555 943 ineptum
587 900 798 940 generationi,
824 909 890 929 non
918 899 992 940 quia
1021 908 1085 928 non
1109 904 1251 937 generat,
1285 896 1339 926 sed

270 950 343 990 quia
368 947 471 977 deficit
495 957 511 976 a
529 945 722 986 perfectione
742 944 953 984 generationis
978 943 1042 973 sive
1066 942 1165 983 prolis
1189 951 1340 982 generan-

271 995 336 1023 dae.
373 993 412 1022 Et
442 991 542 1021 simile
571 991 609 1020 de
638 989 758 1020 semine
789 989 897 1028 inepto
930 995 1059 1028 propter
1083 987 1340 1027 complexionem
1365 1000 1366 1003 =

1365 1043 1367 1069 2
1393 1038 1456 1070 que
1477 1028 1590 1058 habeat
1605 1027 1858 1059 deformitatem:
1884 1027 2040 1068 quoniam
2057 1027 2097 1057 ad
2113 1027 2313 1057 reddendum
2329 1027 2473 1058 debitum

269 1038 400 1067 videtur.
427 1036 458 1066 Si
482 1043 588 1066 tamen
613 1034 739 1064 daretur
762 1034 850 1074 quod
875 1033 1008 1063 alicuius
1033 1042 1139 1062 semen
1161 1042 1227 1061 non
1248 1037 1339 1066 esset,

271 1093 327 1122 pro
353 1089 426 1112 tunc
451 1081 572 1116 saltem,
596 1079 830 1118 generativum,
857 1085 891 1108 ut
915 1085 1000 1118 patet
1025 1078 1063 1107 de
1083 1076 1203 1106 semine
1228 1075 1341 1105 mulie·
1365 1074 1367 1081 ¹

271 1137 342 1157 rum
365 1133 537 1166 postquam
557 1124 695 1163 amplius
711 1133 777 1153 non
797 1122 961 1163 patiuntur
977 1129 1154 1152 menstrua:
1180 1131 1246 1150 non
1270 1130 1342 1160 pro·
1366 1131 1367 1165 j

271 1178 375 1211 pterea
399 1170 628 1200 subtrahuntur
651 1179 669 1198 a
692 1168 813 1198 ratione
837 1167 869 1197 in
893 1166 994 1197 littera
1019 1166 1174 1205 assignata
1199 1175 1235 1195 ex
1255 1172 1342 1205 parte

270 1215 359 1249 finis:
385 1215 459 1255 quia
485 1220 649 1254 praecepta
667 1212 800 1242 moralia
823 1211 991 1242 attendunt
1007 1211 1046 1241 ad
1062 1211 1094 1240 id
1119 1210 1207 1250 quod
1232 1219 1342 1240 secun-

272 1261 349 1290 dum
374 1266 519 1290 naturam
543 1265 598 1293 est,
624 1263 655 1287 et
678 1267 743 1287 non
769 1257 808 1286 ad
831 1256 863 1286 id
887 1256 975 1296 quod
993 1265 1049 1295 per
1064 1255 1207 1285 accidens
1231 1254 1263 1284 in
1285 1254 1342 1284 hac

272 1305 321 1334 vel
354 1303 575 1343 complexione
598 1302 648 1331 vel
680 1308 780 1332 aetate
811 1300 986 1336 invenitur;
1011 1310 1067 1340 per
1095 1309 1128 1329 se
1161 1305 1268 1329 autern
1297 1308 1343 1329 se-

274 1359 346 1379 men
371 1359 387 1378 a
412 1355 522 1378 natura
538 1346 720 1377 ordinatum
745 1353 791 1376 est
815 1346 855 1375 ad
879 1345 977 1385 prolis
1000 1343 1248 1384 generationem,
1265 1343 1343 1373 alio-

274 1393 351 1434 quin
369 1403 476 1423 semen
501 1402 566 1422 non
591 1397 680 1421 esset.
705 1391 744 1420 Et
768 1390 841 1420 ideo
866 1390 945 1420 circa
965 1389 1208 1419 seminationem
1233 1398 1345 1429 quam-

273 1439 348 1468 libet
377 1436 561 1468 communia
585 1442 763 1476 praecepta,
789 1444 870 1475 quae
895 1434 1030 1464 maxime
1055 1444 1091 1464 ex
1123 1432 1194 1469 fine,
1219 1433 1275 1473 qui
1300 1439 1346 1463 est

275 1482 445 1522 generatio,
471 1486 658 1515 sumuntur,
684 1479 834 1509 servanda
859 1486 942 1515 sunt,
967 1485 1267 1519 quantumcumque
1291 1487 1347 1517 per

275 1527 417 1558 accidens
447 1525 606 1565 generatio
630 1531 706 1554 tunc
737 1524 826 1564 sequi
857 1533 921 1553 non
952 1523 1061 1564 possit.
1092 1522 1272 1552 Falsissima
1301 1529 1348 1551 est

276 1581 361 1611 ergo,
386 1579 416 1602 et
440 1569 628 1601 destructiva
653 1568 781 1598 moralis
805 1567 976 1603 doctrinae,
997 1567 1224 1607 consequentia
1244 1566 1347 1603 allata,

276 1616 364 1656 quod
389 1616 413 1645 si
438 1625 475 1645 ex
498 1614 578 1650 fine,
604 1620 681 1654 puta
709 1613 921 1653 generatione,
940 1612 1085 1652 provenit
1115 1612 1196 1641 ordo
1221 1618 1252 1641 et
1275 1620 1348 1650 pec-

277 1667 382 1691 catum
406 1660 438 1689 in
463 1658 633 1690 emissione
656 1658 795 1693 seminis,
821 1657 971 1687 habentes
996 1666 1104 1686 semen
1128 1656 1276 1696 ineptum
1297 1665 1347 1695 ge-

278 1704 431 1735 nerationi
456 1714 521 1734 non
538 1710 713 1743 peccarent.
738 1701 886 1731 Procedit
909 1701 994 1730 enim
1017 1711 1053 1731 ex
1071 1699 1261 1730 confusione
1281 1699 1350 1730 eius
1374 1717 1375 1720 =

277 1749 365 1789 quod
395 1754 441 1778 est
469 1758 525 1788 per
557 1757 589 1777 se
617 1757 691 1777 cum
720 1756 758 1776 eo
788 1746 876 1786 quod
910 1752 956 1775 est
986 1755 1042 1784 per
1065 1744 1228 1774 accidens:
1260 1743 1349 1784 quod
1375 1746 1376 1750 ’

39 1807 47 1815 ·
66 1805 161 1826 Aristot.
187 1804 223 1825 De
278 1803 370 1832 saepe
398 1793 430 1822 in
461 1792 634 1821 moralibus
667 1797 698 1821 et
728 1790 760 1819 in
799 1789 908 1819 ceteris
941 1788 1015 1819 facit
1045 1797 1160 1824 errare;
1195 1788 1351 1827 contingit

37 1831 139 1859 Sophist.
151 1830 221 1852 Eten-

36 1858 71 1879 ch.
88 1864 137 1885 cap.
153 1864 183 1883 vr,
199 1863 220 1877 n.

35 1892 58 1911 4·
334 1882 383 1911 111.
411 1881 443 1910 In
461 1881 576 1911 eodem
594 1879 738 1914 articulo,
755 1879 786 1908 in
805 1878 1012 1917 responsione
1033 1878 1071 1907 ad
1092 1877 1282 1912 secundum,
1300 1877 1353 1906 ad—

277 1838 361 1868 enim
386 1837 481 1867 etiam
498 1836 654 1875 sapientes
679 1835 712 1864 in
735 1834 784 1864 his
808 1844 890 1874 quae
906 1840 981 1863 sunt
997 1843 1053 1873 per
1077 1833 1222 1863 accidens
1243 1832 1308 1861 falli
1322 1832 1349 1862 *.
1376 1850 1377 1854 =

943 288 1209 334 QUAESTIO
1240 286 1375 326 CLIII,
1405 284 1704 321 ARTICULUS
1737 283 1793 319 lV

1393 369 1477 392 verte
1501 363 1592 402 quod
1607 365 1742 400 Auctor,
1759 361 1893 392 reddens
1911 361 2096 400 theologam
2112 361 2280 397 rationem,
2298 359 2470 390 insinuavit

1392 405 1488 435 simul
1513 413 1544 436 et
1568 405 1723 436 moralem
1748 406 1931 436 naturaliter
1954 415 2052 446 quare
2076 406 2177 435 homo
2203 415 2269 435 non
2295 411 2401 444 potest
2424 403 2468 434 uti

1393 450 1545 480 membris
1575 450 1640 480 suis
1672 457 1702 481 et
1726 451 1860 490 corpore
1884 460 1944 480 suo
1973 457 2008 481 ut
2031 450 2115 480 vult:
2151 450 2226 491 quia
2255 449 2374 480 scilicet
2401 449 2469 489 ipse

1393 504 1458 524 non
1482 501 1529 524 est
1552 494 1704 524 dominus
1724 494 1919 525 naturalium
1935 504 2070 525 suorum
2087 494 2236 534 totaliter,
2261 494 2315 524 sed
2340 493 2469 534 praesti-

1391 545 1459 568 tuta
1483 545 1530 569 est
1553 538 1613 568 sibi
1637 548 1655 568 a
1678 546 1805 574 natura,
1830 546 2026 580 naturaeque
2049 541 2207 575 Auctore,
2232 538 2312 569 ratio
2337 538 2387 568 sui
2411 538 2468 568 do-

1392 583 1483 613 minii
1507 583 1539 612 in
1564 582 1676 612 ordine
1701 583 1741 613 ad
1764 582 1873 614 finem.
1899 583 2005 614 Dictat
2028 583 2188 624 siquidem
2212 583 2354 614 naturale
2371 582 2420 612 ius
2436 583 2470 612 in

1393 627 1486 658 nobis
1510 636 1576 657 non
1602 627 1859 667 quomodolibet,
1884 628 1940 658 sed
1963 635 1999 658 ut
2014 628 2113 664 decet,
2131 628 2257 658 homini
2281 636 2470 658 concessum

1393 681 1461 702 esse
1485 681 1608 711 proprii
1632 671 1777 712 corporis
1802 681 1910 702 usum.

1450 716 1503 746 IV.
1529 716 1564 745 In
1588 716 1799 755 responsione
1823 716 1863 746 ad
1887 715 2028 755 tertium,
2046 717 2174 747 adverte
2198 717 2287 757 quod
2311 726 2378 747 non
2403 716 2470 746 red-

1394 761 1466 790 dere
1496 760 1639 790 debitum
1672 759 1804 799 coniugi
1833 767 1922 790 aetus
1947 761 2088 791 duorum
2118 761 2316 802 quandoque
2339 760 2471 801 ponitur

1364 819 1365 826 1
1392 805 1559 835 vitiorum:
1578 804 1697 835 scilicet
1710 804 1894 841 iniustitiae,
1910 814 1975 845 qua
1989 805 2185 836 subtrahitur
2199 805 2246 836 illi
2265 806 2354 846 quod
2374 814 2472 835 suurn

1393 857 1455 886 est;
1486 856 1516 879 et
1539 849 1805 885 insensibilitatis,
1830 859 1896 889 qua
1919 859 2017 880 usum
2040 859 2214 880 venereum
2237 850 2377 881 totaliter
2400 859 2471 890 per-

1394 904 1473 924 sona
1497 893 1622 924 refutat.
1652 893 1694 924 Et
1716 893 1789 924 licet
1813 903 1884 924 raro
1908 893 1979 925 talis
2003 894 2130 933 negatio
2154 894 2253 925 debiti
2276 895 2315 925 ab
2339 894 2471 924 insensi-

1393 939 1512 969 bilitate
1537 938 1708 978 procedat,
1734 938 1772 968 ab
1797 937 1951 968 iniustitia
1979 944 2087 968 tamen
2111 948 2206 979 saepe
2230 939 2397 978 contingit.
2432 939 2473 969 Et

1395 990 1441 1014 est
1456 983 1570 1024 procul
1587 982 1686 1013 dubio
1703 983 1837 1012 mortale
1854 989 2031 1022 peccatum,
2050 983 2114 1012 sive
2131 983 2262 1013 alteram
2276 983 2340 1013 sive
2358 990 2474 1013 utram-

1395 1071 1524 1112 coniugi
1548 1079 1674 1102 tenetur
1697 1072 1774 1103 alter
1797 1073 1836 1102 de
1861 1071 2046 1103 necessitate
2071 1072 2240 1112 praecepti,
2265 1071 2348 1102 sicut
2370 1073 2409 1102 ad
2425 1081 2473 1102 ce-

1394 1125 1460 1148 tera
1483 1124 1651 1158 praecepta
1674 1116 1822 1148 iustitiae.
1847 1117 1889 1147 Et
1911 1116 1988 1157 quia
2011 1117 2142 1147 reddere
2159 1116 2303 1147 debitum
2321 1123 2369 1146 est
2385 1123 2474 1147 actus

1396 1163 1454 1193 sub
1486 1168 1655 1202 praecepto
1687 1161 1875 1192 affirmativo
1904 1161 2035 1197 cadenS,
2060 1161 2133 1191 ideo
2166 1161 2286 1200 obligat
2316 1171 2375 1200 pro
2399 1161 2474 1192 loco

1396 1207 1530 1247 aliisque
1553 1206 1797 1237 circumstantiis
1821 1205 2094 1237 concurrentibus.
2129 1206 2203 1236 Non
2235 1205 2320 1236 enim
2350 1213 2476 1237 tenetur

1397 1252 1568 1292 impotens,
1590 1258 1645 1281 aut
1667 1250 1814 1281 infirmus
1839 1261 1913 1280 cum
1938 1250 2070 1281 notabili
2094 1251 2214 1280 damno
2239 1260 2403 1291 personae,
2421 1257 2476 1281 aut

1397 1297 1429 1327 in
1445 1297 1518 1327 loco
1535 1296 1724 1335 incongruo,
1742 1302 1820 1335 puta
1835 1295 1966 1335 publico
1982 1296 2032 1326 vel
2048 1304 2152 1325 sacro:
2170 1295 2318 1336 quamvis
2332 1301 2477 1327 teneatur

1398 1341 1487 1372 omni
1511 1347 1672 1381 tempore,
1698 1347 2000 1381 quantumcumque
2030 1350 2120 1370 sacro
2153 1347 2207 1370 aut
2235 1335 2476 1371 communionis

1398 1385 1582 1427 praeteritae
1607 1386 1656 1416 vel
1681 1385 1816 1422 futurae,
1842 1385 1987 1416 debitum
2011 1385 2151 1416 reddere.
2181 1385 2223 1415 Et
2245 1384 2326 1416 ratio
2351 1382 2477 1416 diversi-

1398 1431 1470 1461 tatis
1487 1437 1588 1470 patet:
1607 1430 1683 1471 quia
1697 1430 1789 1460 Iocus
1806 1429 1954 1470 publicus
1971 1437 2018 1460 est
2034 1437 2145 1460 contra
2160 1430 2373 1466 honestatem,
2390 1438 2478 1461 sacer

1399 1485 1474 1506 vero
1500 1482 1609 1505 contra
1629 1474 1770 1505 divinam
1793 1474 2012 1511 reverentiam,
2031 1475 2187 1505 damnum
2211 1481 2321 1506 autem
2338 1471 2478 1507 notabile

1401 1529 1556 1561 personae
1580 1525 1627 1549 est
1656 1526 1763 1550 contra
1789 1525 1920 1550 naturae
1943 1519 2110 1555 ordinem,
2135 1529 2218 1560 quae
2241 1518 2400 1550 ordinavit
2423 1528 2477 1550 su-

1401 1564 1561 1605 perfluum
1582 1574 1736 1603 personae
1760 1565 1800 1594 ad
1816 1563 2003 1594 huiusmodi
2021 1563 2125 1594 debita
2145 1563 2372 1604 persolvenda3
2397 1572 2478 1595 tem·
2507 1562 2510 1564 ’

1402 1619 1462 1649 pus
1487 1616 1594 1639 autem
1619 1619 1746 1639 sacrum
1770 1619 1836 1639 non
1852 1609 1991 1639 violatur
2014 1615 2192 1649 propterea,
2213 1618 2271 1639 nec
2287 1608 2478 1639 communio

1402 1653 1576 1693 impeditur
1608 1661 1663 1684 aut
1694 1654 1890 1693 deturpatur.
1927 1654 1986 1684 Ista
2015 1653 2101 1684 enim
2124 1662 2207 1694 quae
2231 1660 2306 1684 sunt
2333 1653 2373 1683 ad
2397 1654 2479 1684 bene

1402 1708 1478 1734 esse,
1504 1698 1620 1728 debent
1643 1698 1711 1728 sine
1735 1698 1880 1738 coniugis
1903 1698 2109 1738 praeiudicio,
2130 1698 2169 1728 de
2186 1707 2344 1728 consensu
2362 1698 2478 1728 utrius-

1402 1753 1464 1783 que
1490 1741 1565 1778 fieri,
1592 1749 1627 1772 ut
1647 1742 1825 1783 Apostolus
1850 1742 1943 1773 docet
1958 1742 1984 1773 *.
2010 1760 2031 1765 -
2056 1745 2106 1773 An
2123 1749 2232 1773 autem
2256 1742 2375 1783 petenti
2400 1750 2479 1773 tem-

1403 1796 1480 1827 pore
1512 1787 1683 1823 menstrui,
1710 1793 1764 1817 aut
1796 1786 1895 1817 modo
1920 1787 2081 1823 indebito,
2106 1794 2251 1817 teneatur
2275 1787 2420 1823 reddere,
2446 1786 2478 1817 in

1404 1831 1550 1871 sequenti
1574 1831 1764 1872 quaestione
1780 1830 1797 1850 ’¹¹
1821 1831 1943 1861 clarum
1966 1830 2030 1862 fiet.

1046 2029 1367 2072 ARTICULUS
1411 2027 1686 2079 QUARTUS

933 2123 1089 2153 UTRUM
1114 2122 1307 2153 LuxualA
1332 2121 1398 2152 srr
1422 2122 1579 2153 VITIUM
1603 2121 1820 2153 CAPITALE

580 2205 603 2229 1⁵
623 2204 678 2233 11⁸⁸,
698 2212 743 2237 qu.
762 2211 860 2232 Lxxx1v,
880 2208 927 2228 art.
947 2211 979 2235 4;
999 2203 1020 2227 ll
1040 2203 1122 2232 Sent„
1143 2203 1202 2228 dist.
1221 2210 1282 2233 un,
1302 2211 1348 2236 qu.
1366 2210 1394 2231 n,
1413 2207 1460 2228 art.
1481 2201 1511 2232 35
1531 2202 1574 2228 Da
1592 2202 1676 2233 Malo,
1695 2210 1740 2235 qu.
1758 2209 1819 2233 vui,
1838 2206 1886 2227 art.
1909 2209 1917 2226 ι
1932 2208 1939 2232 ;
1959 2209 2004 2234 qu.
2024 2209 2064 2231 xv,
2083 2207 2131 2227 art.
2150 2209 2177 2234 4.

401 2335 406 2344 „
431 2318 450 2349 3-
477 2307 516 2332 D
538 2306 710 2337 QUARTUM
730 2306 783 2331 s1c
804 2305 1044 2331 paocanrrua.
1066 2293 1226 2331 Videtur
1244 2293 1350 2341 quod
1377 2315 1378 2322 κ

422 2349 465 2396 ’ξῗ
495 2348 641 2385 luxuria
661 2361 739 2385 non
758 2347 804 2384 sit
825 2347 960 2384 vitium
982 2347 1152 2396 capitale.
1184 2346 1351 2384 Luxuria

477 2400 599 2439 enim
627 2401 778 2438 videtur
813 2401 912 2438 idem
953 2413 1034 2437 esse
1072 2400 1351 2438 immunditiae:

495 2463 537 2493 ut
555 2463 657 2504 patet
670 2467 737 2504 per
758 2455 935 2492 Glossam
949 2454 980 2503 ²⁸,
1000 2456 1135 2504 Ephes.
1158 2467 1191 2491 v.
1208 2454 1248 2476 ²¹²*
1274 2454 1351 2492 Sed

283 2509 521 2547 immunditia
539 2518 593 2546 est
607 2509 685 2545 filia
699 2509 827 2557 gulae:
849 2516 890 2545 ut
905 2516 1008 2557 patet
1023 2521 1091 2557 per
1107 2508 1350 2556 Gregorium,

284 2564 406 2600 XXXI
436 2563 579 2600 Moral.
601 2562 620 2583 '¹‘
649 2563 750 2611 Ergo
780 2562 925 2599 luxuria
955 2575 1032 2599 non
1061 2571 1116 2599 est
1134 2562 1270 2599 vitium
1291 2574 1352 2598 ca-

283 2617 404 2666 pitale.

338 2682 371 2706 2.
389 2671 623 2716 PRAETEREA‚
646 2669 812 2706 Isidorus
834 2668 933 2716 dicit,
954 2669 991 2706 in
1013 2669 1109 2706 libro
1130 2667 1175 2706 de
1195 2670 1352 2706 Summo

44 2471 52 2479 ⁸
74 2468 172 2490 Inter-lin.
193 2472 213 2489 et

43 2495 124 2516 Lomb.

44 2524 64 2533 '⁸
79 2522 144 2543 Vers.
159 2528 178 2549 3.

45 2565 54 2574 ⁸
74 2564 129 2594 Cap.
150 2569 205 2590 ην,
225 2563 252 2584 al.

46 2596 102 2614 xvir.
114 2597 137 2611 in
148 2594 191 2611 vet.
204 2596 252 2617 cap.

45 2623 105 2638 xxxi.

46 2723 254 2777 Jibffigcss‘f’gss'ss‘gj
283 2726 390 2760 Bono
410 2723 441 2770 ²⁸,
471 2723 576 2772 quod
603 2723 699 2759 sicut
719 2735 792 2772 per
818 2723 1034 2771 superbiam
1055 2724 1188 2760 mentis
1212 2724 1287 2759 itur
1315 2723 1352 2759 in
1379 2723 1381 2740 *

278 2777 577 2826 prostitutionem
597 2776 770 2822 libidinis,
791 2777 842 2813 ita
856 2788 929 2825 per
947 2777 1193 2814 humilitatem
1223 2777 1355 2814 mentis

283 2831 389 2867 salva
406 2831 457 2878 fit
485 2831 633 2867 castitas
652 2830 790 2866 carnis.
821 2830 898 2867 Sed
920 2838 1051 2867 contra
1078 2831 1265 2868 rationem
1295 2842 1355 2867 ca-

286 2883 407 2933 pitalis
427 2883 506 2920 vitii
526 2896 607 2920 esse
626 2883 778 2920 videtur
797 2883 902 2932 quod
923 2896 967 2920 ex
988 2884 1061 2921 alio
1082 2884 1175 2922 vitio
1201 2884 1354 2921 oriatur.

289 2939 388 2985 Ergo
419 2937 564 2973 luxuria
594 2949 671 2973 non
702 2946 756 2973 est
784 2936 919 2974 vitium
951 2938 1122 2986 capitale.

343 2991 376 3027 3.
417 2991 659 3036 PRAETEREA,
697 2990 842 3027 luxuria
882 2999 1057 3028 causatur
1094 3004 1139 3028 ex
1179 2991 1357 3040 despera-

55 3047 189 3076 ’ΜΞ-19·
289 3044 407 3080 tione:
445 3044 656 3080 secundum
695 3043 786 3080 illud
821 3044 1071 3092 Ephes.1v*:
1110 3045 1197 3091 Qui,
1232 3045 1357 3093 despe-

151 3106 167 3122 α
291 3103 425 3142 ναηῐεε,
446 3098 583 3146 seipsos
604 3103 620 3118 α
640 3098 874 3134 tradiderunt
900 3098 1163 3146 impudicitiae.
1196 3098 1273 3135 Sed
1293 3098 1358 3135 de-

152 3152 165 3186 β
292 3151 453 3198 spei-atio
479 3163 556 3187 non
577 3159 632 3187 est
650 3150 784 3187 vitium
806 3150 983 3199 capitale:
1015 3152 1227 3200 quinimmo
1248 3150 1263 3181 β
1291 3164 1359 3201 po-

56 3209 263 3261 Zssgfffflvssr‘-
293 3203 390 3240 nitur
418 3203 494 3240 filia
523 3204 690 3249 acediae,
712 3212 750 3240 ut
779 3216 893 3253 supra
912 3204 932 3226 *
959 3205 1132 3242 habitum
1160 3214 1226 3242 est.
1257 3205 1359 3253 Ergo

294 3257 412 3293 multo
443 3257 567 3293 minus
596 3258 742 3294 luxuria
772 3266 826 3294 est
854 3257 988 3294 vitium
1020 3259 1189 3308 capitale.

350 3310 422 3346 SED
439 3321 583 3347 CONTRA
598 3323 663 3347 Esr
679 3311 782 3360 quod
798 3311 1015 3359 Gregorius,
1029 3313 1154 3349 XXXI
1171 3312 1316 3349 Moral.
1327 3311 1358 3358 ³¹²,

60 3371 267 3423 ’qq-„cxlzlfflss-
297 3362 401 3410 ponit
429 3363 614 3400 luxuriam
643 3364 739 3401 inter
766 3365 857 3401 vitia
887 3365 1071 3414 capitalia.

59 3404 268 3451 {inuam-'m'-
351 3415 573 3453 Responoao
612 3429 794 3454 montinum
827 3419 951 3467 quod,
991 3418 1086 3455 sicut
1123 3431 1167 3456 ex
1207 3418 1313 3456 dictis
1341 3418 1361 3440 '¹‘

59 3313 67 3320 ·
79 3311 132 3332 Loc.
145 3310 182 3332 cit.
191 3316 266 3337 supra.

354 3546 380 3575 α)
399 3545 505 3576 seipsos.
519 3558 537 3563 -
555 3546 705 3577 semetipsos
726 3547 759 3576 Ρ;
784 3555 830 3579 pro
856 3548 1043 3576 tradiderunt.
1065 3550 1177 3574 tradunt
1199 3557 1226 3574 se
1246 3550 1360 3584 BEFpK‚
1387 3549 1389 3573 l

301 3580 473 3605 tradiderunt
491 3587 518 3604 se
538 3580 605 3605 lLsC
625 3586 649 3605 et
667 3588 691 3610 a,
713 3582 823 3606 tradunt
843 3584 894 3613 sK3
915 3589 941 3607 ut
961 3585 1037 3609 ceteri
1057 3585 1088 3609 G.

1405 2299 1520 2341 patet,
1540 2291 1678 2329 vitium
1699 2291 1859 2340 capitale
1881 2299 1937 2328 est
1965 2292 2073 2340 quod
2100 2292 2217 2330 habet
2239 2293 2358 2330 finem
2387 2293 2484 2330 mul-

1404 2354 1487 2383 tum
1506 2345 1766 2395 appetibilem,
1783 2345 1834 2382 ita
1853 2345 1959 2394 quod
1979 2357 2025 2382 ex
2037 2350 2051 2373 Υ
2072 2345 2153 2383 eius
2173 2346 2342 2395 appetitu
2361 2347 2483 2384 homo

1404 2399 1578 2449 procedit
1605 2400 1655 2437 ad
1684 2400 1804 2436 multa
1830 2406 1988 2448 peccata
2015 2400 2285 2448 perpetranda,
2314 2412 2414 2448 quae
2443 2412 2484 2438 o·

1407 2453 1511 2490 mnia
1541 2465 1586 2490 ex
1606 2453 1668 2490 illo
1688 2452 1782 2489 vitio
1811 2460 1995 2501 tanquam
2022 2464 2067 2489 ex
2085 2453 2284 2502 principali
2311 2453 2399 2490 oriri
2429 2453 2483 2491 di·

1407 2515 1542 2544 cuntur
1560 2506 1592 2544 *.
1622 2506 1726 2543 Finis
1755 2514 1883 2543 autem
1907 2505 2077 2543 luxuriae
2105 2515 2162 2544 est
2189 2507 2388 2544 delectatio
2416 2513 2483 2545 ve‘-
2513 2519 2521 2528 ·

1407 2573 1632 2606 nereorum,
1663 2572 1763 2609 quae
1800 2567 1856 2596 est
1892 2559 2073 2597 maxima.
2112 2560 2224 2598 Unde
2262 2560 2484 2599 huiusmodi

1407 2614 1607 2652 delectatio
1638 2622 1695 2651 est
1722 2614 1892 2651 maxime
1921 2613 2134 2663 appetibilis
2169 2614 2384 2652 secundum
2418 2627 2485 2664 ap-

1408 2668 1568 2718 petitum
1603 2667 1848 2705 sensitivum:
1887 2675 1970 2705 tum
2006 2675 2162 2716 propter
2196 2668 2484 2706 vehementiam

1409 2721 1689 2764 delectationis:
1714 2729 1796 2758 tum
1817 2721 1933 2758 etiam
1953 2730 2111 2771 propter
2130 2721 2484 2759 connaturalitatem

1409 2776 1521 2813 huius
1542 2774 1888 2824 concupiscentiae.
1909 2774 2022 2813 Unde
2042 2775 2286 2813 manifestum
2307 2782 2364 2812 est
2378 2776 2485 2824 quod

1380 2849 1382 2866 ι
1409 2829 1557 2866 luxuria
1586 2837 1641 2866 est
1668 2828 1805 2866 vitium
1836 2829 2008 2878 capitale.

1463 2885 1522 2920 AD
1550 2894 1689 2920 ptumum
1728 2893 1830 2920 aneo
1862 2894 2050 2920 DicENDUM
2086 2883 2193 2930 quod
2230 2881 2484 2928 immunditia,

1410 2937 1624 2974 secundum
1652 2937 1857 2985 quosdam,
1879 2949 1979 2986 quae
2008 2935 2162 2985 ponitur
2184 2935 2263 2973 filia
2285 2936 2408 2984 gulae,
2430 2944 2487 2972 est

1411 2990 1605 3039 quaedam
1644 2990 1888 3028 immunditia
1923 2989 2150 3038 corporalis,
2179 2996 2223 3026 ut
2250 3001 2364 3038 supra
2383 2988 2403 3010 *
2432 2989 2486 3026 di·

1412 3054 1515 3081 ctum
1537 3052 1602 3081 est.
1634 3044 1683 3081 Et
1711 3044 1763 3080 sic
1782 3044 1948 3081 obiectio
1978 3056 2057 3080 non
2086 3050 2141 3080 est
2161 3043 2210 3079 ad
2230 3043 2484 3091 propositum.

1468 3098 1507 3135 Si
1542 3110 1637 3134 vero
1673 3097 1880 3146 accipiatur
1915 3109 1988 3146 pro
2023 3095 2265 3134 immunditia
2302 3096 2485 3144 luxuriae,

1413 3152 1466 3188 sic
1496 3151 1704 3189 dicendum
1725 3151 1832 3199 quod
1854 3163 1899 3188 ex
1919 3151 2006 3199 gula
2035 3156 2212 3187 causatur
2231 3149 2486 3198 materialiter,

1413 3205 1642 3254 inquantum
1672 3204 1812 3242 scilicet
1840 3205 1928 3253 gula
1957 3204 2142 3241 ministrat
2170 3203 2370 3240 materiam
2405 3215 2487 3240 cor-

1414 3260 1587 3308 poralem
1608 3258 1796 3295 luxuriae:
1818 3270 1895 3295 non
1916 3265 2044 3294 autem
2066 3257 2278 3294 secundum
2300 3257 2486 3294 rationem

1415 3325 1554 3349 causae
1583 3312 1726 3357 finalis,
1757 3311 1968 3349 secundum
1997 3322 2114 3360 quam
2144 3310 2341 3358 potissime
2370 3318 2488 3359 atten-

1416 3365 1514 3403 ditur
1543 3365 1649 3413 origo
1674 3364 1837 3402 aliorum
1856 3363 2037 3402 vitiorum
2058 3376 2103 3400 ex
2122 3363 2221 3401 vitiis
2250 3361 2485 3413 capitalibus.

1469 3421 1527 3456 An
1556 3430 1748 3456 secunaum
1768 3429 1954 3455 niet-:unum
1983 3418 2101 3466 quod,
2130 3418 2225 3454 sicut
2252 3429 2366 3467 supra
2384 3417 2405 3439 *
2433 3417 2487 3456 di-
2514 3401 2612 3456 29:¹³..

1471 3547 1496 3582 β)
1517 3548 1673 3582 quinimmo.
1685 3562 1703 3568 -
1714 3548 1778 3581 quin
1798 3556 1868 3574 nunc
1887 3548 2023 3582 ABEF'pC,
2043 3549 2168 3582 quoniam
2189 3556 2258 3575 nunc
2271 3548 2319 3582 pK,
2335 3555 2403 3582 quae
2417 3556 2488 3574 nunc

1417 3585 1441 3616 1;
1462 3585 1635 3618 quinimmo...
1649 3584 1765 3616 capitale
1783 3591 1837 3608 orn.
1857 3583 1887 3609 L.

1470 3622 1497 3653 γ)
1517 3627 1561 3645 ex.
1576 3634 1594 3639 —
1612 3619 1673 3644 Om.
1694 3620 1739 3644 Ρα.
1752 3634 1770 3639 -
1790 3620 1841 3644 Pro
1857 3619 1989 3651 procedit,
2006 3620 2138 3652 procedat
2157 3620 2202 3645 Pa.

2507 1742 2516 1750 ⁴
2528 1741 2535 1761 1
2546 1739 2581 1762 ad
2593 1739 2658 1766 Cor„
2668 1745 2719 1767 cap.

2506 1771 2617 1815 *aa*
2632 1772 2720 1815 ⁵220...-

2507 1823 2578 1842 ment.
2597 1799 2663 1842 oiim.
2679 1824 2721 1840 xm

2507 1853 2559 1875 sqq.

2514 2993 2576 3041 ἐρα.
2583 2998 2678 3019 mviii,
2683 2995 2725 3015 nn.

2588 3403 2727 3431 σαι-μη.
