2768 4198
61 524 68 534 '
84 523 121 545 Ad
135 524 208 550 Rom„
223 529 273 551 cap.

60 557 90 577 iv,
107 556 165 572 vers.
181 556 202 572 2.

61 626 71 636 ⁸
85 625 149 647 loen.
165 630 216 653 etp.
231 631 274 648 xii.

60 658 119 674 νει-ε.
129 658 166 681 43,

948 273 1219 320 QUAESTIO
1250 273 1446 319 CXXXII,
1475 271 1775 309 ARTICULUS
1806 270 1857 307 lV

303 355 454 406 operari
481 354 634 392 videtur
661 353 796 402 gloria,
826 353 1054 401 inquantum
1091 353 1272 401 importat
1299 363 1379 388 ma·
1404 354 1405 387 ἕ

303 408 582 447 nifestationem
613 407 792 444 bonitatis
817 406 993 443 alicuius:
1024 418 1114 443 nam
1135 406 1282 442 bonum
1313 418 1378 442 na-
1404 401 1406 405 ’

301 462 472 501 turaliter
506 468 657 499 amatur
693 468 728 497 et
765 461 977 497 honoratur
1015 460 1063 497 ab
1099 459 1291 496 omnibus.
1331 459 1380 495 Et

303 516 390 554 ideo
420 515 517 553 sicut
554 527 623 564 per
649 513 818 564 gloriam
855 526 954 563 quae
981 519 1036 550 est
1069 514 1172 562 apud
1199 514 1324 550 Deum
1345 511 1376 560 ³¹²,

303 569 549 618 consequitur
575 569 696 605 homo
727 567 987 605 excellentiam
1017 567 1054 604 in
1077 567 1190 604 rebus
1219 565 1378 611 divinis;

303 624 353 661 ita
391 623 505 660 etiarn
539 634 608 671 per
644 622 812 671 gloriam
849 622 1047 658 hominum
1075 620 1095 642 *
1133 616 1407 669 consequitur*

302 678 424 714 homo
462 675 725 713 excellentiam
755 675 793 712 in
823 676 937 712 rebus
966 674 1157 712 humanis.
1197 675 1247 711 Et
1278 673 1379 720 ideo,

302 738 461 780 propter
496 729 821 779 propinquitatem
859 729 909 766 ad
948 728 1231 774 excellentiam,
1262 739 1380 776 quam

302 783 480 821 homines
500 782 667 820 maxime
689 782 918 829 desiderant,
936 793 1179 830 consequens
1201 789 1256 818 est
1274 780 1380 830 quod

304 838 350 875 sit
379 838 543 874 multum
572 836 804 886 appetibilis:
846 844 882 874 et
915 836 1022 885 quod
1052 847 1095 872 ex
1126 835 1207 872 eius
1241 833 1382 871 inordi-
1408 876 1409 880 Ἰ

304 899 393 929 nato
414 890 585 940 appetitu
612 891 732 928 multa
751 890 842 927 vitia
867 890 1048 928 oriantur.
1079 890 1128 926 Et
1152 890 1202 926 ita
1219 887 1234 918 β
1259 887 1382 925 inanis

303 945 421 994 gloria
451 952 507 981 est
533 944 668 983 vitium
699 944 870 993 capitale.

357 1001 416 1035 AD
437 1009 576 1036 ptumum
596 1010 695 1035 ERGO
725 1009 911 1035 DICENDUM
941 996 1047 1046 quod
1067 995 1224 1044 aliquod
1243 994 1382 1031 vitium

304 1052 393 1089 oriri
410 1064 455 1089 ex
471 1051 651 1101 superbia
665 1064 745 1089 non
765 1058 953 1100 repugnat
973 1050 1007 1087 ei
1022 1049 1129 1099 quod
1150 1056 1207 1085 est
1222 1060 1306 1084 esse
1325 1046 1382 1084 vi-

263 1109 276 1162 ζ
303 1105 399 1143 tium
420 1106 602 1155 capitale:
634 1118 679 1143 eo
707 1106 824 1155 quod,
845 1105 942 1142 sicut
965 1115 1081 1152 supra
1099 1101 1120 1124 *
1149 1101 1292 1139 dictum
1313 1107 1381 1146 est,

303 1160 484 1209 superbia
511 1167 568 1196 est
603 1159 740 1210 regina
768 1164 806 1195 et
830 1164 954 1195 mater
988 1155 1159 1193 omnium
1188 1154 1380 1191 vitiorum.

332 1334 346 1337 U
357 1302 549 1336 ffisstqqu...
567 1304 703 1330 oriantur.
723 1303 760 1328 Et
777 1303 826 1328 ita.
837 1315 858 1322 -
875 1304 903 1326 et
920 1301 1012 1334 quia...
1031 1300 1160 1325 oriuntur
1178 1299 1238 1324 ideo
1258 1299 1304 1323 Pa.

2458 271 2505 307 83

1487 354 1547 389 An
1589 362 1781 389 secunaum
1820 361 2006 387 mesanum
2046 349 2152 399 quod
2190 350 2272 386 laus
2316 357 2352 386 et
2384 350 2509 386 honor

1434 413 1708 455 comparantur
1736 404 1785 442 ad
1813 403 1987 452 gloriam,
2016 411 2057 440 ut
2086 415 2202 452 supra
2221 402 2241 424 *
2271 403 2415 440 dictum
2442 411 2508 449 est,

1435 459 1530 497 sicut
1550 471 1687 496 causae
1709 471 1755 495 ex
1775 457 1915 506 quibus
1944 456 2063 505 gloria
2083 457 2264 505 sequitur.
2294 457 2406 494 Unde
2432 457 2510 504 glo-

1434 514 1489 552 ria
1528 520 1774 562 comparatur
1807 512 1855 549 ad
1886 523 1931 548 ea
1964 510 2065 548 sicut-
2098 510 2204 548 finis:
2244 517 2401 559 propter
2435 510 2512 546 hoc

1436 567 1538 604 enim
1567 566 1703 615 aliquis
1740 573 1843 603 amat
1871 565 2053 602 honorari
2083 572 2120 601 et
2153 563 2320 612 laudari,
2349 563 2512 612 inquan-

1435 630 1517 658 tum
1547 633 1616 670 per
1644 621 1718 657 hoc
1747 619 1882 668 aliquis
1911 618 2086 656 aestimat
2114 630 2155 655 se
2184 617 2222 655 in
2252 617 2415 655 aliorum
2443 629 2510 654 no-

1435 675 1514 712 titia
1542 675 1624 711 fore
1653 674 1905 723 praeclarum.

1489 731 1548 765 AD
1568 739 1729 765 Tannum
1750 738 1937 764 οιεΕΝῡυΜ
1966 726 2073 774 quod
2101 725 2222 762 inanis
2251 724 2370 773 gloria
2398 725 2514 761 habet

1407 779 1408 784 ’
1436 782 1685 832 principalem
1715 780 1902 818 rationem
1932 779 2155 829 appetibilis,
2186 779 2332 816 ratione
2361 778 2438 815 iarn
2460 778 2514 815 di-

1438 844 1496 874 cta
1515 835 1551 873 *ε
1583 843 1619 872 et
1646 836 1721 872 hoc
1750 834 1889 871 sufficit
1918 835 1966 871 ad
2000 833 2189 870 rationem
2217 832 2299 870 vitii
2333 831 2511 881 capitalis.

1438 891 1530 927 Non
1559 897 1687 926 autem
1716 887 1918 937 requiritur
1946 887 2052 936 quod
2071 887 2209 924 vitium
2231 885 2390 935 capitale
2413 897 2513 922 sem-

1437 956 1507 993 per
1535 943 1581 979 sit
1608 950 1811 992 peccatum
1841 941 2018 978 mortale:
2049 941 2140 988 quia
2160 940 2274 977 etiam
2305 952 2351 977 ex
2373 938 2513 976 veniali

1437 1004 1596 1046 peccato
1625 1002 1752 1045 potest
1780 995 1940 1031 mortale
1970 993 2078 1041 oriri,
2109 994 2336 1043 inquantum
2374 993 2514 1030 scilicet

1436 1050 1588 1087 veniale
1619 1048 1783 1098 disponit
1812 1048 1860 1085 ad
1890 1047 2063 1084 mortale.

983 1388 1322 1423 commentaria
1342 1385 1598 1419 Oai-<finalis
1620 1383 1825 1416 Caietam

334 1492 356 1513 N
378 1482 511 1513 articulo
535 1487 650 1522 quarto
674 1479 818 1511 eiusdem
841 1477 1038 1519 quaestionis
1069 1472 1383 1515 centesimaetrigesi-
1408 1498 1410 1511 2

307 1494 565 1558 Imaesecundae
579 1525 682 1555 multa
696 1530 868 1555 occurrunt
882 1533 920 1554 ex
931 1522 1070 1553 Martino
1080 1521 1108 1558 ¹⁸²,
1122 1521 1155 1552 in
1167 1531 1224 1562 qu.
1237 1531 1257 1550 v
1268 1519 1313 1556 ⁴²⁸¹,
1326 1520 1383 1550 du·
1408 1516 1410 1556 ξ

302 1571 355 1603 bia
370 1571 451 1603 circa
474 1570 593 1602 multas
611 1568 850 1611 propositiones
868 1567 990 1599 litterae
1005 1566 1032 1598 *.
1058 1567 1203 1597 Primum
1231 1572 1279 1596 est
1301 1564 1383 1596 circa
1409 1560 1411 1610 }

301 1615 510 1647 differentiam
519 1615 602 1646 inter
615 1614 799 1655 superbiam
814 1620 846 1644 et
864 1612 993 1644 inanem
1007 1611 1155 1653 gloriam,
1165 1610 1257 1652 quod
1273 1619 1383 1650 super·
1409 1611 1411 1640 l

301 1661 354 1692 bia
369 1667 416 1692 est
431 1659 631 1691 inordinatus
651 1658 812 1700 appetitus
829 1657 1040 1694 excellentiae,
1056 1656 1159 1687 inanis
1181 1655 1282 1696 gloria
1307 1664 1382 1685 vero

300 1705 501 1737 inordinatus
533 1704 694 1746 appetitus
729 1701 994 1734 manifestationis
1033 1701 1134 1742 ipsius
1169 1699 1381 1732 excellentiae.

301 1750 467 1788 Quoniam
491 1756 547 1780 aut
570 1749 727 1790 superbus
751 1748 872 1789 appetit
895 1746 1045 1778 excellere
1069 1745 1247 1777 secundum
1271 1744 1383 1775 verita-
1409 1751 1411 1782 j

300 1801 382 1826 tem:
407 1801 464 1826 aut
481 1794 662 1825 secundum
676 1792 906 1834 apparentiam.
931 1791 963 1822 Si
983 1791 1089 1832 primo
1106 1790 1218 1825 modo.
1235 1790 1298 1820 hoc
1314 1799 1381 1820 non

299 1839 426 1871 videtur
447 1839 584 1870 malum.
607 1838 640 1870 Si
665 1838 817 1873 secundo,
842 1837 904 1868 hoc
920 1843 968 1867 est
987 1842 1135 1876 appetere
1153 1834 1381 1866 manifestatio-

301 1894 377 1916 nem
395 1884 597 1915 excellentiae
620 1893 720 1924 quam
736 1892 803 1913 non
819 1882 929 1912 habet:
954 1881 1043 1922 quod
1061 1887 1181 1920 spectat
1195 1880 1236 1910 ad
1252 1879 1381 1909 inanem
1408 1886 1410 1917 ζ

301 1929 447 1972 gloriam,
472 1928 652 1960 secundum
674 1927 793 1968 ipsum.
1408 1934 1410 1955 ι

358 1973 541 2005 Secundum
562 1979 609 2003 est
625 1971 706 2003 circa
722 1971 810 2001 illam
827 1969 1098 2011 propositionem:
1124 1969 1179 1999 Ex
1193 1969 1282 1998 omni
1300 1968 1381 1998 bono

302 2018 388 2060 quod
410 2018 482 2059 quis
504 2018 642 2057 appetit,
667 2015 830 2057 quandam
845 2013 1078 2056 perfectionem
1105 2019 1135 2044 et
1156 2013 1380 2044 excellentiam
1408 2036 1409 2040 ,

302 2063 520 2104 consequitur,
539 2068 597 2092 etc.
622 2060 708 2098 Quia
732 2067 788 2091 aut
806 2060 869 2090 hoc
893 2066 974 2089 esset
998 2058 1174 2089 secundum
1197 2057 1381 2088 veritatem:

303 2115 359 2139 aut
387 2107 565 2138 secundum
596 2105 787 2146 opinionem
817 2103 1005 2144 appetentis.
1036 2103 1111 2134 Non
1139 2102 1246 2144 primo
1271 2102 1381 2137 modo,

303 2152 379 2194 quia
411 2161 468 2192 per
494 2160 628 2182 omnem
656 2149 876 2181 inordinatum
901 2148 1081 2188 appetitum
1111 2146 1304 2178 delectabilis
1327 2153 1383 2177 aut

303 2197 390 2229 utilis
413 2195 449 2228 fit
470 2195 559 2237 quis,
585 2195 764 2226 secundum
787 2193 967 2228 veritatem,
992 2191 1218 2232 imperfectior.
1243 2191 1310 2222 Nec
1334 2201 1380 2222 se-

304 2241 411 2273 cundo
435 2241 553 2271 modo:
578 2239 654 2280 quia
684 2238 874 2269 libidinosus
898 2245 928 2268 et
952 2247 1065 2267 avarus
1092 2236 1244 2276 opinatur
1267 2246 1299 2266 se
1323 2235 1383 2266 im·

303 2285 540 2328 perfectiorem3
571 2291 601 2315 et
623 2283 698 2314 inde
721 2290 768 2313 est
797 2282 888 2323 quod
911 2281 1028 2321 refugit
1044 2281 1120 2311 haec
1149 2280 1250 2311 facere
1275 2290 1383 2311 coram

303 2329 499 2365 hominibus,
524 2336 641 2369 putans
665 2338 697 2358 se
721 2327 840 2367 despici
864 2327 888 2357 si
914 2326 991 2357 haec
1015 2325 1162 2356 sciantur.

363 2375 505 2406 Tertium
530 2380 577 2404 est
600 2373 681 2404 circa
704 2372 793 2403 illam
815 2370 1091 2412 propositionem:
1115 2370 1215 2400 Fines
1236 2371 1381 2400 omnium
1408 2382 1409 2385 ¹

303 2421 453 2452 vitiorum
469 2417 667 2449 ordinantur
685 2418 718 2448 ίη
727 2417 834 2458 finem
850 2416 1031 2456 superbiae.
1052 2414 1218 2453 Quoniam
1234 2413 1306 2445 finis
1323 2425 1382 2456 pu·
1408 2444 1410 2447 ,

301 2463 534 2499 sillanimitatis‚
559 2462 694 2498 timoris,
718 2461 872 2498 luxuriae,
890 2460 1026 2498 acediae,
1047 2467 1078 2491 et
1100 2459 1299 2496 huiusmodi,
1315 2470 1382 2491 non
1408 2484 1409 2503 ἢ

302 2508 490 2541 ordinantur
518 2507 551 2538 in
574 2506 673 2538 finem
696 2506 880 2547 superbiae,
906 2505 1024 2536 scilicet
1055 2504 1256 2536 excellentiae
1285 2515 1382 2546 appe·
1408 2504 1410 2537 l

301 2554 408 2586 titum.
1008 2550 1010 2552 ’

357 2599 399 2629 Et
421 2607 459 2628 ex
480 2597 529 2627 his
549 2596 702 2627 omnibus
717 2594 813 2626 infert
835 2595 927 2636 quod
949 2597 1073 2625 Auctor
1088 2604 1154 2624 non
1171 2592 1382 2624 sufficientem
1408 2589 1409 2625 ἶ

301 2643 460 2675 rationem
488 2641 591 2672 reddit
618 2649 717 2682 quare
744 2640 893 2680 superbia
917 2640 1034 2680 regina
1063 2640 1213 2670 vitiorum
1238 2638 1380 2678 ponitur.
1408 2642 1409 2645 ’

359 2688 396 2718 11.
422 2687 474 2717 Ad
497 2686 640 2728 primum
663 2684 800 2715 dubium
823 2684 938 2715 dicitur
965 2683 1054 2724 quod
1081 2684 1238 2724 superbus
1262 2684 1384 2724 appetit
1408 2676 1410 2682 ’

302 2732 452 2763 excellere
476 2731 656 2762 secundum
679 2738 761 2760 rem:
787 2735 818 2760 et
841 2729 931 2770 quod
954 2728 1016 2759 hoc
1040 2735 1087 2759 est
1111 2734 1288 2768 peccatum,
1306 2728 1383 2769 quia

303 2776 486 2808 excellentia
517 2775 656 2816 appetita
684 2784 751 2805 non
779 2781 826 2804 est
855 2772 1098 2814 proportionata
1128 2772 1308 2813 appetenti,
1332 2773 1383 2804 vel

303 2820 490 2862 simpliciter
514 2820 563 2851 vel
586 2819 695 2862 quoad
719 2819 857 2849 modum
880 2817 1030 2849 habendi.

360 2867 411 2897 Ad
435 2866 614 2896 secundum
637 2864 774 2894 dubium
798 2863 914 2894 dicitur
936 2862 1025 2903 quod
1050 2861 1135 2892 aliud
1160 2869 1207 2892 est
1228 2861 1318 2902 loqui
1343 2863 1382 2892 de

303 2913 392 2943 bono
416 2911 506 2952 quod
530 2909 708 2950 appetitur,
733 2915 811 2949 puta
835 2906 1013 2938 delectabili
1037 2906 1087 2937 vel
1115 2906 1199 2937 utili:
1233 2906 1319 2936 aliud
1344 2907 1382 2937 de

304 2957 405 2987 modo
430 2954 600 2996 appetendi
625 2964 680 2984 seu
706 2953 843 2984 habendi
862 2954 986 2983 bonum
1003 2951 1092 2986 illud,
1110 2958 1187 2991 puta
1203 2950 1382 2982 inordinate

304 3011 360 3032 seu
376 3000 504 3031 iniuste.
528 3000 576 3030 Ex
595 2998 686 3030 omni
703 2998 862 3039 siquidem
885 2998 972 3028 bono
994 3003 1060 3027 tam
1087 2995 1263 3026 delectabili
1283 3006 1382 3036 quam

303 3045 373 3077 utili
397 3046 487 3086 quod
510 3045 611 3075 homo
636 3043 772 3084 appetit,
798 3042 1005 3082 consequitur
1028 3040 1130 3072 homo
1154 3039 1383 3081 perfectionem

303 3091 462 3132 aliquam:
487 3099 523 3120 ac
548 3099 605 3130 per
625 3088 697 3124 hoc,
716 3087 934 3118 excellentiam
949 3092 1092 3126 respectu
1110 3095 1176 3115 non
1196 3085 1383 3116 habentium

303 3136 402 3166 illam.
422 3137 546 3165 Avarus
561 3133 721 3174 siquidem
737 3131 873 3173 pecunia
890 3130 1051 3172 perficitur
1065 3130 1174 3170 quoad
1195 3130 1382 3169 potentiam,

305 3179 379 3221 quia
406 3186 512 3220 potest
539 3188 596 3220 per
619 3178 708 3208 illam
731 3177 821 3218 quod
844 3176 911 3206 sine
934 3176 988 3206 illa
1017 3185 1083 3205 non
1108 3181 1250 3215 poterat;
1280 3174 1384 3205 libidi-

305 3234 404 3255 nosus
426 3223 589 3264 perficitur
611 3223 644 3253 in
668 3222 810 3253 satietate
833 3220 1004 3261 appetituS,
1026 3229 1109 3260 quae
1133 3219 1290 3249 nonnulla
1313 3219 1382 3249 feli-

306 3268 407 3300 citatis
429 3278 503 3309 pars
525 3275 587 3304 est;
612 3267 761 3308 quamvis
785 3276 820 3297 ex
845 3266 950 3296 modis
978 3264 1115 3295 habendi
1139 3263 1291 3299 deterior,
1317 3274 1383 3293 non

306 3312 475 3354 perfectior
497 3311 562 3343 fiat.
587 3312 623 3342 In
646 3312 749 3343 littera
768 3318 876 3342 autem
900 3310 1015 3341 dicitur
1029 3309 1119 3350 quod
1142 3319 1185 3339 ex
1200 3310 1287 3339 omni
1302 3309 1383 3339 bono

307 3357 379 3399 quis
403 3356 579 3397 perficitur:
604 3363 636 3388 et
658 3366 735 3393 non,
756 3366 799 3387 ex
820 3357 907 3386 omni
923 3355 1017 3386 modo
1038 3353 1176 3384 habendi
1190 3354 1318 3384 bonum.
1342 3353 1384 3383 Et
1408 3348 1409 3372 ἶ

306 3413 343 3433 ex
362 3401 559 3442 turpitudine
578 3401 667 3431 modi
691 3401 839 3442 provenit
861 3400 951 3441 quod
973 3399 1135 3439 refugiunt
1158 3398 1305 3428 homines
1325 3398 1384 3428 ista
1408 3408 1409 3433 1

307 3456 416 3478 coram
439 3445 508 3476 aliis
531 3445 740 3477 committere.
774 3445 831 3476 Est
854 3455 930 3485 ergo
953 3454 1027 3475 vera
1053 3443 1174 3475 litterae
1202 3443 1382 3484 propositio

306 3489 603 3532 proportionaliter:
628 3490 719 3530 quod
742 3500 779 3520 ex
802 3491 890 3520 bono
916 3495 1090 3520 consecuto
1110 3488 1289 3519 secundum
1304 3497 1382 3524 rem,
1408 3501 1409 3506 =

307 3535 469 3577 perficitur
492 3534 671 3565 secundum
694 3543 776 3571 rem;
802 3541 975 3565 consecuto
1000 3542 1109 3564 autern
1132 3533 1311 3564 secundum
1327 3542 1382 3572 ap·
1408 3530 1410 3556 f

308 3580 495 3622 parentiam,
508 3578 669 3619 perficitur
683 3579 862 3610 secundum
874 3578 1093 3620 apparentiam
1108 3588 1164 3608 seu
1181 3578 1382 3618 opinionem.
1408 3595 1410 3621 ¹

308 3642 314 3643 κ
363 3625 414 3656 Ad
437 3623 566 3655 tertium
590 3622 704 3668 dicitur
726 3624 826 3664 quod,
850 3633 924 3654 cum
942 3623 1051 3654 omnia
1071 3623 1148 3654 vitia
1164 3622 1384 3653 machinentur
1408 3623 1411 3653 l

1437 1474 1487 1504 vel
1511 1474 1551 1504 ad
1574 1473 1700 1503 bonum
1717 1471 1983 1512 consequendum
2006 1471 2056 1501 vel
2079 1470 2247 1506 tuendum,
2265 1470 2314 1500 vel
2334 1470 2374 1500 ad
2394 1471 2517 1501 malum

1438 1518 1616 1553 vitandum,
1641 1526 1713 1547 vere
1728 1517 1779 1547 vel
1798 1523 2003 1556 apparenter;
2028 1523 2058 1546 et
2078 1522 2252 1556 utrumque
2272 1515 2391 1546 horum
2406 1516 2446 1546 ad
2466 1526 2518 1546 ex-

1437 1563 1618 1595 cellentiam
1642 1561 1818 1592 ordinabile
1843 1560 1901 1592 sit:
1933 1570 2134 1601 consequens
2158 1567 2204 1590 est
2228 1567 2263 1590 ut
2286 1560 2414 1590 nullum
2439 1560 2518 1591 exci-

1437 1608 1543 1650 piatur
1569 1607 1685 1638 vitiutn
1715 1617 1734 1637 a
1764 1605 1827 1636 fine
1855 1605 2033 1646 superbiae.
2063 1604 2286 1636 Pusillanimes
2317 1615 2457 1646 namque
2487 1612 2517 1636 et

1437 1653 1541 1685 timidi
1565 1652 1729 1683 retrahunt
1752 1661 1785 1682 se
1809 1661 1827 1681 a
1850 1651 1949 1687 bono,
1973 1651 2023 1681 vel
2047 1657 2158 1681 cavent
2178 1660 2195 1680 a
2212 1649 2308 1686 malo,
2334 1657 2369 1680 ut
2393 1660 2518 1680 conser-

1436 1706 1512 1730 vent
1535 1697 1626 1739 quod
1649 1696 1780 1727 habent:
1806 1702 1842 1726 ut
1865 1702 1951 1736 patet
1975 1696 2014 1726 de
2037 1705 2128 1726 servo
2153 1694 2208 1736 qui
2231 1694 2397 1725 abscondit
2420 1694 2517 1725 talen—

1437 1750 1508 1775 tum
1522 1743 1550 1774 *.
1575 1742 1616 1774 Et
1639 1742 1684 1772 sic
1707 1741 1746 1772 de
1771 1741 1849 1772 aliis.

1493 1788 1534 1819 Et
1558 1797 1596 1818 ex
1619 1787 1667 1817 his
1691 1793 1778 1827 patet
1801 1786 1890 1826 quod
1915 1786 1996 1816 bene
2020 1781 2195 1815 deductum
2219 1791 2266 1815 est
2289 1784 2322 1814 in
2344 1784 2446 1815 littera
2466 1793 2517 1814 su-

1437 1832 1580 1873 perbiam
1603 1841 1671 1862 esse
1695 1830 1838 1871 reginam
1861 1830 2025 1861 vitiorum.

1493 1877 1546 1908 111.
1572 1876 1606 1907 ln
1630 1876 1746 1907 eodem
1765 1875 1899 1906 articulo
1923 1882 2049 1916 quarto,
2075 1880 2151 1904 nota
2175 1873 2274 1914 quod,
2300 1873 2375 1914 quia
2399 1872 2470 1903 finis
2487 1881 2517 1904 et

1437 1921 1582 1952 medium
1606 1921 1646 1951 ad
1670 1919 1767 1951 finem
1791 1919 1881 1950 aliter
1905 1929 1937 1949 se
1961 1919 2079 1949 habent
2102 1918 2281 1949 secundum
2303 1917 2449 1948 ordinem
2469 1917 2516 1948 in-

1408 1971 1409 1974 ’
1437 1966 1605 2001 teudonis,
1631 1972 1661 1996 et
1691 1965 1781 1995 aliter
1811 1964 1990 1995 secundum
2014 1963 2160 1994 ordinem
2185 1962 2396 1999 executionis;
2428 1962 2517 2003 prius

1437 2012 1524 2042 enim
1541 2017 1587 2042 est
1607 2010 1638 2040 in
1656 2009 1832 2041 intentione
1849 2009 1965 2039 sanitas
1981 2018 2080 2050 quam
2098 2007 2265 2044 medicina,
2282 2007 2314 2037 in
2331 2007 2517 2038 executione

1437 2064 1545 2087 autem
1570 2055 1658 2096 prius
1682 2054 1849 2085 adhibetur
1873 2054 2031 2084 medicina
2054 2062 2154 2093 quam
2177 2052 2359 2093 acquiratur
2382 2052 2514 2083 sanitas:

1437 2101 1521 2137 ideo,
1546 2110 1621 2131 cum
1645 2100 1793 2140 superbia
1816 2106 1847 2129 et
1869 2098 1972 2128 inanis
1996 2098 2097 2138 gloria
2120 2107 2153 2128 se
2177 2097 2313 2128 habeant
2337 2103 2372 2127 ut
2395 2096 2466 2127 finis
2487 2103 2518 2128 et

1439 2146 1595 2179 medium,
1621 2145 1708 2185 prior
1732 2151 1778 2174 est
1801 2144 1833 2173 in
1857 2143 2033 2173 intentione
2059 2142 2251 2178 excellentia,
2273 2152 2354 2182 quae
2375 2149 2421 2172 est
2444 2141 2516 2172 finis

1439 2190 1617 2231 superbiae,
1640 2197 1670 2220 et
1695 2195 1927 2229 consequenter
1951 2187 2152 2228 apparentia,
2179 2197 2261 2227 quae
2285 2193 2332 2217 est
2354 2185 2426 2216 finis
2450 2186 2516 2216 ina-

1439 2235 1487 2265 nis
1518 2234 1654 2275 gloriae;
1690 2233 1744 2263 sed
1776 2233 1955 2263 secundum
1987 2231 2133 2262 ordinem
2168 2231 2379 2267 executionis,
2410 2230 2515 2271 primo

1437 2279 1623 2321 quaerimus
1647 2287 1809 2319 apparere,
1827 2284 1871 2314 ut,
1890 2276 2049 2307 manifesti
2065 2276 2129 2306 iarn
2146 2283 2176 2306 et
2196 2275 2280 2312 clari,
2299 2275 2516 2306 excellentiam

1439 2333 1686 2364 consequamur.
1721 2322 1889 2360 Quaerunt
1917 2321 2076 2362 siquidem
2104 2320 2232 2360 superbi
2259 2320 2460 2351 manifestare
2485 2330 2516 2350 se

1438 2377 1594 2410 tanquam
1616 2368 1732 2399 virtute
1755 2374 1811 2398 aut
1835 2373 1991 2407 potestate
2015 2373 2070 2396 aut
2093 2365 2247 2396 industria
2270 2365 2446 2407 praeditos,
2472 2373 2517 2401 ut,

1438 2413 1609 2448 manifesti,
1634 2419 1781 2443 amentur
1805 2419 1835 2442 et
1858 2412 2067 2442 honorentur.
2091 2411 2222 2441 Bonum
2242 2410 2338 2446 enim,
2360 2417 2395 2441 ut
2414 2410 2447 2440 in
2466 2410 2517 2440 lit-

1437 2467 1503 2490 tera
1527 2458 1651 2494 dicitur,
1675 2456 1860 2488 naturaliter
1883 2463 2008 2487 amatur
2032 2463 2062 2486 et
2085 2455 2263 2487 honoratur
2287 2465 2362 2486 cum
2384 2454 2517 2485 manife-

1437 2511 1524 2535 stum
1555 2510 1610 2534 est.
1646 2502 1752 2533 Amati
1783 2508 1890 2532 autem
1920 2508 1950 2532 et
1980 2500 2129 2531 honorati
2154 2500 2227 2531 clari
2252 2500 2418 2531 habentur.
2451 2500 2516 2537 Qui

1408 2546 1410 2558 '
1436 2555 1546 2580 autem
1568 2546 1700 2589 gloriosi
1724 2547 1891 2583 habentur,
1916 2545 2091 2586 propinqui
2107 2544 2181 2576 satis
2198 2551 2273 2575 sunt
2290 2552 2325 2575 ut
2341 2544 2517 2575 exaltentur

1436 2594 1476 2624 ad
1500 2593 1668 2633 dignitates
1692 2599 1723 2622 et
1746 2591 1954 2622 excellentias.
1982 2590 2024 2620 Et
2047 2589 2090 2620 sic
2114 2590 2215 2630 gloria
2239 2596 2286 2620 est
2309 2589 2452 2619 medium
2476 2590 2516 2619 ad

1437 2637 1655 2669 excellentiam
1679 2636 1915 2676 acquirendam,
1937 2642 1972 2666 ut
1994 2635 2026 2665 in
2046 2635 2148 2665 littera
2168 2645 2204 2664 ex
2219 2634 2278 2665 hac
2295 2634 2417 2665 ratione
2442 2644 2514 2674 pro-

1408 2686 1410 2693 *
1436 2684 1538 2714 batur.
1563 2683 1605 2713 Et
1627 2681 1671 2712 sic
1695 2681 1796 2712 oritur
1819 2680 1922 2711 inanis
1939 2679 2041 2721 gloria
2058 2690 2095 2710 ex
2111 2679 2259 2719 superbia
2275 2679 2356 2709 sicut
2370 2678 2515 2709 medium

1437 2738 1475 2759 ex
1497 2726 1570 2758 fine.
1595 2745 1616 2750 -
1640 2725 1751 2757 Oritur
1767 2724 1977 2756 nihilominus
1991 2723 2091 2764 gloria
2109 2734 2145 2754 ex
2161 2723 2342 2754 excellentia
2360 2730 2514 2763 tanquam

1408 2781 1410 2784 ·
1437 2772 1650 2814 quasi-passio
1676 2780 1713 2801 ex
1736 2770 1896 2800 subiecto:
1922 2770 2000 2800 dum
2018 2769 2166 2799 excellere
2187 2768 2294 2799 minus
2310 2767 2515 2798 aestimamus

1437 2817 1497 2847 nisi
1522 2816 1630 2847 effluat
1654 2815 1685 2845 in
1709 2815 1846 2845 aliorum
1871 2814 2037 2849 notitiam,
2062 2813 2148 2844 iuxta
2176 2813 2272 2844 illud:
2303 2813 2393 2843 Scire
2423 2818 2513 2843 tuum

1438 2862 1519 2893 nihil
1542 2866 1599 2898 est,
1625 2861 1688 2891 nisi
1710 2865 1742 2890 te
1763 2861 1848 2890 scire
1871 2860 1931 2890 hoc
1952 2860 2034 2889 sciat
2053 2859 2138 2889 alter
2151 2858 2178 2888 *.

1494 2906 1546 2937 IV.
1572 2906 1694 2935 Ambae
1718 2911 1825 2935 autem
1849 2904 1950 2935 dictae
1967 2903 2231 2944 propinquitates»,
2249 2902 2463 2933 connexiones
2486 2910 2515 2932 et

1437 2950 1667 2991 dependentiae
1680 2952 1713 2979 se
1726 2956 1835 2980 tenent
1847 2959 1883 2979 ex
1899 2955 1987 2989 parte
2003 2958 2109 2979 rerum
2126 2948 2305 2978 secundum
2321 2957 2363 2977 se.
2386 2947 2426 2977 Et
2441 2957 2513 2987 pro-

1437 3003 1560 3036 pterea,
1586 2995 1763 3025 secundum
1789 3004 1821 3024 se
1846 2993 2028 3034 loquendo,
2052 2993 2154 3023 inanis
2178 2991 2278 3033 gloria
2306 3002 2342 3021 ex
2366 2991 2513 3030 superbia

1437 3047 1494 3071 est.
1524 3040 1624 3078 Quod
1639 3046 1747 3070 autem
1772 3046 1918 3069 autumat
1934 3038 2057 3068 noviter
2076 3037 2231 3068 Martinus
2247 3036 2273 3072 *‚
2291 3042 2400 3066 contra
2425 3046 2512 3066 com-

1438 3095 1571 3115 munem
1596 3083 1783 3119 doctrinam,
1808 3083 1936 3113 inanem
1955 3082 2090 3123 gloriam
2108 3092 2174 3112 esse
2190 3081 2304 3112 vitium
2321 3080 2453 3120 capitale
2469 3090 2515 3110 re-

1437 3137 1547 3170 spectu
1572 3128 1748 3169 superbiae,
1774 3138 1840 3158 non
1862 3136 1909 3159 est
1931 3137 2043 3158 verum
2064 3126 2243 3157 secundum
2259 3135 2301 3161 se,
2327 3125 2382 3155 sed
2406 3126 2514 3165 quoad

1437 3185 1496 3204 nos
1521 3174 1726 3214 quandoque.
1762 3173 1803 3203 Et
1824 3173 1898 3203 ideo
1922 3179 1969 3203 est
1991 3171 2176 3211 simpliciter
2199 3170 2326 3201 falsum.
2360 3170 2401 3199 Et
2424 3176 2513 3200 tanto

1437 3219 1545 3249 minus
1569 3218 1818 3258 suscipiendum,
1844 3224 1982 3258 quanto,
2008 3217 2104 3246 simul
2128 3226 2203 3246 cum
2227 3215 2306 3251 hoc,
2331 3221 2425 3254 negat
2447 3214 2514 3244 ina—

1437 3273 1512 3294 nem
1535 3263 1670 3304 gloriam
1695 3272 1762 3292 esse
1787 3262 1920 3302 capitale
1941 3261 2057 3291 vitium
2080 3267 2223 3300 respectu
2248 3259 2407 3290 luxuriae:
2433 3269 2514 3300 quo-

1408 3308 1409 3341 }
1437 3308 1525 3338 niam
1544 3317 1581 3338 ex
1600 3314 1688 3347 parte
1705 3306 1814 3342 nostri,
1840 3306 1922 3336 sicut
1945 3315 2118 3346 possumus
2134 3304 2352 3335 excellentiam
2368 3304 2514 3334 ordinare

1437 3353 1470 3383 in
1485 3362 1601 3382 vanam
1619 3351 1755 3391 gloriam
1772 3358 1808 3381 ut
1826 3350 1934 3386 finem,
1950 3350 1994 3380 ita
2014 3359 2188 3390 possumus
2205 3349 2352 3380 ordinare
2370 3349 2512 3379 luxuriae

1437 3404 1525 3428 actus
1549 3397 1582 3427 in
1605 3406 1722 3426 vanam
1738 3395 1874 3435 gloriam
1898 3402 1935 3425 ut
1956 3394 2067 3430 finem:
2092 3404 2168 3425 cum
2191 3394 2283 3425 multi
2309 3395 2348 3424 de
2372 3393 2420 3424 his
2443 3393 2512 3433 glo-

1437 3442 1572 3475 rientur,
1598 3449 1628 3472 et
1657 3440 1751 3471 multi
1779 3440 1852 3470 ideo
1879 3439 2080 3470 luxurientur
2105 3446 2142 3470 ut
2164 3439 2371 3470 aestimentur
2394 3438 2511 3478 magni.

1492 3487 1585 3517 Unde
1601 3486 1640 3516 ad
1653 3492 1839 3525 argumenta
1851 3484 1990 3521 Martini,
2003 3484 2036 3515 in
2048 3494 2103 3525 qu.
2115 3483 2168 3521 v*‚
2183 3483 2355 3514 dicendum
2366 3483 2509 3513 breviter.

1437 3532 1489 3562 Ad
1513 3531 1653 3572 primum
1673 3530 1816 3571 quidem,
1841 3530 1932 3570 quod
1958 3529 2051 3560 multi
2067 3529 2217 3560 excellere
2233 3528 2382 3559 ordinant
2395 3528 2427 3557 in
2443 3528 2511 3566 glo-

1437 3576 1536 3606 riam:
1561 3575 1626 3606 iam
1650 3581 1737 3615 patet
1760 3575 1850 3615 quod
1872 3575 1935 3605 hoc
1959 3584 1995 3605 ex
2019 3580 2106 3614 parte
2130 3573 2230 3604 nostri
2255 3580 2310 3604 est.

1492 3621 1543 3651 Ad
1567 3620 1744 3651 secundum
1767 3629 1853 3655 vero,
1878 3619 1917 3650 de
1941 3618 2105 3655 Lucifero,
2130 3619 2219 3660 quod
2243 3618 2318 3659 quia
2341 3616 2510 3657 gloriosus,

2539 413 2547 421 ⁰
2557 412 2608 432 Art.
2619 416 2641 436 23
2653 417 2691 437 qu.
2703 416 2753 438 eni,

2538 441 2580 459 art.
2597 443 2612 464 ι,
2628 437 2656 459 ad
2670 443 2689 466 3.

2542 839 2551 847 ·
2566 837 2591 858 In
2606 842 2711 865 corpore.

2545 1739 2758 1768 ’Manli-capsa,

2545 1772 2604 1788 vers.
2619 1772 2656 1794 24,
2671 1772 2703 1795 25-

2544 2863 2551 2869 ·
2567 2860 2638 2882 Persii
2662 2860 2713 2881 Sat.
2738 2861 2756 2886 l,

2543 2893 2601 2908 vers.
2616 2893 2650 2915 27·

2542 3046 2551 3055 ⁸
2567 3044 2622 3066 Loc.
2637 3044 2685 3071 cit,
2697 3051 2754 3066 con-

2542 3072 2598 3093 clus.
2614 3077 2633 3100 3.

2541 3491 2548 3498 ⁹
2564 3488 2621 3510 lbid.
