2768 4198
920 286 1188 332 QUAESTIO
1219 287 1428 335 CLXXIV,
1458 288 1755 325 ARTICULUS
1786 288 1837 325 IV

280 366 353 396 ideo
370 366 546 396 secundum
563 364 783 404 imaginariam
797 364 955 394 visionem
972 364 1197 405 distinguimus
1218 366 1352 406 prophe-

279 410 340 440 tiae
367 409 500 450 gradus,
525 409 600 449 quia
629 409 745 448 gradus
774 408 977 448 imaginariae
1000 409 1132 439 visionis
1162 417 1236 440 sunt
1260 410 1349 450 signa

279 454 437 494 graduum
463 452 594 483 luminis
625 452 820 492 prophetici,
850 462 947 493 penes
978 454 1067 493 quod
1095 455 1279 493 graduanda
1303 462 1350 485 est

279 497 446 538 prophetia
468 505 623 537 tanquam
645 496 783 537 primam
807 503 838 527 et
855 507 963 527 veram
980 508 1163 528 mensuram
1181 498 1276 529 illius.
1301 499 1348 529 Ex

2396 293 2468 339 397

1403 376 1441 397 eo
1473 377 1612 407 namque
1642 368 1731 407 quod
1761 367 1877 407 gradus
1905 366 2036 397 luminis
2067 367 2246 407 prophetici
2276 375 2350 398 sunt
2380 369 2471 399 nobis

1402 410 1518 450 ignoti,
1543 418 1574 442 et
1592 410 1809 450 significantur
1831 421 1887 452 per
1903 411 2018 451 gradus
2032 411 2235 451 imaginariae
2251 412 2382 442 visionis
2404 421 2472 444 tan-

1403 465 1501 495 quam
1524 462 1683 495 patentes‚
1708 455 1892 487 rationabile
1909 463 1956 486 est
1979 463 2015 487 ut
2030 456 2146 496 gradus
2166 456 2352 496 prophetiae
2375 467 2472 497 penes

1374 532 1375 535 ¹
1401 499 1620 539 imaginariam
1644 500 1800 530 visionem
1825 500 2068 540 distinguantur.

1062 635 1383 677 ARTICULUS
1415 635 1690 687 QUARTUS

688 726 845 757 UTRUM
868 726 1038 757 MOYSEs
1062 727 1222 758 FUERIT
1246 727 1584 759 EXCELLENTIOR
1608 729 1799 760 OMNIBUS
1823 730 2064 762 PROPHETlS

901 815 942 840 De
966 815 1054 845 Verit„
1074 824 1118 848 qu.
1137 823 1180 845 xu.
1200 821 1245 842 art.
1266 824 1290 850 9,
1311 817 1342 841 ad
1366 825 1374 841 1
1386 825 1392 847 ;
1414 822 1459 842 art.
1483 825 1528 848 143
1550 818 1580 842 In
1601 818 1710 847 Isaiam,
1730 825 1785 850 cap.
1804 826 1838 844 Vl.

408 929 450 947 ,κ
489 914 512 940 D
533 914 707 945 QUARTUM
727 915 781 940 sm
801 914 1044 941 PRocemrun.
1060 903 1223 941 Videtur
1242 905 1347 953 quod

106 997 111 1003 ,
408 944 468 1015 ’ᾗῇ
489 957 648 1005 Moyses
667 968 746 993 non
766 956 877 993 fuerit
897 957 1138 994 excellentior
1167 957 1347 995 omnibus
1371 964 1373 978 ¹

35 1012 241 1063 “ngaghfraesat
398 1028 407 1033 ν
430 999 457 1049 ᾗ
472 1006 702 1059 Prophetis.
733 1009 833 1047 Dicit
853 1010 954 1047 enim
975 1010 1112 1047 Glossa
1134 1010 1165 1056 *,
1186 1011 1224 1047 in
1243 1011 1347 1059 prin-

154 1056 160 1062 ’
411 1094 414 1095 ⁷
446 1053 588 1111 Kcipio
618 1063 801 1110 Psalterii,
822 1065 928 1112 quod
946 1063 1076 1100 David
1097 1063 1232 1100 dicitur
1254 1065 1347 1100 Pro-

268 1116 384 1163 pheta
402 1127 476 1164 per
494 1116 766 1153 excellentiam.
797 1117 888 1153 Non
909 1127 998 1163 ergo
1020 1117 1178 1164 Moyses
1198 1116 1265 1153 fuit
1285 1129 1345 1153 ex·
1371 1141 1372 1152 ¹

276 1168 564 1206 cellentissimus
594 1170 783 1206 omniurn.

329 1233 364 1258 2.
386 1222 622 1271 PRAETEREA,
652 1222 799 1260 maiora
829 1221 1011 1259 miracula
1039 1221 1138 1258 facta
1164 1230 1252 1258 sunt
1278 1234 1348 1270 per

274 1275 399 1323 Iosue,
420 1275 487 1323 qui
515 1276 603 1315 fecit
629 1284 728 1313 stare
758 1275 879 1312 solem
900 1282 936 1311 et
959 1275 1103 1321 lunam,
1124 1282 1166 1311 ut
1184 1275 1347 1312 habetur

33 1327 214 1358 ⁸V⁶¹³r¹³·
272 1328 387 1364 Iosue
411 1339 435 1365 x
460 1329 498 1375 ²²,
530 1336 567 1365 et
593 1341 662 1378 per
698 1329 856 1375 Isaiam,
885 1327 951 1376 qui
985 1327 1072 1364 fecit
1106 1328 1345 1364 retrocedere

31 1380 44 1393 ⁸
57 1380 124 1404 Vm
137 1381 160 1404 ὅ
273 1381 408 1430 solem,
429 1390 470 1419 ut
489 1382 653 1419 habetur
673 1382 791 1419 Isaiae
811 1381 985 1427 xxxvu1*,
1007 1392 1124 1430 quam
1145 1393 1214 1429 per
1233 1382 1344 1429 Moy-

31 1437 246 1487 mw=m
273 1446 355 1482 sen,
384 1434 450 1484 qui
478 1434 606 1472 divisit
633 1447 740 1472 mare
768 1435 928 1471 rubrum
952 1433 983 1470 ³¹⁶.
1021 1433 1201 1470 Similiter
1231 1434 1344 1471 etiam

31 1490 195 1520 ’νῦ-*Η
271 1499 341 1537 per
369 1487 514 1535 Eliam,
543 1488 590 1525 de
620 1501 696 1537 quo
727 1487 872 1534 dicitur,
901 1486 1016 1524 Eccli.
1043 1498 1152 1524 vam
1175 1487 1216 1523 *z
1255 1488 1346 1529 Quis

266 1541 407 1589 poterit
432 1542 500 1578 tibi
523 1542 695 1578 similiter
725 1540 908 1591 gloriari,
937 1540 1004 1589 qui
1037 1540 1217 1577 sustulisti
1243 1553 1344 1578 mor-

271 1599 377 1631 tuum
396 1595 446 1631 ab
465 1594 624 1642 inferis?
651 1595 743 1631 Non
764 1606 854 1642 ergo
875 1594 1033 1642 Moyses
1062 1593 1131 1630 fuit
1159 1595 1344 1632 excellen-

271 1646 439 1685 tissimus
467 1648 757 1696 prophetarum.

326 1701 361 1737 3.
391 1701 638 1749 PRAETEREA,
668 1701 804 1738 Matth.
830 1712 867 1737 xl
890 1699 911 1721 *
940 1699 1076 1737 dicitur
1109 1700 1213 1749 quod
1248 1701 1346 1737 inter

270 1758 379 1790 natos
406 1753 609 1791 mulierum
639 1766 714 1792 non
743 1754 913 1791 surrexit
940 1754 1067 1790 maior
1092 1754 1240 1791 Ioanne
1267 1756 1344 1792 Ba-

263 1807 390 1856 ptista.
411 1806 504 1845 Non
525 1820 615 1856 ergo
636 1809 796 1856 Moyses
814 1807 883 1844 fuit
903 1806 1146 1844 excellentior
1165 1807 1344 1845 omnibus

268 1860 482 1910 Prophetis.

323 1914 399 1950 SED
420 1925 569 1951 CONTRA
587 1925 655 1951 EST
678 1914 786 1962 quod
806 1913 942 1950 dicitur
964 1914 1076 1950 Deut.
1097 1914 1162 1950 ult.
1183 1913 1221 1950 *ε
1250 1915 1342 1951 Νοη

267 1967 438 2004 surrexit
456 1968 644 2016 propheta
680 1967 780 2004 ultra
817 1967 853 2003 in
892 1966 1015 2003 Israel
1050 1966 1146 2003 sicut
1170 1968 1341 2016 Moyses.

322 2020 552 2058 Rsssponnsso
581 2032 768 2058 morannum
797 2020 922 2068 quod,
952 2019 1038 2056 licet
1070 2027 1257 2069 quantum
1296 2021 1344 2058 ad

268 2072 412 2122 aliquid
447 2073 583 2122 aliquis
621 2074 716 2111 alius
755 2074 1036 2122 Prophetarum
1073 2074 1184 2110 fuerit
1221 2074 1346 2111 maior

125 2133 144 2151 ⁸
269 2126 420 2175 Moyse,
451 2127 673 2176 simpliciter
700 2135 831 2164 tamen
850 2127 1008 2175 Moyses
1032 2126 1100 2163 fuit
1129 2127 1311 2164 omnibus
1327 2133 1345 2149 ‘²

27 2186 39 2198 ⁶
65 2186 184 2238 Art-“3³¹
201 2191 239 2213 ⁴³¹¹-
269 2180 405 2217 maior.
445 2182 487 2218 In
521 2181 725 2230 prophetia
752 2180 874 2226 enim,
905 2179 1001 2216 sicut
1030 2192 1076 2216 ex
1103 2181 1305 2229 praedictis
1324 2181 1345 2202 ’¹‘

27 2217 105 2240 m,
128 2242 144 2278 β
185 2227 193 2234 ”
267 2241 392 2282 patet,
422 2234 686 2272 consideratur
714 2241 751 2271 et
779 2233 944 2282 cognitio
964 2231 991 2280 β,
1020 2241 1099 2270 tam
1129 2234 1343 2271 secundum

267 2286 460 2324 visionem
495 2287 788 2324 intellectualem
826 2298 944 2335 quam
980 2286 1193 2324 secundum
1228 2287 1343 2324 visio-

269 2351 358 2377 nem
386 2340 672 2388 imaginariam;
701 2348 739 2377 et
758 2339 1013 2386 denuntiatio;
1045 2347 1081 2377 et
1101 2340 1342 2378 confirmatio

267 2405 339 2442 per
365 2393 563 2431 miracula.
593 2395 752 2443 Moyses
773 2406 864 2442 ergo
893 2393 962 2430 fuit
989 2393 1070 2430 aliis
1090 2394 1343 2442 excellentior,

268 2447 396 2496 primo
419 2447 591 2497 quidem,
612 2455 801 2496 quantum
831 2447 880 2485 ad
899 2446 1092 2484 visionem
1112 2447 1344 2485 intellectua-

268 2501 365 2537 lem:
400 2512 447 2538 eo
476 2501 583 2549 quod
611 2501 708 2538 vidit
735 2500 860 2550 ipsam
889 2500 962 2537 Dei
991 2500 1218 2548 essentiam,
1249 2501 1344 2538 sicut

269 2554 413 2590 Paulus
438 2554 477 2590 in
503 2561 613 2602 raptu
631 2554 668 2600 *;
699 2554 795 2591 sicut
813 2553 1048 2601 Augustinus
1071 2553 1170 2601 dicit,
1191 2555 1261 2590 XII
1281 2567 1343 2592 su-

0 2624 2 2652 ῑ
27 2611 217 2662 {neg-,gg
236 2654 241 2660 .
264 2618 337 2656 per
355 2607 448 2644 Gen.
465 2607 516 2644 ad
529 2607 594 2644 litt.
614 2606 634 2629 *
661 2607 774 2645 Unde
795 2607 941 2654 dicitur,
957 2607 1078 2644 Num.
1098 2619 1147 2644 xu
1166 2607 1218 2655 *²⁸2
1235 2609 1341 2656 quod

0 2658 4 2699 ἰ
25 2663 168 2693 mm*
235 2681 243 2692 ‚
262 2661 411 2709 palam,
429 2663 516 2697 'non
539 2672 614 2709 per
640 2661 861 2711 aenigmata
888 2661 1014 2697 Deum
1041 2661 1143 2697 videt
1157 2665 1185 2697 Ὺ.

0 2704 5 2766 g
26 2697 166 2742 esa-2.

26 1687 121 1712 ’Vm
135 1695 161 1712 n.

29 1901 41 1914 ⁸
51 1901 120 1925 Vn.
134 1907 167 1924 m.

0 2529 148 2592 42...

123 2755 142 2782 γ
268 2779 385 2817 quam
415 2767 524 2816 quasi
553 2767 603 2805 ad
632 2775 768 2804 nutum
797 2767 983 2813 habebat,
1013 2779 1092 2804 non
1121 2767 1246 2803 solum
1275 2780 1339 2805 au-

317 2883 346 2916 α)
365 2883 497 2909 omnibus.
509 2896 528 2902 —
545 2882 608 2908 aliis
627 2882 727 2908 addunt
744 2882 817 2907 PHa.

318 2918 344 2952 β)
363 2919 492 2953 cognitio.
503 2932 522 2938 -
539 2918 672 2952 cogitatio
691 2918 812 2943 ABEFL.

335 2956 345 2988 )
364 2955 447 2980 videt.
459 2969 478 2974 -
496 2955 566 2980 vidit
585 2954 742 2987 PDHKLpC
762 2960 788 2978 et
805 2961 830 2979 a.

317 2963 343 3023 ἔ)
363 2991 453 3016 etiam.
465 3005 484 3010 —
502 2994 529 3015 et
546 2990 575 3020 C,
594 2998 648 3015 om.
667 2990 748 3021 BEK;
767 2990 918 3022 loquentem
938 2990 1019 3015 etiam
1039 2998 1092 3016 om.
1113 2991 1146 3016 H.
1171 2989 1174 2991 ’

322 2714 516 2761 Secundo,
546 2721 733 2763 quantum
762 2714 812 2751 ad
840 2713 1103 2761 imaginariam
1131 2713 1340 2751 visionem:
1366 2743 1367 2762 2

1402 905 1509 942 diens
1528 906 1661 953 verba,
1683 907 1751 943 sed
1781 906 1894 943 etiam
1913 908 2050 945 videns
2071 909 2306 958 loquentem,
2327 911 2442 949 etiam
2457 911 2471 934 ὅ

1400 958 1439 995 in
1460 959 1585 1007 specie
1601 959 1686 1006 Dei,
1704 971 1782 996 non
1804 961 1930 997 solum
1947 961 1986 998 in
2006 962 2246 1011 dormiendo,
2268 965 2334 1002 sed
2355 966 2469 1003 etiam

1399 1010 1438 1047 in
1466 1011 1676 1060 vigilando.
1705 1012 1817 1050 Unde
1848 1013 1983 1051 dicitur
2001 1016 2124 1052 Exod.
2146 1021 2158 1037 ²
2176 1017 2332 1065 xxxu1*,
2363 1019 2469 1066 quod

1401 1064 1624 1112 loquebatur
1642 1065 1678 1101 ei
1691 1066 1880 1102 Dominus
1887 1068 1997 1114 facie
2015 1069 2229 1117 adfaciem,
2244 1071 2339 1108 sicut
2356 1074 2469 1109 homo

1398 1118 1495 1154 solet
1518 1118 1623 1166 loqui
1649 1130 1735 1154 cum
1763 1119 1887 1156 amico
1915 1132 1995 1157 suo.

1454 1171 1600 1218 Tertio,
1631 1179 1816 1219 quantum
1846 1173 1894 1209 ad
1924 1174 2274 1212 denuntiationem:
2305 1177 2394 1225 quia
2416 1178 2470 1214 lo-

1400 1224 1587 1272 quebatur
1623 1224 1691 1260 toti
1724 1226 1869 1273 populo
1907 1227 2080 1264 fidelium
2119 1240 2161 1264 ex
2198 1241 2363 1277 persona
2398 1231 2470 1268 Dei

1400 1277 1509 1324 quasi
1539 1277 1586 1313 de
1616 1289 1720 1314 novo
1750 1278 1873 1325 legem
1902 1292 2145 1329 proponens;
2175 1282 2235 1318 alii
2253 1295 2348 1319 vero
2378 1285 2470 1321 Pro-

1399 1330 1538 1378 phetae
1567 1330 1822 1378 loquebantur
1850 1332 1898 1368 ad
1927 1333 2118 1382 populum
2147 1334 2185 1371 in
2214 1348 2378 1383 persona
2399 1337 2471 1374 Dei

1399 1383 1509 1431 quasi
1547 1383 1771 1421 inducentes
1801 1385 1848 1420 ad
1879 1386 2162 1423 observantiam
2200 1389 2291 1436 legis
2329 1391 2469 1438 Moysi,

1400 1436 1613 1472 secundum
1647 1436 1740 1473 illud
1778 1438 1941 1475 Malach.
1974 1451 2008 1476 ιν
2035 1439 2070 1476 *z
2108 1441 2341 1479 Mementote
2376 1443 2471 1493 legis
2500 1452 2508 1460 ·

1399 1490 1545 1537 Moysi,
1574 1490 1677 1526 servi
1703 1491 1787 1526 mei.

1453 1542 1623 1589 Quarto,
1657 1551 1845 1592 quantum
1883 1544 1932 1581 ad
1967 1546 2231 1593 operationem
2269 1547 2471 1586 miraculo-

1390 1607 1503 1632 rum:
1524 1607 1623 1645 quae
1642 1596 1730 1633 fecit
1748 1597 1816 1634 toti
1835 1597 1901 1634 uni
1917 1597 1929 1621 t
1948 1599 2093 1647 populo
2114 1599 2339 1638 infidelium.
2360 1602 2471 1639 Unde

1399 1648 1535 1686 dicitur
1562 1651 1674 1686 Deut.
1705 1651 1770 1688 ult.
1791 1650 1831 1687 *ε
1860 1651 1952 1688 Νοη
1972 1653 2141 1689 surrexit
2165 1654 2263 1690 ultra
2285 1656 2472 1704 propheta

1398 1703 1435 1739 in
1451 1703 1576 1739 Israel
1592 1703 1689 1739 sicut
1705 1704 1877 1752 Moyses,
1894 1716 2005 1752 quem
2026 1712 2149 1743 nosset
2166 1707 2355 1745 Dominus
2363 1709 2472 1757 facie

1397 1756 1616 1804 adfaciem,
1638 1756 1676 1793 in
1697 1757 1872 1794 omnibus
1897 1758 2018 1808 signis
2038 1765 2151 1808 atque
2172 1762 2356 1810 portentis
2374 1773 2473 1810 quae

1368 1815 1370 1852 ξ
1393 1820 1466 1857 per
1479 1821 1566 1846 eum
1580 1809 1681 1846 misit
1701 1815 1741 1846 ut
1746 1811 1898 1858 faceret
1910 1812 1947 1848 in
1964 1817 2066 1849 terra
2081 1813 2261 1863 Aegypti,
2276 1815 2473 1853 Pharaoni

1368 1862 1370 1905 ξ
1397 1868 1434 1898 et
1459 1862 1633 1899 omnibus
1659 1863 1778 1900 servis
1805 1864 1896 1910 eius,
1918 1865 2190 1915 universaeque
2207 1873 2333 1904 terrae
2359 1869 2469 1906 illius.

1450 1916 1509 1952 AD
1539 1927 1677 1952 ptumum
1698 1928 1797 1953 ERGO
1827 1929 2014 1955 melerinum
2042 1920 2150 1968 quod
2172 1920 2374 1969 prophetia
2393 1923 2469 1959 Da-

1396 1969 1462 2006 vid
1492 1981 1537 2005 ex
1565 1969 1783 2018 propinquo
1813 1971 1957 2019 attingit
1982 1972 2173 2010 visionem
2204 1974 2332 2022 Moysi
2351 1987 2470 2024 quan-

1397 2030 1480 2059 tum
1501 2022 1549 2059 ad
1568 2022 1759 2060 visionem
1780 2023 2090 2062 intellectualem:
2121 2026 2210 2075 quia
2228 2034 2388 2076 uterque
2409 2041 2469 2065 ac-

1398 2075 1496 2125 cepit
1524 2075 1800 2114 revelationem
1838 2077 2074 2126 intelligibilis
2104 2087 2140 2116 et
2175 2082 2470 2129 supernaturalis

1396 2129 1563 2166 veritatis
1584 2129 1730 2177 absque
1750 2130 1974 2178 imaginaria
1992 2132 2140 2169 visione
2155 2133 2186 2170 ²¹³.
2212 2133 2318 2171 Visio
2338 2142 2470 2172 tamen

1398 2182 1526 2230 Moysi
1555 2182 1624 2219 fuit
1652 2183 1897 2221 excellentior
1924 2193 2111 2234 quantum
2142 2186 2190 2223 ad
2211 2187 2469 2236 cognitionem

1399 2235 1622 2272 divinitatis:
1652 2236 1720 2273 sed
1748 2237 1876 2274 David
1896 2238 2044 2286 plenius
2066 2240 2245 2287 cognovit
2266 2248 2302 2277 et
2321 2253 2471 2290 expres-

1399 2288 1446 2325 sit
1472 2289 1654 2337 mysteria
1682 2289 1950 2328 incarnationis
1980 2291 2130 2329 Christi.

1450 2343 1510 2378 An
1540 2354 1733 2380 SECUNDUM
1762 2355 1948 2381 monimum
1977 2345 2084 2394 quod
2112 2345 2174 2382 illa
2194 2346 2298 2394 signa
2318 2347 2470 2385 illorum

1397 2395 1680 2444 Prophetarum
1709 2397 1862 2434 fuerunt
1890 2398 2038 2435 maiora
2063 2399 2274 2437 secundum
2296 2400 2470 2438 substan-

1397 2448 1522 2485 tiam''¹
1551 2449 1657 2486 facti:
1692 2450 1759 2487 sed
1789 2458 1919 2488 tamen
1949 2452 2132 2489 miracula
2162 2453 2290 2501 Moysi
2318 2454 2470 2491 fuerunt

1396 2502 1544 2539 maiora
1558 2503 1772 2540 secundum
1792 2504 1954 2542 modum
1970 2505 2144 2553 faciendi,
2162 2506 2250 2554 quia
2270 2514 2358 2544 sunt
2371 2508 2468 2545 facta

1397 2555 1464 2592 toti
1492 2556 1652 2605 populo.

1449 2610 1509 2645 An
1528 2621 1690 2646 TERTmM
1709 2621 1895 2647 monimum
1916 2611 2021 2659 quod
2052 2613 2214 2648 Ioannes
2236 2612 2398 2661 pertinet
2418 2614 2466 2650 ad

1394 2674 1543 2699 novum
1563 2663 1869 2710 Testamentum,
1891 2664 1997 2701 cuius
2017 2664 2175 2701 ministri
2203 2666 2467 2714 praeferuntur

1394 2715 1508 2752 etiam
1537 2715 1608 2764 ipsi
1637 2716 1778 2764 Moysi,
1800 2717 1908 2766 quasi
1938 2718 2058 2766 magis
2086 2717 2249 2755 revelate
2270 2719 2466 2767 speculan-

1393 2774 1467 2805 tes:
1495 2776 1537 2805 ut
1564 2769 1727 2806 habetur
1755 2771 1785 2806 II
1815 2770 1868 2807 ad
1898 2771 1984 2808 Cor.
2006 2783 2041 2808 111
2061 2770 2092 2808 ²⁸.

1445 2885 1467 2917 ε)
1489 2884 1579 2910 Exod.
1591 2899 1611 2905 -
1628 2885 1709 2911 Num.
1729 2886 1832 2911 codices
1852 2890 1878 2911 et
1896 2893 1928 2916 a;
1946 2894 1995 2919 pro
2019 2893 2079 2911 cum
2105 2886 2192 2911 amico
2217 2893 2273 2915 suo,
2293 2887 2331 2912 ad
2348 2889 2463 2913 amicum

1391 2927 1469 2990 sung
1489 2920 1545 2983 ¹132.
1557 2970 1576 2976 -
1595 2957 1656 2982 Om.
1676 2957 1748 2982 PHa.
1761 2970 1780 2976 -
1799 2957 1850 2981 Pro
1869 2957 2024 2990 infidelium,
2037 2957 2164 2990 fidelium
2184 2958 2224 2983 ed.
2243 2965 2269 2983 a.

1444 2993 1471 3026 η)
1490 2993 1678 3018 substantiam.
1691 3007 1709 3012 -
1727 2992 1867 3018 scientiam
1885 2993 2019 3026 ADEKpF
2039 2998 2065 3018 et
2082 3000 2108 3018 a.

945 3078 1284 3112 Commentario.
1305 3079 1560 3113 cardinalis
1583 3080 1787 3113 Caietam

296 3167 317 3187 N
341 3157 474 3188 articulo
497 3165 612 3200 quarto
636 3158 781 3189 eiusdem
804 3158 1009 3200 quaestionis,
1027 3158 1124 3189 dubia
1143 3159 1209 3189 duo
1229 3169 1338 3191 occur-

187 3232 214 3252 at
269 3168 372 3232 Irunt
386 3211 423 3232 ex
436 3201 573 3233 Nicolao
590 3202 629 3233 de
645 3204 738 3244 Lyra,
763 3213 860 3243 super
883 3203 1042 3243 principio
1062 3203 1205 3234 Psalterii
1219 3202 1247 3234 *.
1271 3203 1337 3234 Pri-

27 3261 40 3273 ·
53 3247 220 3283 cs.'nun.u1.'
266 3245 391 3275 mum*
414 3251 462 3276 est
483 3245 564 3277 circa
590 3247 729 3278 rationes
751 3247 784 3278 in
808 3247 910 3278 littera
939 3247 1048 3278 allatas
1071 3247 1111 3278 ad
1134 3248 1338 3288 probandum

265 3289 356 3330 quod
377 3289 506 3330 Moyses
527 3289 588 3321 fuit
603 3291 790 3332 simpliciter
805 3292 1086 3323 excellentissimus
1106 3292 1272 3332 propheta.
1295 3292 1338 3323 Et

266 3340 376 3364 contra
397 3333 537 3373 primam
549 3334 707 3366 rationem
730 3336 840 3367 obiicit
857 3336 1035 3377 dupliciter.
1059 3336 1178 3367 Primo.
1203 3336 1337 3367 Claritas

267 3377 459 3418 cognitionis
490 3383 598 3408 actum
627 3379 840 3420 prophetandi
873 3381 1043 3412 excludens
1077 3391 1142 3411 non
1173 3381 1338 3412 constituit

267 3421 522 3452 excellentiorem
541 3421 676 3461 gradum
693 3424 891 3464 prophetiae.
916 3425 978 3456 Sed
993 3425 1073 3455 visio
1091 3425 1215 3455 divinae
1232 3435 1336 3455 essen-

266 3466 327 3497 tiae
347 3465 485 3496 excludit
506 3472 613 3496 actum
636 3467 859 3506 prophetandi,
876 3469 956 3500 sicut
976 3476 1007 3500 et
1025 3476 1133 3500 actum
1151 3469 1240 3501 fidei:
1261 3469 1336 3510 quia

266 3517 401 3551 uterque
424 3516 471 3540 est
494 3510 670 3540 necessario
695 3510 932 3551 aenigmaticus.
956 3513 1052 3554 Ergo.

322 3554 494 3590 Praeterea,
511 3554 536 3583 si
552 3554 629 3585 haec
647 3554 728 3585 ratio
744 3555 870 3592 valeret,
887 3564 1071 3598 sequeretur
1094 3558 1184 3599 quod
1206 3559 1334 3599 Moyses

266 3598 377 3629 fuisset
400 3597 602 3629 excellentior
625 3598 799 3638 Apostolis,
824 3606 955 3640 excepto
982 3602 1092 3633 Paulo.
1117 3603 1158 3633 Et
1181 3609 1266 3633 tenet
1289 3613 1334 3633 se-

1391 3160 1501 3201 quela:
1526 3160 1602 3201 quia
1628 3161 1757 3201 Moyses
1781 3160 1860 3191 vidit
1887 3160 2028 3190 divinam
2059 3160 2245 3196 essentiam;
2271 3160 2322 3190 alii
2353 3167 2461 3191 autem

1389 3204 1539 3244 Apostoli
1563 3214 1641 3234 non.
1666 3203 1877 3245 Consequens
1894 3205 2082 3245 reprobatur
2095 3204 2128 3234 in
2144 3204 2203 3235 hac
2219 3204 2322 3235 littera
2333 3203 2360 3240 *,
2382 3205 2461 3235 dum

1390 3248 1525 3279 ministri
1549 3248 1625 3278 novi
1648 3248 1846 3279 Testamenti
1869 3248 2091 3289 praeferuntur
2113 3248 2230 3290 Moysi.

1445 3292 1567 3323 Contra
1581 3292 1755 3323 secundam
1766 3292 1784 3312 *
1798 3292 1955 3324 rationem
1971 3292 2089 3329 obiicit,
2106 3292 2182 3333 quia
2198 3292 2396 3324 denuntiatio
2414 3300 2461 3324 est

1389 3337 1510 3378 aliquid
1541 3346 1740 3377 consequens
1771 3337 1988 3377 cognitionem
2018 3337 2248 3377 propheticam.
2281 3337 2357 3368 Non
2383 3347 2458 3378 ergo

1389 3381 1487 3411 variat
1509 3381 1646 3421 gradum
1669 3381 1866 3421 prophetiae.

1445 3424 1566 3456 Contra
1595 3431 1741 3466 quartam
1772 3425 1928 3456 rationem
1959 3424 2097 3462 litterae,
2127 3425 2166 3455 de
2197 3424 2457 3462 confirmatione,

1389 3469 1512 3505 obiicit,
1543 3469 1618 3510 quia
1650 3468 1848 3500 confirmatio
1879 3479 1935 3510 per
1966 3469 2094 3509 signum
2125 3469 2331 3510 consequitur
2362 3470 2457 3500 etiam

1388 3513 1599 3555 prophetiam.
1618 3513 1710 3544 Unde
1727 3520 1757 3544 et
1774 3513 1907 3544 Ioannes
1922 3513 2064 3553 Baptista
2078 3514 2204 3544 nullum
2219 3515 2351 3555 signum
2360 3514 2454 3555 fecit,

1390 3562 1426 3588 ut
1442 3558 1556 3588 dicitur
1572 3558 1657 3588 Ioan.
1671 3568 1690 3588 x
1705 3557 1738 3588 *ζ
1763 3565 1795 3589 et
1817 3565 1924 3589 tamen
1950 3571 1965 3587 ι
1980 3567 1997 3588 a
2020 3557 2105 3589 dicto
2121 3558 2261 3590 Doctore
2277 3571 2291 3586 ›
2317 3558 2454 3598 praefer-

1389 3609 1440 3633 tur
1463 3602 1568 3643 Moysi
1582 3602 1609 3633 *.

2498 1054 2508 1064 '⁸
2523 1053 2589 1075 Vers.
2604 1060 2628 1075 n.

2522 1450 2589 1472 Vere.
2606 1457 2630 1477 4.

2500 1661 2509 1671 ·
2524 1660 2589 1682 Vere.
2606 1666 2637 1684 ιο,
2652 1666 2673 1682 u.

2498 2141 2507 2150 ¹·
2522 2139 2550 2160 D.
2566 2139 2628 2168 1069.

2492 2771 2502 2781 '¹
2518 2771 2582 2793 Vers.
2598 2777 2611 2799 7
2625 2778 2676 2799 sqq.

2489 3208 2498 3216 ⁸
2513 3207 2581 3236 Resp.
2596 3208 2624 3230 ad
2638 3215 2657 3236 3.

2487 3297 2496 3305 ⁸
2510 3295 2619 3318 Tertiam.
2635 3309 2646 3313 -
2661 3296 2696 3318 Cf.

2486 3322 2525 3343 cit.
2537 3322 2582 3344 loc.
2591 3322 2667 3344 Nicol.

2485 3559 2494 3566 ⁵
2507 3556 2572 3578 Vers.
2587 3563 2620 3584 41.

2483 3593 2493 3602 ⁸
2507 3592 2572 3620 Resp.
2586 3594 2614 3615 ad
2629 3599 2648 3621 3.
