2768 4198
33 560 111 608 ’Sca-lph
122 565 156 607 ιιι,
168 565 191 581 n.
203 559 247 581 16.-

52 602 58 608 .
112 602 117 607 .
141 590 183 608 eet.
197 592 245 607 vni.

34 646 42 654 ⁸
57 645 127 666 Num.
142 650 156 665 κ

32 958 39 965 ·
51 956 82 977 Ca
102 961 154 981 .1n‚
165 961 240 981 n.14.-

31 983 54 1003 S.
92 982 114 1003 h.
129 982 180 1003 lect.
191 987 240 1002 νιιι.

123 1404 159 1424 ιιι,
174 1403 196 1419 ιι.
207 1404 241 1426 3.—

125 1425 175 1446 lect.
192 1431 222 1446 ιν.

24 2578 31 2586 ·
40 2576 91 2598 Vid.
103 2577 235 2598 Comi-nent.

23 2603 95 2624 (Laiet.
108 2607 160 2630 post
170 2607 211 2624 art.
219 2609 231 2625 ι,

23 2783 234 2809 ⁸Qu.cxvu,art.2.

24 2943 113 3016 ‚3933
128 2947 236 2990 Ἢῧίῖκῗῒ

275 305 323 342 92

275 383 349 403 nem
366 373 474 404 ardui:
500 380 530 403 et
553 372 626 403 ideo
643 383 660 402 a
677 372 817 413 qualibet
841 369 978 410 perfecta
1002 369 1118 399 virtute
1134 367 1178 399 fit.
1204 368 1244 399 Et
1266 368 1349 408 ipsa-

274 424 340 448 met
364 425 399 448 ut
423 417 528 448 induit
551 417 708 447 rationem
732 416 864 450 formae,
889 414 983 444 habet
1006 413 1163 443 rationem
1186 412 1293 443 ardui:
1319 420 1350 444 et

274 462 346 492 ideo
371 473 389 492 a
412 462 480 492 sola
504 461 763 501 magnanimitate
788 458 952 499 respicitur
975 458 1008 487 in
1032 467 1128 497 opere
1144 457 1289 487 virtuoso
1314 463 1350 487 ut

274 506 306 536 in
331 506 472 537 materia.
503 506 596 536 Unde
627 503 873 544 magnanimitas
898 507 1033 532 ornatus
1061 500 1176 531 dicitur
1205 502 1347 531 omnium

275 552 441 588 virtutum,
460 550 502 581 1V
518 550 620 580 Ethic.
637 549 672 579 *z
694 548 769 589 quia
789 546 977 586 magnitudo
994 546 1063 586 ipsa
1081 545 1237 575 rationem
1254 545 1349 576 habet
1375 544 1376 571 l

275 594 396 625 formae
421 594 562 625 ornantis
587 603 699 624 omnes
722 592 864 623 virtutes.

330 640 382 670 lV.
408 640 458 670 Ad
482 645 667 678 argumenta
691 636 787 676 primi
821 633 943 665 dubii*
968 634 1208 673 respondendo,
1234 643 1346 664 conce·

273 684 357 714 ditur
382 685 470 724 quod
495 692 591 713 omne
616 691 699 721 opus
719 681 901 710 virtuosum
925 685 1084 719 quatenus
1100 688 1266 718 magnum,
1283 677 1346 708 for·
1373 686 1375 710 ξ

272 728 396 758 maliter
420 735 450 759 et
473 738 509 758 ex
533 726 709 757 intentione
733 724 850 755 directa
874 730 995 764 spectat
1024 723 1064 753 ad
1092 723 1345 763 magnanimum.

271 773 337 803 Nec
362 772 492 812 aliquod
517 771 589 807 tale,
615 777 650 800 ut
674 770 728 806 sic,
754 775 875 809 spectat
899 768 940 798 ad
964 766 1181 807 magnificum.

326 817 376 846 Ad
401 816 577 847 secundum
610 814 724 845 dicitur
747 814 836 854 quod
860 812 1084 852 magnanimus
1108 811 1276 852 dupliciter
1298 821 1345 842 re-

271 860 361 902 spicit
377 861 416 890 ad
433 860 620 897 bonitatem.
645 858 765 895 Primo,
783 857 1001 888 materialiter:
1027 856 1103 897 quia
1119 856 1249 887 materia
1270 866 1346 887 suae
1372 863 1374 883 1

270 905 391 935 formae
415 912 461 935 est
484 914 568 945 opus
598 905 734 934 bonurn.
767 903 807 934 Et
830 909 1012 943 propterea,
1037 908 1073 932 ut
1101 901 1216 932 dicitur
1245 901 1278 931 in
1303 901 1346 932 IV

268 950 372 980 Ethic.
390 949 421 985 *‚
446 954 569 989 oportet
594 949 840 989 magnanimum
870 957 938 978 esse
962 948 1152 978 virtuosum.
1185 946 1345 982 Secundo,

269 994 458 1025 formaliter:
483 994 565 1024 sicut
584 993 744 1034 quaelibet
765 992 864 1022 virtus
887 991 920 1022 in
938 999 1008 1023 actu
1026 1001 1086 1022 suo
1110 990 1196 1031 eligit
1213 990 1347 1022 scienter

268 1040 401 1074 bonum,
420 1045 477 1069 etc.
504 1038 588 1069 Cum
606 1047 681 1078 ergo
706 1037 738 1068 in
758 1037 861 1068 littera
881 1036 995 1067 dicitur
1010 1036 1100 1077 quod
1116 1036 1346 1077 magnanimus

268 1084 397 1123 respicit
418 1083 520 1114 solam
550 1084 665 1124 magni
696 1083 853 1113 rationem
885 1082 972 1112 circa
996 1081 1071 1118 hoc,
1089 1081 1269 1112 notandum
1300 1087 1347 1111 est
1373 1107 1374 1111 ,

268 1135 298 1158 et
321 1128 353 1169 ly
376 1128 464 1159 circa
488 1128 566 1159 hoc:
596 1127 671 1168 quia
697 1128 828 1158 denotat
859 1125 1025 1157 materiam
1049 1125 1203 1165 primam,
1229 1124 1348 1156 scilicet
1372 1120 1375 1162 T

268 1182 351 1213 opus
374 1172 571 1209 virtuosum
606 1172 650 1203 ita
674 1172 763 1213 quod
788 1171 869 1202 circa
893 1181 976 1211 opus
1000 1170 1182 1201 virtuosum
1205 1176 1347 1201 versatur

268 1224 303 1248 ut
327 1217 510 1254 materiam,
535 1228 570 1248 ac
595 1227 651 1257 per
674 1217 752 1253 hoc,
779 1227 845 1247 non
874 1215 1087 1246 indifferenter
1117 1225 1150 1246 se
1182 1214 1277 1245 habet
1306 1215 1346 1245 ad
1373 1238 1374 1249 ,

268 1262 375 1302 ipsum
399 1262 526 1294 bonitas
550 1261 710 1293 materiae.
733 1262 923 1292 Notandum
947 1267 994 1291 est
1017 1259 1112 1291 etiarn
1132 1260 1222 1300 quod
1246 1261 1346 1301 respi—
1373 1258 1374 1286 ἶ

267 1317 340 1338 cere
364 1306 501 1338 sumitur
524 1316 583 1347 pro
602 1307 723 1337 directe
747 1312 777 1337 et
794 1307 904 1347 primo
928 1305 1104 1336 intendere.
1137 1305 1177 1335 Et
1200 1304 1289 1345 quod
1314 1304 1347 1346 ly

266 1352 336 1383 sola
362 1362 427 1382 non
444 1351 582 1382 excludit
606 1351 854 1382 concomitantia
873 1360 987 1381 omnes
1003 1349 1134 1380 virtutes
1158 1359 1240 1390 quae
1264 1349 1296 1379 in
1319 1349 1346 1380 11

267 1397 371 1427 Ethic.
389 1396 406 1415 *
430 1403 654 1433 numerantur,
678 1403 755 1436 puta
779 1396 868 1437 quod
891 1396 996 1426 sciens
1020 1402 1051 1425 et
1074 1395 1199 1435 eligens
1218 1401 1248 1425 et
1265 1404 1346 1435 pro·
1373 1429 1374 1439 η

262 1447 338 1482 pter
360 1442 429 1478 hoc,
455 1448 531 1472 etc.:
560 1441 615 1472 sed
639 1441 778 1471 excludit
802 1440 953 1481 speciales
978 1449 1034 1470 seu
1059 1438 1279 1470 differentiales
1303 1449 1348 1469 ra·
1372 1471 1374 1482 ⁴

267 1487 370 1517 tiones
394 1486 559 1522 virtutum,
578 1493 655 1526 puta
679 1485 816 1516 iustitiae
833 1493 869 1517 ut
886 1485 940 1521 sic,
957 1483 1212 1515 mansuetudinis
1232 1490 1268 1514 ut
1291 1483 1345 1521 sic,

268 1539 298 1562 et
322 1531 365 1561 sic
398 1531 437 1561 de
468 1531 548 1561 aliis.
573 1548 591 1553 -
615 1531 656 1561 Et
680 1541 735 1571 per
759 1530 821 1561 hoc
850 1537 937 1570 patet
970 1528 1136 1569 responsio
1168 1529 1207 1559 ad
1236 1528 1345 1559 omnia

267 1582 454 1616 argumenta
479 1575 516 1606 de
541 1583 685 1616 respectu
709 1575 810 1606 solius
833 1574 1073 1615 magnitudinis.

323 1621 373 1651 Ad
397 1620 526 1651 tertium
550 1627 672 1656 autem,
699 1620 737 1650 de
762 1619 994 1660 productione,
1020 1618 1134 1649 dicitur
1163 1618 1252 1659 quod
1276 1627 1344 1648 ma·
1372 1652 1373 1656 Ἰ

266 1665 436 1705 gnanimus
461 1665 535 1696 facit
557 1664 811 1705 magnitudinem
836 1671 872 1695 ut
895 1664 1052 1694 formam:
1078 1670 1108 1694 et
1127 1663 1229 1694 iustus
1254 1662 1344 1693 iusti-

266 1710 360 1746 tiam,
387 1717 417 1741 et
444 1709 699 1749 magnitudinem
732 1717 767 1740 ut
798 1708 1028 1740 conditionem.
1063 1708 1131 1739 Nec
1163 1715 1211 1739 est
1233 1717 1345 1738 verum

266 1755 354 1796 quod
379 1755 464 1785 idern
489 1754 528 1785 sit
551 1765 634 1795 opus
659 1764 814 1794 magnum
831 1761 862 1784 et
877 1764 934 1784 sua
958 1752 1157 1793 magnitudo,
1175 1753 1345 1792 praecipue
1371 1783 1373 1798 Ι

266 1807 302 1831 ut
326 1799 444 1830 forma:
476 1799 578 1829 immo
603 1799 844 1839 distinguuntur
866 1807 979 1838 genere
1004 1797 1035 1828 in
1061 1807 1127 1828 esse
1156 1797 1284 1834 morali,
1310 1804 1346 1827 ut
1371 1814 1373 1836 ;

265 1845 403 1875 arduum
427 1844 465 1874 ab
496 1844 642 1875 absolute
666 1843 841 1883 appetibili.
867 1860 886 1865 -
910 1842 960 1873 Ad
985 1842 1107 1882 reliqua
1130 1851 1206 1872 vero
1231 1841 1346 1872 dicitur
1371 1846 1373 1885 ᾗ

265 1890 353 1930 quod
371 1888 605 1929 magnanimus,
623 1888 769 1919 faciendo
792 1897 946 1927 magnum
965 1886 996 1916 in
1013 1896 1109 1928 opere
1134 1885 1281 1922 iustitiae,
1299 1892 1345 1916 at-

266 1934 358 1974 tingit
383 1934 421 1964 de
441 1933 524 1964 facto
542 1943 625 1973 opus
649 1932 782 1969 iustum,
800 1931 1002 1963 materialiter
1018 1938 1143 1962 tamen:
1169 1930 1224 1962 sed
1240 1930 1343 1961 solam

265 1978 519 2018 magnitudinem
549 1977 736 2009 formaliter.
766 1977 806 2009 Et
837 1977 877 2008 ad
909 1976 1019 2007 omnia
1049 1986 1132 2017 quae
1161 1975 1343 2012 afferuntur,

266 2023 450 2054 conceditur
473 2023 562 2064 quod
587 2022 734 2059 scienter,
763 2032 799 2053 ex
824 2022 1001 2053 intentione
1026 2028 1057 2052 et
1080 2020 1233 2052 electione
1258 2019 1345 2061 eligit

264 2079 418 2109 magnum
443 2075 474 2098 et
489 2069 613 2098 bonum
632 2067 808 2108 dupliciter,
828 2074 863 2098 ut
887 2066 975 2107 prius
999 2066 1120 2097 dictum
1146 2072 1205 2096 est:
1227 2065 1344 2096 scilicet

264 2113 439 2144 formaliter
452 2113 560 2154 quoad
578 2112 711 2143 formale
725 2112 846 2153 proprii
860 2119 958 2148 actus,
973 2118 1004 2142 et
1019 2110 1223 2142 materialiter
1234 2109 1343 2152 quoad

265 2158 430 2189 materiam
454 2157 601 2198 propriae
626 2157 747 2188 formae
772 2164 803 2188 et
826 2155 898 2187 finis
918 2155 1134 2197 principaliter
1157 2155 1280 2186 intenti.

1233 2240 1301 2248 Am

914 290 1182 338 QUAESTIO
1213 290 1430 338 CXXXIV,
1459 291 1758 329 ARTICULUS
1789 293 1838 328 Ill

1375 372 1377 404 Ι
1460 370 1508 401 Ex
1532 371 1650 412 quibus
1667 378 1754 412 patet
1769 372 1859 412 quod
1883 371 2003 411 positio
2019 371 2168 402 Auctoris
2192 371 2225 401 in
2250 372 2341 402 nullo
2366 371 2481 408 deficit,

1375 405 1377 457 f
1404 413 1512 445 dicens
1536 425 1633 446 omne
1670 425 1754 456 opus
1785 417 1928 452 bonum,
1953 423 2112 457 quatenus
2136 426 2310 456 magnum,
2336 426 2373 447 ex
2396 416 2480 456 prin-

1375 500 1376 503 Ἰ
1404 457 1497 498 cipali
1529 459 1706 490 intentione
1734 467 1875 501 spectare
1903 460 2077 492 formaliter
2107 461 2147 491 ad
2175 461 2479 501 magnanimitatem.

1402 503 1454 552 ad
1476 502 1510 532 id
1532 513 1608 534 vero
1633 505 1723 544 quod
1754 505 1883 536 additur
1906 506 1945 536 de
1969 505 2100 536 materia
2123 505 2407 546 magnanimitatis,
2434 505 2480 536 di—

1403 553 1485 576 citur
1508 547 1598 587 quod
1622 548 1729 579 minor
1748 555 1795 580 est
1818 548 1906 580 falsa.
1938 550 1979 581 Et
2001 550 2149 590 probatio
2174 550 2253 580 nihil
2278 550 2374 580 valet:
2401 559 2480 591 quo—

1373 587 1376 616 ἶ
1403 590 1505 627 niam,
1530 592 1653 642 seclusa
1677 593 1767 623 omni
1794 593 2066 625 administratione
2098 594 2239 635 publica,
2265 594 2382 626 dicitur
2408 594 2480 635 quis

1403 645 1628 675 magnanimus
1652 636 1679 666 si
1702 647 1857 677 magnum
1881 648 1965 679 opus
1988 639 2113 670 virtutis
2128 639 2201 670 facit
2225 649 2261 670 ex
2285 639 2478 675 intentione;

1373 718 1375 730 Ι
1402 686 1433 710 et
1456 680 1682 720 pusillanimus
1712 681 1738 712 si
1768 691 1835 712 non
1858 683 1954 714 audet
1984 684 2024 714 ad
2054 684 2152 719 illud.
2178 690 2214 715 ut
2237 690 2324 725 patet
2354 684 2392 714 de
2417 694 2478 715 ser-

1373 736 1375 762 3
1401 734 1443 754 vo
1468 724 1525 765 qui
1548 725 1714 756 abscondit
1740 725 1896 757 talentum
1918 726 1954 763 *;
1978 735 2009 759 et
2026 735 2312 769 praesumptuosus
2335 729 2362 759 si
2378 736 2478 759 atten-

1402 775 1446 799 tat
1469 775 1558 800 actus
1582 779 1676 810 supra
1701 769 1798 806 vires,
1830 777 1866 801 ut
1895 770 2025 802 Petrus:
2056 772 2093 803 Si
2127 783 2237 804 omnes
2265 773 2479 815 scandalizati

1373 819 1374 828 ¹
1393 813 1527 855 fiaeerint
1545 820 1604 845 etc.
1620 814 1638 834 ’¹‘
1661 814 1755 845 Unde
1770 814 1829 845 iste
1853 814 1955 845 homo
1971 816 2138 856 proprium
2163 817 2360 858 magnanimi
2380 825 2478 849 extra-

1372 859 1374 904 ,
1402 868 1499 889 neum
1535 858 1625 895 fecit,
1663 858 1782 889 scilicet
1819 860 1951 899 operari
1982 870 2139 901 magnum
2171 863 2202 892 in
2237 862 2377 903 qualibet
2415 864 2477 894 vir-

1372 908 1374 923 ¹
1402 909 1469 934 tute
1476 911 1489 941 ;
1517 909 1547 934 et
1578 910 1780 939 extraneum,
1811 903 1930 934 scilicet
1956 904 2264 936 administrationem
2298 907 2478 947 publicam,

1401 948 1570 988 proprium
1593 948 1682 980 facit:
1715 958 1791 979 cum
1821 955 1929 979 tamen
1952 948 1987 978 in
2011 948 2053 979 IV
2076 949 2181 981 Ethic.
2205 950 2313 982 solum
2336 951 2477 992 primum

1401 993 1553 1024 didicerit.

1457 1038 1495 1069 V.
1521 1037 1573 1068 Ad
1597 1037 1684 1068 aliud
1715 1037 1851 1068 dubium
1885 1037 2026 1068 secundo
2049 1037 2124 1068 loco
2155 1045 2282 1069 motum
2297 1038 2330 1076 *,
2364 1039 2479 1072 dicitur

1403 1083 1493 1124 quod
1510 1082 1756 1123 magnanimitas
1773 1081 1874 1113 tendit
1896 1082 1929 1112 in
1952 1092 2118 1123 magnum,
2135 1088 2165 1113 et
2187 1081 2262 1113 facit
2276 1082 2367 1120 illud,
2385 1084 2478 1115 etiam

1400 1128 1434 1158 in
1459 1127 1645 1168 operatione
1669 1125 1840 1167 magnifici.
1870 1127 1937 1158 Nec
1961 1133 2071 1158 contra
2094 1127 2157 1158 hoc
2187 1127 2315 1158 obstant
2345 1127 2478 1160 obiecta.

1373 1173 1374 1176 ’
1401 1172 1568 1210 Quoniam
1583 1171 1645 1206 alia
1661 1179 1709 1203 est
1722 1171 1863 1202 materia
1879 1171 1911 1202 in
1928 1181 1993 1212 qua
2008 1171 2197 1212 magnificus
2220 1171 2341 1212 appetit
2357 1179 2388 1203 et
2406 1172 2480 1204 facit

1401 1226 1573 1258 magnum:
1595 1216 1656 1247 alia
1671 1216 1703 1248 in
1720 1226 1786 1257 qua
1801 1217 2026 1257 magnanimus
2043 1216 2164 1257 appetit
2178 1222 2210 1248 et
2225 1216 2300 1248 facit
2313 1226 2479 1257 magnum.

1373 1298 1374 1302 Ἰ
1401 1261 1590 1303 Magnificus
1621 1261 1781 1303 siquidem
1812 1260 1887 1292 facit
1914 1271 2070 1302 magnum
2096 1261 2129 1292 in
2161 1261 2292 1292 materia
2324 1261 2479 1298 exteriori,

1373 1306 1374 1311 ’
1401 1308 1520 1339 scilicet
1543 1306 1575 1337 in
1599 1306 1709 1347 aliquo
1741 1315 1838 1346 opere
1861 1305 2000 1343 factibili,
2023 1313 2103 1347 puta
2127 1306 2237 1342 domo,
2263 1306 2395 1347 templo,
2420 1316 2479 1337 nu-

1373 1349 1375 1394 }
1401 1352 1486 1394 ptiis,
1512 1359 1590 1383 etc.:
1621 1351 1846 1391 magnanimus
1869 1357 1979 1382 autem
2003 1350 2077 1382 facit
2101 1360 2256 1391 magnum
2279 1350 2311 1381 in
2334 1357 2406 1382 actu
2424 1351 2479 1382 eli-

1402 1398 1464 1429 cito
1488 1397 1590 1438 ipsius
1613 1395 1875 1436 magnificentiae.
1908 1395 1953 1426 Ita
1975 1395 2066 1437 quod
2095 1402 2184 1427 actus
2208 1395 2477 1436 magnificentiae,

1401 1443 1483 1474 sicut
1507 1449 1538 1473 et
1561 1442 1696 1472 aliarum
1719 1440 1874 1471 virtutum
1906 1447 2012 1477 actus,
2037 1448 2112 1472 sunt
2142 1450 2226 1482 quos
2253 1440 2479 1480 magnanimus

1372 1489 1374 1529 j
1401 1494 1494 1518 ornat
1517 1485 1750 1527 magnitudine.
1779 1485 1854 1516 Non
1879 1492 1926 1517 est
1949 1495 2024 1525 ergo
2050 1486 2161 1516 eadem
2185 1485 2375 1525 magnitudo
2400 1485 2479 1517 dire-

1372 1532 1374 1548 '
1401 1540 1450 1564 cte
1473 1532 1593 1563 intenta
1617 1531 1656 1562 ab
1681 1537 1815 1571 utraque
1834 1530 1969 1561 virtute:
2002 1531 2056 1561 sed
2081 1528 2315 1570 magnificentia
2341 1529 2479 1562 intendit

1371 1595 1374 1605 .
1401 1578 1440 1609 ad
1465 1586 1622 1618 magnum
1645 1575 1677 1606 in
1697 1575 1829 1606 materia
1853 1575 2016 1612 exteriori;
2041 1574 2286 1615 magnanimitas
2305 1581 2413 1607 autem
2437 1576 2478 1608 ad

1400 1632 1555 1663 magnum
1578 1621 1612 1652 in
1631 1620 1703 1662 ipso
1725 1627 1797 1652 actu
1820 1619 2083 1661 magnificentiae,
2108 1626 2139 1650 et
2157 1619 2220 1650 hoc
2234 1629 2292 1660 per
2314 1630 2347 1651 se
2371 1620 2478 1661 primo

1372 1693 1373 1697 ,
1399 1668 1594 1709 inquantum
1610 1673 1657 1697 est
1680 1672 1769 1697 actus
1783 1664 1956 1702 virtuosus,
1973 1671 2004 1696 et
2028 1675 2094 1696 non
2116 1664 2310 1706 inquantum
2326 1670 2374 1696 est
2389 1671 2478 1697 actus

1400 1710 1663 1753 magnificentiae.

1457 1755 1605 1788 Obiectio
1630 1762 1738 1786 autem
1763 1754 1902 1785 secunda
1925 1753 2068 1785 similiter
2090 1754 2123 1784 in
2147 1754 2325 1795 aequivoco
2344 1754 2476 1786 laborat.

1400 1801 1566 1839 Quoniam
1600 1798 1835 1840 magnificentia
1868 1798 2017 1830 convenit
2048 1809 2122 1829 cum
2154 1798 2221 1830 aliis
2244 1798 2415 1830 virtutibus
2445 1798 2477 1830 in

1399 1846 1462 1877 hoc
1486 1845 1576 1887 quod
1607 1854 1673 1875 non
1697 1854 1754 1884 per
1778 1853 1810 1874 se
1835 1843 1940 1884 primo
1972 1843 2072 1874 tendit
2095 1843 2135 1874 ad
2159 1853 2315 1885 magnum
2343 1843 2375 1874 in
2399 1853 2476 1885 ope·

1370 1891 1373 1913 l
1399 1890 1522 1921 ratione
1545 1898 1618 1925 sua;
1639 1889 1694 1919 sed
1718 1887 1743 1918 si
1766 1887 1842 1919 facit
1864 1887 2085 1928 operationem
2110 1897 2201 1918 suam
2222 1898 2382 1929 magnam.
2404 1887 2478 1920 facit

1371 1967 1372 1971 ,
1399 1942 1435 1967 ut
1459 1933 1677 1966 conditionem
1709 1939 1960 1974 consequentem
1984 1942 2021 1963 ex
2045 1939 2127 1964 statu
2151 1932 2295 1969 virtutis,
2320 1932 2396 1974 quia
2419 1933 2477 1964 sci-

1370 1985 1372 2019 Ι
1397 1981 1471 2012 licet
1495 1987 1541 2011 est
1565 1977 1703 2020 perfecta
1726 1977 1759 2008 in
1789 1983 1871 2008 actu.
1904 1976 2042 2018 Oportet
2073 1976 2233 2018 siquidem
2266 1976 2476 2018 magnanimi-

1370 2026 1372 2069 }
1398 2032 1496 2057 tatem
1520 2024 1640 2060 adesse,
1665 2023 1705 2054 ad
1729 2021 1791 2053 hoc
1814 2028 1850 2053 ut
1874 2032 1930 2063 per
1953 2031 1985 2052 se
2010 2021 2116 2063 primo
2139 2021 2322 2053 intendatur
2345 2022 2385 2053 ad
2410 2032 2476 2053 ma-

1370 2077 1372 2120 ᾗ
1398 2080 1500 2111 gnum
1524 2068 1556 2100 in
1574 2067 1762 2110 operatione
1778 2065 2039 2109 magnificentiae.
2064 2066 2180 2098 Facere
2197 2073 2305 2098 autem
2322 2075 2476 2107 magnum

1369 2121 1372 2183 ὲ
1398 2115 1430 2146 in
1455 2125 1487 2146 re
1511 2113 1646 2145 exterius
1671 2112 1799 2144 factibili
1823 2118 1944 2153 spectat
1967 2112 2007 2143 ad
2031 2110 2309 2152 magnificentiam.

1078 2299 1399 2344 ARTICULUS
1429 2298 1661 2342 TERTIUS

726 2395 882 2426 UTRUM
907 2395 1106 2426 MATERIA
1130 2393 1507 2426 MAGNIFICENTIAE
1531 2392 1630 2424 smT
1654 2391 1854 2423 SUMPTUS
1877 2391 2016 2423 MAGNI

939 2476 972 2500 IV
993 2476 1077 2505 Sent„
1098 2476 1156 2500 dist.
1175 2482 1261 2505 xxxin,
1281 2482 1327 2508 qu.
1346 2482 1383 2504 ιιι,
1403 2479 1450 2499 art.
1472 2481 1502 2504 ²3
1522 2473 1556 2499 IV
1576 2473 1673 2503 Ethic„
1693 2473 1753 2498 lect.
1771 2480 1807 2498 vi.

301 2591 311 2602 s
350 2577 356 2589 ι
384 2586 421 2603 ‚s
478 2569 501 2595 D
516 2568 677 2594 ‘ramum
693 2568 746 2594 stc
766 2567 999 2594 Pnocssmrua
1012 2555 1043 2593 *.
1059 2555 1220 2593 Videtur
1235 2555 1340 2605 quod

414 2649 436 2672 '
479 2611 638 2648 materia
676 2610 982 2659 magnificentiae
1019 2622 1097 2647 non
1136 2609 1208 2647 sint
1237 2621 1341 2647 sum-

422 2662 464 2751 ’6χ
478 2673 565 2714 ptus
595 2664 733 2713 magni.
766 2664 878 2702 Circa
898 2664 1064 2702 eandem
1091 2663 1192 2701 enim
1222 2671 1341 2701 mate-

263 2780 439 2821 sumptus
469 2780 524 2810 est
557 2772 775 2819 liberalitas,
805 2780 847 2809 ut
881 2784 996 2821 supra
1014 2772 1035 2794 *
1062 2771 1236 2809 habitum
1273 2779 1339 2809 est.

264 2827 365 2874 Ergo
396 2826 680 2874 magnificentia
709 2838 788 2863 non
818 2834 874 2863 est
902 2826 1000 2863 circa
1029 2834 1216 2875 sumptus.

319 2892 353 2917 2.
385 2881 629 2927 PRAETEREA,
660 2881 782 2917 omnis
811 2880 1040 2930 magnificus
1077 2885 1131 2917 est
1163 2879 1339 2925 liberalis,

264 2942 305 2972 ut
334 2933 470 2971 dicitur
498 2934 535 2971 in
558 2934 609 2971 lV
627 2934 748 2971 Ethic.
770 2933 789 2955 *
819 2934 895 2971 Sed
916 2933 1119 2971 liberalitas
1143 2932 1265 2982 magis
1286 2940 1341 2970 est

265 2988 363 3025 circa
393 2987 496 3025 dona
516 3000 634 3036 quam
656 2987 754 3025 circa
774 2995 961 3036 sumptus.
993 2988 1095 3036 Ergo
1116 2987 1230 3024 etiam
1260 2999 1340 3024 ma-
1366 3004 1368 3029 1

264 3042 480 3091 gnificentia
509 3054 586 3078 non
615 3041 820 3091 praecipue
850 3049 906 3078 est
935 3041 1033 3079 circa
1062 3048 1251 3090 sumptus,
1271 3040 1338 3079 sed

264 3095 385 3144 magis
416 3095 514 3132 circa
543 3095 657 3132 dona.

320 3151 354 3187 3.
384 3151 618 3196 PRAETEREA‚
648 3149 698 3186 ad
727 3148 1051 3198 magnificentiam
1080 3147 1243 3197 pertinet
1275 3147 1339 3185 ali·

265 3203 370 3251 quod
399 3215 498 3252 opus
527 3202 691 3240 exterius
721 3203 857 3241 facere.
897 3203 989 3240 Non
1023 3210 1152 3239 autem
1182 3201 1339 3251 quibus-

266 3257 354 3293 libet
383 3256 599 3306 sumptibus
627 3258 670 3294 fit
697 3257 853 3306 aliquod
883 3256 1044 3293 exterius
1073 3268 1191 3305 opuS‚
1223 3255 1337 3293 etiam
1366 3296 1367 3299 Ἰ

267 3310 295 3346 si
325 3310 396 3346 sint
425 3318 598 3359 sumptus
626 3310 772 3359 magni:
811 3318 902 3360 puta
932 3322 1021 3347 cum
1051 3309 1186 3358 aliquis
1220 3310 1339 3347 multa
1366 3307 1367 3347 3

267 3363 445 3412 expendit
475 3364 513 3400 in
534 3364 702 3402 exenniis
732 3369 749 3386 α
779 3363 982 3402 mittendis.
1022 3364 1125 3412 Ergo
1164 3371 1339 3413 sumptus
1365 3369 1367 3410 ἦ

267 3429 345 3454 non
375 3424 461 3453 sunt
489 3417 642 3466 propria
670 3418 829 3456 materia
858 3417 1176 3466 magnificentiae.

319 3482 356 3517 4.
390 3471 632 3516 PRAETEREA‚
664 3483 824 3519 magnos
863 3479 1038 3520 sumptus
1067 3483 1145 3508 non
1179 3477 1340 3519 possunt

267 3524 390 3560 facere
421 3523 490 3560 nisi
520 3523 667 3561 divites.
708 3525 785 3562 Sed
814 3538 950 3562 omnes
985 3525 1144 3562 virtutes
1179 3531 1340 3572 possunt

322 3639 349 3671 α)
369 3638 502 3664 exenniis.
515 3652 533 3657 -
551 3639 650 3669 xeniis,
670 3639 694 3663 in
715 3639 843 3664 solutione
864 3639 947 3664 xenia
968 3639 996 3664 P.

480 2719 574 2756 riam
604 2731 683 2756 non
707 2726 796 2756 sunt
824 2718 924 2756 duae
944 2718 1112 2755 virtutes.
1143 2718 1221 2755 Sed
1242 2717 1340 2755 circa
1367 2721 1369 2762 Ῑ

1368 2555 1369 2565 ³
1393 2554 1536 2592 habere
1567 2553 1680 2591 etiam
1710 2563 1922 2602 pauperes:
1954 2551 2042 2601 quia
2061 2552 2219 2590 virtutes
2241 2565 2320 2591 non
2344 2566 2389 2592 ex
2409 2567 2474 2594 ne-

1396 2607 1568 2645 cessitate
1598 2606 1767 2656 indigent
1795 2605 1970 2644 exteriori
1999 2605 2164 2655 fortuna,
2188 2606 2257 2644 sed
2286 2606 2358 2645 sibi
2384 2608 2475 2659 ipsis

1394 2661 1600 2708 sufficiunt,
1621 2669 1662 2698 ut
1682 2661 1831 2698 Seneca
1851 2659 1951 2708 dicit,
1971 2659 2010 2698 in
2029 2659 2126 2698 libro
2155 2660 2202 2698 de
2219 2661 2288 2698 Ira
2307 2660 2339 2699 ²⁸.
2370 2662 2473 2712 Ergo

1395 2714 1681 2764 magnificentia
1709 2726 1788 2752 non
1817 2722 1874 2752 est
1902 2714 2001 2751 circa
2029 2726 2193 2763 magnos
2221 2723 2408 2765 sumptus.

1366 2767 1369 2839 i
1450 2770 1525 2807 San
1555 2780 1703 2807 coum
1732 2779 1798 2806 EST
1826 2768 1931 2818 quod
1952 2767 2212 2818 Philosophus
2240 2769 2341 2817 dicit,
2362 2769 2401 2807 in
2423 2770 2475 2808 lV

1367 2841 1369 2855 ν
1393 2824 1516 2861 Ethic.
1536 2823 1568 2870 *,
1598 2822 1704 2872 quod
1725 2822 2008 2874 magnificentia
2029 2834 2104 2860 non
2133 2823 2348 2860 extenditur
2370 2823 2473 2862 circa

1367 2885 1369 2914 L
1396 2890 1526 2915 omnes
1554 2877 1790 2928 operationes
1818 2889 1917 2926 quae
1934 2881 2022 2914 sunt
2049 2877 2086 2914 in
2109 2877 2293 2926 pecuniis,
2313 2878 2409 2915 sicut
2430 2877 2472 2915 li-

1366 2929 1368 2979 {
1395 2931 1594 2969 beralitas:
1622 2931 1689 2969 sed
1715 2931 1818 2968 circa
1845 2936 2084 2980 sumptuosas
2110 2931 2247 2977 solum,
2270 2931 2307 2968 in
2337 2931 2472 2980 quibus

1394 2986 1543 3023 excellit
1560 2985 1821 3023 liberalitatem
1840 2985 2114 3035 magnitudine.
2143 2985 2248 3033 Ergo
2268 2992 2325 3022 est
2343 2986 2470 3023 solum

1395 3039 1496 3077 circa
1525 3051 1689 3088 magnos
1717 3046 1907 3088 sumptus.

1448 3094 1677 3131 Rssponmzo
1705 3104 1892 3131 mesanum
1921 3091 2025 3142 quod
2055 3091 2104 3130 ad
2131 3091 2470 3140 magnificentiam,

1393 3147 1490 3185 sicut
1519 3147 1662 3185 dictum
1692 3154 1748 3184 est
1766 3145 1798 3195 ¹⁸⁸,

1366 3200 1367 3217 ³
1394 3214 1579 3250 magnum
1608 3213 1708 3250 opus
1736 3200 1967 3238 faciendum.
2005 3197 2068 3236 Ad
2094 3198 2171 3236 hoc
2200 3206 2330 3237 autem
2363 3200 2470 3250 quod

1393 3255 1549 3304 aliquod
1578 3266 1763 3303 magnum
1799 3265 1898 3303 opus
1926 3251 2198 3290 convenienter
2230 3253 2315 3301 fiat,
2347 3254 2470 3303 requi-

1394 3317 1528 3347 runtur
1556 3308 1835 3358 proportionati
1856 3314 2053 3355 sumptus:
2083 3317 2161 3343 non
2183 3306 2284 3343 enirn
2308 3316 2470 3356 possunt

1394 3375 1535 3411 magna
1573 3373 1691 3412 opera
1731 3361 1812 3399 fieri
1854 3359 1926 3397 nisi
1965 3371 2053 3397 cum
2092 3360 2241 3409 magnis
2280 3361 2467 3411 expensis.

1366 3451 1367 3458 ,
1393 3417 1506 3454 Unde
1535 3415 1583 3453 ad
1616 3413 1939 3463 magnificentiam
1977 3413 2140 3463 pertinet
2174 3425 2335 3464 magnos
2365 3427 2468 3453 sum-

1366 3461 1367 3524 }
1393 3477 1480 3519 ptus
1509 3469 1633 3505 facere
1663 3468 1711 3506 ad
1739 3468 1816 3505 hoc
1843 3467 1947 3516 quod
1978 3480 2076 3517 opus
2106 3479 2291 3516 magnum
2327 3481 2468 3506 conve-

1366 3527 1367 3542 *
1394 3522 1540 3560 nienter
1572 3522 1656 3559 fiat:
1691 3522 1794 3559 unde
1831 3529 1866 3558 et
1904 3521 2159 3571 Philosophus
2201 3521 2310 3569 dicit,
2344 3521 2382 3560 in
2418 3522 2468 3559 1v

1827 3145 1990 3197 pertinet
2018 3144 2215 3183 intendere
2235 3144 2284 3182 ad
2314 3145 2470 3196 aliquod
2498 3160 2508 3168 ⁶

2507 738 2515 747 ·
2523 736 2602 758 Matth.
2609 742 2660 764 cap.
2666 743 2720 764 xxv,

2506 769 2565 785 vers.
2580 769 2609 790 ²4
2623 769 2675 791 sqq.

2506 826 2590 849 ’1bid..
2600 831 2650 853 cap.
2657 832 2720 850 xxvi.

2505 858 2564 874 vers».
2579 858 2612 881 33.

2507 1054 2516 1062 ⁸
2529 1052 2600 1073 Num.
2618 1058 2642 1074 ιι.

2503 2676 2716 2734 imma<

2500 2736 2548 2753 XV!-

2500 2841 2583 2890 ἑῆς·
2597 2847 2713 2892 ...vu--
