2768 4198
49 409 58 418 ·
74 408 99 430 1n
115 414 220 436 corpore.

49 767 59 777 ⁸
73 766 110 788 Cf.
124 773 188 789 num.
204 773 224 788 v.

49 810 60 821 ⁸
74 810 183 833 Conclus.
199 817 215 833 1.

45 985 57 996 ⁸
70 984 180 1008 Condus.
194 992 214 1008 ι.

45 1207 57 1219 ·
71 1207 181 1230 ΟοιιοΙυι.
195 1214 215 1237 3.

949 268 1217 315 QUAESTIO
1248 269 1421 316 CLVIII,
1451 268 1749 325 ARTICULUS
1779 268 1830 305 IV

292 347 503 383 secundum
524 346 782 383 inordinatum
813 354 962 383 motum
984 347 1072 394 irae,
1095 348 1159 396 qui
1183 349 1361 396 provenit

292 411 336 436 ex
366 399 445 436 eius
474 400 630 448 impetn,
660 407 702 436 ut
731 400 874 436 dictum
907 409 961 436 est
979 400 1010 437 ³⁸.

344 455 402 490 AD
439 464 600 490 ‘reanum
639 464 824 491 mcaNDuM
852 453 958 501 quod
992 453 1243 491 homicidium
1281 467 1358 491 non

2406 280 2480 317 277

1416 348 1542 385 minus
1570 347 1747 396 provenit
1776 360 1820 384 ex
1850 347 1939 385 odio
1959 347 2022 383 vel
2041 347 2184 384 invidia
2213 359 2328 395 quam
2351 360 2394 384 ex
2416 348 2480 385 ira.

1416 403 1474 438 Ira
1493 409 1623 438 tamen
1642 401 1764 438 levior
1784 408 1850 449 est,
1871 400 2095 449 inquantum
2118 400 2276 437 attendit
2297 401 2480 438 rationem

1414 454 1584 500 iustitiae,
1614 462 1655 491 ut
1685 454 1826 491 dictum
1856 461 1911 490 est
1930 453 1961 491 *.

968 550 1302 583 Commentaxia
1326 549 1577 583 cardinalis
1601 551 1802 583 Caietam

295 638 339 702 IN
364 630 496 662 articulo
529 639 643 672 quarto
676 632 819 663 eiusdem
850 634 1044 675 quaestionis
1076 635 1359 675 centesimaequin-

320 674 663 715 quagesimaeoctavae‚
688 677 784 708 dubia
809 679 910 709 multa
935 688 971 709 ex
990 679 1138 716 Martino,
1155 679 1187 709 in
1212 689 1265 720 qu.
1283 689 1305 709 11
1322 679 1359 709 de

290 718 462 756 Iracundia,
486 728 666 757 occurrunt,
692 721 772 752 circa
796 723 896 753 multa
911 723 942 753 in
967 723 1025 754 hac
1049 723 1150 754 littera
1173 723 1264 754 dicta.
1288 724 1358 753 Pri-

289 771 374 793 mum
390 763 539 795 dictum*
563 771 624 796 est:
651 765 708 796 Ira
732 771 779 798 est
795 768 960 798 minimum
978 773 1186 808 peccatorum
1204 778 1246 798 ex
1263 773 1360 808 parte

287 807 475 848 appetibilis.
511 808 632 840 Contra
661 810 721 840 boc
749 811 852 851 arguit
872 812 982 852 primo
998 812 1024 849 *,
1045 812 1121 853 quia
1148 812 1255 852 aliqua
1281 811 1359 842 invi-

288 850 338 881 dia
353 858 399 882 est
422 852 529 882 minus
553 860 719 894 peccatum
743 865 840 895 quam
865 855 969 897 aliqua
993 856 1054 887 ira:
1080 865 1157 897 puta
1179 856 1297 886 invidia
1321 856 1359 886 de

288 895 396 945 aliquo
414 896 588 946 exteriori,
621 905 764 939 respectu
788 899 850 931 irae
875 910 957 941 quae
985 907 1031 931 est
1061 901 1219 942 appetitus
1247 900 1358 931 mortis

287 949 434 979 prox1m1.

342 983 488 1015 Secundo
503 984 530 1021 *,
547 986 633 1026 quia,
649 987 815 1027 supposita
831 988 1019 1029 aequalitate
1043 988 1231 1029 appetibilis,
1253 989 1358 1029 aliqua

286 1027 331 1058 ira
355 1036 401 1058 est
424 1029 524 1069 peior.
559 1030 644 1068 Quia
667 1038 773 1071 potest
796 1042 863 1063 esse
890 1032 1096 1074 inaequalitas
1130 1043 1167 1063 ex
1190 1039 1277 1073 parte
1302 1032 1358 1063 cir-

287 1072 549 1104 cumstantiarum
572 1076 905 1115 praeponderandum.
922 1094 943 1100 -
967 1077 1008 1108 Et
1031 1077 1106 1117 quia
1130 1077 1226 1108 iratus
1250 1083 1359 1107 contra

286 1116 383 1147 vitam
407 1116 586 1149 innocentis
599 1118 690 1159 peior
713 1126 768 1156 est,
786 1121 871 1160 apud
896 1121 1000 1151 Deum
1024 1127 1054 1151 et
1073 1121 1230 1156 homines,
1248 1120 1357 1150 invido

286 1160 367 1191 vitae
391 1161 519 1192 alterius
543 1162 598 1203 qui
622 1163 704 1194 mori
729 1163 896 1196 demeruit.

346 1205 453 1236 Tertio
464 1206 490 1242 ¹⁸,
506 1206 591 1247 quia,
608 1208 775 1248 supposita
790 1208 977 1249 aequalitate
997 1208 1185 1249 appetibilis,
1203 1215 1233 1239 et
1249 1208 1357 1239 ceteris

286 1248 424 1288 paribus,
440 1250 548 1290 adhuc
567 1250 613 1282 ira
636 1261 703 1282 non
727 1259 774 1283 est
789 1253 896 1283 minus
915 1253 999 1283 mala
1022 1263 1120 1294 quam
1135 1252 1264 1291 invidia,
1281 1262 1355 1293 sup-

237 1325 242 1327 *
283 1291 407 1332 posita
415 1292 506 1334 quod
519 1289 639 1325 invidia
655 1302 782 1335 appetat
797 1297 921 1327 malum
944 1296 1077 1328 finaliter
1096 1303 1226 1338 propter
1241 1306 1357 1327 vanam

42 1819 55 1832 ⁸
67 1819 104 1843 α.
118 1825 183 1843 nan.
197 1826 228 1843 vr.

41 1911 55 1925 ‘
68 1911 177 1936 condus.
191 1919 208 1935 ι.

41 2401 53 2412 ·
67 2400 103 2424 OE.
117 2406 182 2424 num.
195 2406 236 2424 vn.

45 3287 56 3298 ⁸
69 3286 106 3309 cf.
126 3292 190 3307 num.
210 3291 257 3307 vm.

46 3418 56 3428 ⁸
70 3417 178 3440 Conclus,
193 3425 216 3445 4.

283 1336 428 1376 gloriam.
452 1337 608 1369 Probatur
631 1347 844 1380 assumptum.
869 1341 954 1378 Quia
967 1341 1104 1372 vindicta
1130 1348 1175 1372 est
1191 1341 1291 1381 magis
1307 1340 1356 1371 fu-

283 1378 387 1430 gibilis
416 1391 515 1421 quam
538 1391 618 1412 vana
641 1383 759 1422 gloria,
785 1385 906 1416 seclusa
930 1385 1099 1426 utrobique
1130 1385 1251 1416 ratione
1274 1385 1356 1415 iniu-

283 1422 394 1455 stinae.
418 1425 504 1465 Ergo
528 1433 675 1466 appetere
698 1428 820 1459 malum
844 1429 932 1460 alteri
955 1436 1086 1470 propter
1107 1429 1278 1460 vindictam
1299 1435 1355 1466 est,

284 1468 392 1499 ceteris
416 1469 558 1510 paribus,
581 1470 674 1511 peius
697 1482 795 1513 quam
811 1480 958 1513 appetere
973 1474 1096 1504 malum
1119 1473 1207 1504 alteri
1227 1480 1359 1514 propter

282 1510 426 1552 gloriam.
450 1531 472 1536 —
495 1515 694 1546 Antecedens
716 1517 879 1558 probatur.
904 1517 1026 1556 Primo,
1051 1518 1126 1559 quia
1149 1518 1286 1548 vindicta
1310 1525 1357 1549 est

283 1557 462 1598 appetibilis
486 1565 616 1599 propter
637 1559 783 1600 gloriam,
802 1568 832 1592 et
846 1571 913 1593 non
931 1572 947 1592 e
964 1569 1083 1594 contra.
1107 1562 1263 1600 Secundo,
1280 1563 1354 1603 quia

282 1599 421 1632 vindicta
444 1612 611 1644 nunquam
636 1611 683 1635 est
705 1605 829 1637 bonum
854 1606 949 1637 unius
969 1607 1048 1648 quin
1072 1606 1110 1638 sit
1135 1607 1256 1638 malum
1280 1608 1355 1638 alte-

283 1644 362 1676 rius:
394 1646 496 1686 gloria
520 1654 628 1679 autem
656 1655 702 1680 est
723 1649 847 1681 bonum
882 1651 976 1682 unius
1007 1651 1073 1682 sine
1105 1652 1191 1682 malo
1216 1651 1352 1683 alterius.

288 1689 406 1729 Tertio,
432 1690 508 1732 quia
536 1692 637 1732 gloria
667 1693 710 1724 ita
734 1701 781 1725 est
811 1695 896 1726 bona
918 1696 1008 1736 quod
1038 1706 1104 1726 non
1134 1695 1194 1726 nisi
1218 1706 1274 1736 per
1298 1695 1355 1727 cir—

283 1735 488 1786 cumstantias
512 1743 558 1767 est
587 1737 687 1768 mala:
717 1738 855 1770 vindicta
879 1747 986 1771 autem
1010 1749 1177 1780 nunquam
1201 1747 1247 1771 est
1270 1741 1354 1771 bona

283 1787 344 1809 nisi
366 1785 488 1810 ratione
513 1780 774 1814 circumstantiae.

340 1822 379 1854 11.
402 1823 586 1856 Secundum
610 1826 730 1857 dictum
746 1827 763 1846 *
786 1834 832 1858 est
852 1828 941 1868 quod
965 1829 1069 1859 iratus
1091 1829 1210 1868 appetit
1232 1829 1353 1859 malum

276 1868 424 1908 proximi
446 1869 504 1899 sub
528 1870 652 1901 ratione
675 1871 750 1902 boni
763 1871 896 1908 honesti,
914 1873 1035 1903 scilicet
1058 1873 1162 1903 iustae
1186 1873 1352 1904 vindictae.

284 1909 404 1942 Contra
427 1911 490 1943 hoc
513 1913 615 1954 arguit
629 1914 646 1933 *
669 1914 731 1946 hoc
755 1925 822 1946 esse
846 1916 980 1947 falsum:
1006 1916 1082 1957 quia
1097 1916 1194 1947 iratus
1218 1917 1276 1948 scit
1296 1917 1354 1948 fre-

282 1962 417 2005 quenter
439 1957 530 1997 quod
553 1958 690 1989 vindicta
713 1969 812 2000 quam
835 1960 964 2001 appetit,
989 1967 1036 1991 est
1058 1961 1184 1992 iniusta.
1216 1961 1263 1991 Ex
1287 1971 1353 2002 quo

282 2006 424 2040 argu1tur
440 2000 493 2031 sic.
519 2001 613 2033 Peius
629 2009 676 2034 est
691 2011 839 2044 appetere
863 2005 985 2036 malum
1001 2004 1138 2046 proximi
1157 2005 1216 2035 sub
1233 2005 1354 2036 ratione

281 2043 416 2075 iniustae
429 2044 586 2077 vindictae
601 2057 699 2088 quam
712 2049 770 2078 sub
787 2049 908 2081 ratione
921 2059 1019 2080 vanae
1033 2049 1162 2089 gloriae.
1180 2049 1242 2080 Sed
1258 2050 1354 2081 iratus

282 2088 402 2130 appetit
425 2090 621 2132 quandoque
637 2092 696 2122 sub
713 2092 834 2124 ratione
849 2093 998 2125 iniuriae:
1022 2093 1148 2124 invidus
1171 2101 1278 2125 autem
1295 2095 1353 2125 sub

281 2133 403 2163 ratione
428 2133 638 2167 excellentiae.
664 2136 759 2176 Ergo,
785 2144 843 2168 etc.

338 2176 379 2207 Et
402 2177 617 2211 confirmatur.
649 2181 735 2218 Quia
760 2181 812 2212 ubi
837 2192 902 2212 non
935 2188 981 2212 est
1003 2192 1076 2212 vera
1100 2181 1233 2218 offensa,
1259 2182 1353 2213 etiam

282 2221 460 2252 secundum
493 2223 746 2256 aestimationem
769 2225 853 2262 irati,
877 2226 920 2257 ibi
943 2236 1010 2256 non
1034 2232 1079 2257 est
1107 2226 1265 2267 appetitus
1293 2227 1353 2257 sub

282 2265 404 2297 ratione
427 2265 528 2298 iustae
551 2267 717 2300 vindictae.
742 2269 804 2300 Sed
818 2269 916 2301 iratus
940 2269 1104 2310 cognoscit
1119 2271 1207 2311 quod
1225 2281 1290 2300 non
1308 2277 1354 2301 est

281 2312 354 2340 vere
376 2309 529 2342 offensus:
554 2319 632 2352 puta
656 2323 730 2344 cum
754 2321 886 2354 negatur
904 2314 963 2345 sibi
987 2314 1180 2356 obsequium
1203 2315 1243 2345 ad
1270 2315 1354 2345 mala

281 2354 499 2395 perpetranda.
523 2356 618 2396 Erg0‚
644 2363 703 2388 etc.

332 2397 391 2428 111.
420 2398 563 2431 Tertium
587 2400 706 2432 dictum
721 2401 738 2420 *
762 2410 808 2434 est
831 2403 920 2443 quod
941 2404 1003 2441 ira,
1021 2413 1062 2434 ex
1079 2409 1178 2443 parte
1199 2403 1274 2434 boni
1294 2404 1354 2435 sub

281 2443 374 2473 cuius
396 2443 522 2474 ratione
544 2447 663 2485 appetit
687 2446 819 2485 malum,
845 2453 892 2478 est
915 2448 1022 2478 minus
1045 2447 1132 2478 mala
1156 2458 1253 2488 quam
1278 2458 1353 2479 con-

281 2487 485 2536 cupiscentia.
518 2487 638 2520 Contra
661 2490 723 2521 hoc
754 2491 857 2532 arguit
880 2491 1042 2532 tripliciter
1056 2492 1083 2523 *.
1109 2493 1227 2523 Primo.
1259 2493 1352 2524 Dele-

281 2537 378 2562 ctano
401 2531 433 2561 in
457 2533 544 2563 malo
568 2533 713 2574 alterius,
738 2536 847 2567 ceteris
872 2536 1016 2576 paribus,
1042 2543 1088 2568 est
1106 2537 1231 2576 gravior
1254 2547 1352 2578 quam

281 2575 448 2606 delectatio
471 2576 505 2606 in
521 2578 652 2619 proprio
672 2579 858 2612 delectabili.
884 2580 946 2611 Sed
962 2580 1129 2612 delectatio
1153 2581 1221 2611 irati
1238 2581 1271 2611 in
1286 2581 1353 2612 vin-

282 2619 364 2650 dicta
387 2626 433 2650 est
456 2620 623 2653 delectatio
647 2622 679 2652 in
703 2624 790 2655 malo
813 2624 958 2655 alterius:
983 2624 1060 2665 quia
1082 2624 1254 2656 iracundus
1270 2626 1353 2657 occi-

281 2663 359 2694 dens
388 2673 447 2704 pro
471 2665 533 2695 levi
561 2666 673 2703 verbo,
698 2667 756 2699 scit
785 2668 873 2699 illam
903 2668 1098 2700 occisionem
1126 2679 1193 2700 esse
1217 2670 1352 2701 omnino

281 2707 450 2744 iniustam;
476 2719 511 2740 ac
534 2720 591 2751 per
610 2711 681 2748 hoc,
706 2721 772 2742 non
796 2713 916 2753 appetit
940 2723 1010 2744 eam
1034 2721 1070 2744 ut
1092 2713 1219 2750 iustam,
1236 2714 1290 2744 sed
1306 2724 1353 2744 se-

281 2752 425 2783 cundum
449 2755 538 2793 quod
562 2755 700 2786 vindicta
723 2763 754 2786 et
777 2756 875 2793 ultio,
900 2767 955 2788 seu
980 2757 1102 2788 malum
1126 2757 1272 2794 alterius,
1297 2758 1353 2799 qui

282 2806 358 2827 eum
381 2796 563 2830 offenderat.

336 2840 496 2881 Secundo,
512 2843 597 2884 quia,
615 2844 722 2884 posito
742 2855 816 2875 casu
834 2845 923 2885 quod
948 2855 1032 2876 unus
1056 2845 1204 2876 sollicitet
1221 2856 1353 2877 uxorem

281 2884 418 2915 alienam
440 2887 480 2916 ad
503 2888 712 2919 concubitum
735 2896 864 2929 propter
888 2889 1130 2921 delectationem
1144 2913 1151 2926 ,
1176 2889 1256 2921 alius
1280 2901 1352 2931 pro-

281 2935 351 2970 pter
366 2929 524 2962 ultionem
547 2932 660 2969 mariti,
678 2939 801 2964 constat
816 2934 906 2975 quod
929 2934 1087 2965 secundus
1111 2933 1211 2974 magis
1234 2942 1351 2975 peccat.

282 2973 323 3004 Et
338 2980 444 3004 tamen
459 2977 618 3007 secundus
634 2983 764 3017 propter
779 2977 967 3009 vindictam:
993 2978 1115 3018 primus
1131 2984 1261 3018 propter
1277 2989 1353 3009 con-

283 3018 520 3058 cupiscentiam.

342 3062 460 3096 Tertio.
482 3065 592 3096 Posito
617 3075 691 3096 casu
715 3066 805 3107 quod
829 3076 912 3097 unus
929 3066 1132 3108 concupiscat
1156 3067 1353 3097 meretricem

283 3105 442 3143 solutam,
473 3116 504 3140 et
533 3117 664 3151 quaerat
694 3110 877 3141 delectabile
908 3121 1003 3141 suum
1039 3120 1095 3151 per
1126 3111 1352 3148 concubitum;

284 3149 370 3186 alter,
384 3151 482 3184 iratus
498 3161 608 3187 contra
631 3155 775 3191 eandem,
793 3161 924 3195 quaerat
937 3154 1023 3186 illius
1046 3154 1256 3187 occisionem:
1278 3165 1353 3186 con-

284 3199 344 3244 stat
366 3197 457 3234 quod
478 3199 637 3231 secundus
661 3198 761 3240 magis
785 3205 902 3241 peccat.
928 3199 1012 3239 Ergo
1037 3198 1202 3230 delectatio
1221 3198 1292 3229 irati
1308 3206 1354 3229 est

284 3247 374 3279 pelor
397 3238 604 3275 delectatione
628 3243 891 3284 concupiscentis.

341 3282 394 3313 IV·
421 3283 581 3322 Quartum
604 3287 722 3319 dictum
738 3287 756 3307 *
779 3295 841 3319 est:
866 3287 936 3326 Ira,
953 3293 1108 3328 quantum
1125 3287 1169 3318 ad
1188 3287 1352 3318 inordina-

285 3328 401 3357 tionem
425 3338 508 3369 quae
531 3335 577 3362 est
599 3332 774 3363 secundum
800 3332 928 3364 modum
953 3331 1124 3369 irascendi,
1141 3331 1235 3362 habet
1253 3341 1353 3372 quan-

284 3371 359 3402 dam
384 3373 618 3412 excellentiam,
628 3381 765 3416 propter
788 3376 1018 3407 vehementiam
1039 3381 1068 3407 et
1088 3376 1285 3407 velocitatem
1302 3377 1355 3406 sui

285 3421 399 3447 motus.
421 3417 468 3448 De
483 3417 556 3454 hoc,
569 3417 674 3459 inquit
686 3419 842 3452 Martinus
854 3420 881 3456 *,
899 3420 924 3451 si
937 3420 1071 3451 intendit
1086 3420 1196 3451 beatus
1208 3419 1353 3450 Thomas

284 3461 374 3501 quod
388 3460 434 3491 ira
449 3461 542 3493 habet
561 3462 775 3496 excellentiam
794 3471 952 3505 quantum
969 3465 1007 3495 ad
1027 3471 1269 3500 nocumentum,
1287 3474 1353 3494 non

285 3505 477 3536 contradico.
512 3505 544 3537 Si
567 3513 724 3547 quantum
754 3508 796 3540 ad
819 3508 1003 3548 gravitatem
1030 3508 1168 3550 peccati:
1201 3508 1291 3549 quod
1317 3519 1354 3540 ex

285 3548 362 3579 serie
386 3556 488 3581 textus
503 3550 628 3582 videtur
650 3550 822 3589 intendere,
837 3552 913 3593 quia
931 3553 964 3585 in
981 3553 1082 3594 prima
1107 3560 1195 3594 parte
1212 3552 1353 3594 corporis

285 3593 406 3624 articuli
431 3594 469 3624 de
492 3594 642 3634 gravitate
666 3595 785 3634 peccati
801 3605 926 3636 semper
946 3597 1099 3638 loquitur,
1117 3604 1148 3628 et
1171 3597 1282 3628 titulus
1305 3607 1352 3628 ar-

1378 3397 1382 3630 „

1413 630 1501 661 ticuli
1526 638 1572 661 est
1595 631 1634 661 de
1657 630 1806 670 gravitate
1837 630 1972 671 peccati:
1997 647 2018 652 -
2043 629 2067 659 si
2091 629 2144 665 sic,
2168 629 2310 670 inquam,
2334 629 2481 669 intelligi-

1413 681 1480 705 tur:
1514 682 1632 706 contra.
1666 675 1754 705 Turn
1777 674 1852 715 quia
1875 674 1928 710 ira,
1954 674 2038 705 unde
2063 673 2261 712 diminuitur,
2286 683 2351 704 non
2374 683 2479 714 grava-

1414 726 1473 750 tur.
1499 719 1560 749 Sed
1584 729 1621 749 ex
1645 726 1731 759 parte
1748 719 1964 750 vehementiae
1980 724 2010 749 et
2032 718 2206 749 velocitatis
2230 725 2395 758 peccatum
2419 718 2481 748 irae

1414 763 1610 794 diminuitur.
1636 764 1732 803 Ergo.

1469 808 1624 838 Probatur
1648 807 1761 838 minor.
1786 807 1874 837 Tum
1893 808 2011 847 primo,
2029 806 2115 847 quia,
2137 807 2244 837 ceteris
2268 807 2405 847 paribus,
2427 817 2481 836 oc-

1414 851 1496 883 cisor
1526 852 1666 882 hominis
1690 862 1726 881 ex
1750 852 1794 881 ira
1827 851 1946 887 statim,
1972 851 2078 881 minus
2106 858 2215 890 peccat
2237 861 2334 892 quarn
2359 851 2482 882 occisor

1413 896 1553 926 hominis
1577 907 1613 926 ex
1637 896 1682 925 ira
1701 902 1774 936 post
1799 896 1879 925 duos
1904 905 2046 927 menses:
2072 902 2238 925 excusatur
2257 895 2340 926 enim
2358 906 2375 926 a
2392 902 2480 926 tanto

1412 940 1544 980 primus,
1569 947 1699 981 propter
1714 939 1945 970 vehementiam
1962 945 1992 969 et
2008 939 2206 969 velocitatem
2226 947 2334 970 motus
2356 939 2420 970 irae
2434 939 2480 969 in-

1413 984 1570 1015 existentis
1595 994 1653 1024 pro
1678 990 1763 1014 tunc.
1787 1000 1810 1006 -·
1832 983 1921 1012 Tum
1943 983 2100 1020 secundo,
2126 983 2200 1023 quia
2227 984 2384 1024 quidquid
2409 994 2480 1014 cau-

1412 1035 1498 1059 satur
1525 1027 1707 1059 naturaliter
1731 1034 1760 1057 et
1783 1027 1861 1057 illud
1886 1027 2054 1066 reprimere
2079 1034 2125 1057 est
2147 1027 2343 1058 laboriosum
2369 1035 2399 1059 et
2422 1028 2480 1058 vir-

1412 1080 1554 1108 tuosum,
1580 1071 1730 1101 diminuit
1753 1078 1918 1110 peccatum
1942 1070 1967 1100 si
1991 1081 2056 1101 non
2081 1071 2278 1111 reprimatur.
2302 1073 2363 1103 Sed
2387 1072 2479 1102 vehe-

1413 1117 1530 1147 mentia
1561 1122 1591 1146 et
1614 1115 1764 1145 velocitas
1794 1121 1901 1145 motus
1932 1115 1994 1144 irae
2025 1122 2098 1146 sunt
2128 1115 2324 1147 huiusmodi.
2348 1135 2368 1139 -
2392 1117 2480 1147 Tum

1411 1161 1516 1197 tertio,
1533 1159 1608 1200 quia
1627 1169 1850 1200 quaecumque
1867 1159 2049 1189 naturaliter
2073 1166 2197 1189 causata
2213 1160 2369 1191 inducunt
2392 1160 2480 1200 igno-

1411 1204 1545 1234 rantiam
1578 1210 1608 1234 et
1638 1202 1896 1234 obscurationem
1926 1203 2056 1239 mentis,
2090 1203 2274 1234 diminuunt
2303 1212 2480 1245 peccatum.

1412 1249 1474 1279 Sed
1496 1247 1695 1278 vehementia
1719 1253 1749 1277 et
1772 1246 1921 1277 velocitas
1945 1253 2019 1277 sunt
2042 1247 2241 1278 huiusmodi:
2274 1255 2309 1278 ut
2336 1256 2422 1288 patet
2445 1259 2481 1280 ex

1411 1292 1598 1323 auctoritate
1622 1291 1766 1331 Gregorii
1790 1291 1822 1320 in
1846 1290 1956 1321 littera.
1982 1291 2049 1321 Etc.

1466 1337 1505 1367 V.
1531 1336 1580 1366 Ad
1601 1337 1742 1376 primum
1776 1335 1906 1365 dubium
1923 1335 1940 1354 *
1964 1335 2078 1365 dicitur
2106 1338 2195 1376 quod
2226 1336 2259 1366 in
2289 1336 2390 1367 littera
2415 1347 2479 1367 non

1412 1381 1526 1411 dicitur
1556 1380 1645 1421 quod
1676 1379 1835 1420 quaelibet
1862 1379 1906 1409 ira
1937 1386 1983 1410 est
2011 1379 2118 1410 minus
2146 1387 2312 1420 peccatum
2343 1381 2482 1421 qualibet

1410 1425 1541 1455 invidia:
1570 1424 1624 1454 sed
1649 1423 1763 1454 dicitur
1787 1423 1891 1464 quod,
1917 1424 2134 1463 comparando
2158 1424 2252 1460 iram,
2276 1425 2428 1455 invidiam
2453 1432 2482 1455 et

1411 1469 1523 1500 odium
1539 1468 1716 1499 secundum
1732 1477 1790 1497 sua
1810 1467 1932 1498 obiecta
1956 1467 2111 1504 formalia,
2129 1469 2218 1509 quod
2234 1475 2280 1499 est
2300 1479 2482 1509 comparare

1409 1514 1468 1545 ista
1490 1512 1566 1543 vitia
1588 1512 1765 1543 secundum
1795 1521 1867 1542 suas
1898 1512 2016 1552 species
2040 1512 2202 1549 absolute,
2227 1513 2271 1542 ira
2301 1521 2346 1545 est
2377 1514 2483 1543 minus

1409 1564 1575 1599 peccatum
1599 1566 1696 1598 quam
1720 1555 1837 1598 invidia
1861 1562 1891 1586 et
1915 1555 2037 1593 odium,
2062 1556 2137 1597 quia
2161 1557 2321 1588 obiectum
2350 1557 2483 1588 formale

1409 1603 1472 1633 irae
1495 1601 1589 1632 habet
1612 1600 1768 1631 rationem
1800 1600 1906 1630 minus
1935 1600 2026 1637 mali;
2056 1611 2129 1631 nam
2162 1601 2322 1631 obiectum
2350 1601 2483 1632 formale

1409 1647 1472 1677 irae
1496 1652 1543 1676 est
1566 1645 1687 1675 malum
1713 1644 1849 1685 proximi
1866 1645 1925 1674 sub
1949 1644 2070 1675 ratione
2090 1645 2256 1681 vindictae,
2282 1645 2416 1676 invidiae
2437 1653 2483 1677 est

1410 1691 1532 1721 malum
1562 1689 1697 1730 proximi
1732 1695 1767 1719 ut
1797 1688 1962 1719 conferens
1992 1689 2139 1729 propriae
2168 1690 2384 1726 excellentiae,
2417 1690 2482 1721 odii

1410 1743 1516 1766 autern
1541 1734 1664 1764 malum
1688 1733 1826 1773 proximi
1850 1739 1886 1763 ut
1908 1733 2030 1764 malum
2055 1733 2150 1764 illius.
2182 1734 2269 1765 Haec
2293 1741 2400 1765 autem
2424 1734 2482 1765 tria

1410 1779 1532 1810 obiecta
1557 1777 1752 1808 conveniunt
1775 1777 1807 1806 in
1832 1777 1918 1807 malo
1939 1777 2090 1817 appetito.
2114 1778 2155 1809 Et
2170 1785 2337 1819 propterea
2353 1789 2482 1819 arguere

1410 1834 1426 1853 a
1450 1823 1503 1854 tali
1520 1822 1570 1852 vel
1587 1821 1640 1852 tali
1664 1821 1760 1857 malo,
1778 1827 1886 1851 contra
1904 1824 2077 1852 Auctorem
2102 1822 2181 1852 nihil
2200 1822 2291 1854 valet.
2318 1823 2481 1860 Quoniam

1410 1878 1475 1897 non
1499 1866 1560 1897 tale
1585 1873 1640 1896 aut
1663 1866 1723 1896 tale
1747 1865 1880 1901 malum,
1898 1866 1953 1895 sed
1977 1866 2097 1896 malum
2123 1866 2280 1897 clauditur
2298 1867 2331 1897 in
2356 1867 2482 1898 obiecto

1409 1909 1574 1942 communi
1598 1910 1734 1940 istorum
1758 1909 1921 1941 vitiorum:
1954 1910 2009 1940 sed
2042 1910 2190 1941 differunt
2213 1910 2244 1940 in
2270 1911 2390 1942 ratione
2414 1911 2480 1942 for-

1409 1955 1484 1986 mali
1508 1965 1572 1996 qua
1595 1954 1718 1985 malum
1741 1954 1909 1994 appetitur,
1935 1954 2010 1995 quia
2033 1954 2113 1986 irato
2138 1954 2286 1986 obiicitur
2309 1955 2430 1986 malum
2446 1962 2482 1987 ut

1408 1999 1560 2036 vindicta,
1585 1998 1694 2029 invido
1728 2005 1764 2028 ut
1794 1998 1959 2029 conferens
1991 1998 2137 2039 propriae
2166 1999 2378 2036 excellentiae,
2404 1999 2480 2030 odio

1409 2051 1516 2075 autem
1541 2050 1576 2074 ut
1600 2043 1722 2073 malum
1746 2042 1892 2083 proximi.
1917 2043 1958 2073 Et
1981 2042 2056 2083 quia
2073 2044 2269 2084 comparatio
2294 2053 2359 2074 non
2384 2054 2481 2084 penes

1408 2089 1439 2119 id
1469 2089 1501 2118 in
1535 2098 1601 2129 quo
1635 2087 1741 2128 aliqua
1771 2087 1950 2118 indistincta
1979 2093 2071 2122 sunt,
2096 2088 2151 2117 sed
2179 2098 2276 2127 penes
2305 2088 2480 2119 differentes

1409 2139 1524 2169 modos
1541 2148 1596 2168 seu
1621 2137 1758 2168 rationes
1782 2136 1866 2167 illius
1882 2137 1914 2166 in
1931 2147 1996 2177 quo
2022 2137 2240 2168 convenientia
2259 2144 2315 2174 est,
2332 2137 2382 2175 fit;
2407 2139 2480 2169 ideo

1408 2193 1504 2223 penes
1529 2182 1650 2212 malum
1674 2182 1732 2212 sub
1749 2180 1797 2211 his
1821 2181 1996 2211 rationibus
2019 2182 2215 2222 comparatio
2240 2189 2296 2213 est.
2311 2199 2332 2205 —
2348 2183 2389 2213 Et
2408 2183 2481 2213 hinc

1407 2234 1493 2267 patet
1516 2227 1615 2268 quod,
1636 2226 1722 2266 apud
1738 2225 1942 2266 perspicaces,
1964 2235 2029 2255 non
2049 2233 2175 2266 oportet
2198 2225 2368 2266 adiungere
2391 2227 2480 2267 quod

1409 2271 1606 2311 comparatio
1625 2269 1660 2300 fit
1684 2269 1768 2300 salva
1792 2269 1979 2310 aequalitate
1997 2270 2081 2299 mala
2105 2270 2280 2310 appetitus:
2314 2271 2480 2311 quoniam,

1408 2323 1444 2346 ut
1466 2322 1562 2356 patet,
1586 2314 1619 2344 in
1643 2314 1765 2344 ratione
1782 2313 1857 2344 mali
1872 2313 2051 2344 indistincta
2075 2321 2150 2345 sunt
2165 2314 2223 2345 ista
2247 2314 2331 2345 vitia.
2356 2315 2480 2345 Verun-

1408 2367 1532 2396 tamen,
1558 2358 1782 2398 compatiendo
1807 2357 2012 2388 imbecillitati
2037 2358 2244 2395 novitiorum,
2261 2358 2384 2389 admitti
2409 2366 2480 2399 pot-

1409 2411 1455 2436 est
1470 2403 1559 2445 quod
1580 2403 1639 2433 ista
1663 2402 1870 2443 comparatio,
1895 2402 1977 2433 sicut
2000 2409 2030 2432 et
2058 2409 2194 2439 ceterae,
2220 2403 2329 2433 ceteris
2353 2404 2481 2443 paribus

1407 2448 1601 2488 intelligitur.
1626 2447 1667 2478 Et
1686 2454 1853 2487 propterea
1877 2447 1916 2477 ad
1933 2448 2091 2487 primum,
2114 2454 2199 2487 patet
2222 2447 2407 2478 huiusmodi
2433 2458 2482 2478 so·

1408 2493 1507 2524 lutio:
1533 2492 1608 2533 quia
1632 2491 1715 2522 mala
1740 2501 1805 2521 non
1830 2498 1904 2521 sunt
1927 2491 2023 2531 paria.

1463 2537 1513 2568 Ad
1528 2536 1703 2568 secundum
1721 2543 1826 2576 potest
1841 2535 1936 2566 etiam
1954 2536 2069 2566 eodem
2084 2535 2183 2565 modo
2201 2535 2271 2566 dici.
2298 2535 2380 2565 Nam
2397 2536 2478 2567 sicut

1407 2581 1599 2613 adulterium
1632 2587 1678 2612 est
1700 2580 1825 2620 gravius
1850 2580 2028 2610 secundum
2062 2589 2153 2609 suam
2178 2579 2315 2619 speciem
2345 2579 2479 2610 fornica·

1407 2626 1504 2662 tione,
1530 2633 1560 2656 et
1584 2632 1690 2656 tamen
1714 2630 1819 2664 potest
1842 2634 1908 2654 esse
1933 2624 2021 2664 quod
2046 2623 2151 2664 aliqua
2174 2623 2341 2653 fornicatio
2367 2633 2402 2653 ex
2426 2624 2479 2654 ali-

1407 2680 1471 2711 qua
1487 2668 1722 2701 circumstantia
1746 2668 1784 2699 sit
1799 2668 1924 2708 gravior
1940 2668 2049 2708 aliquo
2074 2667 2239 2703 adulterio,
2257 2674 2335 2706 puta
2351 2667 2377 2697 si
2393 2668 2480 2698 adul·

1407 2722 1524 2747 teretur
1548 2724 1622 2744 curn
1639 2712 1802 2743 meretrice
1820 2712 1957 2752 publica,
1975 2711 2147 2742 fornicetur
2170 2718 2277 2741 autem
2297 2711 2478 2742 inducendo

1407 2757 1703 2793 vehementissime,
1728 2764 1801 2793 etc.‚
1826 2756 1993 2786 mulierem
2021 2756 2159 2786 solutam
2183 2754 2306 2786 infinito
2334 2763 2478 2796 tempore

1407 2802 1613 2834 castissimam
1639 2809 1669 2832 et
1693 2801 1833 2841 optimae
1850 2800 1941 2836 vitae,
1960 2807 2035 2830 etc.:
2060 2800 2102 2831 ita
2117 2799 2162 2829 ira
2186 2800 2362 2830 secundum
2386 2810 2478 2830 suam

1407 2847 1546 2887 speciem
1570 2853 1616 2877 est
1631 2845 1738 2876 minor
1755 2845 1848 2886 culpa
1865 2854 1963 2885 quam
1986 2844 2113 2880 invidia,
2131 2854 2204 2875 cum
2228 2854 2294 2884 quo
2314 2850 2374 2874 stat
2389 2845 2477 2884 quod

1408 2901 1445 2922 ex
1468 2890 1702 2922 circumstantia
1725 2889 1832 2930 aliqua
1847 2889 1892 2919 ira
1909 2889 1948 2919 sit
1963 2889 2097 2928 gravior.
2123 2888 2194 2918 Hoc
2218 2888 2303 2918 enim
2324 2887 2402 2918 nihil
2422 2889 2478 2919 ob—

1407 2942 1467 2967 stat
1490 2934 1646 2975 praesenti
1670 2933 1841 2964 doctrinae.
1866 2950 1886 2955 -
1911 2933 2009 2970 Quod
2034 2939 2140 2964 autem
2171 2933 2312 2963 secundo
2335 2932 2408 2962 loco
2432 2932 2476 2962 af-

1407 2979 1514 3015 fertur,
1538 2989 1604 3009 non
1629 2985 1675 3009 est
1697 2977 1902 3018 intelligibile.
1928 2977 2011 3014 Quia
2028 2976 2169 3017 implicat
2184 2986 2250 3006 esse
2267 2976 2398 3017 aequale
2421 2987 2475 3016 ap—

1408 3023 1535 3064 petibile
1559 3030 1696 3053 mortem
1719 3021 1906 3058 innocentis,
1931 3028 1962 3052 et
1985 3029 2123 3052 mortem
2147 3021 2215 3051 eius
2238 3020 2292 3061 qui
2313 3020 2399 3050 illam
2423 3021 2476 3051 de-

1407 3067 1534 3098 meruit.

1462 3112 1514 3142 Ad
1529 3113 1658 3142 tertium
1679 3110 1792 3141 dicitur
1815 3110 1931 3150 primo,
1948 3110 2038 3151 quod
2054 3109 2258 3150 suppositum
2278 3119 2344 3139 non
2364 3116 2410 3139 est
2425 3119 2477 3139 ve-

1407 3166 1490 3192 rum,
1508 3155 1625 3187 scilicet
1640 3155 1729 3196 quod
1752 3153 1823 3184 finis
1846 3154 1982 3184 invidiae
1998 3160 2045 3184 est
2059 3163 2139 3183 vana
2155 3153 2273 3193 gloria;
2298 3159 2372 3183 sunt
2390 3152 2476 3183 enim

1408 3199 1554 3230 distincta
1583 3199 1659 3230 vitia
1688 3198 1807 3228 invidia
1835 3204 1865 3228 et
1887 3208 1968 3228 vana
1997 3197 2110 3238 gloria,
2135 3196 2282 3227 habentia
2313 3196 2476 3228 distinctos

1407 3242 1485 3274 fines
1509 3243 1683 3283 proximos.
1709 3242 1770 3273 Sed
1794 3252 1860 3272 non
1884 3242 2024 3272 curando
2049 3251 2107 3281 pro
2132 3251 2217 3272 nunc
2241 3241 2279 3271 de
2303 3241 2375 3278 hoc,
2401 3251 2476 3271 cum

1408 3287 1530 3323 dicitur,
1555 3287 1669 3327 primo,
1686 3287 1775 3327 quod
1798 3286 1935 3317 vindicta
1958 3292 2004 3316 est
2027 3286 2133 3326 magis
2145 3285 2324 3326 fugibilis:
2346 3285 2476 3316 abusiva

1407 3332 1440 3362 in
1463 3331 1574 3372 primis
1598 3330 1718 3361 locutio
1743 3337 1798 3360 est.
1830 3331 1913 3360 Nam
1936 3329 2073 3360 vindicta
2105 3336 2151 3360 est
2174 3330 2213 3360 de
2236 3339 2350 3369 genere
2373 3329 2475 3360 bono-

1408 3385 1493 3406 rum:
1517 3376 1642 3406 bonum
1665 3381 1772 3405 autem
1796 3384 1861 3404 non
1885 3374 1979 3404 habet
1994 3374 2151 3404 rationem
2174 3373 2324 3414 fugibilis‚
2342 3374 2397 3404 sed
2420 3384 2474 3414 ap-

1408 3419 1560 3460 petibilis;
1585 3429 1660 3449 nam
1678 3419 1794 3449 bonum
1819 3423 1865 3448 est
1887 3418 1973 3458 quod
1994 3419 2102 3448 omnia
2125 3423 2289 3458 appetunt,
2309 3417 2320 3447 1
2337 3417 2440 3448 Ethic.
2457 3418 2475 3437 *
2500 3419 2581 3468 ngffi
2596 3425 2616 3467 ¹¹,

1407 3464 1602 3495 Reducendo
1626 3462 1739 3493 deinde
1762 3463 1801 3492 ad
1826 3462 1988 3502 propriam
2013 3462 2222 3500 locutionem,
2246 3462 2371 3498 scilicet,
2402 3463 2473 3492 Vin-

1407 3509 1492 3540 dicta
1527 3513 1574 3538 est
1607 3508 1713 3537 minus
1746 3507 1923 3547 appetibilis
1960 3516 2056 3547 quam
2094 3507 2227 3548 gloria:
2265 3506 2474 3547 respondetur

1407 3553 1505 3594 quod,
1527 3552 1601 3594 quia
1625 3558 1698 3582 sunt
1721 3550 1917 3581 diversorum
1942 3550 2091 3582 ordinum
2115 3551 2210 3587 bona,
2235 3550 2402 3581 dicendum
2428 3556 2474 3580 est

1407 3597 1496 3638 quod
1518 3596 1655 3627 vindicta
1675 3602 1721 3626 est
1743 3595 1843 3635 magis
1857 3595 2036 3636 appetibilis
2052 3595 2085 3626 in
2100 3605 2213 3636 genere
2235 3594 2312 3625 boni
2336 3593 2470 3629 honesti,

2511 450 2520 459 ³
2534 449 2590 470 [bid.

2508 1344 2518 1353 ⁸
2532 1343 2603 1365 Num.

2632 3425 2654 3440 n.
