2768 4198
0 2922 10 3168 q‚iv—„—.—,-w‹-v--w-
0 2893 4 2904 —
0 2871 5 2879 2>
0 2837 3 2858 -ν
0 2811 2 2817 -Α
0 2793 2 2802 -

76 359 86 369 ⁸
99 354 134 377 cf.
150 355 198 373 not.
215 357 237 380 γ.

993 262 1262 309 QUAESTIO
1293 262 1412 309 CLII,

310 345 458 386 specialis
489 343 626 374 materia
657 342 731 372 boni
751 341 769 360 '¹‘
798 341 917 372 habens
946 341 1114 381 specialem
1140 340 1381 376 excellentiam,
1409 352 1411 381 ᾗ

313 395 440 429 oportet
467 387 582 418 addere
603 393 658 417 aut
681 385 926 425 subintelligere,
947 386 1083 415 alterius
1107 386 1251 415 rationis.
1277 385 1317 414 Et
1341 384 1384 414 sic
1409 384 1411 413 l

313 433 419 464 minor
443 439 490 462 est
512 431 599 462 falsa.
624 431 699 461 Non
723 430 806 460 valet
829 439 904 470 ergo
928 430 1007 460 ratio
1031 429 1161 460 litterae.
1410 423 1412 441 '

367 477 408 508 Et
431 483 565 516 augetur
587 475 743 516 quaestio.
768 474 852 512 Quia
872 474 897 504 si
913 474 1074 514 virginitas
1099 480 1146 504 est
1169 480 1205 503 ut
1228 473 1260 503 in
1284 473 1385 503 littera
1411 471 1412 500 ἶ

313 521 436 557 dicitur,
461 520 604 561 sequitur
626 519 716 560 quod
739 518 900 558 virginitas
924 518 964 549 sit
987 518 1157 549 subiective
1182 518 1214 547 in
1238 516 1386 547 irascibili
1411 534 1413 554 3

313 573 343 596 et
366 566 490 597 castitas
514 565 547 595 in
571 563 820 604 concupiscibili,
846 570 876 593 et
900 563 1062 593 obiectum
1077 563 1163 593 illius
1183 562 1222 592 sit
1238 562 1385 597 arduum,
1412 583 1413 604 3

312 610 402 641 istius
419 619 494 640 vero
515 610 639 640 bonum
655 608 818 638 absolute:
844 614 879 638 ut
902 607 1184 648 proportionaliter
1199 617 1232 636 se
1251 606 1388 636 habeant

313 661 348 685 ut
379 653 613 694 magnificentia
643 660 674 683 et
700 653 880 684 liberalitas,
912 652 973 683 Sed
997 652 1073 682 haec
1097 658 1183 692 patet
1207 661 1274 681 esse
1298 650 1386 681 falsa.
1413 680 1414 692 3

312 699 397 739 Ergo
422 708 488 729 non
512 708 544 728 se
569 698 664 728 habet
687 698 726 727 ad
751 697 928 728 castitatem
952 704 987 728 ut
1003 695 1237 737 magnificentia
1254 695 1293 724 ad
1309 694 1386 725 libe·
1413 707 1414 721 1

313 743 480 774 ralitatem.

368 788 419 818 Ad
443 787 504 818 hoc
528 787 643 817 dicitur
673 786 763 827 quod
787 786 949 826 virginitas
979 792 1084 827 potest
1108 783 1299 815 considerari
1331 784 1388 814 du·
1412 778 1416 819 ἓ

313 832 445 872 pliciter.
468 832 588 868 Primo,
605 830 686 861 infra
702 830 819 861 limites
834 830 1060 871 temperantiae
1076 839 1184 870 purae.
1210 829 1251 859 Et
1270 828 1313 858 sic
1329 828 1389 858 vir-
1413 830 1415 868 ἦ

312 876 452 917 ginitatis
475 876 607 907 materia
632 882 678 906 est
701 875 831 906 materia
854 875 989 912 virtutis,
1008 875 1063 905 sed
1093 884 1160 905 non
1184 873 1348 904 distinctae
1373 882 1389 902 a
1413 870 1416 901 ἕ

313 921 467 952 castitate:
493 928 523 952 et
547 920 691 951 similiter
712 920 874 960 virginitas
898 926 944 950 est
962 920 1072 955 virtus,
1090 919 1144 950 sed
1160 928 1224 948 non
1244 917 1390 948 distincta
1414 943 1416 962 ἶ

313 976 331 996 a
347 966 498 996 castitate.
523 966 565 996 Et
587 965 631 996 sic
654 966 734 996 bene
751 964 889 995 salvatur
904 964 1097 995 Richardus:
1124 973 1181 994 nec
1200 962 1390 1002 oppositum

313 1010 411 1041 sensit
426 1013 559 1041 Auctor.
584 1010 624 1040 Et
649 1010 710 1040 hoc
735 1010 934 1039 concludunt
957 1015 1143 1048 argumenta
1167 1008 1270 1038 allata.
1306 1007 1389 1036 Nam
1413 1016 1416 1054 i

314 1055 443 1086 materia
467 1054 652 1095 virginitatis
677 1064 743 1084 non
768 1061 815 1084 est
837 1053 964 1084 alterius
988 1053 1128 1088 rationis,
1154 1053 1236 1083 sicut
1259 1050 1390 1081 materia
1414 1058 1416 1095 ξ

314 1099 581 1140 magnificentiae:
607 1109 666 1129 nec
687 1099 850 1138 virginitas
875 1105 922 1128 est
945 1098 1026 1128 circa
1050 1098 1198 1133 arduum,
1224 1106 1298 1127 cum
1324 1104 1390 1125 non
1414 1097 1417 1144 ξ

313 1144 353 1175 sit
377 1144 457 1175 circa
480 1151 588 1174 actum
611 1143 751 1184 aliquem
774 1142 946 1178 irascibilis,
967 1142 1022 1172 sed
1046 1140 1312 1181 concupiscibilis,
1338 1140 1391 1169 de·
1415 1148 1416 1182 j

313 1189 517 1219 lectationem
541 1188 659 1219 scilicet
681 1197 859 1218 veneream.

359 1233 391 1264 Si
415 1240 524 1264 autem
548 1232 766 1263 consideretur
789 1231 822 1261 in
839 1230 952 1261 ordine
975 1230 1015 1260 ad
1032 1229 1177 1260 divinum
1195 1228 1391 1269 obsequium
1415 1221 1416 1242 ³

281 1299 286 1304 -
314 1276 485 1320 (quopiam
502 1278 595 1318 virgo
619 1277 742 1317 cogitat
756 1285 840 1316 quae
863 1275 996 1305 Domini
1017 1279 1104 1310 sunt,
1123 1281 1183 1304 etc.
1199 1272 1241 1315 *)‚
1267 1273 1311 1303 sic
1330 1272 1391 1302 vir·
1415 1291 1416 1310 1

310 1321 345 1331 Α
369 1320 379 1328 ι

313 1322 452 1362 gmitatis
476 1321 607 1351 materia
630 1320 796 1351 constituit
817 1319 983 1350 materiam
1006 1318 1182 1359 specialiter
1205 1319 1336 1353 bonam,
1361 1323 1392 1347 et
1415 1318 1417 1358 31

1442 261 1741 298 ARTICULUS
1772 261 1821 296 111

1437 337 1595 368 materiae.
1619 338 1661 368 Et
1684 337 1759 378 quia
1782 336 1970 367 huiusmodi
1994 336 2198 377 propositum
2222 344 2307 377 patet
2331 347 2397 368 esse
2422 348 2511 378 repa-

1437 382 1535 412 rabile
1558 392 1614 422 per
1637 381 1878 422 poenitentiam,
1903 381 1976 412 ideo
2001 388 2087 421 patet
2106 391 2220 411 omnes
2236 381 2366 412 virtutes
2384 392 2450 412 esse
2467 392 2512 412 re-

1438 426 1593 467 parabiles
1617 436 1673 466 per
1696 426 1928 467 poenitentiam
1952 425 2060 467 quoad
2085 435 2182 456 suum
2206 425 2354 462 formale,
2380 437 2453 456 cum
2478 437 2512 456 o-

1440 480 1531 501 mnes
1554 471 1617 501 sint
1634 480 1804 501 connexae.
1830 471 1871 501 Et
1894 471 1956 501 hoc
1973 470 2073 510 magis
2090 477 2245 501 consonat
2269 477 2299 501 et
2323 471 2433 501 Sacrae
2451 471 2515 501 Do-

1440 515 1574 551 ctrinae,
1600 516 1778 546 secundum
1802 525 1901 556 quam
1925 514 1992 545 filio
2018 514 2154 555 prodigo
2179 515 2250 545 data
2274 522 2321 545 est
2343 516 2426 546 stola
2444 516 2514 555 pri-

1440 569 1492 590 ma
1508 559 1541 596 *;
1574 566 1605 590 et
1633 560 1858 600 philosophiae
1887 559 2020 595 morali,
2045 559 2223 590 secundum
2248 569 2346 600 quam
2371 560 2426 600 qui
2452 570 2516 589 una

1441 611 1524 635 caret
1546 604 1677 640 virtute,
1703 605 1825 634 nullam
1853 604 1956 635 habet.
1981 621 2002 627 -
2026 604 2067 634 Et
2095 614 2151 644 per
2173 604 2250 634 haec
2279 611 2364 645 patet
2396 604 2515 634 solutio

1442 658 1601 679 ommum.

1497 693 1550 724 IV.
1576 693 1612 723 In
1636 693 1751 723 eodem
1774 693 1866 723 tertio
1891 692 2040 729 articulo,
2069 693 2102 722 in
2126 693 2336 733 responsione
2360 693 2399 723 ad
2423 703 2516 734 quar-

2434 261 2506 296 203

1413 737 1415 774 ᾗ
1442 745 1522 774 tum,
1544 737 1680 767 dubium
1695 737 1833 768 occurrit
1848 747 1885 767 ex
1900 737 2048 774 Martino,
2067 738 2121 768 ubi
2137 748 2232 778 supra
2243 738 2270 774 *,
2288 738 2411 768 dicente
2428 738 2517 779 quod

1441 782 1519 812 haec
1534 782 1699 812 conclusio
1717 782 1848 822 ponitur
1865 788 1975 812 contra
1990 782 2164 819 Thomam,
2183 782 2313 814 scilicet:
2341 782 2518 824 Virginitas

1443 827 1533 857 nullo
1557 831 1629 857 voto
1646 827 1787 867 firmata
1810 831 1856 857 est
1877 828 1988 863 virtus,
2014 834 2044 858 et
2064 828 2218 867 probatur
2233 827 2377 868 quinque
2393 827 2517 858 mediis.

1442 871 1562 908 Primo,
1588 871 1663 911 quia
1687 878 1734 901 est
1756 876 1848 901 actus
1871 871 2034 902 humanus
2052 872 2154 902 bonus
2169 877 2200 902 et
2215 872 2389 903 laudabilis
2404 874 2436 903 in
2454 883 2517 903 me-

1442 915 1560 946 dietate
1583 916 1768 946 consistens.
1793 933 1814 938 —
1837 915 1997 953 Secundo,
2022 916 2098 956 quia
2122 923 2168 946 est
2191 923 2279 947 actus
2303 917 2418 947 rationi
2443 928 2518 948 con-

1443 959 1566 990 formis.
1591 977 1612 982 -
1641 960 1763 996 Tertio,
1789 959 1865 1000 quia
1896 967 1941 990 est
1969 967 2058 990 actus
2087 961 2142 1001 qui
2173 968 2219 991 est
2243 962 2372 992 materia
2396 962 2472 993 voti.
2498 980 2518 985 -

1446 1003 1583 1041 Quarto,
1609 1003 1686 1044 quia
1717 1011 1764 1033 est
1794 1004 2014 1043 temperantia.
2040 1022 2058 1026 —
2086 1005 2218 1043 Quinto,
2243 1006 2319 1046 quia
2346 1006 2379 1036 in
2408 1007 2518 1048 aliquo

1443 1058 1518 1078 casu
1540 1047 1702 1088 virginitas
1724 1057 1791 1078 non
1807 1055 1884 1078 voto
1907 1047 2030 1079 firmata
2053 1057 2099 1079 est
2122 1050 2312 1080 laudabilior
2326 1061 2424 1092 quam
2441 1059 2518 1082 voto

1441 1091 1576 1122 firmata.
1600 1093 1759 1122 Probatur
1783 1100 1996 1132 assumptum.
2022 1093 2054 1123 Si
2078 1093 2172 1124 frater
2195 1094 2276 1134 regis
2300 1096 2451 1126 Franciae
2469 1107 2518 1127 co—

1441 1144 1609 1176 gnosceret
1632 1136 1839 1176 probabiliter
1862 1138 1965 1177 quod,
1991 1147 2062 1177 rege
2087 1138 2154 1168 sine
2178 1139 2312 1170 haerede
2336 1141 2518 1178 decedente,

1414 1183 1416 1211 ‘z
1442 1191 1578 1220 regnum
1606 1180 1751 1211 transiret
1779 1182 1818 1210 ad
1847 1188 2020 1222 tyrannum
2045 1183 2315 1220 crudelissimum,
2342 1186 2520 1216 consultius

1442 1233 1548 1265 ageret
1572 1225 1639 1255 sine
1663 1232 1740 1256 voto
1765 1235 1888 1256 servare
1911 1226 2122 1266 virginitatem
2146 1238 2244 1268 quam
2268 1239 2392 1260 vovere.

1499 1270 1551 1300 Ad
1580 1270 1657 1300 haec
1684 1270 1820 1300 breviter
1849 1270 1963 1301 dicitur
1995 1272 2083 1311 quod
2113 1279 2167 1302 aut
2192 1273 2329 1303 rationes
2353 1274 2429 1304 istae
2455 1285 2519 1304 non

1444 1314 1582 1345 militant
1606 1322 1716 1345 contra
1740 1315 1919 1344 doctrinam
1942 1316 2101 1351 Auctoris,
2123 1324 2232 1347 contra
2248 1328 2344 1358 quam
2363 1318 2521 1349 inducun-

314 1366 442 1397 alterius
471 1365 602 1396 rationis
631 1375 649 1395 a
677 1364 808 1395 materia
838 1363 997 1395 castitatis.
1031 1363 1072 1393 Et
1100 1363 1144 1393 sic
1167 1362 1329 1402 virginitas
1358 1371 1391 1391 se
1415 1359 1417 1396 ζ
1443 1366 1513 1390 tur:
1539 1366 1594 1389 aut
1617 1358 1697 1388 nihil
1719 1359 1836 1389 valent.
1861 1360 1944 1389 Nam
1968 1370 2004 1390 ex
2024 1360 2201 1391 rationibus
2218 1362 2284 1392 istis
2308 1370 2363 1393 aut
2387 1363 2522 1394 intendit

313 1411 408 1442 habet
427 1410 467 1440 ad
482 1409 657 1440 castitatem
681 1415 718 1439 ut
741 1407 975 1448 magnificentia
998 1408 1038 1438 ad
1060 1407 1291 1438 liberalitatem.
1315 1406 1390 1436 Non
1416 1415 1417 1425 ¹
1443 1403 1635 1434 concludere
1660 1403 1750 1444 quod
1766 1403 1929 1443 virginitas
1955 1405 2022 1435 sine
2038 1412 2116 1435 voto
2141 1413 2187 1436 est
2210 1406 2326 1437 virtus:
2354 1415 2408 1438 aut
2432 1409 2521 1448 quod

313 1455 404 1496 quod
427 1454 604 1485 similitudo
628 1453 694 1490 ista,
717 1459 823 1484 teneat
846 1453 955 1493 quoad
978 1452 1104 1488 omnia,
1130 1459 1166 1482 ut
1194 1450 1391 1482 obiectiones
1415 1428 1417 1481 l,
1442 1448 1514 1479 talis
1538 1447 1701 1488 virginitas
1726 1455 1773 1478 est
1791 1448 1891 1478 virtus
1908 1449 2012 1488 specie
2030 1450 2176 1481 distincta
2193 1461 2211 1480 a
2227 1451 2378 1482 castitate.
2404 1453 2436 1483 Si
2460 1453 2521 1492 pri-

314 1499 406 1542 quasi
429 1504 634 1539 supponunt:
660 1497 715 1528 sed
739 1497 848 1538 quoad
864 1498 940 1534 duo,
965 1496 1083 1527 scilicet
1106 1496 1196 1537 quod
1220 1496 1301 1526 sicut
1319 1495 1391 1526 illae
1416 1485 1417 1537 Ῐ
1444 1502 1557 1529 mum,
1583 1502 1649 1522 non
1674 1499 1720 1522 est
1749 1499 1858 1523 contra
1882 1495 2074 1524 Auctorem:
2107 1495 2262 1535 quoniam
2290 1496 2383 1536 gratis
2409 1507 2522 1527 omnes

314 1543 464 1582 differunt
485 1553 583 1584 penes
606 1542 767 1573 mediocre
791 1549 823 1572 et
846 1552 1020 1582 magnum,
1044 1541 1088 1572 ita
1111 1541 1189 1572 istae
1219 1550 1316 1581 penes
1341 1550 1391 1570 ex·
1415 1539 1418 1585 J
1445 1538 1582 1569 fatemur
1609 1537 1796 1577 virginitatis
1827 1538 2034 1578 propositum
2065 1549 2131 1569 esse
2161 1546 2267 1570 actum
2299 1541 2456 1572 castitatis.
2490 1542 2522 1572 Si

315 1588 431 1620 cellens
455 1594 486 1618 et
509 1587 685 1623 mediocre;
710 1593 741 1617 et
765 1586 847 1617 sicut
869 1586 912 1617 ibi
929 1596 1084 1626 magnum
1101 1585 1307 1625 distinguitur
1322 1595 1392 1625 spe·
1416 1598 1417 1618 3
1444 1582 1634 1618 secundum,
1652 1581 1791 1612 rationes
1807 1582 1887 1612 nihil
1899 1583 2013 1614 valent.
2035 1584 2118 1614 Nam
2134 1584 2207 1614 licet
2224 1585 2418 1616 concludant
2433 1587 2522 1626 quod

315 1633 361 1665 cie
385 1644 402 1663 a
427 1632 599 1668 mediocri,
622 1631 665 1662 ita
688 1631 739 1662 hic
763 1631 917 1662 excellens
947 1641 965 1661 a
993 1630 1157 1661 mediocri.
1190 1630 1252 1661 Sed
1281 1630 1392 1670 quoad
1416 1662 1417 1672 η
1444 1628 1511 1658 sine
1536 1634 1614 1657 voto
1638 1626 1800 1667 virginitas
1831 1634 1877 1658 est
1900 1628 1960 1658 sub
1984 1628 2210 1668 temperantia,
2237 1636 2267 1659 et
2291 1637 2378 1660 actus
2401 1631 2523 1661 virtuo-

314 1677 473 1709 rationem
497 1675 684 1707 diversitatis
708 1675 884 1716 specificae,
910 1685 976 1706 non
1001 1675 1232 1706 assimilantur:
1258 1674 1334 1715 quia
1349 1674 1392 1704 ibi
1416 1694 1418 1716 y
1443 1683 1508 1708 suS,
1526 1679 1604 1707 etc.;
1634 1681 1701 1701 non
1725 1679 1832 1702 tamen
1857 1672 2056 1704 concludunt
2080 1673 2318 1704 distinctionem
2342 1674 2523 1714 specificam

315 1732 472 1762 magnum
504 1720 710 1760 distinguitur
736 1720 841 1760 specie
870 1720 946 1760 quia
975 1720 1151 1760 ingreditur
1174 1719 1322 1750 ordinem
1345 1729 1392 1749 ar·

316 1767 470 1803 duorum;
493 1765 543 1796 hic
558 1775 635 1796 vero
652 1764 807 1795 excellens
823 1764 1029 1804 distinguitur
1045 1764 1149 1804 specie
1169 1764 1244 1805 quia
1260 1764 1394 1794 trahitur
1416 1780 1418 1785 ›

314 1811 355 1842 ad
378 1811 524 1841 ordinem
549 1810 742 1840 divinorum.
776 1809 870 1840 Unde
901 1815 987 1850 patet
1010 1810 1099 1849 quod
1124 1809 1227 1839 solida
1251 1815 1311 1839 stat
1336 1809 1392 1838 do-
1417 1807 1418 1834 ἓ

315 1855 415 1886 ctrina
438 1854 599 1886 Auctoris.
1417 1858 1418 1867 ³

372 1899 425 1931 111.
450 1899 485 1930 In
509 1899 720 1939 responsione
744 1898 783 1927 ad
807 1897 947 1933 tertium,
972 1897 1107 1928 dubium
1132 1907 1170 1927 ex
1185 1897 1323 1928 Martino
1341 1906 1394 1926 oc-

1444 1717 1513 1747 eius
1537 1726 1555 1746 a
1579 1715 1731 1746 castitate.
1756 1716 1797 1746 Et
1822 1723 1928 1747 tamen
1953 1720 2076 1748 Auctor
2098 1718 2191 1758 ponit
2214 1719 2439 1759 virginitatem,
2458 1730 2522 1750 non

1444 1762 1484 1792 ad
1508 1761 1570 1791 hoc
1594 1760 1684 1801 quod
1709 1760 1748 1790 sit
1771 1760 1880 1797 virtus,
1906 1762 1961 1791 sed
1981 1762 2021 1792 ad
2040 1762 2102 1792 hoc
2123 1763 2212 1803 quod
2228 1763 2268 1793 sit
2287 1763 2431 1803 specialis
2449 1774 2524 1794 con-

1443 1813 1491 1836 tra
1516 1805 1692 1836 castitatem
1715 1805 1814 1835 virtus
1839 1805 1995 1842 distincta,
2017 1806 2138 1847 exigere
2155 1806 2339 1838 firmitatem
2355 1809 2433 1839 voti.
2458 1809 2524 1839 Nec

1445 1850 1542 1880 huius
1567 1849 1757 1889 oppositum
1781 1849 1937 1880 Martinus
1962 1851 2119 1890 probavit.

1499 1894 1588 1931 Quin
1622 1893 1717 1924 etiam
1750 1894 1917 1934 responsio
1952 1895 2080 1925 Martini
2109 1896 2149 1925 ad
2173 1896 2331 1927 rationem
2364 1897 2396 1927 in
2421 1898 2524 1928 littera

77 1954 232 1977 *Mobieen
246 1954 289 1976 ιω1
317 1944 415 1976 currit
445 1943 561 1974 directe
585 1949 695 1974 contra
719 1944 895 1972 Auctorem
926 1941 977 1972 hic
1011 1948 1172 1982 arguente,
1197 1941 1230 1971 in
1253 1952 1309 1982 qu.
1333 1951 1356 1971 11
1377 1940 1394 1959 *
1418 1946 1419 1950 ¹
1445 1939 1542 1969 huius
1565 1938 1744 1978 argumenti
1761 1945 1888 1974 tactam,
1906 1939 2033 1976 scilicet,
2052 1940 2154 1970 Nulla
2172 1941 2275 1971 virtus
2288 1942 2442 1981 perditur
2456 1943 2526 1972 sine

77 1985 140 2003 ‘'⁰¹¹¹-
154 1981 289 2009 ⁰⁰¹¹0¹¹¹⁸·3'
317 1988 356 2019 de
377 1987 578 2028 Virginitate,
603 1987 802 2027 probareque
826 1985 945 2017 nitente
969 1987 1058 2026 quod
1082 1996 1139 2026 per
1162 1985 1394 2026 poenitentiam
1418 1986 1419 2026 l
1439 1988 1588 2024 peccato,
1614 1982 1659 2012 nil
1682 1982 1782 2013 valet:
1815 1983 1894 2013 dum
1911 1983 1985 2014 dicit
2000 1984 2017 2002 *
2044 1985 2134 2025 quod
2151 1994 2264 2016 omnes
2287 1986 2418 2017 virtutes
2443 1996 2525 2027 quae

83 3012 139 3035 ’CL
154 3018 215 3040 resp.
230 3011 260 3033 ad
274 3017 294 3033 2.

319 2042 376 2063 nec
399 2031 561 2063 materiale
585 2041 642 2061 nec
666 2030 800 2060 formale
823 2030 1009 2070 virginitatis
1039 2031 1175 2071 reparari
1206 2037 1322 2071 potest.
1354 2030 1395 2060 Et
1418 2046 1419 2070 1

312 2078 432 2118 primo,
457 2076 533 2117 quia
556 2076 589 2105 in
605 2085 816 2116 quocumque
833 2085 898 2105 non
915 2081 1023 2114 potest
1038 2085 1115 2111 esse,
1132 2085 1188 2115 per
1203 2085 1394 2116 quamcum-

318 2131 382 2163 que
405 2120 646 2162 poenitentiam,
664 2119 870 2160 propositum
887 2119 1031 2150 servandi
1053 2119 1266 2160 integritatem
1282 2119 1395 2157 carnis,

318 2166 351 2197 in
375 2175 414 2196 eo
438 2174 504 2195 non
529 2170 636 2205 potest
659 2174 715 2204 per
738 2163 968 2204 poenitentiam
992 2164 1128 2204 reparari
1152 2163 1286 2194 formale
1302 2163 1395 2203 virgi·
1419 2163 1420 2172 ¹

318 2209 435 2242 nitatis.
460 2209 524 2240 Sed
543 2215 693 2248 corrupta
713 2215 760 2239 est
774 2208 972 2239 huiusmodi.
997 2208 1094 2248 Ergo.
1118 2225 1140 2231 -
1163 2208 1322 2239 Probatur
1336 2208 1396 2238 mi—
1419 2224 1420 2228 =

320 2264 389 2286 nor.
413 2253 499 2292 Quia
513 2253 566 2285 tali
590 2263 656 2283 non
673 2259 779 2292 potest
794 2252 930 2293 reparari
945 2252 1106 2292 integritas
1123 2252 1224 2283 carnis
1243 2263 1300 2293 per
1318 2262 1395 2292 poe·
1418 2255 1421 2285 ὲ

319 2298 502 2330 nitentiam:
528 2304 564 2328 ut
586 2297 654 2337 ipse
677 2297 823 2327 Thomas
847 2296 974 2327 fatetur.
1419 2330 1421 2335 A

374 2342 530 2374 Secundo.
545 2341 724 2381 Virginitas,
739 2340 862 2372 castitas
879 2340 1056 2381 coniugalis
1073 2348 1103 2372 et
1119 2341 1244 2372 castitas
1259 2341 1396 2372 vidualis
1419 2359 1421 2381 ⁴,

319 2386 494 2418 formaliter
522 2393 552 2417 et
579 2384 724 2426 specifice
752 2384 919 2422 differunt,
944 2392 980 2416 ut
1007 2385 1205 2426 probabitur.
1238 2385 1300 2417 Sed
1328 2396 1394 2416 non
1420 2387 1421 2425 l

320 2431 380 2462 nisi
409 2441 465 2472 per
489 2431 551 2461 hoc
584 2431 674 2471 quod
697 2430 736 2460 de
759 2430 882 2461 ratione
904 2429 1093 2470 virginitatis
1121 2437 1168 2461 est
1190 2430 1394 2471 propositum
1420 2438 1421 2448 ¹

318 2476 491 2507 servandae
514 2474 711 2515 integritatis.
735 2475 776 2505 Et
798 2475 860 2505 hoc
884 2475 1090 2515 propositum
1114 2485 1181 2505 non
1205 2483 1252 2506 est
1275 2485 1398 2515 repara·
1420 2485 1421 2510 ᾗ

320 2520 383 2551 bile
407 2530 463 2560 per
486 2518 727 2560 poenitentiam.
751 2519 848 2559 Ergo.

382 2565 508 2601 Tertio,
539 2563 616 2604 quia
645 2563 850 2603 propositum
880 2564 1025 2593 servandi
1055 2563 1268 2604 integritatem
1296 2564 1396 2595 carnis
1420 2600 1422 2605 ,

321 2616 375 2640 aut
399 2615 445 2639 est
468 2607 629 2638 materiale
653 2614 779 2638 tantum
803 2608 836 2638 in
858 2607 1055 2647 virginitate:
1081 2615 1111 2638 et
1134 2608 1196 2639 hoc
1221 2618 1297 2639 non.
1330 2611 1397 2639 Aut
1421 2609 1422 2647 ζ

322 2652 456 2684 formale
479 2659 621 2683 tantum:
647 2659 678 2682 et
700 2651 803 2682 habeo
827 2652 996 2683 intentum.
1025 2654 1092 2683 Aut
1115 2653 1335 2692 compositum
1360 2663 1397 2683 ex

322 2704 472 2738 utroque.
495 2697 536 2727 Et
558 2697 622 2727 hoc
645 2706 724 2727 non.
753 2697 842 2726 Tum
865 2696 942 2736 quia
965 2702 1114 2736 corrupta
1138 2698 1268 2727 credens
1293 2707 1325 2727 se
1349 2697 1396 2727 in·
1421 2695 1423 2748 ᾗ

321 2749 461 2782 tegram,
487 2751 547 2772 suo
571 2750 676 2771 errore
706 2747 816 2781 posset
839 2750 982 2780 reparare
1010 2740 1068 2771 sibi
1091 2741 1304 2781 virginitatem
1317 2764 1325 2780 ‚
1349 2742 1397 2772 in-
1422 2754 1423 2779 ῃ

321 2787 454 2817 tendens
477 2795 600 2816 servare
623 2784 846 2824 integritatem.
876 2785 965 2815 Tum
987 2785 1062 2825 quia
1085 2786 1246 2816 materiale
1270 2786 1397 2826 virgini-
1422 2783 1424 2804 ³>

321 2830 392 2862 tatis
423 2837 470 2861 est
492 2829 672 2870 integritas,
698 2839 765 2860 non
796 2829 920 2860 obiecta
942 2829 1117 2866 voluntati,
1142 2830 1198 2860 sed
1227 2830 1398 2861 inexistens

323 2875 418 2906 carni.
442 2893 462 2897 -
486 2874 573 2911 Ideo,
597 2874 716 2914 inquit,
735 2874 807 2904 dico
827 2873 917 2915 quod
941 2880 1015 2904 sunt
1038 2874 1164 2915 aliquae
1187 2874 1318 2905 virtutes
1342 2884 1398 2915 per

322 2919 554 2960 poenitentiam
577 2918 804 2958 irreparabiles.
1423 2958 1424 2962 Ἰ

375 2964 427 2995 Ad
450 2963 513 2994 hoc
535 2963 658 2999 dicitur,
681 2973 756 2993 curn
779 2965 929 2999 Auctore,
950 2962 1040 3003 quod
1062 2962 1219 3002 reparatio
1243 2963 1398 2994 virtutum
1423 2982 1425 2989 ν

323 3015 369 3039 est
392 3008 597 3048 intelligenda
620 3008 701 3038 sicut
724 3007 880 3038 connexio
906 3007 1080 3037 earundem
1094 3006 1121 3037 *.
1155 3007 1196 3037 Et
1220 3014 1397 3047 propterea,
1423 3004 1425 3031 l

323 3053 404 3084 sicut
427 3052 605 3093 decrepitus
629 3058 735 3092 potest
750 3061 817 3082 esse
833 3051 924 3082 fortis
949 3058 980 3081 et
1002 3061 1125 3091 pauper
1140 3051 1340 3091 magnificus,
1356 3052 1399 3083 ita
1423 3087 1425 3096 λ

324 3103 473 3137 corrupta
489 3107 625 3137 persona
648 3103 755 3137 potest
770 3106 838 3129 esse
855 3096 944 3135 virgo
961 3096 1070 3136 quoad
1086 3095 1231 3127 formale.
1256 3095 1318 3126 Sed
1338 3096 1399 3127 for·
1423 3097 1425 3132 l

325 3141 407 3171 male
430 3141 554 3172 virtutis
581 3140 671 3172 aliter
700 3141 860 3171 invenitur
887 3140 1098 3171 coniunctum
1126 3150 1202 3171 suae
1231 3140 1397 3171 materiae:
1423 3134 1424 3142 ¹

326 3191 356 3216 et
374 3185 462 3215 aliter
476 3192 657 3226 separatum
673 3186 712 3215 ab
728 3195 775 3216 ea.
799 3185 884 3215 Nam
903 3195 979 3215 cum
994 3185 1125 3215 materia
1139 3184 1263 3215 virtutis
1279 3185 1398 3222 subest,

325 3239 382 3269 per
404 3229 538 3260 formale
556 3229 742 3270 simpliciter
764 3229 1008 3260 determinatur:
1034 3239 1109 3260 cum
1125 3229 1212 3259 enim
1231 3229 1319 3260 adest
1343 3239 1398 3270 pe·
1423 3225 1425 3251 l

327 3273 420 3304 cunia
439 3283 563 3314 magna,
586 3274 747 3306 virtuosus
771 3273 1005 3314 magnificentia
1028 3273 1188 3314 praeditus
1212 3274 1400 3304 determinat
1424 3302 1425 3305 ,

327 3327 397 3348 eam
428 3318 466 3348 ad
490 3325 639 3358 sumptus
662 3329 808 3359 magnos.
841 3318 928 3350 Cum
956 3325 1064 3349 autem
1086 3318 1231 3349 virtuoso
1263 3318 1399 3358 pecunia
1423 3320 1425 3343 ἔ

327 3362 423 3398 deest,
448 3371 514 3392 non
537 3362 672 3402 pecunia
696 3363 851 3400 absolute,
873 3363 929 3393 sed
952 3363 1088 3403 pecunia
1105 3363 1130 3392 si
1147 3363 1280 3399 adesset,
1297 3373 1314 3393 a
1330 3373 1397 3393 ma-

327 3405 507 3446 gnificentia
536 3406 771 3438 determinatur.
802 3408 843 3438 Et
874 3407 977 3438 simile
1005 3414 1051 3438 est
1081 3407 1114 3437 in
1138 3407 1217 3437 aliis.
1248 3407 1289 3437 Et
1317 3407 1398 3438 sicut

327 3451 465 3481 salvatur
488 3450 550 3480 hoc
569 3450 668 3480 modo
692 3451 725 3481 in
741 3461 880 3491 paupere
897 3451 1131 3492 magnificentia
1154 3451 1338 3488 formaliter,
1356 3451 1398 3481 ita
1424 3463 1425 3468 ¹

328 3495 467 3525 salvatur
489 3494 522 3524 in
547 3502 695 3534 corrupta
717 3495 880 3535 virginitas
903 3496 1078 3527 formaliter
1101 3506 1139 3526 ex
1162 3496 1329 3536 proposito
1351 3496 1398 3526 in·
1423 3504 1425 3533 ,¹

276 3538 279 3540 “
328 3539 478 3579 tegritatis
502 3539 672 3568 servandae
695 3538 721 3568 si
745 3539 875 3570 adesset.
904 3541 946 3571 Et
967 3541 1030 3572 hoc
1053 3540 1184 3571 sufficit:
1214 3551 1271 3571 nec
1294 3540 1398 3581 requi-

328 3584 407 3614 ritur
429 3582 634 3623 propositum
649 3583 816 3613 salvandae
831 3583 1017 3624 integritatis
1031 3585 1177 3615 absolute
1201 3585 1241 3615 ad
1263 3584 1398 3615 formale

329 3627 514 3668 virginitatis
538 3634 718 3667 separatum
741 3637 759 3657 a
782 3627 925 3664 materia,
951 3629 1005 3659 sed
1029 3629 1068 3659 ad
1092 3629 1300 3660 coniunctum
1323 3639 1398 3660 suae

1445 2035 1521 2058 sunt
1549 2028 1588 2057 de
1613 2027 1734 2058 actibus
1769 2028 1953 2058 cadentibus
1985 2029 2044 2059 sub
2078 2029 2232 2066 consilio,
2258 2031 2435 2070 perduntur
2458 2031 2525 2061 sine

1419 2096 1420 2108 2
1445 2079 1588 2113 peccato,
1614 2079 1650 2102 ut
1672 2071 1854 2102 voluntaria
1878 2080 2058 2113 paupertas.
2083 2074 2156 2104 Hoc
2172 2084 2313 2115 namque
2334 2075 2411 2105 nihil
2432 2076 2524 2105 valet.

1419 2122 1420 2158 ξ
1445 2117 1535 2147 Tum
1559 2116 1635 2157 quia
1659 2116 1748 2146 nulla
1771 2116 1870 2147 virtus
1895 2123 1942 2147 est
1974 2127 2057 2157 quae
2089 2118 2128 2148 sit
2158 2118 2238 2149 circa
2269 2119 2416 2155 consilia,
2447 2120 2524 2160 quin

1447 2161 1559 2192 eadem
1584 2161 1623 2191 sit
1647 2160 1728 2191 circa
1751 2169 1934 2202 praecepta:
1960 2169 1996 2192 ut
2020 2170 2106 2201 patet
2130 2163 2317 2193 discurrenti
2342 2173 2396 2203 per
2414 2174 2525 2194 omnes

1445 2206 1578 2236 virtutes
1595 2205 1742 2241 morales,
1760 2205 1925 2242 iustitiam,
1938 2205 2170 2243 fortitudinem,
2185 2207 2439 2247 temperantiam,
2452 2219 2526 2249 pru-

1446 2250 1599 2285 dentiam,
1620 2253 1655 2279 'et
1678 2256 1782 2289 partes
1807 2259 1927 2281 earum.
1953 2251 2015 2281 Sed
2039 2251 2164 2281 videtur
2180 2252 2325 2291 deceptio
2344 2253 2526 2293 contingere

1447 2294 1523 2336 quia
1547 2294 1634 2324 aliud
1658 2301 1704 2324 est
1726 2294 1818 2334 loqui
1843 2295 1881 2324 de
1905 2295 2014 2336 aliquo
2039 2295 2203 2326 excellenti
2228 2303 2298 2327 actu
2324 2296 2464 2334 virtutis,
2498 2304 2527 2328 et

1447 2339 1536 2370 aliud
1560 2339 1599 2368 de
1623 2338 1691 2378 ipsa
1714 2338 1840 2369 virtute.
1866 2339 1975 2370 Potest
1998 2339 2159 2380 siquidem
2184 2341 2338 2371 excellens
2362 2348 2450 2371 actus
2467 2342 2526 2371 vir—

1446 2383 1523 2414 tutis
1539 2382 1644 2413 omitti
1669 2383 1789 2423 absque
1814 2390 1954 2423 peccato,
1980 2384 2054 2425 quia
2072 2385 2255 2416 excellentia
2270 2385 2323 2415 illa
2339 2392 2386 2416 est
2400 2386 2432 2415 in
2450 2396 2527 2416 con—

1447 2428 1530 2459 silio.
1556 2428 1597 2458 Et
1613 2427 1657 2458 sic
1674 2427 1830 2467 contingit
1847 2429 1886 2458 de
1916 2435 1987 2459 actu
2004 2429 2191 2469 virginitatis
2209 2436 2239 2459 et
2259 2430 2453 2470 paupertatis
2468 2441 2527 2460 vo-

1446 2472 1603 2504 luntariae
1623 2479 1654 2502 et
1677 2472 1853 2502 similibus:
1879 2483 1946 2503 non
1970 2474 2059 2514 quod
2083 2474 2182 2504 virtus
2199 2474 2306 2515 aliqua
2330 2484 2386 2514 per
2409 2475 2525 2505 horum

1420 2516 1422 2542 ἶ
1449 2517 1661 2548 omissionem
1691 2517 1850 2557 perdatur.
1879 2518 1968 2548 Patet
1988 2525 2095 2548 autem
2120 2518 2243 2548 nullam
2265 2518 2414 2550 virtutem
2438 2520 2526 2560 perdi

1448 2562 1515 2592 sine
1532 2568 1679 2602 peccato:
1710 2561 1785 2602 quia
1796 2585 1803 2598 ‚
1829 2568 1863 2592 ut
1878 2561 1910 2591 in
1926 2562 2201 2593 Praedicamentis
2216 2563 2232 2581 ss
2257 2563 2380 2599 dicitur,
2398 2569 2526 2594 contra-

1449 2608 1534 2637 rium
1550 2607 1632 2637 bono
1647 2615 1689 2636 ex
1704 2607 1892 2636 necessitate
1908 2612 1955 2637 est
1971 2607 2112 2644 malum‚·
2132 2607 2290 2647 quidquid
2310 2617 2384 2647 ergo
2402 2615 2525 2638 contra-

1421 2666 1423 2691 ζ
1448 2651 1547 2682 riatur
1575 2650 1703 2686 virtuti,
1728 2660 1827 2691 quam
1860 2657 1984 2681 constat
2007 2661 2074 2681 esse
2098 2651 2221 2681 bonum
2247 2652 2378 2687 morale,
2398 2659 2525 2692 oportet

1449 2705 1516 2726 esse
1546 2695 1670 2725 malum
1694 2695 1830 2731 morale,
1855 2695 1946 2735 quod
1969 2702 2016 2726 est
2040 2702 2207 2735 peccatum
2232 2705 2287 2726 seu
2311 2696 2434 2727 vitium.

1506 2740 1544 2770 V.
1570 2739 1632 2770 Sed
1652 2746 1762 2769 contra
1777 2739 1859 2770 hanc
1876 2740 2026 2770 Auctoris
2042 2739 2222 2770 doctrinam
2239 2750 2353 2779 urgens
2370 2750 2524 2781 magnum

1450 2783 1587 2815 occurrit
1610 2784 1756 2814 dubium.
1782 2784 1948 2821 Quoniam
1971 2784 1994 2814 si
2013 2783 2143 2814 firmitas
2159 2784 2226 2814 voti
2242 2784 2375 2824 exigitur
2390 2786 2429 2815 ad
2449 2795 2524 2815 con-

1422 2862 1424 2876 Α
1449 2829 1649 2860 stituendum
1671 2828 1883 2868 virginitatem
1906 2829 1940 2858 in
1964 2838 2032 2858 esse
2046 2828 2170 2859 virtutis
2193 2828 2337 2868 specifice
2361 2829 2524 2860 distinctae

1423 2880 1424 2900 1
1450 2884 1468 2903 a
1493 2872 1647 2909 castitate;
1674 2882 1749 2903 cum
1773 2879 1897 2903 constet
1925 2873 2015 2913 quod
2038 2879 2152 2903 votum
2181 2880 2228 2903 est
2251 2880 2339 2903 actus
2363 2874 2524 2913 religionis

1423 2912 1425 2949 ἓ
1450 2925 1481 2948 et
1504 2917 1606 2948 trahat
1626 2917 1665 2947 ad
1681 2917 1785 2956 ipsam
1801 2917 1962 2957 religionis
1979 2917 2118 2957 speciem
2133 2917 2298 2948 materiam
2313 2928 2408 2958 supra
2425 2928 2524 2958 quam

1451 2962 1534 2993 cadit
1544 2971 1552 2998 ;
1576 2961 1738 3002 virginitas
1754 2961 1879 2992 firmata
1892 2968 1970 2992 voto
1994 2961 2051 2992 erit
2070 2962 2202 3002 quidem
2219 2962 2364 2993 distincta
2380 2962 2524 3002 specifice

1450 3017 1469 3037 a
1492 3006 1646 3042 castitate,
1672 3006 1747 3047 quia
1771 3006 1829 3036 erit
1852 3006 1962 3046 religio
1986 3013 2042 3036 aut
2065 3006 2226 3046 religionis
2250 3015 2339 3046 pars:
2372 3007 2426 3036 sed
2457 3017 2522 3037 non

1423 3059 1425 3086 ξ
1450 3051 1508 3082 erit
1530 3050 1676 3081 distincta
1700 3061 1718 3080 a
1734 3051 1874 3081 castitate
1898 3057 1934 3081 ut
1955 3061 2020 3080 una
2036 3050 2155 3090 species
2171 3051 2397 3090 temperantiae
2413 3051 2522 3082 distin-

1450 3095 1558 3135 guitur
1587 3096 1625 3125 ab
1654 3095 1715 3125 alia
1738 3095 1965 3135 temperantiae
1989 3095 2103 3135 specie.
2128 3096 2340 3125 Diversorum
2365 3095 2522 3135 siquidem

1423 3143 1425 3171 ὲ
1449 3149 1620 3181 generum,
1646 3145 1677 3169 et
1703 3149 1766 3169 non
1790 3140 2035 3170 subalternatim
2052 3140 2252 3179 positorum,
2277 3139 2426 3170 diversae
2447 3145 2524 3170 sunt

1423 3176 1425 3219 ἶ
1450 3183 1653 3224 differentiae
1672 3189 1703 3214 et
1723 3185 1854 3223 species,
1873 3190 1908 3214 ut
1931 3183 1963 3213 in
1982 3184 2255 3214 Praedicamentis
2269 3182 2286 3201 *
2309 3183 2433 3214 dicitur.

1506 3228 1557 3258 Ad
1581 3227 1643 3258 hoc
1666 3227 1781 3258 dicitur
1804 3229 1902 3268 quod,
1928 3228 2009 3259 sicut
2033 3227 2223 3258 adulterium
2248 3227 2380 3267 ponitur
2403 3228 2523 3268 species

1450 3272 1611 3308 luxuriae,
1637 3278 1668 3302 et
1690 3279 1796 3302 tamen
1827 3282 1894 3302 non
1922 3282 1979 3311 per
2001 3271 2209 3302 differentiam
2233 3282 2289 3311 per
2311 3282 2344 3302 se
2367 3272 2523 3313 intempe-

1450 3316 1569 3347 rantiae
1592 3326 1648 3346 seu
1671 3316 1813 3346 luxuriae
1837 3316 2041 3356 distinguitur
2064 3326 2081 3346 a
2105 3316 2270 3356 speciebus
2293 3316 2446 3353 luxuriae,
2468 3318 2523 3347 sed

1424 3365 1426 3390 ζ
1451 3371 1507 3401 per
1530 3360 1737 3390 differentiam
1761 3370 1818 3400 per
1840 3371 1872 3391 se
1896 3360 2076 3397 iniustitiae,
2102 3367 2137 3391 ut
2160 3360 2290 3391 inferius
2306 3361 2323 3380 *
2347 3368 2451 3401 patet;
2480 3362 2523 3392 ita

1451 3405 1612 3444 virginitas
1636 3404 1767 3444 ponitur
1790 3405 1909 3445 species
1933 3404 2168 3445 temperantiae,
2193 3412 2223 3435 et
2246 3412 2353 3436 tamen
2378 3416 2442 3436 non
2467 3416 2523 3446 per

1452 3449 1659 3480 differentiam
1688 3459 1743 3488 per
1767 3459 1799 3479 se
1823 3449 2065 3489 temperantiae,
2090 3450 2144 3479 sed
2173 3459 2229 3490 per
2252 3450 2412 3490 religionis
2437 3450 2522 3480 diffe-

1452 3494 1586 3525 rentiam
1616 3493 1819 3533 distinguitur
1847 3495 1886 3524 ab
1910 3494 1978 3524 aliis
2008 3494 2235 3534 temperantiae
2259 3494 2434 3535 speciebus.
2466 3495 2522 3524 Est

1452 3546 1559 3569 autem
1582 3538 1752 3579 utrobique
1777 3538 1888 3568 eadem
1911 3538 2006 3569 ratio:
2032 3539 2150 3569 scilicet
2173 3539 2249 3579 quia
2268 3539 2399 3569 materia
2416 3539 2458 3568 ibi
2475 3545 2521 3568 est

1451 3583 1604 3619 luxuriae,
1629 3583 1679 3613 hic
1703 3583 1940 3622 temperantiae.
1970 3583 2020 3618 Et,
2045 3584 2134 3624 quod
2158 3584 2230 3623 plus
2255 3590 2354 3623 urget,
2379 3583 2454 3622 quia
2478 3582 2520 3611 sic

1424 3644 1425 3665 ἢ
1451 3627 1550 3659 locuti
1574 3635 1648 3658 sunt
1672 3637 1738 3657 non
1763 3627 1868 3658 solum
1893 3627 2095 3668 philosophi,
2121 3627 2242 3658 ratione
2266 3627 2431 3661 materiae;
2465 3626 2519 3655 sed

2544 566 2551 573 ·
2571 564 2625 585 Luc.
2646 570 2695 591 cap.
2716 570 2754 590 xv,

2544 597 2601 612 vers.
2618 596 2650 612 22.

2546 744 2554 752 ⁸
2569 742 2678 764 Conclus.
2693 749 2715 768 4,

2553 1991 2562 1999 ⁸
2572 1989 2609 2011 Ad
2620 1995 2666 2017 arg.
2679 1995 2686 2010 ι
2701 1993 2763 2011 cont.

2552 2017 2655 2038 conclus.
2670 2023 2691 2042 4.

2554 2570 2563 2579 ⁴
2575 2569 2630 2596 Cap.
2642 2575 2688 2595 vui,
2701 2575 2722 2590 n.
2731 2575 2764 2590 22.

2552 3187 2608 3208 ’Ca
2627 3193 2764 3214 .11,n.4.—

2550 3213 2585 3235 ef.
2635 3213 2672 3234 iet,
2688 3213 2762 3233 Prae-

2551 3240 2647 3266 dicam.,
2669 3246 2718 3266 cap.
2739 3246 2761 3260 ιν

2549 3266 2592 3292 [ed.
2607 3267 2759 3293 Venet.1554).

2552 3369 2559 3377 ⁸
2575 3367 2621 3393 Qu.
2641 3371 2700 3388 cuv.
2718 3369 2758 3386 art.

2550 3400 2565 3419 ι,
2580 3393 2608 3414 ad
2622 3399 2641 3413 2.
