2768 4198
51 898 59 908 ·
97 899 264 922 u.cxx111‚art-
291 887 380 935 quia
408 885 503 923 sicut
522 897 637 934 supra
655 883 676 905 '¹‘
705 883 849 921 dictum
870 890 939 930 est,
958 880 1138 931 proprius
1160 887 1266 918 actus
1290 879 1364 917 for-

52 1056 110 1086 {Ct}
131 1056 200 1082 Greg.
218 1055 261 1075 loc.

49 1089 87 1104 c1.
105 1089 126 1103 ιη
144 1087 208 1109 corp.

171 1912 268 1960 η’-Ηζεῂ
296 1907 376 1944 rica
396 1906 428 1954 *,
458 1905 566 1956 ponit
594 1916 681 1941 eam
711 1900 940 1940 fortitudinis
967 1906 1130 1950 partem.

55 1942 100 1960 tor.
134 1940 146 1959 b
172 1939 199 1963 Π,
216 1945 228 1960 c
244 1945 257 1966 p

55 1973 100 1987 mv.

56 2188 168 2237 'Hom-
181 2187 268 2210 xxxv
291 2175 448 2225 perpeti,
473 2182 514 2212 ut
542 2172 749 2221 Gregorius
777 2171 877 2218 dicit,
899 2170 938 2207 in
967 2169 1135 2219 quadam
1164 2167 1323 2206 homilia
1341 2168 1373 2206 ²¹⁸.

70 3369 78 3378 ⁸
95 3369 129 3389 De
146 3368 272 3389 Patientia.

70 3397 89 3405 ’'
117 3395 122 3399 ’
143 3402 169 3416 '¹'
181 3401 206 3415 ¹¹*
245 3410 250 3415 ·
311 3402 549 3432 conclusionem
571 3402 790 3443 principalem,
806 3402 924 3433 scilicet
939 3402 1029 3443 quod
1046 3403 1207 3442 patientia
1222 3402 1265 3433 sie
1281 3403 1384 3433 virtus

115 3460 121 3474 t
171 3462 175 3475 t
226 3461 254 3475 w.
310 3447 464 3477 adiuncta
481 3446 671 3487 fortitudini
686 3447 713 3477 *.
739 3447 851 3485 Qualis
875 3454 921 3478 est
945 3447 1026 3477 ordo
1050 3446 1229 3482 habituum,
1251 3446 1322 3477 talis
1338 3452 1385 3476 est

75 3585 82 3593 ⁴
96 3584 131 3605 Cr,
155 3588 194 3604 ιιι-1.
217 3589 270 3611 prae

72 3610 130 3635 ced,
151 3611 282 3631 Communi.

293 296 365 331 ¹04

923 280 1192 328 QUAESTIO
1223 281 1438 327 CXXXVI,
1467 280 1767 317 ARTICULUS
1797 281 1848 317 IV

1075 405 1395 448 ARTICULUS
1426 405 1701 458 QUARTUS

907 498 1063 530 UTRUM
1086 497 1323 528 PATIENTIA
1346 497 1414 528 srr
1437 497 1544 528 PARS
1569 498 1879 530 FORTlTumNis

854 580 946 611 Supra,
965 586 1009 612 qu.
1030 585 1140 608 cxxvm3
1159 577 1190 602 111
1211 577 1295 607 Sent„
1317 577 1376 602 dist.
1395 584 1482 608 xxxin,
1501 585 1546 609 qu.
1565 584 1604 608 111,
1624 582 1671 602 art.
1693 577 1716 608 3.
1735 578 1786 612 qu*
1810 586 1830 608 1,
1850 579 1883 604 ad
1903 578 1928 604 3.

323 682 389 720 γε·
405 692 462 719 «ἡ
502 686 524 710 ι)
540 683 714 715 QUARTUM
738 681 792 706 Sic
809 679 1051 705 Paocnmrua.
1077 665 1238 703 Videtur
1257 665 1362 714 quod

340 718 366 787 ''s‘
408 712 467 787 ἓξ
501 724 679 776 patientia
707 735 785 759 non
814 721 859 758 sit
883 733 972 770 pars
992 718 1233 757 fortitudinis.
1255 718 1363 756 Idem

308 770 605 839 'gf-«nanim
639 789 717 814 non
747 783 802 813 est
825 787 914 824 pars
943 774 1001 811 sui
1029 773 1160 823 ipsius.
1191 772 1269 809 Sed
1296 784 1362 821 pa-

290 939 458 976 titudinis
487 947 543 976 est
570 937 775 983 sustinere;
806 944 843 973 et
869 937 946 973 hoc
981 935 1096 972 etiam
1124 934 1288 983 pertinet
1315 933 1364 970 ad

290 992 527 1042 patientiam,
568 992 703 1029 dicitur
738 991 842 1028 enim
878 990 916 1027 in
951 989 1047 1026 libro
1086 988 1363 1025 Sententiarum

288 1046 468 1095 Prosperi
482 1046 503 1068 *
522 1046 629 1095 quod
657 1044 838 1094 patientia
868 1042 1037 1081 consistit
1061 1042 1098 1079 in
1127 1041 1262 1079 alienis
1284 1052 1364 1078 ma—

291 1101 334 1137 lis
362 1100 576 1138 tolerandis.
613 1100 714 1147 Ergo
745 1097 926 1148 patientia
955 1109 1034 1134 non
1063 1103 1119 1133 est
1146 1107 1235 1146 pars
1265 1094 1364 1132 forti-

291 1153 442 1191 tudinis.

347 1220 382 1244 2.
410 1208 646 1254 PRAETEREA,
668 1204 848 1243 fortitudo
870 1211 926 1241 est
946 1203 1046 1240 circa
1064 1202 1224 1240 timores
1244 1209 1281 1239 et
1300 1214 1365 1239 au·

146 1273 264 1291 *ww-‘¹‘-
294 1261 434 1309 dacias,
463 1270 504 1298 ut
532 1273 647 1310 supra
665 1259 686 1281 ‘¹‘
713 1259 889 1296 habitum
914 1264 987 1294 est:
1018 1264 1056 1293 et
1083 1256 1133 1294 ita
1162 1255 1276 1293 estin
1295 1255 1366 1292 ira-

293 1315 425 1352 scibili.
457 1316 533 1353 Sed
562 1313 743 1364 patientia
761 1312 915 1350 videtur
943 1322 1027 1348 esse
1056 1310 1155 1347 circa
1183 1309 1364 1347 tristitias:

295 1378 330 1406 et
368 1369 417 1406 ita
445 1369 597 1407 videtur
635 1380 718 1405 esse
752 1366 791 1403 in
829 1363 1126 1414 concupiscibili.
1162 1364 1265 1412 Ergo
1303 1376 1367 1412 pa-

293 1423 424 1460 tientia
454 1436 533 1460 non
562 1430 617 1460 est
645 1434 732 1472 pars
762 1418 1003 1466 fortitudinis,
1032 1419 1101 1456 sed
1132 1417 1253 1466 magis
1272 1424 1366 1454 tem·

295 1476 497 1526 perantiae.

351 1532 385 1568 3.
408 1531 642 1576 PRAETEREA,
658 1536 783 1566 totum
803 1538 883 1564 non
901 1532 1028 1575 potest
1047 1537 1131 1562 esse
1149 1524 1229 1562 sine
1249 1531 1368 1573 parte.
1396 1516 1397 1549 l

297 1585 335 1622 Si
376 1597 464 1634 ergo
493 1582 674 1634 patientia
709 1582 756 1619 sit
792 1593 880 1630 pars
915 1578 1160 1626 fortitudinis,
1190 1577 1369 1615 fortitudo

296 1650 496 1686 nunquam
525 1644 656 1687 posset
685 1648 767 1674 esse
793 1634 874 1672 sine
895 1632 1094 1683 patientia:
1125 1644 1213 1670 curn
1241 1640 1371 1669 tamen

296 1692 400 1730 fortis
429 1692 662 1742 quandoque
692 1701 771 1727 non
791 1688 924 1725 toleret
951 1686 1138 1736 patienter
1160 1686 1274 1733 mala,
1303 1685 1371 1723 sed

297 1746 410 1783 etiam
439 1745 679 1794 aggrediatur
699 1755 789 1780 eum
819 1741 886 1790 qui
914 1740 1016 1777 mala
1044 1739 1143 1777 facit.
1173 1740 1276 1787 Ergo
1306 1751 1372 1788 pa-

296 1800 424 1836 tientia
454 1811 533 1836 non
562 1806 618 1835 est
644 1809 732 1846 pars
761 1793 1002 1832 fortitudinis.

352 1853 425 1890 SED
455 1863 602 1890 CONTRA
633 1862 699 1887 EST
732 1848 839 1898 quod
868 1846 1037 1894 Tullius,
1069 1845 1107 1882 in
1135 1858 1205 1882 sua
1233 1846 1372 1883 Rheto—

350 1961 577 1997 Respownao
612 1968 798 1995 mcENDUM
832 1955 938 2004 quod
972 1952 1155 2003 patientia
1192 1961 1248 1990 est
1284 1965 1373 2002 pars

296 2013 523 2051 fortitudinis
552 2011 661 2062 quasi
690 2009 919 2060 potentialis,
945 2007 1035 2057 quia
1064 2006 1280 2054 adiungitur
1300 2007 1374 2044 for-

295 2067 443 2106 titudini
473 2067 568 2104 sicut
586 2066 706 2103 virtus
736 2062 962 2102 secundaria
982 2060 1192 2111 principali.
1222 2061 1283 2097 Ad
1306 2073 1373 2110 pa-

296 2122 466 2160 tientiam
497 2120 597 2158 enim
619 2119 782 2168 pertinet
809 2117 935 2155 aliena
963 2115 1067 2152 mala
1100 2114 1376 2164 aequanimiter
1401 2155 1402 2158 Ἴ

298 2232 340 2267 In
370 2228 479 2266 malis
508 2235 636 2265 autern
665 2238 764 2274 quae
793 2225 841 2262 ab
871 2223 951 2261 aliis
979 2223 1202 2269 inferuntur,
1233 2222 1377 2271 praeci·
1402 2219 1404 2234 ²

297 2295 374 2333 pua
395 2290 494 2329 sunt,
516 2289 552 2318 et
572 2280 795 2318 difficillima
814 2278 863 2315 ad
884 2276 1166 2323 sustinendum,
1186 2275 1248 2312 illa
1276 2288 1376 2325 quae

298 2336 487 2387 pertinent
507 2335 553 2372 ad
575 2334 741 2384 pericula
770 2331 916 2378 mortis,
943 2331 1042 2368 circa
1071 2341 1170 2380 quae
1201 2336 1258 2366 est
1277 2330 1378 2366 forti-

299 2390 404 2428 tudo.
435 2389 547 2427 Unde
567 2395 670 2438 patet
699 2386 805 2436 quod
825 2385 863 2422 in
883 2385 953 2422 ista
977 2383 1136 2422 materia
1165 2382 1378 2433 principali-

299 2453 414 2482 tatem
436 2450 540 2480 tenet
558 2441 753 2488 fortitudo,
775 2440 884 2490 quasi
904 2438 1104 2476 vindicans
1125 2435 1195 2474 sibi
1214 2436 1252 2474 id
1273 2438 1377 2487 quod

299 2497 542 2547 principalius
572 2504 627 2533 est
647 2496 685 2532 in
713 2495 786 2532 hac
805 2492 975 2530 materia.
1006 2493 1055 2530 Et
1082 2491 1171 2529 ideo
1198 2490 1377 2540 patientia

300 2551 516 2599 adiungitur
544 2550 578 2586 ei
606 2549 702 2586 sicut
729 2546 955 2585 secundaria
974 2546 1095 2583 virtus
1114 2544 1324 2595 principali.

354 2608 412 2642 Ao
433 2615 571 2641 ptumum
591 2614 690 2640 ERGO
710 2613 898 2639 nicENDUM
918 2599 1026 2649 quod
1046 2599 1095 2637 ad
1116 2598 1375 2636 fortitudinem

301 2659 462 2709 pertinet
500 2670 579 2695 non
617 2655 914 2706 qualiacumque
949 2653 1156 2691 sustinere:
1188 2653 1255 2690 sed
1289 2652 1377 2690 illud

301 2713 406 2763 quod
437 2720 493 2749 est
521 2723 674 2748 summe
711 2709 863 2747 difficile
894 2708 932 2746 in
961 2706 1208 2754 sustinendo,
1239 2706 1379 2744 scilicet

302 2767 487 2804 sustinere
516 2765 684 2815 pericula
722 2763 868 2801 mortis.
907 2763 969 2800 Ad
998 2760 1219 2811 patientiam
1250 2768 1377 2798 autern

302 2820 491 2870 pertinere
519 2826 646 2868 potest
673 2817 897 2854 sustinentia
931 2826 1270 2865 quorumcumque
1300 2826 1379 2852 ma-

303 2876 441 2911 lorum.

357 2930 416 2964 An
445 2937 637 2964 SECUNDUM
666 2936 853 2962 morannum
882 2924 987 2974 quod
1017 2931 1123 2961 actus
1152 2921 1381 2960 fortitudinis
1408 2950 1411 2982 .

305 2994 382 3019 non
413 2981 538 3018 solum
569 2978 737 3017 consistit
766 2978 804 3015 in
823 2978 898 3016 hoc
927 2977 1033 3026 quod
1054 2976 1189 3026 aliquis
1218 2976 1255 3014 in
1276 2976 1381 3013 bono

360 3096 386 3126 a>
404 3095 598 3127 praesentium.
610 3107 629 3113 -
644 3097 814 3126 praesentem
834 3093 887 3119 ΡΙ).
1408 3096 1411 3126 l

361 3131 386 3164 β)
404 3131 524 3163 proprie.
537 3145 554 3149 -
570 3130 686 3163 propr-Ia
705 3129 784 3155 ΑΒΚ.

1418 665 1593 714 persistat
1621 673 1753 703 contra
1781 666 1939 715 timores
1966 667 2182 705 futurorum
2220 667 2492 717 periculorum,

1419 719 1486 756 sed
1516 718 1630 756 etiam
1659 727 1701 756 ut
1730 731 1808 757 non
1837 719 1990 757 deficiat
2011 729 2169 770 propter
2196 721 2456 770 praesentium
2477 726 2495 742 ²

1418 771 1603 810 tristitiam
1642 772 1723 809 sive
1753 773 1947 810 dolorem:
1987 781 2023 810 et
2055 785 2102 811 ex
2135 775 2208 812 hac
2244 783 2351 824 parte
2380 775 2496 813 habet

346 808 631 870 ssfflKtientia
667 830 820 867 videtur
862 829 966 866 idem
1006 839 1088 864 esse
1131 825 1362 863 fortitudini:
1390 880 1394 901 Ι
1419 825 1644 864 affinitatem
1683 838 1773 863 cum
1802 825 2022 863 fortitudine
2054 827 2246 876 patientia.
2283 829 2335 867 Et
2361 836 2493 867 tamen

1418 879 1599 917 fortitudo
1630 887 1686 916 est
1714 878 1969 929 principaliter
1997 878 2097 919 circa
2124 880 2294 930 timores,
2324 882 2374 920 ad
2402 895 2497 932 quo-

1420 945 1507 971 rum
1535 933 1724 970 rationem
1761 933 1925 982 pertinet
1959 933 2110 981 fugere,
2139 936 2247 983 quod
2274 935 2369 973 vitat
2397 936 2497 973 forti-

1419 986 1526 1024 tudo.
1558 986 1743 1024 Patientia
1770 998 1866 1024 vero
1895 986 2141 1036 principalius
2169 995 2227 1025 est
2253 987 2352 1026 circa
2389 989 2498 1027 tristi-

1421 1040 1508 1077 tias:
1534 1053 1626 1078 nam
1652 1040 1802 1089 patiens
1821 1040 1959 1089 aliquis
1979 1040 2116 1078 dicitur
2134 1052 2214 1079 non
2234 1052 2279 1078 ex
2296 1041 2374 1080 hoc
2392 1043 2498 1093 quod

1421 1106 1501 1132 non
1529 1094 1633 1143 fugit,
1655 1094 1724 1131 sed
1754 1106 1799 1131 ex
1827 1095 1903 1132 hoc
1931 1093 2038 1143 quod
2066 1094 2304 1133 laudabiliter
2322 1107 2364 1132 se
2382 1097 2499 1135 habet

1420 1147 1459 1186 in
1486 1148 1670 1197 patiendo
1708 1160 1808 1196 quae
1845 1147 2144 1198 praesentialiter
2172 1156 2334 1196 nocent,
2362 1157 2405 1187 ut
2431 1150 2501 1189 sci-

1421 1201 1509 1239 licet
1535 1215 1614 1239 non
1643 1201 1859 1239 inordinate
1880 1213 1926 1239 ex
1946 1201 1999 1239 eis
2028 1201 2204 1239 tristetur.
2234 1202 2284 1239 Et
2306 1202 2395 1240 ideo
2424 1203 2500 1240 for-

1421 1256 1543 1293 titudo
1571 1255 1725 1305 proprie
1746 1253 1761 1284 θ
1790 1263 1846 1292 est
1874 1255 1912 1293 in
1941 1255 2127 1302 irascibili,
2156 1255 2340 1306 patientia
2368 1264 2498 1294 autem

1422 1309 1461 1347 in
1499 1309 1797 1358 concupiscibili.
1828 1309 1913 1346 Nec
1941 1309 2017 1346 hoc
2051 1308 2212 1359 impedit
2238 1309 2331 1360 quin
2356 1309 2502 1360 patien-

1394 1406 1395 1409 ,
1422 1363 1474 1401 tia
1510 1363 1556 1400 sit
1583 1375 1673 1412 pars
1710 1362 1957 1400 fortitudinis:
1997 1363 2089 1411 quia
2122 1362 2315 1401 adiunctio
2353 1363 2502 1403 virtutis

1423 1416 1473 1455 ad
1491 1418 1671 1454 virtutem
1694 1429 1773 1454 non
1801 1415 2005 1454 attenditur
2031 1416 2244 1455 secundum
2272 1417 2502 1465 subiectum,

1396 1510 1397 1515 ,
1424 1471 1492 1508 sed
1526 1471 1740 1508 secundum
1768 1470 1968 1508 materiam
1998 1471 2060 1508 vel
2089 1470 2268 1509 formam.

1479 1525 1563 1561 Nec
1582 1533 1713 1562 tamen
1733 1524 1913 1574 patientia
1932 1524 2088 1574 ponitur
2106 1537 2194 1574 pars
2213 1524 2502 1575 temperantiae,

1425 1578 1604 1629 quamvis
1632 1585 1796 1627 utraque
1824 1578 1870 1615 sit
1889 1578 1927 1615 in
1948 1577 2245 1628 concupiscibili.
2277 1578 2380 1627 Quia
2407 1586 2503 1616 tem-

1425 1632 1600 1682 perantia
1629 1639 1684 1670 est
1712 1632 1836 1669 solum
1867 1631 1965 1669 circa
1985 1631 2149 1670 tristitias
2179 1644 2278 1682 quae
2299 1645 2504 1683 opponun-

1426 1694 1486 1724 tur
1524 1685 1839 1724 delectationibus
1876 1694 2021 1731 tactus‚
2058 1695 2149 1735 puta
2187 1698 2286 1736 quae
2330 1694 2418 1725 sunt
2457 1699 2504 1725 ex

1427 1740 1654 1778 abstinentia
1683 1739 1859 1777 ciborum
1878 1740 1940 1776 vel
1959 1752 2238 1778 venereorum:
2268 1739 2337 1777 sed
2360 1739 2506 1790 patien-

1426 1793 1477 1830 tia
1505 1793 1712 1842 praecipue
1743 1801 1798 1830 est
1826 1793 1926 1830 circa
1954 1788 2116 1831 tristitias
2145 1805 2246 1843 quae
2274 1794 2322 1831 ab
2352 1793 2432 1831 aliis
2451 1794 2505 1832 in-

1428 1847 1610 1884 feruntur.
1641 1847 1690 1883 Et
1709 1846 1846 1884 iterum
1868 1846 1917 1884 ad
1937 1846 2232 1896 temperantiam
2257 1847 2420 1897 pertinet
2449 1858 2506 1886 re·

1428 1900 1577 1938 frenare
1606 1898 1829 1937 huiusmodi
1848 1898 2026 1947 tristitias,
2047 1900 2144 1939 sicut
2173 1907 2210 1938 et
2234 1899 2506 1940 delectationes

1429 1953 1653 1991 contrarias:
1683 1953 1733 1990 ad
1763 1951 1984 2002 patientiam
2013 1961 2142 1991 autem
2171 1953 2334 2003 pertinet
2357 1962 2398 1992 ut
2417 1967 2507 2004 pro·

1429 2015 1513 2057 pter
1550 2006 1772 2045 huiusmodi
1811 2006 1996 2054 tristitias,
2035 2015 2373 2058 quantaecumque
2415 2007 2507 2055 sint,

1428 2062 1548 2099 homo
1578 2073 1656 2098 non
1687 2061 1839 2098 recedat
1868 2072 1891 2097 a
1921 2061 2026 2098 bono
2054 2061 2215 2099 virtutis.

1484 2116 1543 2152 An
1584 2125 1745 2152 Tam-rum
1789 2126 1974 2152 met-:unum
2013 2115 2118 2164 quod
2159 2114 2342 2165 patientia
2369 2122 2508 2166 potest,

1402 2188 1404 2212 t
1431 2175 1619 2218 quantum
1639 2168 1687 2206 ad
1708 2167 1851 2218 aliquid
1877 2168 1948 2215 sui,
1969 2168 2061 2218 poni
2088 2181 2177 2218 pars
2197 2168 2388 2218 integralis
2408 2169 2510 2208 forti-

1432 2221 1584 2269 tudinis,
1606 2222 1654 2260 de
1674 2234 1750 2271 qua
1769 2230 1876 2271 parte
1897 2221 2060 2260 obiectio
2080 2222 2273 2272 procedit:
2301 2230 2415 2273 prout
2438 2222 2510 2263 sci-

1432 2277 1519 2314 licet
1537 2275 1672 2324 aliquis
1696 2275 1882 2325 patienter
1901 2276 2062 2314 sustinet
2081 2276 2182 2314 mala
2202 2288 2300 2326 quae
2320 2276 2511 2326 pertinent

1433 2330 1481 2367 ad
1501 2329 1670 2379 pericula
1699 2329 1843 2366 mortis.
1874 2329 1959 2366 Nec
1989 2337 2044 2366 est
2064 2337 2196 2367 contra
2232 2330 2421 2368 rationem
2442 2341 2510 2381 pa-

1432 2383 1584 2421 tientiae
1614 2383 1719 2433 quod
1744 2382 1893 2432 aliquis,
1914 2384 2070 2433 quando
2101 2395 2199 2433 opus
2228 2383 2351 2431 fuerit,
2373 2383 2511 2422 insiliat

1432 2437 1470 2476 in
1495 2449 1585 2474 eum
1615 2436 1680 2485 qui
1706 2437 1808 2474 mala
1837 2436 1947 2474 facit:
1977 2436 2079 2486 quia,
2100 2445 2142 2474 ut
2170 2437 2471 2486 Chrysostomus
2489 2437 2510 2460 ²
2538 2443 2614 2491 suffi

1434 2490 1540 2538 dicit,
1571 2503 1686 2540 super
1714 2490 1806 2528 illud
1839 2491 1975 2528 Matth.
1996 2489 2035 2537 *‚
2068 2506 2087 2524 α
2109 2490 2220 2529 Vade
2255 2491 2416 2530 Satanas
2435 2496 2451 2521 ἵ
2474 2507 2492 2525 ²·

1434 2598 1594 2636 iniurias
1621 2603 1747 2635 autem
1784 2598 1860 2635 Dei
1879 2598 2069 2647 patienter
2099 2598 2283 2635 sustinere
2319 2598 2432 2636 nimis
2458 2604 2514 2636 est

1434 2653 1604 2701 impium.
1635 2652 1684 2689 Et
1712 2651 1946 2700 Augustinus
1969 2651 2071 2700 dicit,
2092 2651 2130 2689 in
2159 2651 2330 2702 quadam
2351 2651 2511 2703 epistola

1433 2712 1566 2744 contra
1595 2705 1867 2743 Marcellinum
1887 2705 1919 2753 *,
1949 2705 2056 2754 quod
2076 2713 2282 2756 praecepta
2308 2705 2512 2756 patientiae
2542 2718 2550 2727 ·

1435 2773 1514 2798 non
1544 2759 1821 2798 contrariantur
1841 2759 1946 2797 bono
1967 2759 2211 2809 reipublicae,
2232 2772 2303 2809 pro
2323 2773 2401 2810 quo
2422 2772 2513 2799 con·

1435 2814 1627 2852 servando
1658 2822 1789 2851 contra
1818 2813 1994 2850 inimicos
2032 2812 2315 2863 compugnatur
2332 2811 2358 2851 ⁸.
2388 2834 2413 2842 -
2447 2814 2514 2851 Se-

1436 2868 1607 2906 cundum
1626 2879 1722 2904 vero
1752 2868 1857 2917 quod
1877 2867 2058 2916 patientia
2078 2879 2118 2904 se
2139 2867 2257 2905 habet
2279 2867 2378 2905 circa
2397 2879 2514 2917 quae-

1437 2933 1603 2971 cumque
1632 2921 1704 2958 alia
1725 2921 1838 2968 mala,
1861 2921 2078 2970 adiungitur
2106 2920 2314 2959 fortitudini
2333 2929 2375 2958 ut
2391 2920 2514 2958 virtus

1409 3006 1411 3011 ,
1436 2974 1664 3014 secundaria
1691 2974 1902 3025 principali.

1490 3092 1517 3126 γ)
1538 3091 1666 3123 Satanas.
1679 3104 1699 3110 -
1718 3091 1824 3116 Satana
1843 3091 1898 3116 PG.

1490 3126 1515 3160 ὃ)
1534 3130 1743 3161 compugnatur.
1755 3140 1775 3147 —
1788 3129 1933 3161 pugnatur
1951 3125 2034 3152 PGaC
2051 3130 2078 3151 et
2095 3132 2122 3156 a,
2141 3128 2311 3158 repugnatur
2330 3125 2379 3158 pc.

979 3223 1316 3257 commentaria.
1340 3221 1594 3255 Cardinalis
1617 3221 1819 3254 Caietam

314 3323 358 3386 IN
372 3314 504 3344 articulo
516 3321 629 3354 quarto
643 3313 785 3344 eiusdem
799 3312 1271 3352 centesimaetrigesimaesextae
1287 3321 1383 3353 quae·
1409 3314 1411 3340 l

341 3358 451 3388 stionis
475 3358 610 3388 dubium
634 3368 670 3388 ex
692 3357 830 3389 Martino
846 3357 862 3376 '⁸‘
883 3357 1030 3393 occurrit,
1048 3357 1080 3387 in
1104 3367 1160 3398 qu.
1177 3367 1199 3387 n
1213 3357 1256 3392 ⁸⁹⁸²,
1275 3364 1383 3388 contra

312 3491 392 3521 ordo
414 3497 557 3522 actuum.
583 3490 644 3521 Ubi
661 3501 736 3530 ergo
753 3498 842 3522 actus
866 3491 992 3522 nullum
1012 3491 1128 3522 habent
1142 3490 1289 3521 ordinem
1304 3490 1385 3521 inter

312 3545 361 3571 se,
388 3545 444 3566 nec
469 3535 603 3566 habitus.
635 3535 696 3565 Sed
721 3543 808 3566 actus
833 3535 1001 3575 patientiae
1033 3542 1228 3576 spontaneae
1258 3541 1383 3565 tantum

274 3594 283 3599 -
311 3580 420 3621 quoad
444 3579 724 3621 aequanimitatem
740 3579 757 3598 *
772 3589 837 3610 non
855 3580 948 3611 habet
977 3579 1123 3610 ordinem
1140 3579 1179 3609 ad
1195 3588 1384 3620 quemcum-

313 3634 375 3666 que
408 3631 515 3655 actum
543 3623 748 3655 fortitudinis.
778 3624 873 3663 Ergo.
899 3641 920 3647 -
944 3625 983 3654 Et
1007 3624 1122 3654 eodem
1153 3623 1253 3654 modo
1284 3622 1385 3663 arguit
1412 3632 1414 3657 l

1437 3312 1476 3342 de
1491 3318 1564 3342 actu
1581 3310 1750 3352 patientiae
1765 3309 1846 3341 circa
1863 3318 2086 3350 quaecumque
2110 3308 2203 3344 mala,
2221 3309 2347 3340 secluso
2369 3308 2514 3350 periculo

1438 3363 1562 3387 mortis.

1494 3399 1643 3431 Secundo
1668 3398 1810 3439 arguitur
1833 3408 1870 3428 ex
1894 3397 1984 3428 dictis
2011 3397 2111 3438 ipsius
2135 3397 2283 3428 Thomae
2298 3397 2326 3429 ⁸⁸.
2350 3397 2437 3435 Quia
2463 3407 2514 3428 so-
2542 3404 2551 3412 ·
2566 3401 2602 3424 Cf.
2618 3406 2682 3424 nun.
2698 3407 2720 3423 ν.

1410 3481 1412 3484 r
1439 3444 1582 3476 cundum
1606 3444 1725 3483 ipsum,
1745 3442 1777 3473 in
1801 3442 2010 3482 responsione
2034 3443 2075 3473 ad
2094 3442 2236 3483 primum
2259 3442 2357 3473 huius
2379 3441 2513 3478 articuli,

1438 3488 1594 3519 fortitudo
1619 3494 1666 3518 est
1689 3487 1769 3518 circa
1793 3487 1933 3527 pericula
1955 3487 2067 3518 mortis
2091 3494 2232 3524 tantum,
2264 3486 2415 3527 patientia
2437 3495 2514 3517 vero

1439 3533 1519 3564 circa
1543 3541 1767 3573 quaecumque
1790 3532 1883 3562 mala.
1915 3531 2001 3571 Ergo
2031 3531 2186 3563 fortitudo
2217 3538 2263 3563 est
2289 3531 2437 3562 adiuncta
2460 3539 2514 3571 pa-

1439 3577 1581 3613 tientiae,
1607 3583 1637 3609 et
1661 3586 1727 3607 non
1751 3586 1769 3607 e
1792 3583 1911 3607 contra.

1495 3622 1606 3652 Tertio
1630 3621 1771 3661 arguitur
1799 3621 1838 3652 ad
1863 3621 1947 3652 idem
1973 3631 2011 3652 ex
2035 3620 2125 3652 dictis
2155 3620 2304 3652 Thomae
2327 3619 2360 3650 in
2384 3628 2514 3660 reapon-

2631 2442 2752 2492 hom-svn:

2535 2485 2752 2525 hterdpstcffarr's.

2498 2521 2508 2539 ⁹
2538 2524 2548 2534 ⁸
2562 2522 2620 2551 etp.
2693 2528 2750 2544 vern.

1433 2546 1471 2582 in
1504 2545 1652 2582 iniuriis
1683 2545 1852 2594 propriis
1874 2545 2079 2593 patientem
2117 2556 2197 2582 esse
2223 2544 2413 2582 laudabile
2439 2550 2509 2583 est:
2538 2555 2570 2572 ¹⁰-

2592 2712 2753 2744 ,cxxxvtu

2553 2714 2607 2767 {³¹³0

2540 2750 2571 2766 ι.
2607 2749 2677 2772 ,σιμ
2692 2749 2717 2766 n.
