2768 4198
45 613 55 623 ⁴
69 612 135 633 Vers.
151 618 176 634 ιι.

40 1230 52 1241 “
66 1229 122 1257 Cap.
137 1235 171 1251 ιιι.

39 1731 50 1743 ”
64 1731 129 1752 Vers.
144 1737 172 1760 ¹3·

38 2056 46 2065 “
61 2054 127 2076 Vers.
143 2061 174 2082 ¹4·

39 2431 118 2458 Ὠδμ
131 2430 186 2452 Nisi
200 2436 250 2452 cum

34 2457 135 2485 pridem

44 3427 204 3481 Camers
213 3427 255 3448 T..

42 3481 134 3502 relonn
140 3457 256 3503 Sui-‘¹¹:3¹3'
283 3475 469 3506 scandalum
493 3476 670 3506 cedendum
693 3477 850 3507 ecclesiae.

287 273 367 309 474

286 340 432 376 derium
451 339 592 375 habens
611 337 761 374 dissolvi
779 343 815 373 et
841 348 918 373 esse
946 348 1032 372 cum
1057 335 1216 381 Christo,
1237 334 1382 371 multo¹
1380 356 1382 385 3

910 257 1179 304 QUAESTIO
1211 256 1439 303 CLXXXV,
1471 257 1770 294 ARTICULUS
1800 257 1852 295 IV

1409 334 1632 382 ligiosorum
1663 343 1699 372 et
1717 336 1989 385 episcoporum
2019 335 2234 373 secundum
2254 335 2405 373 diversa
2434 344 2484 374 at·

286 394 411 443 magis
439 392 571 429 melius
599 397 671 435 est;
693 402 923 439 permanere
941 394 1066 425 autem
1097 389 1134 425 in
1164 400 1280 425 carne
1303 394 1382 424 est
1410 388 1587 425 tenditur.
1618 389 1720 425 Nam
1741 389 1790 426 ad
1818 390 2094 438 perfectionem
2115 389 2304 449 religionis
2323 389 2485 438 pertinet

286 446 538 484 necessarium
561 450 718 493 propter
745 455 822 480 vos.
862 444 913 479 Et
946 443 1017 479 hoc
1045 442 1246 490 confidem,
1276 442 1354 478 scio
1380 457 1381 494 ᾗ
1410 441 1579 479 studium
1608 442 1715 489 quod
1735 442 1820 490 quis
1849 443 2005 480 adhibet
2024 444 2070 480 ad
2091 442 2289 492 propriam
2309 443 2482 480 salutem.

286 500 374 549 quia
394 499 566 536 manebo.
598 498 734 546 Neque
756 496 870 533 etiam
898 503 1056 544 propter
1085 507 1353 543 quaecumque
1380 517 1381 547 3

285 554 447 590 adversa
482 551 638 589 vitanda
675 550 736 586 vel
779 551 884 586 lucra
921 549 1204 610 conquirenda:
1244 548 1352 597 quia,
1380 561 1381 591 j

284 607 379 644 sicut
399 605 532 643 dicitur
552 606 655 640 Ioan.
671 615 695 638 x
709 602 740 649 ²¹⁸,
771 604 890 639 bonus
902 608 1036 650 pastor
1054 603 1224 639 animam
1243 614 1353 639 suam
1379 604 1381 655 ᾗ

1379 659 1381 724 ἰ
1409 668 1565 693 morum
1586 655 1708 702 saluti,
1731 655 1988 693 retrocederet
2007 657 2038 693 si
2058 657 2107 694 ad
2131 664 2271 694 statum
2292 656 2484 705 religionis

277 660 388 709 ponit
408 671 481 707 pro
510 657 641 694 ovibus
668 657 755 694 suis.

1408 495 1470 532 Ad
1499 495 1774 544 perfectionem
1813 504 1942 534 autem
1972 497 2197 556 episcopalis
2226 503 2344 533 status
2371 497 2485 545 perti-

1408 556 1473 585 net
1501 548 1685 585 adhibere
1714 549 1882 586 studium
1920 551 1968 587 ad
2005 550 2273 599 proximorum
2307 550 2482 587 salutem.

1409 603 1458 638 Et
1486 602 1586 649 ideo,
1608 602 1781 650 quandiu
1809 610 1936 651 potest
1965 615 2047 640 esse
2067 603 2203 654 aliquis
2231 603 2330 640 utilis
2357 603 2484 652 proxi-

337 710 528 758 Contingit
565 718 695 746 tamen
733 709 967 758 quandoque
1004 709 1110 758 quod
1148 708 1353 757 episcopus
1406 710 1523 746 vellet
1541 709 1711 756 transire,
1731 716 1773 745 ut
1792 710 1919 746 solum
1948 722 2040 747 suae
2069 710 2178 747 saluti
2197 710 2396 758 insisteret,
2418 711 2483 759 qui

282 765 485 815 impeditur
512 775 718 812 procurare
747 762 988 800 subditorum
1023 763 1198 809 salutem,
1229 761 1353 799 multi-
1378 761 1381 811 ἶ
1408 775 1448 800 se
1478 762 1662 811 obligavit
1689 763 1737 799 ad
1765 763 1841 799 hoe
1869 763 1976 811 quod
2011 775 2091 800 non
2119 765 2246 801 solum
2285 776 2396 801 suam
2425 776 2483 801 sa-

281 819 437 868 pliciter.
476 817 723 864 Quandoque
761 816 919 864 quidem
956 824 1115 876 propter
1152 815 1381 864 proprium

282 873 491 910 defectum:
521 871 583 907 vel
614 869 880 917 conscientiae,
902 870 996 907 sieut
1024 870 1055 907 si
1084 870 1130 907 sit
1157 869 1354 906 homicida
1379 869 1381 897 ἓ

279 927 341 963 vel
371 923 625 967 simoniacus;
662 925 726 961 vel
755 924 868 961 etiam
906 924 1098 973 corporis,
1127 931 1220 973 puta
1248 923 1279 960 si
1308 923 1380 960 sit

281 991 396 1017 senex
415 979 478 1016 vel
506 977 702 1023 infirmus;
731 978 794 1014 vel
815 978 930 1015 etiam
959 977 1137 1015 scientiae
1157 990 1258 1027 quae
1278 977 1380 1014 suf·
1379 1003 1380 1017 ι

1379 1047 1381 1088 3
1407 1032 1492 1069 dat:
1519 1007 1597 1068 sed,
1610 1031 1646 1068 si
1661 1032 1821 1068 salutem
1844 1031 2011 1068 aliorum
2024 1042 2242 1079 procurare
2260 1043 2336 1069 non
2350 1032 2481 1080 possit,

847 1085 1094 1133 Quandoque
1116 1092 1245 1122 autem
1266 1097 1354 1133 pro·
1379 1089 1380 1092 ’

280 1033 382 1070 ficiat
410 1033 458 1069 ad
488 1043 621 1068 curam
641 1031 848 1079 regiminis;
878 1032 942 1069 vel
963 1031 1077 1068 etiam
1106 1031 1353 1079 irregularita-

281 1088 337 1133 tis,
358 1094 450 1136 puta
470 1086 501 1123 si
521 1085 567 1122 sit
586 1085 774 1133 bigamus.
794 1106 819 1113 -

279 1149 364 1190 pter
383 1140 575 1177 defectum
603 1139 858 1186 subditorum,
890 1139 927 1176 in
955 1139 1093 1187 quibus
1121 1150 1200 1175 non
1228 1145 1355 1187 potest

279 1195 479 1244 proficere.
510 1192 622 1230 Unde
643 1193 852 1240 Gregorius
872 1192 971 1240 dicit,
988 1193 1026 1229 in
1048 1194 1079 1229 ΙΙ
1100 1193 1257 1241 Dialog.
1274 1197 1293 1219 η
1312 1191 1353 1228 *ε

279 1249 341 1286 Ibi
357 1246 632 1296 aequanimiter
649 1246 832 1295 portandi
847 1251 936 1283 sunt
953 1246 1056 1292 mali,
1078 1246 1143 1283 ubi
1160 1245 1353 1283 inveniun-

281 1308 342 1339 tur
369 1301 490 1350 aliqui
515 1300 582 1348 qui
606 1300 834 1337 adiuventur
852 1299 951 1337 boni.
986 1300 1060 1337 Ubi
1077 1306 1205 1336 autem
1233 1300 1353 1336 omni-

279 1356 392 1393 modo
413 1353 425 1377 ⁰
442 1356 599 1403 fructus
635 1354 681 1390 de
709 1354 815 1391 bonis
851 1354 969 1400 deest,
987 1355 1041 1401 fit
1070 1353 1275 1402 aliquando
1308 1353 1355 1390 de

279 1409 389 1447 malis
417 1409 527 1446 labor
552 1419 821 1456 supervacuus.
866 1408 973 1445 Unde
1009 1418 1121 1456 saepe
1147 1407 1279 1457 agitur
1315 1407 1352 1443 in

280 1464 408 1500 animo
424 1463 682 1511 perfectorum
711 1462 823 1510 quod,
844 1473 931 1498 cum
951 1461 1121 1498 laborem
1139 1473 1250 1498 suum
1274 1461 1355 1498 sine
1379 1475 1381 1494 ε

268 1519 404 1566 fructu
437 1528 516 1553 esse
543 1515 794 1561 considerant,
824 1515 862 1552 in
891 1515 972 1552 loco
1001 1514 1076 1552 alio
1104 1515 1157 1552 ad
1182 1514 1353 1552 laborem

280 1583 366 1608 cum
387 1571 521 1618 fructu
557 1569 737 1619 migrant.
768 1589 792 1597 -
822 1569 1069 1617 Quandoque
1098 1576 1229 1605 autem
1264 1581 1355 1605 con-
1379 1587 1381 1599 ι

280 1625 386 1672 tingit
414 1636 459 1660 ex
478 1630 584 1672 parte
614 1623 793 1659 aliorum:
823 1630 916 1670 puta
935 1634 1024 1658 cum
1044 1621 1092 1659 de
1117 1622 1354 1670 praelatione
1379 1628 1381 1641 ³

279 1678 437 1715 alicuius
473 1689 589 1725 grave
627 1675 852 1713 scandalum
892 1675 1105 1712 suscitatur.
1149 1676 1273 1721 Nam,
1314 1676 1381 1725 ut{

278 1731 488 1779 Apostolus
518 1729 617 1775 dicit,
649 1730 661 1764 Ι
691 1729 742 1765 ad
765 1729 852 1765 Cor.
873 1727 989 1764 V111*:
1019 1728 1061 1764 Si
1087 1739 1172 1765 esca
1194 1729 1354 1765 scanda-
1379 1738 1381 1774 ἶ

278 1785 365 1833 Ιίζαί
377 1785 550 1832 fratrem
587 1794 733 1827 meum,
764 1794 838 1818 non
878 1782 1116 1818 manducabo
1152 1793 1287 1819 carnes
1315 1782 1352 1820 in
1379 1809 1381 1832 ἰ

1379 1839 1380 1842 ’
1406 1835 1695 1873 instructionem
1734 1834 2002 1872 sufficientem.
2040 1834 2112 1871 Vel
2142 1834 2275 1881 etiam,
2302 1834 2333 1871 si
2369 1834 2484 1872 simo·

278 1903 323 1927 ex
353 1890 496 1927 malitia
525 1889 743 1938 aliquorum
771 1888 986 1926 volentium
1015 1888 1136 1926 fidem
1156 1896 1222 1926 aut
1249 1889 1352 1926 iusti-
1378 1903 1380 1914 Δ

277 1844 485 1874 aeternum.
522 1837 627 1872 Dum
666 1842 795 1872 tamen
829 1835 1052 1872 scandalum
1092 1847 1171 1872 non
1208 1835 1354 1873 oriatur

277 1945 369 1982 tiam
407 1943 603 1981 Ecclesiae
646 1942 882 1979 conculcare.
925 1942 1088 1991 Propter
1128 1941 1352 1981 huiusmodi

278 1999 378 2035 enim
416 1997 641 2035 scandalum
678 2008 758 2032 non
787 2003 843 2033 est
871 2007 962 2032 cura
988 1995 1190 2045 pastoralis
1226 1996 1351 2034 dimit-

275 2051 412 2089 tenda.
443 2050 659 2088 secundum
687 2049 780 2086 illud
810 2049 946 2086 Matth.
966 2061 1015 2086 xv
1033 2049 1072 2086 *ε
1110 2050 1227 2087 Sinite
1255 2051 1350 2098 illos,

276 2105 418 2142 scilicet
436 2105 502 2154 qui
521 2103 877 2141 scandalizabantur
901 2104 949 2140 de
968 2103 1129 2140 veritate
1156 2104 1352 2142 doctrinae

277 2158 437 2196 Christi:
467 2158 572 2196 caeci
597 2163 685 2195 sunt
711 2156 824 2194 duces
851 2168 1067 2194 caecorum.

330 2213 495 2262 Oportet
532 2219 662 2249 tamen
699 2210 822 2259 quod,
858 2210 955 2247 sicut
991 2222 1122 2248 curam
1155 2211 1352 2259 regiminis

276 2266 434 2303 assumit
452 2265 588 2314 aliquis
615 2276 684 2313 per
702 2263 988 2312 providentiam
1007 2263 1215 2313 superioris
1241 2276 1352 2313 prae-

276 2319 359 2367 lati,
393 2319 445 2356 ita
481 2318 594 2355 etiam
627 2329 696 2366 per
731 2316 812 2354 eius
841 2316 1124 2364 auctoritatem,
1154 2329 1200 2354 ex
1229 2318 1352 2356 causis

277 2371 492 2422 praedictis,
514 2371 664 2409 deserat
683 2378 914 2419 susceptam.
932 2370 1044 2408 Unde
1065 2371 1194 2419 Extra,
1214 2371 1260 2408 de
1277 2372 1352 2409 Re-

279 2431 383 2463 nunt.
403 2425 442 2474 ³¹⁸,
473 2424 562 2462 dicit
591 2423 835 2461 Innocentius
863 2424 936 2461 111:
973 2424 1016 2461 Si
1035 2435 1185 2473 pennas
1212 2425 1354 2463 habeas

278 2480 412 2528 quibus
438 2484 594 2529 satagas
623 2478 659 2515 in
688 2477 926 2514 solitudinem
946 2477 1115 2525 avolare,
1146 2478 1197 2516 ita
1225 2484 1350 2516 tamen

278 2533 478 2571 adstrictae
507 2538 597 2569 sunt
622 2531 781 2568 nexibus
801 2537 1095 2580 praeceptorum
1125 2537 1166 2568 ut
1191 2531 1351 2570 liberum

278 2599 352 2624 non
381 2587 533 2632 habeas,
562 2586 705 2635 absque
733 2590 862 2622 nostra
885 2585 1149 2634 permissione,
1169 2586 1350 2624 volatum.

279 2640 359 2678 Soli
387 2639 491 2677 enim
520 2640 649 2689 Papae
670 2638 756 2677 licet
785 2637 1006 2688 dispensare
1035 2640 1074 2676 in
1093 2647 1187 2677 voto
1216 2652 1352 2690 perpe—

278 2702 357 2740 tu0,
379 2705 457 2742 quo
487 2693 571 2742 quis
591 2705 631 2730 se
661 2691 711 2730 ad
732 2704 864 2730 curam
894 2692 1137 2730 subditorum
1156 2693 1353 2732 adstrinxit

279 2747 542 2797 episcopatum
572 2746 796 2796 suscipiens.

330 2802 389 2838 AD
418 2812 557 2838 ΡιιιΜυΜ
586 2811 685 2838 ERGO
713 2811 901 2837 montinum
940 2800 1047 2849 quod
1084 2799 1266 2849 perfectio
1296 2813 1352 2838 re-

331 2935 357 2966 η)
380 2934 489 2967 Dialog.
502 2947 522 2953 -
540 2934 721 2967 Dtatogorum
741 2933 893 2966 pastoralis
911 2933 1063 2967 ADEFLpl,
1078 2933 1151 2959 Dial.
1165 2934 1290 2966 pastoris
1306 2933 1353 2959 ΒΚ

278 2970 404 3037 εἰξῦὒέιαὶ.
424 2970 468 2995 ubi
487 2970 553 2996 dicit
571 2973 699 3002 pastores
717 2969 765 3003 pC,
785 2969 935 2995 Pastor-alis
953 2969 998 3001 sc,
1018 2969 1092 2995 Dial.
1111 2969 1269 2995 Pastoribus
1287 2969 1352 3001 (om.

1378 818 1544 863 =,lutem
1574 817 1643 854 sed
1673 816 1787 854 etiarn
1817 816 1980 853 aliorum
2008 825 2243 865 procuraret.
2282 818 2395 855 Unde
2424 819 2483 855 In-

1407 870 1608 907 nocentius
1634 870 1683 906 111
1711 869 1811 916 dicit,
1834 870 1873 907 in
1892 870 2083 907 Decretali
2101 870 2335 919 praedicta*
2337 900 2346 919 ,
2376 873 2482 920 quod
2510 872 2520 882 ⁸

1395 924 1556 973 facilius
1594 923 1812 974 indulgetur
1839 929 1881 960 ut
1905 924 2114 960 monachus
2146 924 2198 960 ad
2217 923 2481 972 praesulatum

1407 978 1597 1024 ascendat,
1627 989 1742 1038 quam
1765 977 1926 1026 praesul
1951 977 2004 1014 ad
2033 978 2304 1015 monachatum
2332 978 2482 1015 descen-

1407 1085 1635 1123 conveniens
1662 1091 1717 1122 est
1744 1091 1785 1122 ut
1808 1097 1902 1122 suae
1928 1085 2043 1122 saluti
2068 1084 2246 1122 intendat.

1460 1141 1520 1176 An
1549 1150 1742 1176 SECUNDUM
1775 1150 1962 1176 mCENDuM
1999 1138 2106 1187 quod
2139 1145 2299 1187 propter
2334 1139 2482 1175 nullum

1379 1223 1381 1243 ;
1407 1192 1728 1242 impedimentum
1767 1193 1882 1230 debet
1916 1192 2038 1229 homo
2071 1191 2371 1240 praetermittere
2408 1200 2485 1230 stu-

1379 1245 1380 1256 *
1408 1246 1515 1284 dium
1552 1258 1645 1284 suae
1680 1245 1830 1293 salutis,
1861 1245 1967 1295 quod
2003 1245 2168 1295 pertinet
2204 1245 2251 1290 ad
2292 1245 2484 1294 religionis

1407 1308 1560 1338 statum.
1600 1301 1732 1337 Potest
1766 1307 1897 1337 autem
1930 1311 2014 1336 esse
2043 1298 2199 1348 aliquod
2228 1298 2484 1347 impedimen-

1407 1362 1490 1391 tum
1518 1353 1784 1403 procurandae
1813 1353 1944 1390 salutis
1964 1352 2122 1390 alienae.
2154 1353 2203 1389 Et
2229 1352 2319 1389 ideo
2347 1364 2484 1390 mona-

1409 1409 1502 1445 chus
1539 1415 1665 1468 potest
1699 1408 1748 1444 ad
1782 1414 1921 1444 statum
1957 1406 2200 1456 episcopatus
2239 1406 2405 1454 assumi,
2444 1405 2482 1445 in

1407 1474 1485 1511 quo
1508 1461 1621 1515 etiarn
1636 1473 1729 1498 suae
1749 1460 1877 1498 salutis
1898 1472 2029 1497 curam
2054 1472 2166 1509 agere
2185 1467 2323 1509 potest.
2352 1459 2486 1498 Potest

1408 1515 1522 1552 etiam
1549 1511 1768 1564 episcopus,
1789 1514 1820 1551 si
1839 1514 2161 1574 impedimentum
2180 1513 2327 1551 alienae
2354 1513 2484 1552 salutis

1408 1569 1675 1619 procurandae
1704 1568 1950 1614 interveniat,
1981 1567 2030 1605 ad
2060 1567 2284 1627 religionem
2312 1567 2483 1606 transire.

1407 1623 1457 1659 Et
1485 1623 1763 1671 impedimento
1793 1628 1978 1669 cessante,
2007 1628 2134 1670 potest
2162 1620 2296 1658 iterato
2327 1621 2375 1658 ad
2406 1621 2485 1670 epi-

1407 1683 1610 1724 scopatum
1640 1675 1805 1712 assumi:
1835 1682 1927 1723 puta
1955 1686 2025 1724 per
2054 1674 2332 1711 correctionem
2354 1674 2485 1712 subdi-

1407 1737 1547 1776 torum,
1568 1729 1631 1766 vel
1658 1740 1728 1777 per
1756 1728 1995 1765 sedationem
2025 1727 2205 1775 scandali,
2230 1728 2292 1764 vel
2320 1739 2391 1776 per
2419 1740 2483 1765 cu-

1408 1782 1596 1819 rationem
1626 1781 1867 1828 infirmitatis,
1893 1789 1958 1818 aut
1987 1781 2145 1830 depulsa
2173 1781 2386 1829 ignorantia
2414 1794 2484 1830 per

1406 1889 1514 1926 niace
1543 1889 1589 1926 sit
1615 1895 1819 1938 promotus
1848 1900 1896 1925 eo
1924 1887 2137 1936 ignorante,
2167 1887 2197 1924 si
2226 1899 2267 1924 se
2295 1887 2345 1924 ad
2374 1900 2484 1936 regu-

1403 1943 1526 1980 larem
1544 1942 1678 1990 vitam,
1701 1941 1924 1991 episcopatu
1954 1941 2123 1989 dimisso,
2144 1940 2386 1989 transtulerit,
2415 1954 2484 1991 po-

1404 1996 1489 2034 terit
1508 1996 1643 2034 iterato
1663 1996 1712 2033 ad
1731 1995 1848 2032 alium
1868 1995 2133 2044 episcopatum
2161 1994 2386 2043 promoveri
2405 1994 2436 2033 *.
2457 2016 2482 2026 -

1405 2050 1445 2087 Si
1464 2062 1559 2087 vero
1590 2049 1726 2098 aliquis
1745 2056 1903 2098 propter
1932 2049 2086 2098 culpam
2116 2047 2163 2085 sit
2180 2048 2230 2085 ab
2259 2047 2482 2098 episcopatu

1405 2103 1614 2154 depositus,
1637 2111 1673 2140 et
1699 2103 1739 2140 in
1767 2102 2045 2140 monasterium
2075 2102 2251 2140 detrusus
2269 2101 2320 2140 ad
2346 2103 2483 2152 poeni-

1376 2158 1378 2165 '
1403 2157 1562 2196 tentiam
1595 2156 1869 2206 peragendam,
1899 2168 1979 2194 non
2007 2163 2135 2206 potest
2161 2154 2295 2193 iterato
2324 2154 2374 2194 ad
2397 2154 2483 2206 epi,-

1404 2219 1607 2261 scopatum
1622 2210 1807 2248 revocari.
1823 2210 1935 2248 Unde
1956 2209 2091 2247 dicitur
2104 2209 2188 2258 vll,
2203 2221 2269 2258 qu.
2286 2207 2347 2246 1⁸:
2365 2209 2483 2249 stae·

1405 2265 1495 2314 cipit
1517 2269 1650 2302 sancta
1677 2263 1855 2312 Synodus
1883 2269 1923 2300 ut
1948 2263 2177 2313 quicumque
2202 2262 2249 2300 de
2269 2261 2486 2312 pontificali

1377 2326 1378 2330 ’
1405 2318 1588 2368 dignitate
1623 2317 1675 2355 ad
1706 2317 1983 2354 monachorum
2019 2317 2134 2354 vitam
2167 2321 2204 2354 et
2227 2315 2483 2364 poenitentiae

1405 2371 1639 2410 descenderit
1673 2370 1817 2416 locum,
1854 2381 2096 2420 nequaquam
2133 2369 2186 2407 ad
2214 2369 2480 2418 pontificatum

1406 2437 1516 2463 resur
1546 2430 1596 2462 at.

1458 2437 1709 2516 AngTERTmM
1737 2488 1926 2514 mesanum
1945 2476 2052 2525 quod
2073 2476 2189 2514 etiam
2219 2476 2256 2514 in
2277 2475 2392 2515 rebus
2413 2489 2480 2519 aa·

1405 2531 1612 2579 turafibus,
1650 2538 1808 2581 propter
1843 2530 2168 2589 impedimentum
2202 2530 2482 2579 superveniens

1404 2585 1576 2635 potentia
1604 2591 1779 2622 remanet
1806 2583 1952 2634 absque
1982 2591 2088 2621 actu:
2117 2582 2214 2621 sicut
2239 2591 2398 2644 propter
2425 2584 2480 2623 in·

1378 2638 1379 2642 ’
1405 2638 1626 2677 firmitatem
1648 2637 1748 2675 oculi
1768 2645 1891 2675 cessat
1909 2645 2016 2675 actus
2034 2636 2205 2675 visionis.
2227 2637 2303 2674 Et
2294 2646 2347 2676 ita
2366 2637 2480 2677 etiam

1405 2705 1484 2731 non
1505 2700 1560 2730 est
1579 2690 1858 2730 inconveniens
1887 2690 1937 2740 si,
1965 2698 2124 2741 propter
2152 2689 2336 2729 exterius·
2360 2690 2489 2742 imper

1406 2746 1622 2784 dimentum
1650 2744 1941 2795 superveniens,
1970 2751 2140 2794 potestas
2168 2742 2394 2794 episcopalis
2422 2756 2480 2782 re·

1405 2807 1559 2838 maneat
1586 2800 1732 2849 absque
1761 2806 1860 2836 actu.

1457 2931 1482 2966 0)
1501 2933 1665 2959 omnimodo.
1677 2946 1696 2952 —-
1714 2932 1869 2959 omnimode
1886 2932 1962 2963 BFK.
1981 2932 2092 2958 omnino
2110 2932 2158 2958 Pa.

1460 2970 1478 3002 ι)
1498 2969 1661 2995 exterius.—
1679 2968 1741 2995 Om.
1761 2968 1790 2995 P.

961 3085 1302 3118 Commenta-ria
1321 3084 1580 3118 cardinalis
1601 3084 1807 3118 Caietam

310 3177 330 3196 N
354 3166 487 3197 articulo
511 3172 624 3207 quarto
650 3165 792 3197 eiusdem
814 3165 1012 3207 quaestionis
1029 3165 1352 3206 centesimaeoctoge-

284 3179 550 3252 Isimaequintae,
575 3211 701 3241 adverte
721 3210 862 3241 defectus
879 3210 910 3240 in
928 3210 1029 3241 littera
1046 3210 1179 3251 positos,
1203 3216 1351 3250 sumptos

282 3264 318 3285 ex
347 3255 501 3286 Decretali
532 3255 708 3286 innocentii
733 3255 792 3291 111,
816 3254 922 3291 Extra,
945 3255 985 3286 de
1007 3255 1160 3293 Renum„
1185 3264 1254 3295 cap.
1278 3254 1352 3286 Nisi

282 3308 352 3329 cum
372 3300 518 3339 pridem:
542 3306 572 3330 et
596 3309 706 3331 casum
721 3299 860 3330 scandali
883 3299 927 3330 ibi
941 3299 975 3330 in
990 3309 1114 3340 genere,
1139 3299 1190 3330 hic
1207 3297 1351 3340 specifice

282 3342 434 3383 positum,
459 3343 576 3375 scilicet
598 3344 687 3385 quod
711 3343 736 3374 si
760 3351 890 3384 propter
905 3342 1002 3375 fidem
1027 3343 1144 3375 Clu-isti
1167 3351 1223 3375 aut
1242 3343 1350 3375 Eccle-

283 3387 345 3417 siae
376 3386 528 3418 iustitiam
556 3387 739 3418 violandam
770 3388 957 3419 scandalum
981 3387 1151 3428 contingit,
1181 3395 1216 3418 ut
1239 3387 1351 3419 accidit

283 3438 392 3462 sancto
415 3431 562 3462 Thomae
582 3432 840 3469 Cantuariensi*,
858 3442 924 3463 non
948 3439 995 3463 est
1011 3439 1141 3473 propter
1163 3431 1350 3463 huiusmodi

1459 3165 1501 3197 Et
1525 3176 1600 3197 cum
1623 3172 1729 3207 pateat
1753 3175 1820 3196 non
1838 3165 1913 3207 plus
1927 3163 2026 3196 teneri
2041 3162 2210 3195 hominem
2233 3164 2273 3194 ad
2297 3164 2476 3196 cedendum

1405 3209 1603 3254 episcopatui
1627 3219 1726 3251 quam
1750 3209 1790 3240 ad
1813 3219 1881 3240 non
1905 3207 2154 3249 suscipiendum,
2178 3207 2322 3239 habens
2314 3218 2347 3240 m
2364 3218 2398 3239 se
2421 3207 2477 3240 ali-

1404 3263 1503 3295 quem
1531 3255 1650 3286 horum
1682 3254 1866 3285 desectuum
1894 3259 2019 3284 tenetur
2049 3261 2115 3283 non
2144 3253 2303 3293 suscipere
2331 3253 2476 3284 oblatum

1404 3299 1463 3330 sibi
1487 3300 1726 3340 episcopatum:
1750 3298 1856 3331 multo
1872 3297 1973 3337 magis
1994 3307 2095 3338 quam
2111 3303 2264 3334 teneatur,
2282 3304 2356 3338 post
2370 3307 2476 3329 susce-

1404 3351 1507 3384 ptum,
1532 3343 1721 3375 renuntiare.
1746 3342 1854 3380 Quare
1876 3342 2006 3373 redeant
2028 3341 2085 3383 qui
2108 3348 2354 3382 promoventur,
2372 3337 2475 3374 ktiam

1404 3388 1471 3419 sine
1500 3387 1631 3430 proprio
1658 3385 1817 3428 appetitu,
1843 3386 1882 3416 ad
1906 3385 2044 3426 seipsos;
2075 3393 2209 3427 pensent
2232 3385 2257 3417 si
2281 3384 2397 3427 aliquis
2420 3385 2477 3416 ho-

1403 3442 1477 3464 rum
1501 3431 1686 3463 defectuum
1708 3429 1854 3467 occurrit,
1871 3436 1930 3461 etc.
