2768 4198
40 3337 50 3348 ⁸
63 3336 131 3364 Καρ.
147 3335 175 3358 nd
190 3342 210 3364 3.

952 283 1219 329 QUAESTIO
1250 283 1407 330 CLXX,
1437 282 1735 320 ARTICULUS
1766 283 1780 319 I

2382 284 2455 320 363

578 506 989 584 QUAESTIO
1033 508 2159 565 CENTESIMASEPTUAGESIMA

868 629 951 668 DE
983 627 1356 669 PRAECEPTIS
1390 628 1872 669 TEMPERANTIAE

1096 744 1131 768 IN
1161 743 1255 769 Duos
1281 743 1484 769 ARTICULOS
1515 744 1632 768 DIVISA

357 849 466 875 amna
499 837 819 875 considerandum
848 845 903 875 est
922 837 968 874 de
1000 837 1211 886 praeceptis
1241 845 1336 874 tem-

34 885 121 935 iuga.
124 891 162 914 ‘¹¹¹
184 891 245 912 ⁰¹²¹*
275 848 552 940 Dperantiae
571 890 603 928 ²¹⁶.

1448 839 1498 874 Et
1525 837 1670 886 primo:
1708 838 1755 875 de
1783 838 1995 887 praeceptis
2028 839 2146 887 ipsius
2175 840 2461 888 temperantiae.

1450 891 1649 928 Secundo:
1679 891 1726 928 de
1756 891 1970 940 praeceptis
1999 892 2166 940 partium
2196 892 2289 930 eius.

1087 999 1404 1042 ARTICULUS
1439 999 1648 1042 PRIMUS

453 1094 610 1125 UTRUM
632 1093 890 1125 PRAECEPTA
912 1092 1253 1125 TEMPERANTIAE
1278 1092 1622 1123 CONVENIENTER
1645 1093 1687 1123 IN
1713 1093 1825 1124 LEGE
1850 1093 1999 1124 DIVINA
2015 1095 2288 1127 TRADANTUR

1151 1180 1357 1213 111,qu.c,
1378 1186 1425 1207 art.
1449 1189 1487 1212 ιι,
1507 1181 1539 1205 ad
1561 1181 1584 1206 3.

316 1279 371 1309 :2⁴
394 1279 425 1305 ⁵,
414 1288 460 1312 f
487 1274 511 1300 n
534 1274 674 1301 ramum
701 1273 755 1298 Slc
777 1271 1026 1298 ..raom-:mma
1055 1258 1215 1296 Videtur
1238 1260 1344 1308 quod

347 1310 425 1361 ”’.“χ.
412 1313 460 1373 ςξῡ
488 1322 690 1365 praecepta
718 1312 990 1363 temperantiae
1028 1310 1343 1350 inconvenienter

298 1400 304 1408 Δ
336 1363 416 1408 'mv
440 1372 459 1407 ἢ
489 1369 529 1406 in
543 1370 625 1416 lege
645 1367 774 1405 divina
792 1366 998 1405 tradantur.
1020 1365 1218 1402 Fortitudo
1239 1365 1342 1402 enim

286 1432 293 1441 ⁷
314 1420 316 1425 ’
336 1414 433 1448 ΨΨ)
449 1412 479 1453 Υ
497 1429 546 1461 ·st
573 1421 698 1471 potior
723 1420 842 1457 virtus
870 1431 988 1467 quam
1017 1418 1277 1466 temperantia,
1302 1425 1371 1456 ut

240 1496 246 1502 ·
274 1487 389 1525 supra
408 1475 429 1497 ²¹⁸
456 1475 599 1512 dictum
628 1481 694 1510 est.
725 1473 802 1510 Sed
822 1473 968 1509 nullum
988 1479 1236 1520 praeceptum
1266 1471 1341 1508 for-

1398 1268 1536 1297 nantur
1564 1260 1611 1297 ad
1642 1260 1884 1298 dilectionem
1904 1262 1976 1298 Dei
1996 1271 2032 1299 et
2050 1263 2226 1322 proximi.
2257 1266 2358 1301 Inter
2375 1266 2466 1302 vitia

1398 1320 1528 1350 autem
1557 1314 1831 1362 temperantiae
1861 1315 2048 1374 opposita,
2078 1316 2246 1353 maxime
2276 1317 2466 1355 dilectioni

1370 1365 1371 1427 l
1396 1365 1562 1425 proximi
1581 1366 1734 1403 videtur
1763 1367 1907 1416 opponi
1927 1368 2166 1417 adulterium,
2187 1381 2257 1418 per
2277 1372 2380 1419 quod
2400 1372 2464 1408 ali-

1370 1418 1483 1473 quis
1511 1427 1669 1478 usurpat
1697 1419 1767 1456 sibi
1797 1432 1878 1457 rem
1907 1420 2084 1467 alienam,
2110 1399 2303 1460 ab⁷utend0
2329 1419 2468 1461 scilicet
2511 1465 2515 1468 ,

1397 1483 1516 1509 uxore
1544 1472 1720 1520 proximi.
1752 1473 1800 1509 Et
1827 1473 1914 1510 ideo
1942 1474 2038 1511 inter
2064 1483 2267 1523 praecepta
2297 1476 2468 1525 decalogi

239 1523 245 1555 Ῐ
272 1528 443 1567 titudinis
469 1527 624 1579 ponitur
660 1526 758 1563 inter
784 1533 988 1574 praecepta
1021 1524 1212 1573 decalogi,
1242 1526 1371 1574 quae
1398 1525 1603 1574 praecipue
1632 1526 1856 1574 prohibetur
1884 1527 2124 1574 adulterium,
2148 1540 2228 1565 non
2256 1530 2381 1566 solum
2411 1543 2467 1567 se-

273 1589 362 1621 sunt
387 1580 538 1631 potiora
566 1580 659 1628 legis
685 1586 900 1628 praecepta.
940 1579 1043 1637 Ergo
1072 1577 1344 1615 inconvenien-

239 1763 244 1770 ·
271 1753 390 1790 supra
407 1739 428 1762 '⁸
444 1738 562 1778 ,dictis
583 1746 705 1789 patet.

274 1907 312 1939 et
330 1907 504 1949 potuum.
531 1898 610 1936 Sed
627 1899 724 1936 inter
743 1904 947 1946 praecepta
967 1896 1136 1945 decalogi
1157 1909 1236 1934 non
1254 1909 1342 1945 pro-

272 1949 427 1992 hibetur
462 1951 618 2001 aliquod
650 1950 786 1989 vitium
823 1950 1016 1999 pertinens
1049 1950 1099 1988 ad
1128 1950 1343 1988 delectatio·
1370 1962 1372 2000 2

275 2017 367 2043 nem
397 2005 571 2042 ciborum
592 2011 629 2042 et
646 2011 829 2054 potuum:
860 2015 984 2052 neque
1014 2003 1128 2040 etiam
1151 2003 1343 2052 pertinens
1369 2003 1372 2024 l

273 2058 324 2096 ad
353 2058 520 2108 aliquam
549 2057 663 2095 aliam
691 2057 860 2106 speciem
880 2056 1061 2094 luxuriae.
1092 2057 1195 2104 Ergo
1216 2068 1342 2104 neque
1370 2054 1371 2095 l

275 2112 391 2150 etiam
421 2111 535 2149 debet
562 2111 654 2160 poni
683 2110 840 2158 aliquod
868 2117 1117 2159 praeceptum
1137 2110 1344 2158 prohibens
1370 2111 1372 2160 f

275 2163 526 2211 adulterium,
556 2164 663 2213 quod
690 2163 853 2212 pertinet
880 2162 929 2200 ad
958 2162 1250 2201 delectationem
1278 2175 1343 2200 ve·
1370 2168 1371 2194 ἕ

275 2229 494 2257 nereorum.

332 2272 367 2309 3.
392 2272 632 2316 Pmmmsx,
660 2269 904 2318 principalius
934 2275 990 2305 est
1007 2268 1044 2305 in
1065 2268 1272 2306 intentione
1292 2269 1343 2306 le-

271 2324 460 2373 gislatoris
487 2324 668 2361 inducere
697 2322 745 2361 ad
764 2322 922 2359 virtutes
950 2333 1067 2370 quam
1095 2321 1187 2359 vitia
1214 2322 1342 2370 prohi-

275 2430 550 2480 impedimenta
585 2429 774 2466 tollantur.
815 2428 892 2466 Sed
929 2435 1133 2477 praecepta
1171 2428 1342 2477 decalogi

275 2642 563 2692 temperantiae,
586 2653 702 2690 quam
730 2649 978 2690 praeceptum
1008 2641 1227 2688 negativum
1257 2654 1343 2690 pro-

274 2696 408 2734 hibens
438 2694 677 2741 adulterium,
706 2694 810 2743 quod
839 2693 873 2730 ei
902 2694 1041 2731 directe
1071 2694 1287 2743 opponitur.

330 2751 370 2786 ΙΝ
399 2759 633 2786 CONTRARIUM
662 2758 728 2784 EST
756 2747 958 2784 auctoritas
989 2747 1204 2796 Scripturae
1224 2747 1255 2784 *.

329 2803 556 2839 REspoum-:o
580 2812 764 2838 DICENDUM
789 2800 906 2848 quod,
928 2800 1022 2837 sicut
1050 2801 1259 2848 Apostolus
1287 2801 1341 2838 di-

276 2855 336 2902 cit,
367 2857 379 2892 I
410 2856 461 2892 ad
492 2855 586 2892 Tim.
609 2853 668 2900 1³⁸,
691 2854 782 2901 finis
804 2854 999 2902 praecepti
1025 2854 1163 2890 caritas
1187 2859 1260 2900 est,
1291 2854 1340 2892 ad

275 2921 393 2957 quam
414 2908 566 2946 duobus
594 2906 803 2956 praeceptis
824 2906 1039 2944 inducimur
1063 2906 1341 2956 pertinentibus

242 2986 247 2997 .
276 2961 326 2999 ad
345 2961 588 2999 dilectionem
603 2960 675 2997 Dei
694 2967 731 2996 et
748 2959 912 3009 proximi
926 2959 957 2996 ⁹⁸.
979 2960 1028 2996 Et
1047 2959 1134 2997 ideo
1150 2959 1218 2997 illa
1229 2972 1341 3010 prae-

277 3021 386 3063 cepta
413 3014 452 3052 in
481 3014 665 3061 decalogo
693 3021 888 3062 ponuntur
917 3024 1015 3060 quae
1036 3013 1212 3050 directius
1241 3013 1342 3051 ordi-

332 3127 359 3160 α)
373 3128 547 3160 principalia.
557 3141 577 3148 -
589 3128 787 3160 principaliora
806 3128 852 3153 Ρα.

1370 1562 1569 1616 ³cundum
1609 1579 1714 1627 quod
1753 1591 1870 1628 opere
1909 1588 2122 1627 exercetur,
2157 1582 2223 1618 sed
2261 1582 2375 1619 etiam
2411 1596 2467 1620 se-

273 1642 331 1673 ter
366 1635 462 1673 inter
497 1639 701 1682 praecepta
737 1631 909 1680 decalogi
946 1631 1101 1680 ponitur
1136 1631 1342 1680 prohibitio
1370 1643 1372 1685 ς

274 1686 467 1734 adulterii,
497 1686 602 1734 quod
631 1685 881 1723 contrariatur
907 1684 1198 1734 temperantiae,
1227 1692 1269 1722 ut
1298 1697 1343 1721 ex
1370 1688 1372 1735 ξ

1398 1632 1570 1669 cundum
1599 1632 1704 1680 quod
1735 1633 1851 1670 corde
1880 1634 2172 1683 concupiscitur.

1451 1687 1511 1722 An
1540 1697 1678 1723 PRlMUM
1712 1697 1812 1723 ERGO
1849 1698 2035 1725 DlCENDUM
2064 1688 2170 1736 quod
2200 1688 2295 1724 inter
2323 1689 2468 1738 species

1370 1739 1372 1772 ἑ
1397 1738 1578 1775 vitiorum
1608 1750 1706 1787 quae
1736 1748 1986 1788 opponuntur
2018 1740 2243 1788 fortitudini,
2273 1742 2375 1779 nulla
2413 1751 2469 1779 est

330 1805 365 1831 2.
388 1793 623 1839 PRAETEREA,
644 1791 895 1840 temperantia
916 1802 994 1827 non
1023 1791 1148 1828 solum
1169 1797 1224 1827 est
1244 1790 1343 1828 circa
1370 1796 1372 1798 ’

271 1858 452 1894 venerea,
482 1847 550 1884 sed
579 1845 694 1883 etiam
723 1844 822 1882 circa
851 1843 1142 1881 delectationem
1167 1843 1341 1880 ciborum

1398 1803 1497 1839 quae
1530 1791 1580 1828 ita
1613 1791 1754 1828 directe
1793 1793 2042 1830 contrarietur
2077 1793 2268 1831 dilectioni
2304 1796 2468 1843 proximi

1398 1844 1495 1881 sicut
1523 1844 1762 1891 adulterium,
1784 1846 1890 1893 quod
1912 1854 1967 1883 est
1992 1847 2138 1895 species
2166 1847 2348 1895 luxuriae,
2369 1861 2467 1897 quae

1398 1898 1672 1947 temperantiae
1692 1899 1952 1936 contrariatur.
1979 1921 2003 1927 -
2032 1900 2080 1936 Et
2099 1907 2229 1938 tamen
2248 1900 2383 1938 vitium
2402 1914 2467 1938 au-

1400 1950 1552 1997 daciae,
1584 1951 1689 2000 quod
1728 1952 1935 2001 opponitur
1971 1953 2200 2000 fortitudini,
2234 1955 2467 2003 quandoque

1398 2004 1495 2041 solet
1524 2016 1606 2041 esse
1633 2016 1747 2041 causa
1775 2005 1984 2053 homicidii,
2011 2007 2116 2055 quod
2142 2006 2239 2043 inter
2266 2016 2469 2057 praecepta

1399 2057 1570 2105 decalogi
1607 2057 1851 2106 prohibetur:
1891 2058 2025 2096 dicitur
2063 2059 2163 2096 enim
2201 2060 2318 2097 Eccli.
2341 2072 2403 2098 vm
2426 2061 2466 2097 *ι

1403 2111 1499 2148 Cum
1532 2111 1678 2148 audace
1710 2123 1785 2148 non
1823 2123 1888 2148 eas
1925 2112 1962 2148 in
1997 2112 2082 2149 via:
2118 2125 2165 2149 ne
2188 2114 2300 2160 forte
2334 2121 2471 2163 gravet

1398 2163 1502 2200 mala
1530 2175 1600 2200 sua
1629 2164 1666 2200 in
1695 2169 1740 2201 te.

1452 2218 1511 2252 AD
1541 2228 1733 2254 SECUNDUM
1760 2228 1947 2254 mcENDUM
1976 2218 2080 2266 quod
2109 2219 2197 2265 gula
2222 2219 2362 2256 directe
2391 2232 2470 2257 non

1399 2269 1608 2317 opponitur
1644 2269 1835 2307 dilectioni
1872 2270 2058 2318 proximi,
2089 2271 2184 2308 sicut
2220 2272 2468 2309 adulterium:

1370 2357 1371 2373 ἶ
1399 2334 1526 2370 neque
1560 2322 1675 2359 etiarn
1712 2322 1837 2371 aliqua
1873 2323 1945 2360 alia
1974 2323 2119 2372 species
2158 2325 2339 2363 luxuriae.
2379 2326 2470 2362 Non

275 2379 386 2416 bere:
415 2377 465 2414 ad
483 2377 558 2413 hoc
578 2375 680 2413 enim
700 2375 791 2412 vitia
815 2375 1078 2424 prohibentur,
1098 2382 1140 2411 ut
1158 2374 1342 2412 virtutum
1370 2378 1371 2417 ξ

1400 2375 1501 2412 enim
1531 2382 1633 2412 tanta
1661 2376 1705 2412 fit
1732 2376 1866 2412 iniuria
1889 2377 1986 2425 patri
2014 2389 2083 2426 per
2102 2386 2275 2427 stuprum
2303 2379 2468 2427 virginiS,

1370 2472 1371 2479 ἵ
1399 2441 1497 2477 quae
1527 2441 1606 2466 non
1635 2436 1691 2466 est
1711 2428 1792 2466 eius
1822 2430 2015 2466 connubio
2046 2430 2237 2479 deputata,
2259 2440 2402 2479 quanta
2428 2433 2470 2469 fit

275 2491 363 2521 sunt
404 2482 624 2532 principalia
654 2487 671 2503 ⁶
713 2482 751 2518 in
793 2482 875 2530 lege
919 2481 1059 2518 divina.
1102 2482 1204 2529 Ergo
1247 2481 1344 2518 inter
1370 2489 1371 2494 ’

275 2543 481 2586 praecepta
504 2534 675 2583 decalogi
695 2534 815 2583 magis
835 2534 965 2571 debuit
984 2534 1077 2583 poni
1094 2541 1343 2583 praeceptum
1370 2545 1371 2567 ἢ

276 2590 431 2638 aliquod
451 2588 724 2626 affirmativum
745 2587 884 2625 directe
903 2587 1088 2624 inducens
1103 2588 1148 2624 ad
1164 2589 1343 2625 virtutem
1370 2614 1371 2639 ᾗ

1398 2482 1533 2518 iniuria
1561 2482 1646 2518 viro
1674 2494 1744 2531 per
1781 2482 2028 2530 adulterium,
2059 2484 2165 2520 cuius
2204 2484 2374 2533 corporis
2402 2498 2470 2534 po-

1398 2542 1572 2572 testatem
1601 2535 1682 2584 ipse
1711 2536 1838 2582 habet,
1868 2548 1946 2572 non
1975 2548 2072 2573 uxor
2090 2536 2121 2573 *.

1452 2590 1512 2624 An
1534 2600 1695 2625 TERT1UM
1715 2601 1900 2626 DICENDUM
1921 2590 2025 2638 quod
2053 2597 2257 2638 praecepta
2286 2591 2469 2638 decalogi,

1370 2648 1371 2680 Ξ
1398 2649 1440 2678 ut
1467 2654 1582 2690 supra
1601 2641 1621 2662 ’¹‘
1650 2642 1794 2678 dictum
1825 2650 1891 2689 est,
1914 2649 2001 2679 sunt
2029 2644 2218 2691 quaedam
2239 2643 2468 2680 universalia
2496 2653 2506 2699 ¹·
2546 2659 2561 2674 u
2598 2659 2627 2673 xx
2665 2659 2690 2674 ar

1369 2709 1371 2732 1
1399 2694 1550 2732 divinae
1572 2694 1663 2742 legis
1682 2695 1884 2743 principia:
1906 2695 2008 2732 unde
2029 2703 2179 2744 oportet
2199 2708 2243 2732 ea
2260 2708 2342 2732 esse
2363 2709 2467 2733 corn-
2504 2694 2510 2704 '

1370 2763 1371 2766 ¹
1399 2748 1542 2785 munia.
1574 2748 1665 2784 Non
1694 2746 1928 2796 potuerunt?
1956 2756 2084 2785 autem
2114 2748 2238 2797 aliqua
2265 2758 2468 2798 praecepta

1399 2801 1622 2838 communia
1642 2801 1870 2838 affirmativa
1899 2801 1946 2838 de
1967 2802 2217 2850 temperantia
2247 2803 2349 2839 dari:
2380 2803 2466 2851 quia

1396 2866 1490 2891 usus
1526 2854 1606 2891 eius
1644 2854 1812 2891 variatur
1839 2855 2052 2891 secundum
2083 2855 2232 2892 diversa
2270 2863 2465 2904 tempora,

1397 2907 1494 2944 sicut
1511 2907 1746 2955 Augustinus
1767 2907 1864 2955 dicit,
1885 2907 1923 2944 in
1944 2907 2040 2944 libro
2060 2908 2105 2944 de
2128 2910 2236 2945 Bono
2258 2909 2418 2958 Coniug.
2435 2908 2465 2956 ²⁸,
2495 2917 2504 2926 ⁴

1397 2968 1435 2997 et
1453 2960 1667 2997 secundum
1688 2960 1858 2998 diversas
1887 2961 2090 2998 hominum
2119 2962 2220 3009 leges
2246 2970 2282 2998 et
2310 2974 2467 2998 consue-

1396 3012 1559 3050 tudines.

1450 3127 1475 3160 β)
1492 3131 1649 3160 potuerunt.
1661 3141 1682 3148 -
1695 3131 1827 3160 poterunt
1844 3128 1966 3158 ABCFK,
1981 3131 2113 3160 poterant
2132 3128 2249 3154 PDEHa.

943 3206 1279 3239 Commentario»
1301 3205 1554 3239 Cardinalis
1574 3205 1777 3238 Caietam

309 3294 329 3314 N
357 3284 542 3324 quaestione
570 3286 972 3327 centesimaseptuagesima
1000 3286 1135 3316 occurrit
1166 3285 1243 3315 nihil
1267 3286 1340 3316 scri·
1367 3285 1370 3308 ¹
1395 3285 1622 3325 temperantiae
1651 3285 1775 3316 iniuria.
1804 3286 1879 3316 Ideo
1903 3296 2042 3327 namque
2067 3287 2225 3317 Dominus
2250 3295 2357 3318 noster
2382 3288 2467 3319 Iesus

282 3296 462 3364 Ibendum,
486 3328 546 3358 nisi
569 3330 658 3370 quod
681 3340 718 3360 ex
741 3331 824 3361 calce
847 3330 941 3371 primi
964 3330 1084 3361 articuli
1099 3330 1117 3349 *
1139 3330 1235 3360 habes
1255 3330 1340 3360 unde
1396 3329 1542 3360 Christus
1573 3329 1760 3360 huiusmodi
1791 3337 1956 3370 praecepta
1985 3331 2190 3362 determinate
2213 3341 2280 3362 non
2303 3332 2406 3368 dedit,
2433 3340 2469 3363 ut

279 3372 384 3402 mirari
413 3382 479 3402 non
508 3372 601 3403 debes
628 3373 654 3403 si
681 3381 834 3405 statutum
860 3375 1017 3406 Ecclesiae
1048 3375 1086 3404 de
1117 3374 1342 3414 temperantiae
1396 3374 1496 3413 possit
1519 3374 1659 3404 Ecclesia
1674 3381 1810 3404 statuere
1825 3381 1855 3405 et
1871 3374 2030 3405 destruere
2054 3382 2150 3414 prout
2165 3376 2289 3416 expedit
2307 3375 2465 3413 fidelibus,

278 3423 349 3447 actu
367 3416 516 3456 positive,
531 3416 647 3448 scilicet
661 3417 741 3448 circa
755 3419 882 3456 ieiunia,
895 3419 1001 3449 minus
1017 3426 1174 3449 servatur:
1195 3425 1225 3449 et
1241 3418 1339 3459 quod,

278 3460 303 3490 si
327 3461 504 3491 secundum
528 3460 648 3491 diversa
671 3468 816 3502 tempora
838 3470 1022 3500 mutaretur,
1042 3473 1108 3494 non
1129 3462 1216 3493 fieret
1234 3462 1342 3493 virtuti

1396 3425 1426 3448 et
1450 3417 1578 3448 diversis
1602 3417 1681 3448 locis
1697 3428 1733 3448 ac
1748 3418 1946 3459 temporibus
1970 3418 2111 3450 diversos
2130 3420 2246 3450 modos
2270 3420 2416 3451 indicere.

2496 2065 2633 2087 ·Vem.1.
