2768 4198
40 1055 139 1077 ‘Ethia
155 1055 193 1076 lib.
209 1054 248 1078 1v

39 1088 90 1110 cap.
110 1087 125 1108 1,
145 1087 167 1102 n.
188 1087 249 1109 43.-

39 1108 63 1131 S.
79 1098 125 1130 Th.
139 1108 188 1129 lect.
203 1114 224 1128 v.

37 1503 49 1515 '⁵
60 1503 131 1525 Num.
145 1509 179 1525 ui.

282 391 382 422 stitiae
414 392 630 422 contrariatur.
655 409 676 415 ·-
700 391 757 421 Vel
791 400 871 441 quae
903 389 946 419 sic
978 387 1184 418 contrarietur
1214 387 1348 417 liberali—

282 435 337 466 tati
369 437 458 476 quod
488 435 585 466 finem
614 435 764 466 ultimum
791 435 823 464 in
848 433 1000 473 pecuniae
1023 433 1113 462 lucro
1144 438 1252 470 ponat.
1286 431 1347 461 Sed

282 487 405 511 constat
434 481 522 521 quod
546 481 623 516 hoc,
653 489 727 510 cum
755 479 794 508 ad
824 477 1005 508 interiorem
1034 475 1181 505 affectum
1209 475 1347 506 ludentis

281 531 408 565 spectet,
435 535 500 554 non
524 530 650 574 oportet
674 522 887 553 universaliter
911 530 976 550 esse
1000 529 1128 550 verum:
1154 529 1212 549 nec
1235 529 1292 560 per
1315 529 1348 550 se
1373 529 1375 545 1
1481 565 1490 594 1
1533 565 1540 571 ι

1373 598 1375 602 ,
1402 575 1456 595 cae
1494 575 1569 606 egis.

281 569 416 609 pertinet
439 569 478 598 ad
501 568 656 599 rationem
679 566 756 596 ludi.

336 613 376 643 Et
408 619 588 663 propterea,
619 611 742 640 exclusa
766 616 898 649 utraque
924 607 1051 638 mortali
1076 607 1203 638 avaritia
1227 618 1244 637 a
1267 607 1346 638 ludo

280 658 322 687 ob
347 657 516 692 avaritiam,
542 655 682 695 sequitur
706 653 794 693 quod
816 663 880 682 non
898 660 944 682 est
967 652 1143 682 secundum
1161 662 1193 682 se
1214 652 1348 682 mortale

279 708 445 741 peccatum
467 701 576 730 ludere
597 697 808 737 principaliter
824 697 865 726 ob
882 696 1089 746 cupiditatem
1105 696 1196 728 lucri.
1220 696 1281 727 Sed
1301 704 1348 727 est

280 753 444 785 peccatum
468 753 562 783 grave
586 753 620 772 ac
645 749 745 781 turpe.
771 741 854 771 Nam
878 750 915 770 ex
934 740 1002 780 ipsa
1018 741 1189 780 cupiditate
1214 741 1292 771 lucri
1312 750 1349 771 ex

278 789 456 819 inordinata
473 788 531 823 via,
548 794 713 837 peccatum
730 792 775 815 est
790 795 856 815 non
874 795 1018 824 parvum.
1044 785 1091 815 Ex
1109 795 1147 815 eo
1164 795 1238 815 vero
1258 785 1347 826 quod

280 835 378 863 homo
402 843 419 862 a
443 831 571 862 rationis
596 829 759 866 industria,
784 839 847 870 qua
870 829 1004 869 pecunia
1021 830 1236 870 comparanda
1252 837 1299 860 est
1318 836 1348 860 et

279 876 502 911 conservanda,
527 886 559 905 se
583 874 697 910 deiicit,
716 881 747 904 et
766 874 898 904 fortuito
916 874 1043 904 eventui
1061 873 1347 909 conservationem,

278 921 487 961 perditionem
511 927 541 949 et
565 918 807 959 acquisitionem
832 918 984 958 pecuniae
1001 918 1168 954 submittit,
1186 918 1287 958 turpis
1304 918 1348 948 ef-

277 965 394 995 ficitur:
419 971 449 994 et
468 971 556 994 tanto
572 963 705 1002 turpior,
729 970 851 1003 quanto
871 963 910 993 ab
929 962 978 992 his
998 963 1111 993 lucrari
1126 963 1262 993 intendit
1277 962 1348 1003 qui-

277 1011 335 1039 bus
366 1008 629 1038 benefaciendum
654 1015 717 1043 est,
743 1007 861 1038 scilicet
883 1007 1007 1043 amicis,
1033 1014 1068 1037 ut
1091 1007 1277 1038 Aristoteles
1301 1007 1347 1037 di-

276 1054 319 1084 xit
334 1053 360 1083 *.
386 1053 426 1083 Et
449 1060 616 1093 propterea
632 1057 726 1092 turpe
746 1053 872 1082 lucrum
890 1052 1068 1092 appellatur
1090 1052 1180 1092 quod
1203 1051 1282 1082 ludo
1299 1061 1347 1082 αε-

277 1098 422 1138 quiritur.

331 1141 439 1173 Simile
463 1147 571 1171 autem
594 1140 750 1171 iudicium
773 1147 820 1170 est
844 1141 882 1171 de
905 1140 1025 1171 vocatis
1049 1142 1236 1178 commissis,
1262 1140 1347 1170 vide-

274 1187 347 1217 licet
370 1196 444 1216 cum
468 1185 566 1226 aliqui
590 1185 787 1225 disputantes
807 1185 845 1215 de
862 1185 971 1226 aliquo
988 1192 1103 1216 eventu
1121 1184 1240 1221 futuro,
1260 1194 1347 1215 com-

275 1231 406 1261 mittunt
429 1240 501 1260 suas
525 1230 686 1270 pecunias,
711 1237 755 1266 ut,
774 1229 799 1259 si
819 1230 957 1260 evenerit
982 1240 1053 1270 pars
1078 1229 1273 1265 affirmativa,
1299 1229 1346 1259 lu-

275 1282 378 1306 cretur
402 1275 498 1311 mille,
519 1275 545 1304 si
569 1275 722 1314 negativa,
748 1275 858 1314 perdat
881 1274 1016 1305 totidem
1039 1275 1090 1304 vel
1113 1274 1232 1311 minus,
1251 1281 1349 1314 prout

275 1330 345 1360 spes
369 1319 471 1349 maior
494 1329 552 1359 pro
577 1320 672 1350 altera
702 1326 788 1359 parte
813 1325 869 1349 est.
905 1319 1097 1349 Detestanda
1127 1319 1248 1360 quippe
1273 1325 1348 1349 sunt

274 1364 477 1394 huiusmodi:
503 1363 648 1394 mortalia
667 1370 773 1394 tamen
790 1370 918 1403 peccata
933 1363 1111 1394 secundum
1129 1374 1161 1394 se
1178 1374 1244 1394 non
1261 1370 1346 1394 sunt.

330 1409 370 1439 Et
394 1409 470 1439 haec
494 1408 629 1438 dicimus
649 1408 762 1438 stando
782 1407 863 1438 infra
883 1408 1019 1438 morales
1041 1408 1179 1438 limites:
1204 1408 1266 1438 hoc
1291 1414 1346 1444 est,

275 1453 403 1483 seclusis
425 1453 558 1493 legibuS,
575 1459 606 1483 et
629 1452 803 1488 fraudibus,
829 1459 859 1483 et
887 1451 955 1482 aliis
978 1452 1068 1483 malis
1093 1452 1347 1484 circumstantiis.

327 1498 379 1527 Vl.
396 1498 445 1527 Ad
457 1498 587 1528 dubium
601 1498 731 1527 tertium
743 1498 759 1515 '¹‘
777 1497 891 1527 dicitur
903 1497 993 1537 quod
1006 1497 1045 1527 ad
1058 1507 1188 1528 causam
1200 1497 1232 1528 in
1245 1497 1348 1528 littera

275 1542 401 1573 allatam
422 1543 617 1573 reducuntur
633 1541 781 1573 omnium
801 1541 1111 1572 circumstantiarum
1127 1542 1348 1582 corruptiones

275 1597 330 1627 per
353 1597 385 1617 se
409 1587 449 1617 ad
472 1587 587 1617 ludum
611 1587 818 1626 pertinentes:
844 1596 919 1616 nam
939 1586 999 1616 nisi
1014 1596 1051 1617 ex
1067 1586 1179 1617 affectu
1196 1586 1274 1623 ludi,
1293 1587 1347 1617 sed

275 1631 402 1662 aliunde
426 1631 624 1672 proveniant,
649 1641 704 1671 per
723 1631 867 1662 accidens
891 1631 931 1661 ad
946 1631 1015 1661 ludi
1031 1638 1197 1672 peccatum
1215 1641 1348 1662 concur-

273 1683 351 1711 rent,
377 1683 412 1706 ut
436 1676 474 1706 de
498 1686 530 1706 se
556 1682 649 1716 patet.
676 1676 722 1706 Ex
742 1675 853 1706 affectu
879 1682 986 1706 autem
1010 1676 1088 1712 Iudi,
1106 1675 1164 1706 nisi
1183 1676 1222 1706 sit
1241 1682 1348 1707 tantus
1373 1690 1375 1701 ι

274 1721 362 1761 quod
387 1721 481 1751 ducat
504 1721 536 1750 in
561 1727 783 1760 contemptum
808 1730 992 1761 expressum
1008 1721 1058 1750 vel
1074 1720 1346 1760 interpretativum

275 1765 344 1801 Dei,
369 1772 423 1796 aut
445 1766 523 1805 legis
547 1765 717 1796 canonicae
741 1765 791 1795 vel
814 1765 923 1801 civilis,
949 1765 1037 1795 nulla
1060 1772 1191 1805 apparet
1214 1765 1348 1795 circum-

275 1810 406 1840 stantiae
430 1810 572 1840 mortalis
596 1809 795 1840 deformitas:
827 1810 984 1851 quoniam
1015 1809 1121 1839 omnis
1150 1809 1220 1840 talis
1244 1809 1348 1840 defor-

275 1854 367 1885 mitas
390 1855 430 1884 ad
454 1854 572 1895 aliquid
597 1854 756 1885 dictorum
776 1862 904 1895 spectat.
931 1854 1085 1886 Continet
1101 1864 1176 1894 ergo
1192 1854 1348 1894 assignata

275 1899 307 1929 in
331 1899 432 1930 littera
456 1909 550 1930 causa
574 1899 722 1929 omnium
743 1899 1049 1930 circumstantiarum
1074 1899 1225 1929 maculas.

330 1944 381 1974 Ad
403 1944 542 1983 singulas
559 1951 666 1974 autem
683 1943 877 1974 obiectiones
898 1943 1106 1980 deveniendo,
1125 1943 1240 1974 dicitur
1258 1942 1348 1984 quod

275 1989 308 2018 in
332 1989 405 2019 loco
430 1998 517 2019 sacro
541 1988 638 2019 iocari
662 1988 803 2029 quidem,
827 1988 901 2019 licet
918 1998 983 2018 non
1001 1989 1118 2024 deceat,
1143 1988 1219 2029 quia
1241 1995 1348 2018 tamen

277 2034 338 2064 hoc
361 2043 426 2063 non
443 2033 518 2064 dicit
541 2033 715 2064 notabilem
731 2033 879 2063 iniuriam
895 2032 957 2063 loci
974 2032 1063 2068 sacri,
1080 2040 1247 2072 peccatum
1265 2041 1348 2062 mor-

276 2078 338 2108 tale
363 2088 428 2108 non
452 2085 498 2108 est
522 2078 699 2108 secundum
723 2088 765 2108 se.
790 2095 811 2101 -
836 2078 960 2108 Ludere
984 2084 1092 2108 autem
1120 2087 1158 2108 ex
1181 2087 1276 2108 causa
1300 2087 1348 2107 ra-

276 2122 437 2159 tionabili,
462 2129 540 2163 puta
568 2122 592 2152 si
619 2122 724 2162 aliqua
749 2122 932 2153 necessitate
961 2121 1125 2152 infirmum
1155 2122 1197 2152 ibi
1222 2128 1350 2162 oportet

276 2167 385 2197 ludere
410 2174 445 2198 ut
469 2177 534 2197 non
559 2167 707 2204 dormiat,
728 2167 855 2197 nullum
880 2174 1047 2207 peccatum
1062 2173 1117 2196 est.
1143 2167 1183 2196 Et
1202 2165 1288 2196 idem
1304 2166 1348 2196 vi—

278 2212 369 2242 detur
393 2221 484 2247 cum,
509 2219 653 2251 tempore
677 2211 766 2247 belli,
793 2211 890 2242 clausi
915 2219 988 2242 sunt
1012 2210 1120 2241 fideles
1145 2210 1176 2240 in
1201 2210 1348 2246 ecclesia,

278 2263 308 2286 et
331 2256 399 2286 sani
423 2262 515 2295 egent
538 2256 723 2286 excussione
748 2255 805 2286 otii
829 2262 884 2286 aut
912 2255 1018 2285 somni
1049 2265 1105 2295 per
1127 2255 1268 2295 aliquem
1291 2255 1349 2285 ho-

279 2307 405 2330 nestum
428 2300 560 2330 ludum:
585 2300 750 2340 quoniam,
775 2309 927 2330 concesso
952 2299 1127 2340 principali,
1147 2299 1209 2330 hoc
1225 2306 1272 2330 est
1295 2299 1351 2330 ha·

279 2344 431 2375 bitatione
455 2350 531 2375 tunc
553 2344 586 2374 in
610 2345 683 2375 Ioco
700 2354 799 2380 sacro,
817 2354 965 2374 concessa
982 2353 1113 2384 quoque
1129 2343 1351 2385 intelliguntur

279 2389 451 2419 accessoria
474 2389 617 2419 honesta.
642 2406 663 2411 -
687 2388 761 2419 Sine
785 2388 962 2419 rationabili
987 2395 1094 2418 autem
1119 2398 1222 2424 causa,
1247 2398 1284 2418 ex
1306 2388 1349 2418 le-

279 2434 374 2464 vitate
398 2433 513 2469 animi,
539 2433 647 2463 ludere
675 2433 707 2463 in
731 2433 804 2463 Ioco
830 2443 935 2469 sacro,
960 2432 992 2462 in
1021 2432 1069 2462 his
1092 2432 1175 2463 ludis
1205 2432 1260 2473 qui
1285 2442 1350 2463 non

279 2484 354 2508 sunt
377 2477 553 2518 specialiter
576 2477 737 2518 prohibiti,
762 2483 793 2507 et
816 2477 882 2507 sine
907 2477 1067 2513 scandalo,
1092 2484 1122 2508 et
1145 2477 1212 2507 sine
1229 2477 1350 2507 actibus

279 2522 491 2553 indecentiam
523 2523 596 2552 loco
627 2521 833 2552 facientibus:
866 2522 988 2552 veniale
1016 2522 1140 2552 videtur
1173 2522 1350 2552 secundum

279 2567 427 2597 Auctoris
451 2566 501 2597 hic
525 2566 712 2602 doctrinam,
738 2566 894 2606 quoniam
917 2566 1037 2596 nullius
1053 2566 1129 2606 Iegis
1147 2573 1350 2606 contemptus
1377 2571 1378 2609 ξ

280 2611 330 2642 hic
353 2611 530 2642 intervenit.
554 2611 651 2642 Secus
675 2611 706 2641 in
727 2611 903 2651 specialiter
927 2610 1102 2651 prohibitis,
1129 2617 1163 2641 ut
1187 2618 1261 2641 sunt
1283 2611 1378 2641 ludi

922 310 1188 358 QUAESTIO
1219 310 1427 356 CLXVIII,
1457 310 1755 347 ARTICULUS
1787 310 1837 347 IV

1402 387 1525 425 clerico,
1541 395 1576 418 ut
1592 398 1752 419 assumere
1770 399 1867 425 arma,
1881 389 1992 426 larvas,
2006 396 2037 420 et
2053 389 2249 421 huiusmodi.
2265 389 2360 420 Tunc
2377 389 2474 427 enim,

1401 432 1487 462 iuxta
1514 433 1653 472 speciem
1681 441 1712 464 et
1742 434 1986 473 repugnantiam
2010 441 2141 464 actuum
2164 442 2405 474 assumptorum
2435 434 2475 463 ad

1400 476 1526 513 ludum,
1551 477 1759 508 iudicandum
1783 485 1829 508 est
1853 478 1891 508 de
1915 478 2043 509 mortali
2067 485 2098 509 et
2120 478 2246 515 veniali,
2264 489 2304 509 an
2322 478 2476 509 inducant

1401 528 1625 561 contemptum
1648 522 1922 562 interpretativum
1942 523 2092 554 clericalis
2112 523 2272 563 dignitatis
2296 529 2327 553 et
2346 522 2475 554 canoni-

1458 609 1504 639 De
1536 610 1690 650 temporis
1722 617 1830 641 autem
1860 611 2114 649 circumstantia,
2139 621 2252 642 verum
2276 617 2322 642 est
2349 610 2476 642 illicitos

1402 660 1533 693 propter
1556 661 1684 694 tempus
1708 664 1775 685 esse
1799 654 1894 685 ludos
1913 655 2104 692 laboriosos,
2120 663 2175 686 aut
2191 655 2282 697 quasi
2298 655 2398 686 totius
2414 654 2475 685 diei

1402 698 1655 738 consumptivos,
1672 699 1767 728 etiam
1785 709 1850 729 non
1868 700 1986 730 omissa
2002 700 2112 731 missa:
2138 701 2242 731 multo
2259 699 2360 740 magis
2377 709 2476 740 quam

1401 742 1484 772 bella
1510 741 1610 779 iusta,
1635 742 1703 772 sine
1726 743 1931 780 necessitate,
1956 744 2064 775 illicita
2087 752 2162 776 sunt
2184 745 2216 775 in
2241 745 2353 775 diebus
2377 743 2475 775 festis.

1402 786 1535 816 Mortale
1560 796 1665 818 tamen
1683 794 1850 826 peccatum
1866 787 1898 817 in
1915 788 2103 819 huiusmodi
2119 789 2203 819 ludis
2220 799 2286 820 non
2303 796 2358 820 est.
2384 789 2475 825 Quo-

1401 830 1487 860 niam
1518 831 1642 861 labores
1671 831 1783 861 ludicri
1808 841 1875 861 non
1899 832 2044 868 serviles,
2070 833 2125 863 sed
2152 833 2294 864 liberales
2318 840 2403 863 sunt.
2435 833 2477 863 Et

1401 875 1607 915 consumptio
1633 874 1713 911 festi,
1739 885 1805 904 non
1825 875 1952 906 omissis
1973 855 2097 912 divi’nis,
2114 877 2146 907 in
2163 878 2263 914 vanis,
2281 888 2347 908 non
2364 884 2476 908 contra

1402 919 1456 949 sed
1480 926 1605 958 praeter
1628 926 1834 959 praeceptum
1858 919 2013 951 festorum
2038 927 2095 951 est.

1457 963 1505 993 De
1529 963 1681 1004 qualitate
1698 964 1830 994 demum
1846 964 1926 1001 ludi,
1951 964 2118 995 sciendum
2141 972 2188 996 est
2210 966 2300 1006 quod
2323 939 2410 996 aliud
2429 972 2476 996 est

1401 1007 1493 1048 loqui
1517 1009 1556 1038 de
1579 1008 1659 1039 ludo
1684 1015 1719 1038 ut
1741 1008 1838 1039 ludus
1863 1016 1927 1039 est:
1959 1016 1990 1040 et
2013 1009 2100 1039 aliud
2124 1009 2164 1040 de
2187 1009 2266 1040 ludo
2297 1010 2476 1041 secundum

1400 1051 1486 1082 illius
1515 1053 1663 1083 abusum.
1688 1053 1770 1083 Nam
1786 1053 1883 1083 ludus
1906 1060 2064 1094 quatenus
2079 1053 2176 1084 ludus
2197 1060 2253 1090 est,
2269 1064 2307 1084 ex
2330 1054 2405 1091 fine,
2420 1054 2477 1095 qui

1402 1103 1448 1127 est
1471 1097 1639 1128 delectatio
1664 1097 1819 1134 animalis,
1844 1107 1927 1138 quae
1951 1097 1984 1128 in
2019 1098 2126 1138 quiete
2152 1098 2347 1129 rationabilis
2367 1105 2476 1129 motus

1402 1141 1556 1178 consistit,
1582 1142 1764 1182 pensandus
1788 1149 1850 1172 est:
1874 1142 1917 1173 ita
1941 1142 2031 1184 quod
2054 1149 2144 1173 tanto
2160 1142 2275 1173 melior
2298 1149 2346 1173 est
2366 1142 2475 1179 ludus,

1400 1192 1522 1226 quanto
1545 1185 1602 1216 fini
1626 1186 1867 1217 convenientior
1889 1187 1998 1227 regula
2014 1187 2145 1217 rationis
2164 1194 2295 1218 servata.
2320 1187 2406 1224 Quia
2427 1186 2476 1218 lu-

1400 1230 1470 1266 dus,
1495 1238 1618 1271 quanto
1642 1231 1742 1271 magis
1767 1230 1913 1262 fortunae
1938 1231 2131 1262 commissus
2155 1238 2216 1268 est,
2241 1238 2341 1268 tanto,
2367 1231 2476 1262 ceteris

1400 1274 1541 1315 paribus,
1558 1276 1833 1306 accommodatior
1848 1282 1895 1306 est
1910 1275 2010 1317 quieti
2027 1276 2171 1307 rationis:
2189 1283 2221 1307 et
2236 1283 2360 1317 quanto
2375 1275 2477 1316 magis

1399 1319 1625 1356 industriosus‚
1649 1327 1739 1351 tanto
1763 1320 1871 1350 minus
1895 1320 1995 1362 quieti
2012 1320 2143 1351 rationis
2167 1330 2386 1362 sensuumque
2401 1330 2476 1351 con-

1400 1364 1496 1395 venit.
1522 1365 1608 1401 Ideo,
1632 1365 1777 1395 absolute
1793 1365 1969 1405 loquendo,
1993 1365 2090 1396 ludus
2106 1365 2295 1396 scachorum
2318 1364 2477 1406 pessimus

1401 1415 1448 1439 est
1471 1409 1503 1439 in
1528 1409 1639 1439 ordine
1667 1410 1707 1440 ad
1731 1409 1899 1450 proprium
1923 1409 2021 1440 finem
2044 1409 2130 1440 ludi:
2163 1410 2311 1451 quamvis
2333 1409 2478 1450 optimus

1400 1453 1440 1484 sit
1464 1454 1503 1484 ad
1527 1453 1705 1494 fugandum
1739 1454 1843 1484 otium
1867 1454 1917 1484 vel
1946 1464 2117 1490 somnum,
2143 1461 2274 1495 propter
2303 1453 2477 1485 industriae

1401 1497 1597 1538 diligentiam
1622 1508 1772 1538 magnam
1795 1499 1829 1529 in
1853 1508 1891 1529 eo
1916 1498 2111 1540 requisitam.
2143 1499 2184 1529 Et
2208 1508 2264 1539 per
2287 1498 2478 1539 oppositum

1400 1542 1497 1573 ludus
1526 1544 1685 1579 alearum,
1710 1543 1772 1574 hoc
1796 1550 1852 1578 est,
1879 1543 2045 1580 fortuitus,
2071 1543 2209 1574 maxime
2233 1543 2383 1574 convenit
2409 1542 2477 1574 fini.

1458 1588 1520 1618 Sed
1543 1588 1701 1628 quoniam
1724 1588 1843 1618 abusus
1866 1588 1935 1619 ludi
1966 1588 2005 1618 ad
2029 1588 2194 1619 avaritiam
2217 1587 2309 1619 freno
2333 1594 2420 1628 eget,
2446 1594 2477 1618 et

1401 1632 1510 1672 legum
1536 1640 1582 1663 est
1614 1632 1673 1663 hos
1701 1639 1810 1663 motus
1841 1641 2063 1675 compescere;
2096 1633 2169 1663 ideo
2199 1633 2295 1664 ludos
2327 1631 2478 1663 fortuitos

1400 1676 1485 1717 leges
1505 1677 1692 1717 prohibent,
1717 1676 1874 1718 quoniam
1889 1677 1966 1718 ipsis
1982 1677 2130 1708 homines
2147 1676 2285 1708 maxime
2301 1677 2478 1708 abutuntur

1401 1721 1441 1751 ad
1465 1721 1639 1752 avaritiam.
1669 1721 1844 1759 Quocirca,
1869 1721 1894 1751 si
1919 1731 1985 1752 non
2013 1721 2161 1752 avaritiae
2192 1731 2302 1757 causa,
2327 1721 2381 1752 sed
2404 1730 2478 1752 vere

1401 1765 1602 1796 recreationis
1626 1776 1730 1802 causa,
1747 1766 1875 1796 ludatur
1891 1766 1931 1797 ad
1947 1766 2060 1802 aleam,
2078 1773 2109 1797 et
2124 1766 2192 1797 sine
2207 1765 2375 1797 scandalo:
2398 1765 2478 1805 legis

1374 1841 1375 1846 ,
1401 1810 1480 1840 ratio
1498 1817 1598 1841 cessat
1617 1810 1841 1842 communiter.
1866 1810 1907 1842 Et
1929 1818 2098 1851 propterea
2120 1810 2192 1841 laici
2216 1810 2272 1851 qui
2289 1810 2334 1841 sic
2347 1810 2476 1846 ludunt,

1402 1854 1456 1885 ubi
1481 1854 1564 1885 civili
1587 1855 1656 1894 lege
1680 1854 1917 1895 permittuntur,
1942 1862 1974 1885 et
1996 1854 2150 1886 canonica
2172 1864 2341 1896 nunquam
2361 1853 2477 1885 servari

1401 1898 1467 1929 visa
1490 1907 1553 1935 est,
1579 1906 1777 1930 excusantur.
1801 1916 1823 1922 -
1847 1898 1962 1930 Clerici
1987 1906 2110 1935 autem,
2136 1899 2217 1930 ultra
2240 1899 2313 1935 hoc,
2338 1898 2479 1930 scandali

1402 1943 1558 1974 rationem
1582 1943 1696 1974 habere
1720 1950 1878 1980 tenentur,
1902 1943 1992 1984 quod
2016 1953 2053 1974 ex
2076 1953 2191 1974 eorum
2206 1943 2285 1974 ludo
2309 1942 2395 1974 nasci
2418 1952 2478 1984 po-

1401 1995 1471 2019 test.
1497 1989 1538 2019 Et
1561 1988 1634 2019 ideo
1652 1988 1717 2024 ubi,
1741 1996 1886 2028 tempore
1911 1987 2017 2028 pestis,
2043 1994 2098 2018 aut
2121 1987 2327 2028 aegritudinis
2342 1986 2478 2023 ratione,

1401 2032 1504 2063 clerici
1528 2032 1613 2063 soliti
1638 2040 1713 2063 sunt
1736 2032 1803 2063 sine
1827 2032 1978 2063 scandalo
2001 2032 2122 2068 ludere,
2143 2031 2345 2063 recreationis
2367 2031 2478 2072 gratia,

1401 2078 1441 2107 ad
1465 2077 1586 2108 chartas
1610 2078 1661 2108 vel
1684 2077 1814 2108 tabellas
1838 2087 1914 2108 cum
1937 2076 2030 2113 aleis,
2054 2077 2182 2108 nullum
2206 2086 2244 2108 ex
2266 2077 2330 2107 hoc
2357 2076 2479 2107 crimen

1401 2121 1613 2153 incurrerent:
1638 2121 1794 2163 quoniam
1817 2129 1902 2153 extra
1927 2131 2037 2152 casum
2052 2129 2082 2152 et
2099 2121 2256 2152 rationem
2279 2120 2478 2162 prohibentis

1402 2166 1479 2206 legis
1503 2175 1633 2202 sumus;
1663 2173 1694 2197 et
1721 2166 1753 2196 in
1782 2166 1830 2197 his
1861 2176 1944 2207 quae
1968 2166 2076 2197 solum
2100 2173 2174 2197 sunt
2198 2165 2283 2197 mala
2305 2165 2381 2207 quia
2404 2174 2479 2206 pro·

1374 2221 1376 2230 ¹
1402 2211 1501 2241 hibita
1522 2217 1652 2251 propter
1669 2211 1816 2247 abusum,
1834 2211 2035 2242 consuetudo
2053 2217 2190 2242 excusat.
2214 2228 2236 2234 -
2259 2209 2330 2241 Dici
2345 2218 2479 2251 quoque

1403 2261 1508 2296 potest
1531 2255 1630 2295 quod,
1647 2255 1723 2295 quia
1739 2265 1841 2285 canon
1857 2255 1910 2285 ille
1934 2256 2043 2296 quoad
2066 2255 2164 2286 laicos
2181 2254 2396 2286 communiter
2411 2263 2478 2286 non

1403 2306 1560 2335 servatur,
1585 2309 1642 2329 nec
1667 2309 1811 2339 unquam
1835 2298 2001 2330 Pontificia
2029 2299 2216 2330 auctoritate
2238 2306 2410 2331 renovatus
2432 2298 2479 2329 vi-

1403 2344 1504 2379 detur,
1529 2344 1698 2383 abrogatus
1723 2343 1762 2374 sit
1786 2353 1822 2374 ex
1846 2353 2000 2374 non—usu.
2026 2343 2141 2375 Clerici
2168 2354 2254 2380 vero,
2279 2345 2305 2375 si
2329 2353 2401 2374 vere
2425 2343 2479 2375 de-

1403 2388 1554 2418 servirent
1578 2387 1677 2423 aleae,
1702 2387 1766 2418 iam
1791 2395 2028 2428 contemptores
2053 2395 2157 2419 essent
2179 2388 2276 2428 legis,
2302 2398 2402 2429 quam
2425 2388 2479 2419 ab—

1403 2440 1546 2473 rogatam
1575 2432 1683 2473 quoad
1708 2442 1740 2462 se
1765 2442 1830 2463 non
1859 2439 1989 2472 putant,
2015 2433 2068 2463 sed
2101 2432 2210 2473 potius
2239 2438 2423 2463 renovatam
2448 2438 2480 2463 et

1404 2483 1565 2507 extensam
1589 2477 1621 2506 in
1646 2487 1714 2516 cap.
1734 2476 1854 2507 Clerici
1876 2476 1998 2518 officia,
2025 2477 2129 2514 Extra,
2153 2477 2193 2508 de
2221 2477 2290 2508 Vita
2314 2482 2345 2508 et
2366 2476 2478 2508 Hane·

1403 2526 1486 2552 state
1512 2521 1722 2552 Clericorum.

1460 2566 1589 2596 vn.1n
1620 2566 1735 2596 eodem
1766 2565 1918 2602 articulo,
1943 2565 1975 2595 in
2005 2565 2213 2605 responsione
2244 2565 2284 2595 ad
2309 2565 2478 2602 ultimum,

1403 2610 1529 2641 adverte
1553 2610 1636 2640 duos
1660 2620 1751 2640 casus
1778 2610 1895 2650 quibus
1920 2610 1993 2640 dare
2018 2610 2226 2641 histrionibus
2250 2616 2297 2640 est
2319 2609 2479 2642 illicitum.

279 2656 444 2686 theatrales
469 2662 499 2686 et
522 2655 657 2686 similes.
682 2655 714 2685 in
731 2655 849 2695 quibus
866 2662 1079 2706 contemptus.
1096 2655 1350 2695 interpretativus
1377 2641 1378 2691 l
1404 2654 1537 2690 Scilicet,
1558 2655 1608 2685 vel
1620 2662 1757 2705 Ηρτορῐεῐ
1774 2654 2040 2695 superfluitatem:
2070 2661 2100 2685 et
2124 2654 2186 2685 hoc
2202 2661 2323 2694 spectat
2344 2654 2384 2691 ad
2404 2664 2479 2695 pro-

1377 2699 1378 2728 ἰ
1404 2699 1571 2739 digalitatis
1599 2699 1723 2730 vitium.
1757 2699 1815 2729 Vel
1847 2706 1977 2740 propter
2007 2698 2209 2740 iniquitatem
2237 2699 2323 2729 ludi.
2354 2705 2386 2730 et
2416 2698 2480 2730 hoc

335 2745 382 2775 De
414 2744 647 2775 circumstantia
676 2752 783 2775 autem
814 2754 983 2785 personae,
1009 2744 1121 2774 eadem
1149 2743 1351 2774 distinctione
1377 2741 1379 2766 ⁵
1405 2750 1524 2783 spectat
1552 2743 1591 2774 ad
1615 2743 1700 2774 idem
1725 2743 1837 2774 vitium
1869 2744 1907 2774 ad
1932 2744 2021 2784 quod
2044 2743 2140 2774 ludus
2164 2743 2216 2774 ille
2240 2749 2378 2784 spectat,
2404 2753 2479 2774 cum

280 2701 401 2736 saltem,
426 2700 502 2739 legis
526 2700 697 2730 canonicae
721 2700 791 2740 ipso
816 2699 899 2730 faCtO
923 2700 1110 2730 intervenire
1134 2700 1268 2730 Videtur·

280 2789 436 2820 utendum
460 2796 515 2819 est.
551 2789 648 2826 Quod
673 2789 804 2824 scilicet,
830 2788 1009 2819 rationabili
1033 2788 1222 2819 subsistente
1246 2798 1350 2823 causa,

1377 2776 1379 2812 ⁴³
1405 2788 1529 2819 actione
1553 2798 1636 2829 quae
1659 2789 1698 2818 ad
1723 2788 1838 2819 ludum
1861 2788 2049 2824 assumitur;
2075 2788 2241 2829 quoniam,
2268 2794 2303 2819 ut
2325 2787 2357 2818 in
2377 2787 2480 2819 littera

279 2834 375 2865 etiam
399 2834 438 2864 ad
461 2834 544 2864 aleas
567 2834 676 2864 ludere
701 2841 804 2874 potest
828 2834 969 2869 clericus,
996 2833 1062 2863 sine
1083 2833 1248 2863 scandalo:
1274 2839 1379 2882 puta
1405 2833 1536 2868 dicitur,
1562 2840 1670 2872 peccat
1698 2840 1734 2863 ut
1765 2832 1877 2863 fovens
1906 2833 2093 2863 histrionem
2124 2832 2156 2863 in
2185 2832 2239 2863 tali
2265 2831 2405 2863 crimine.
2438 2832 2480 2863 Et

279 2879 304 2908 si
328 2877 473 2908 infirmus
497 2888 561 2908 non
587 2885 692 2918 potest
715 2878 774 2908 alia
798 2878 847 2908 via
872 2889 889 2908 a
913 2888 1029 2908 somno
1054 2877 1161 2908 averti.
1186 2895 1206 2900 -
1231 2878 1278 2908 Ex
1308 2877 1350 2908 le-

280 2923 374 2953 vitate
398 2930 516 2959 autem,
542 2930 571 2953 et
595 2923 662 2953 sine
685 2923 845 2958 scandalo,
871 2923 980 2953 ludere
1004 2922 1122 2953 clericis
1146 2922 1269 2952 veniale
1289 2929 1350 2952 est:

1405 2884 1573 2917 propterea
1606 2877 1691 2908 iuxta
1724 2887 1887 2908 excessum
1920 2877 1953 2908 in
1978 2877 2102 2918 primo,
2127 2884 2158 2908 et
2180 2877 2266 2908 iuxta
2292 2876 2479 2917 qualitatem

1378 2922 1524 2967 peccati
1557 2921 1588 2951 in
1620 2922 1782 2958 secundo,
1814 2922 1945 2952 iudicari
1976 2922 2069 2952 debet
2102 2921 2232 2963 quando
2263 2921 2398 2951 mortale
2428 2921 2479 2952 vel

281 2967 339 2998 nisi
368 2977 404 2998 ex
431 2974 543 2998 natura
574 2975 661 2998 actus
692 2967 747 3008 qui
780 2967 952 2998 assumitur
978 2968 1010 2997 in
1042 2967 1173 3003 ludum,
1198 2973 1353 3006 repugnet
1378 2969 1380 2984 ³
1405 2966 1537 3002 veniale,
1562 2974 1592 2997 et
1615 2967 1746 3008 quando
1770 2966 1895 3007 gravius
1920 2974 1951 2998 et
1973 2966 2104 3008 quando
2129 2965 2235 2996 minus
2258 2975 2352 3005 grave
2376 2972 2431 2996 est.

1069 3113 1389 3156 ARTICULUS
1419 3112 1694 3164 QUARTUS

714 3207 869 3238 UTRUM
894 3207 936 3238 IN
961 3206 1166 3238 DEFECTU
1191 3207 1292 3238 LUDI
1318 3206 1562 3238 CONSISTAT
1586 3206 1783 3245 ALIQUOD
1807 3206 2047 3238 PECCATUM

1227 3287 1260 3311 IV
1282 3286 1383 3315 Ethic„
1403 3287 1460 3312 lect.
1480 3294 1530 3312 xv1.

439 3407 448 3414 ,
470 3391 471 3394 =
498 3379 519 3403 n
541 3378 713 3409 QUARTUM
734 3378 787 3403 εις
808 3377 1048 3403 PROCEDITUR.
1070 3366 1229 3402 Videtur
1248 3369 1382 3423 quod
1379 3365 1382 3397 1
1410 3365 1458 3402 cit
1476 3365 1507 3406 ⁸¹⁸,
1539 3365 1586 3402 de
1615 3364 1834 3414 poenitente
1863 3364 2046 3411 loquens:
2072 3365 2253 3402 Cohibeat
2267 3377 2308 3402 se
2326 3377 2350 3402 a
2371 3366 2517 3412 ludis,·
2504 3402 2531 3422 e

338 3426 345 3470 ζ
407 3402 463 3434 ''⁴“
500 3420 535 3456 in
575 3420 722 3456 defectu
759 3420 836 3456 ludi
875 3431 952 3456 non
991 3419 1171 3455 consistat
1199 3418 1353 3478 aliquod

444 3472 454 3481 '¹
501 3481 712 3520 peccatum.
747 3473 907 3509 Nullum
939 3472 1041 3508 enim
1071 3480 1271 3520 peccatum
1301 3472 1355 3508 in-

459 3514 489 3554 &
502 3525 635 3562 dicitur
656 3530 673 3546 ⁸
701 3525 920 3573 poenitenti.
952 3526 1028 3562 Sed
1049 3525 1281 3573 Augustinus
1301 3525 1355 3562 di-

342 3639 369 3672 α)
389 3639 526 3664 indicitur.
538 3652 558 3658 —
576 3638 715 3663 inducitur
733 3638 774 3668 D1,
795 3638 966 3663 interdicitur
985 3639 1041 3663 PsA
1061 3643 1086 3663 et
1103 3646 1129 3664 a.

2534 3373 2582 3396 m.
2603 3371 2634 3397 de
2660 3373 2720 3397 Vera

2538 3399 2613 3423 Fatua
2619 3400 2720 3429 Mt„

1409 3430 1432 3455 a
1460 3418 1678 3467 spectaculis
1697 3415 1712 3446 β
1738 3417 1890 3463 saeculi,
1920 3417 1987 3465 qui
2009 3419 2217 3466 perfectam
2245 3419 2326 3456 vult
2351 3430 2478 3456 conse·
2505 3432 2556 3456 env-
2575 3433 2613 3450 xv
2628 3417 2722 3451 ln-t«

1410 3471 1476 3520 qui
1492 3470 1721 3508 remissionis
1738 3471 1919 3520 gratiam.
1951 3471 2081 3519 Ergo
2074 3484 2112 3508 in
2132 3472 2283 3509 defectu
2302 3472 2379 3510 ludi
2400 3484 2478 3511 non

1411 3531 1466 3561 est
1494 3523 1649 3572 aliquod
1678 3531 1891 3572 peccatum.

1462 3636 1487 3670 β)
1508 3645 1525 3662 a
1543 3637 1708 3670 spectaculis.
1720 3651 1739 3657 -
1757 3639 1925 3671 aspectabilis
1944 3639 2065 3670 ABEFL,
2085 3642 2111 3665 et
2129 3646 2148 3664 a
2164 3639 2323 3672 spectaculis
2340 3640 2397 3665 ΒΗ.

2505 3453 2561 3482 Op

2563 3439 2646 3482 ·Α118-·

2604 3481 2621 3517 β
