2768 4198
900 276 1167 322 QUAESTIO
1199 276 1411 323 CLXXXI,
1441 275 1738 312 ARTICULUS
1768 276 1818 311 lII
2370 275 2447 322 437

113 370 233 413 ‚giu-vm,
262 358 427 395 morales
455 356 725 406 specificantur
745 368 789 392 ex
809 355 898 401 fine,
919 362 961 391 ut
980 354 1128 403 supra'le
1155 354 1328 391 habitum
1354 354 1357 406 Ι
1384 355 1620 403 perientiam.
1664 355 1769 391 Tum
1805 362 1962 403 propter
1999 353 2136 390 mentis
2178 353 2448 391 attentionem:

20 366 28 375 .
47 364 111 386 ⁵11⁸·

77 398 100 418 4'
132 407 137 412 ⁴
263 418 328 448 est.
367 411 415 447 Et
449 410 536 447 ideo
565 410 616 446 ad
643 409 763 446 vitam
802 408 1139 456 contemplativam
1177 408 1238 444 illa
1267 421 1330 444 co·
1385 408 1484 456 quia,
1515 409 1580 445 ubi
1605 408 1823 454 intenderis,
1853 408 1906 445 ibi
1931 407 2126 458 ingenium
2154 407 2270 453 valet,
2300 415 2341 443 ut
2371 408 2450 444 Sal-

36 364 46 386 1

21 394 62 413 art.

261 464 378 512 gnitio
406 463 569 512 pertinet
597 474 695 511 quae
724 462 845 498 finem
874 461 990 498 habet
1018 461 1056 498 in
1085 461 1166 509 ipsa
1204 461 1329 509 cogni·
1385 461 1517 498 Iustius
1546 461 1633 498 dicit
1651 461 1682 498 ²¹³.

261 518 362 554 tione
390 516 578 554 veritatis:
613 514 778 562 cognitio
807 522 936 551 autem
965 515 1200 563 prudentiae,
1231 527 1330 563 quae
1437 516 1497 551 An
1525 526 1685 551 TERTlUM
1722 526 1908 551 DICENDUM
1941 513 2046 563 quod
2080 513 2282 563 prudentia
2316 513 2451 550 dicitur

262 570 383 618 magis
412 570 527 606 habet
563 569 682 605 finem
712 567 751 604 in
780 575 866 604 actu
905 568 1134 616 appetitivae
1162 567 1328 612 virtutis,
1385 580 1467 604 esse
1497 568 1625 604 media
1652 567 1748 604 inter
1775 567 1932 604 virtutes
1960 567 2230 604 intellectuales
2260 574 2296 603 et
2324 578 2451 603 mora-

261 623 424 671 pertinet
451 622 500 658 ad
527 621 648 658 vitam
677 621 857 658 activam.
1384 621 1437 657 les
1467 629 1653 669 quantum
1684 621 1732 657 ad
1759 621 1846 667 hoc,
1872 620 1978 669 quod
2005 620 2043 657 in
2072 620 2243 658 subiecto
2273 620 2451 657 convenit

314 677 373 712 An
402 686 593 712 SECUNDUM
631 686 817 711 DtCENDUM
846 674 951 722 quod
989 674 1191 723 occupatio
1230 682 1328 711 exte·
1385 686 1473 711 cum
1502 674 1702 711 virtutibus
1722 673 2046 721 intellectualibus,
2067 674 2104 711 in
2134 673 2293 710 materia
2321 680 2449 710 autern

116 736 133 763 't
261 727 336 764 rior
355 733 371 756 Υ
398 727 485 765 facit
513 727 713 764 hominem
750 727 878 764 minus
906 727 1038 764 videre
1067 728 1104 764 in
1134 728 1247 764 rebus
1276 727 1329 764 in·
1384 727 1546 764 totaliter
1583 727 1763 764 convenit
1796 739 1883 763 cum
1921 727 2142 764 moralibus.
2187 727 2282 764 Illud
2320 734 2450 763 autem

260 780 525 829 telligibilibus,
556 793 654 829 quae
683 789 771 818 sunt
799 789 997 829 separatae
1026 793 1048 817 a
1077 780 1328 827 sensibilibus,
1385 780 1534 818 tertium
1565 792 1684 828 genus
1702 780 1861 817 vivendi
1889 780 2061 817 medium
2085 788 2139 817 est
2161 780 2257 817 inter
2285 780 2450 817 activam

260 834 298 870 in
336 834 474 883 quibus
511 833 754 882 operationes
791 834 936 871 activae
971 834 1072 871 vitae
1109 834 1329 871 consistunt.
1384 834 1502 870 vitam
1540 841 1576 870 et
1605 834 1943 882 contemplativam
1977 834 2164 882 quantum
2201 833 2250 870 ad
2279 845 2324 870 ea
2353 833 2450 870 circa

262 887 339 924 Sed
368 895 497 924 tamen
527 887 728 936 occupatio
759 887 922 924 exterior
950 887 1096 924 activae
1124 887 1226 923 vitae
1247 887 1333 923 facit
1386 899 1484 936 quae
1513 894 1743 935 occupatur:
1781 886 1869 934 quia
1898 886 2131 934 quandoque
2170 893 2379 935 occupatur
2412 886 2451 923 in

259 940 459 977 hominem
480 940 601 988 magis
631 941 731 977 clare
750 940 882 978 videre
903 940 939 977 in
959 940 1099 977 iudicio
1125 940 1330 988 agibilium,
1386 939 1706 988 contemplatione
1725 939 1905 986 veritatis,
1927 940 2160 988 quandoque
2188 947 2316 976 autem
2337 952 2450 976 occu-

261 993 365 1042 quod
394 993 557 1042 pertinet
585 994 634 1030 ad
661 993 918 1042 prudentiam.
955 994 1060 1030 Tum
1085 1001 1242 1042 propter
1271 1006 1331 1030 ex·
1385 1000 1496 1042 patur
1525 993 1623 1029 circa
1653 992 1848 1029 exteriora.

313 1127 340 1160 γ)
361 1126 493 1151 exterior.
506 1140 524 1144 —
542 1125 711 1150 exteriorum
732 1125 784 1156 CL,
803 1125 972 1150 exteriorum
992 1132 1082 1149 rerum
1102 1124 1149 1149 Pa.

934 1213 1272 1247 commentaria
1295 1213 1550 1246 Gardinalis
1572 1212 1775 1246 Caietam

265 1314 312 1376 131
335 1302 469 1337 articulo
493 1303 633 1333 secundo
665 1302 808 1332 eiusdem
831 1300 1043 1342 quaestionis,
1069 1300 1248 1330 notandum
1275 1310 1329 1330 oc-
1383 1299 1507 1330 videtur
1523 1299 1699 1340 proprium,
1716 1300 1767 1330 hic
1785 1300 1802 1319 '¹‘
1825 1301 2000 1331 transitorie
2017 1301 2170 1340 tangitur,
2195 1301 2350 1341 quoniam
2373 1301 2451 1332 infe·
2480 1300 2490 1336 ζ

293 1347 388 1378 currit
411 1347 500 1387 quod
525 1347 654 1377 tertium
680 1346 762 1377 illud
785 1345 912 1376 vivendi
934 1354 1049 1385 genus,
1070 1344 1159 1385 quod
1183 1344 1328 1384 praelatis
1386 1344 1450 1374 rius
1465 1344 1482 1362 *
1505 1343 1598 1374 latior
1621 1343 1678 1374 erit
1701 1354 1805 1374 sermo
1830 1345 1868 1374 de
1892 1351 1973 1375 statu
1998 1345 2223 1385 praelatorum.

1063 1512 1387 1556 ARTICULUS
1420 1512 1651 1556 TERTIUS

600 1608 758 1640 UTRUM
782 1607 959 1639 DOCERE
985 1607 1051 1638 srr
1075 1606 1221 1638 Ac‘rus
1245 1607 1379 1637 VITAE
1403 1607 1607 1643 ACTIVAE,
1632 1607 1691 1638 AN
1715 1606 2116 1638 CONTEMPLATIVAE

396 1690 428 1715 111
447 1689 533 1718 Sent„
554 1688 612 1713 dist.
631 1695 703 1717 ων,
723 1695 768 1720 qu.
785 1695 803 1718 1,
824 1692 871 1712 art.
891 1686 915 1718 3,
935 1687 984 1720 qu·
1002 1694 1022 1717 i,
1043 1687 1074 1711 ad
1096 1686 1124 1717 33
1145 1687 1187 1712 De
1211 1686 1302 1716 Verit„
1322 1694 1368 1719 qu.
1386 1694 1420 1716 xi,
1440 1691 1486 1711 art.
1505 1694 1535 1718 4;
1558 1687 1634 1712 Cont.
1655 1687 1802 1712 retrahent.
1814 1686 1847 1712 ab
1867 1687 1980 1720 ingreSS.
1998 1687 2094 1720 Relig„
2114 1695 2168 1720 cap.
2188 1695 2232 1720 vn,
2246 1689 2278 1713 ad
2292 1697 2316 1721 7.

378 1809 381 1815 ,
395 1798 430 1815 K
471 1779 495 1805 n
518 1778 680 1804 TERTmM
699 1777 754 1803 stc
771 1777 1014 1803 Paocnm‘rUR.
1041 1765 1202 1802 Videtur
1225 1765 1330 1814 quod

288 1812 449 1882 ψὲἶο
473 1820 612 1858 docere
633 1832 713 1857 non
742 1819 788 1856 sit
816 1827 921 1856 actus
946 1818 1047 1855 vitae
1077 1818 1236 1865 activae,
1263 1819 1331 1856 sed

279 1860 329 1921 ,y
336 1891 397 1919 ης
408 1860 808 1922 'ficontemplativaa
848 1872 950 1909 Dicit
984 1871 1084 1908 enirn
1108 1872 1331 1919 Gregorius,
1389 1871 1552 1920 concipit
1571 1871 1737 1920 aliquam
1771 1871 1970 1908 veritatem
2002 1871 2300 1920 intelligibilem
2291 1886 2330 1910 in
2350 1874 2455 1912 cuius

282 1922 290 1928 ”
316 1895 461 1960 (253³)
429 1920 586 1975 super
602 1927 738 1975 Ezech.
758 1925 790 1973 ²⁸,
821 1925 927 1975 quod
954 1925 1030 1962 viri
1041 1926 1205 1974 perfecti
1231 1926 1331 1962 hona
1390 1924 1692 1962 consideratione
1721 1932 1758 1961 et
1785 1937 1916 1961 amore
1942 1925 2158 1962 delectatur.
2188 1926 2298 1963 Unde
2326 1929 2455 1975 Augu-

260 1980 435 2018 caelestia
454 1992 553 2029 quae
571 1979 821 2027 contemplari
831 1983 1049 2027 potuerunt,
1057 1979 1253 2026 fratribus
1272 1979 1333 2015 de·
1389 1978 1505 2015 stinus
1535 1977 1664 2024 dicit,
1655 1990 1693 2014 1n
1714 1977 1810 2014 libro
1839 1979 1885 2015 de
1910 1979 2039 2015 Verbis
2057 1980 2171 2015 Dom.
2191 1979 2232 2016 *ε
2261 1979 2420 2030 Eligant
2438 1986 2456 2002 α

261 2034 454 2079 nuntiant,
485 2045 693 2082 eorumque
725 2032 874 2069 animos
908 2032 945 2068 in
974 2043 1147 2068 amorem
1180 2031 1334 2068 intimae
1388 2032 1460 2068 sibi
1479 2036 1631 2080 partem
1660 2031 1867 2077 meliorem,
1897 2031 2037 2068 scilicet
2063 2032 2166 2069 vitae
2195 2033 2455 2082 contemplati-

260 2086 441 2124 claritatis
468 2087 688 2124 accendunt.
720 2085 797 2122 Sed
825 2086 901 2122 hoc
928 2084 1090 2134 pertinet
1119 2084 1166 2122 ad
1197 2085 1333 2122 doctri·
1389 2097 1483 2130 vae;
1517 2090 1654 2121 vacent
1685 2085 1820 2130 verbo,
1850 2085 1991 2121 inhient
2025 2085 2218 2122 doctrinae
2252 2086 2454 2132 dulcedini,

261 2152 365 2178 narn.
386 2139 490 2187 Ergo
510 2141 649 2177 docere
671 2146 728 2176 est
747 2146 852 2176 actus
872 2138 973 2175 vitae
1000 2138 1332 2186 contemplativae.
1390 2143 1619 2186 occupentur
1637 2138 1739 2174 circa
1766 2138 1959 2174 scientiam
1987 2138 2211 2175 salutarem.-
2239 2139 2305 2175 ubi
2334 2140 2454 2177 mani-

316 2205 351 2230 2.
373 2194 609 2240 PRAETEREA,
631 2193 679 2230 ad
708 2192 810 2229 idern
829 2204 950 2239 genus
977 2191 1079 2228 vitae
1106 2191 1258 2228 videtur
1278 2203 1333 2227 re-
1393 2191 1482 2227 feste
1512 2190 1599 2227 dicit
1635 2190 1847 2228 doctrinam
1884 2192 1932 2228 ad
1961 2191 2080 2228 vitam
2116 2193 2456 2241 'contemplativam

262 2246 350 2285 duci
377 2253 483 2283 actus
513 2254 549 2284 et
576 2245 739 2283 habitus.
778 2246 853 2282 Sed
884 2245 1023 2281 docere
1054 2251 1108 2281 est
1141 2251 1247 2281 actus
1276 2257 1334 2281 sa·
1391 2243 1590 2293 pertinere.

261 2300 461 2350 pientiae&
488 2299 577 2337 dicit
615 2298 717 2336 enim
755 2298 1034 2346 Philosophus,
1074 2297 1111 2334 in
1146 2297 1333 2346 principio
1443 2297 1558 2334 Aliud
1586 2309 1681 2333 vero
1720 2296 1913 2333 obiectum
1950 2296 2143 2334 doctrinae
2178 2305 2234 2334 est
2272 2310 2316 2334 ex
2351 2306 2457 2347 parte

22 2357 136 2408 ’‘Hbs-1»
152 2362 235 2406 ⁰¹³³·13
261 2353 479 2402 MetaphyS.
499 2352 531 2400 ³⁸²,
561 2353 667 2402 quod
693 2352 847 2402 signum
874 2351 1022 2388 scientis
1050 2357 1105 2388 est
1123 2362 1237 2399 posse
1268 2351 1332 2387 do·
1391 2350 1579 2387 sermonis
1608 2349 1792 2386 audibilis.
1824 2350 1873 2386 Et
1892 2349 1943 2386 sic
1972 2350 2165 2387 obiectum
2187 2351 2380 2388 doctrinae
2405 2360 2460 2389 est

1386 1772 1503 1802 tatem
1518 1772 1559 1801 ut
1578 1777 1646 1814 per
1662 1777 1747 1801 eam
1768 1765 1805 1801 in
1826 1765 2000 1802 exteriori
2020 1765 2169 1803 actione
2190 1767 2385 1827 dirigatur3
2407 1769 2455 1806 ad

1388 1817 1723 1878 contemplativam
1761 1825 1909 1865 autem,
1949 1819 2105 1867 quando
2139 1820 2260 1857 homo
2298 1821 2454 1858 interius

22 1942 232 1971 ‘uhta-lonii.

21 2412 104 2435 hcm.
262 2418 357 2444 cere.
399 2406 500 2443 Cum
530 2418 620 2454 ergo
658 2405 844 2454 sapientia
871 2405 934 2442 vel
963 2404 1119 2441 scientia
1147 2404 1336 2453 pertineat
1392 2405 1471 2453 ipse
1508 2403 1680 2440 audiens.
1720 2403 1769 2439 Et
1806 2410 1991 2451 quantum
2035 2403 2083 2440 ad
2124 2404 2199 2440 hoc
2241 2404 2457 2452 obiectum,

262 2460 312 2498 ad
347 2459 468 2496 vitam
504 2458 862 2508 contemplativam,
891 2458 1042 2495 videtur
1076 2459 1181 2506 quod
1218 2457 1333 2494 etiam
1392 2457 1517 2494 omnis
1555 2456 1727 2493 doctrina
1763 2456 1926 2505 pertinet
1963 2456 2012 2493 ad
2039 2457 2158 2494 vitam
2193 2457 2380 2504 activam,
2411 2459 2458 2495 ad

263 2513 434 2551 doctrina
462 2512 511 2549 ad
538 2512 657 2549 vitam
689 2511 1029 2560 contemplativam
1058 2510 1256 2560 pertineat.
1391 2522 1507 2560 quam
1533 2509 1722 2559 pertinent
1751 2509 1954 2546 exteriores
1983 2510 2163 2547 actiones.

319 2568 353 2603 3.
376 2566 610 2611 PRAETEREA,
632 2565 728 2602 sicut
757 2564 1028 2613 contemplatio
1059 2572 1115 2601 est
1143 2571 1248 2600 actus
1276 2563 1332 2601 vi·
1444 2565 1504 2600 An
1532 2575 1671 2600 PRIMUM
1699 2574 1798 2600 ERGO
1818 2574 2004 2599 DICENDUM
2032 2563 2138 2612 quod
2166 2563 2369 2600 auctoritas
2397 2564 2458 2600 illa

261 2628 323 2657 tae
352 2619 687 2667 contemplativae,
708 2618 759 2654 ita
788 2625 823 2654 et
853 2617 986 2654 oratio.
1018 2617 1096 2654 Sed
1116 2617 1237 2653 oratio
1259 2629 1334 2666 qua
1392 2629 1568 2666 expresse
1602 2615 1770 2664 loquitur
1799 2615 1846 2652 de
1875 2615 2047 2652 doctrina
2076 2623 2260 2664 quantum
2299 2617 2348 2653 ad
2376 2629 2457 2653 ma-

263 2672 347 2722 quis
377 2679 459 2708 orat
477 2683 548 2720 pro
578 2671 664 2716 alio,
685 2671 931 2708 nihilominus
959 2670 1122 2719 pertinet
1145 2670 1195 2706 ad
1213 2669 1334 2707 vitam
1391 2670 1545 2717 teriam,
1575 2677 1689 2718 prout
1716 2675 1890 2705 versatur
1918 2668 2015 2705 circa
2048 2669 2392 2706 considerationem
2423 2677 2459 2706 et

264 2724 612 2774 contemplativam.
635 2725 738 2772 Ergo
759 2724 866 2772 quod
886 2723 1020 2772 aliquis
1035 2723 1234 2759 ve'ritatem
1255 2735 1335 2759 me·
1392 2735 1565 2760 amorem
1595 2722 1776 2759 veritatis.

265 2779 419 2817 ditatam
449 2777 487 2814 in
507 2778 658 2814 alterius
688 2777 861 2814 notitiam
890 2789 959 2825 per
979 2776 1194 2813 doctrinam
1215 2775 1334 2813 dedu·
1444 2778 1504 2813 An
1532 2787 1725 2812 SECUNDUM
1753 2786 1939 2811 DiCENDUM
1969 2775 2076 2822 quod
2109 2775 2259 2812 habitus
2287 2782 2325 2811 'et
2353 2783 2458 2812 actus

265 2840 334 2879 cat,
363 2827 516 2869 videtur
544 2832 591 2868 ad
615 2830 734 2868 vitam
764 2829 1103 2878 contemplativam
1131 2829 1333 2877 pertinere.
1392 2829 1679 2870 communicant
1705 2828 1744 2864 in
1773 2827 1937 2865 obiecto.
1977 2828 2026 2864 Et
2054 2828 2142 2865 ideo
2172 2828 2368 2865 manifeste
2397 2828 2458 2864 illa

320 2886 394 2923 SED
428 2896 575 2921 CONTRA
608 2896 674 2921 EST
703 2883 809 2932 quod
842 2883 1049 2931 Gregorius
1085 2881 1193 2928 dicit,
1222 2894 1336 2930 super
1392 2882 1486 2920 ratio
1514 2881 1688 2931 procedit
1717 2893 1763 2917 ex
1796 2888 1902 2930 parte
1935 2881 2116 2917 materiae
2144 2880 2331 2918 interioris
2369 2893 2458 2917 con-

29 2948 204 3003 ugioffflhffi;
198 2949 239 2975 ⁸¹
264 2940 398 2988 Ezech.
414 2937 452 2974 *ε
481 2938 617 2974 Activa
636 2938 713 2974 vita
733 2943 787 2974 est
798 2949 940 2985 panem
960 2935 1140 2972 esurienti
1157 2935 1334 2981 tribuere,
1393 2943 1523 2984 ceptus
1543 2934 1569 2971 β.
1591 2936 1634 2971 In
1653 2941 1801 2971 tantum
1822 2934 1925 2971 enim
1955 2934 2003 2971 ad
2027 2934 2237 2983 sapientem
2255 2934 2318 2971 vel
2339 2934 2458 2970 scien-

27 3025 33 3029 .
213 2981 239 2997 ¹¹
265 2993 380 3030 verbo
407 2991 614 3040 sapientiae
642 2991 864 3027 nescientem
893 2989 1039 3026 docere.
1392 2997 1469 3025 tem
1498 2988 1661 3037 pertinet
1679 3000 1794 3036 posse
1815 2987 1967 3034 docere,
1988 2987 2025 3023 in
2045 2995 2232 3035 quantum
2251 2995 2377 3035 potest
2405 2987 2458 3023 in-

320 3046 547 3082 REspoNDEo
571 3056 757 3081 DICENDUM
785 3043 892 3092 quod
913 3050 1018 3079 actus
1047 3040 1241 3078 doctrinae
1269 3041 1336 3078 ha·
1392 3041 1570 3078 teriorem
1609 3048 1838 3089 conceptum
1869 3040 1997 3078 verbis
2033 3041 2267 3089 exprimere,
2301 3040 2350 3076 ad
2383 3041 2459 3077 hoc

268 3098 332 3134 bet
359 3098 498 3147 duplex
525 3099 741 3136 obiectum.
780 3097 823 3134 fit
852 3096 952 3133 enim
980 3094 1152 3132 doctrina
1186 3105 1255 3142 per
1282 3095 1336 3130 lo-
1392 3094 1497 3144 quod
1525 3094 1644 3142 possit
1678 3093 1794 3131 alium
1820 3093 2012 3131 adducere
2039 3094 2088 3131 ad
2124 3093 2356 3130 intellectum
2393 3105 2460 3129 ve-

271 3150 483 3198 cutionem3
513 3152 653 3189 locutio
683 3159 812 3189 autem
838 3157 893 3186 est
913 3149 1063 3197 signum
1089 3146 1253 3184 audibile
1282 3146 1336 3184 in·
1393 3147 1522 3184 ritatis.

270 3203 417 3240 terioris
437 3181 655 3254 cdnceptus.
685 3206 755 3242 Est
774 3203 883 3263 igitur
909 3214 1032 3239 unum
1052 3201 1246 3238 obiectum
1270 3200 1337 3237 do·
1444 3201 1503 3236 Ab
1536 3210 1698 3236 TERT1UM
1731 3211 1917 3236 DICENDUM
1955 3200 2060 3247 quod
2089 3199 2149 3235 ille
2178 3198 2242 3247 qui
2272 3206 2354 3235 orat
2387 3210 2459 3247 pro

272 3256 412 3293 ctrinae
441 3257 479 3294 id
512 3258 616 3317 quod
645 3266 700 3296 est
719 3257 878 3295 materia
910 3256 989 3292 sive
1019 3254 1211 3291 obiectum
1245 3253 1337 3290 inte·
1393 3253 1479 3300 alio,
1505 3252 1597 3289 nihil
1626 3252 1700 3299 agit
1729 3264 1816 3300 erga
1844 3252 1949 3288 illum
1977 3264 2047 3300 pro
2077 3264 2154 3300 quo
2185 3259 2278 3299 orat,
2303 3251 2370 3288 sed
2400 3264 2460 3288 so-

273 3309 381 3346 rioris
401 3310 671 3359 conceptionis.
693 3313 742 3348 Et
760 3317 947 3370 quantum
968 3308 1017 3345 ad
1036 3308 1110 3344 hoc
1130 3307 1336 3354 obiectum,
1393 3306 1472 3342 lum
1494 3317 1582 3354 erga
1605 3306 1746 3352 Deum,
1768 3305 1832 3353 qui
1861 3312 1916 3341 est
1935 3304 2172 3353 intelligibilis
2200 3305 2351 3342 veritas.
2383 3305 2459 3341 Sed

273 3363 505 3412 quandoque
535 3363 705 3401 doctrina
741 3363 903 3413 pertinet
931 3362 979 3399 ad
1008 3361 1126 3397 vitam
1162 3359 1337 3404 activam,
1393 3359 1453 3395 ille
1482 3359 1547 3406 qui
1576 3357 1692 3394 alium
1722 3357 1845 3405 docet,
1875 3358 2017 3406 aliquid
2046 3358 2145 3395 circa
2174 3370 2263 3399 eum
2297 3357 2371 3406 agit
2399 3370 2460 3394 ex-

274 3415 508 3464 quandoque
538 3416 587 3453 ad
612 3416 968 3476 contemplativam.
995 3415 1045 3451 ad
1073 3413 1237 3450 activam
1258 3412 1338 3462 qui-
1393 3411 1518 3448 teriori
1556 3411 1717 3448 actione.
1755 3411 1866 3448 Unde
1904 3423 1982 3448 non
2021 3419 2076 3448 est
2112 3411 2243 3448 similis
2280 3410 2374 3448 ratio
2413 3411 2459 3448 de

275 3469 376 3515 dem,
393 3468 549 3518 quando
568 3469 688 3506 homo
707 3469 860 3506 interius
880 3468 1045 3517 concipit
1059 3467 1223 3516 aliquam
1242 3465 1340 3503 veri-
1395 3472 1569 3514 utroque.

330 3601 357 3633 α)
377 3600 498 3633 Eligant.
512 3613 529 3618 —-
548 3599 641 3632 Eligat
658 3598 826 3624 ABDEFKL.
1448 3597 1473 3631 β)
1493 3602 1643 3630 conceptus.
1655 3611 1674 3616 ·-
1692 3597 1870 3630 conceptionis
1889 3597 1935 3623 Pa.

2478 451 2547 473 ’Beli
2573 451 2606 472 Ca
2609 451 2668 472 tainl

2534 478 2647 503 r.1.e(EdT
2650 478 2689 499 ub·

2478 506 2533 530 nei-l.

2504 1299 2572 1327 Resp.
2589 1299 2617 1321 ad
2631 1306 2650 1328 3.

2546 1342 2550 1347 .
2607 1332 2692 1353 xxxiv,

2479 1356 2521 1373 art.
2543 1358 2554 1380 5
2569 1358 2632 1380 sqq.;
2653 1359 2692 1379 qu.

2480 1383 2576 1400 mxxV.

2484 1983 2579 2005 ‘Sei-m.
2595 1982 2654 2009 CIV,
2666 1983 2695 2004 al.

2483 2009 2580 2035 xxvn,
2595 2015 2646 2036 cap.
2661 2015 2676 2030 ι.
