2768 4198
939 318 1208 364 QUAESTIO
1238 317 1485 355 CLXXXVII
1495 347 1505 366 ,
1535 320 1833 358 ARTICULUS
1862 321 1897 358 V

311 401 366 432 est
383 396 590 446 agendum,
609 401 646 432 et
664 407 739 432 non
760 396 967 442 otiandum,
993 397 1082 445 quia
1105 398 1300 434 honestum
1320 404 1384 444 est,
1411 395 1414 444 ἶ
1441 398 1679 436 mendicant:
1710 399 1806 436 sicut
1835 409 1871 437 et
1899 400 1971 437 alia
1999 410 2198 438 assumunt
2220 414 2318 450 quae
2339 403 2386 440 ad
2407 404 2507 440 abie-

311 454 348 485 et
379 449 490 497 quasi
507 449 605 495 lux,
641 449 694 485 ad
724 449 913 496 infideles.-
951 455 987 486 et
1023 462 1097 486 non
1131 451 1385 488 desiderabitis
1441 450 1607 488 ctionem
1635 453 1830 501 quandam
1854 454 2052 502 pertinent,
2074 456 2180 503 quasi
2203 456 2505 494 efficacissimam

310 514 392 538 rem
425 502 599 548 alterius,
629 503 768 538 nedum
797 503 939 552 rogetis
975 504 1036 540 vel
1066 504 1203 540 tollatis
1229 505 1382 553 aliquid.
1440 505 1669 542 medicinam
1707 514 1838 543 contra
1867 508 2107 556 superbiam,
2146 521 2263 557 quam
2291 510 2353 546 vel
2382 510 2419 546 in
2449 523 2506 547 se-

310 556 360 592 Et
390 556 420 591 11
441 556 494 592 ad
514 556 639 592 Thess.
662 567 710 602 111,
741 567 856 604 super
875 556 966 593 illud
985 556 1017 603 ²³²,
1047 558 1089 594 Si
1105 558 1188 605 quis
1211 571 1286 595 non
1306 559 1386 595 vult
1438 557 1541 606 ipsis,
1561 559 1623 595 vel
1645 559 1759 596 etiam
1779 559 1818 596 in
1837 561 1918 597 aliis
1937 573 2006 609 per
2025 563 2243 611 exemplum
2270 563 2505 612 exstinguere

2434 327 2506 373 517

71 561 78 568 ·
95 559 160 580 Vei-s.
177 565 207 580 ιο.

69 613 282 640 ’GlouOi-dAug.

309 609 465 656 operari
482 616 566 655 etc.,
587 608 678 646 dicit
695 609 736 645 *z
773 610 859 646 Vult
883 622 1012 647 servos
1035 612 1110 648 Dei
1136 613 1385 660 corporaliter

166 665 184 683 ⁸
309 662 466 709 operari
492 662 592 698 unde
610 667 628 683 ‘²
655 662 796 709 vivant,
827 670 867 700 ut
893 676 967 701 non
996 665 1271 716 compellantur
1297 678 1383 715 ege-

307 720 401 751 state
429 715 645 752 necessaria
667 722 806 764 petere.
848 718 924 754 Sed
958 718 1034 754 hoc
1062 726 1119 754 est
1147 719 1380 756 mendicare.

308 769 412 816 Ergo
427 768 582 805 videtur
595 769 703 817 quod
718 770 890 808 illicitum
906 771 963 818 sit,
979 773 1250 820 praetermisso
1267 785 1384 821 opere

308 821 491 868 manuali,
523 823 756 860 mendicare.

314 3243 402 3274 sunt
428 3248 632 3285 pauperes,
653 3237 721 3274 sed
750 3236 789 3273 in
813 3243 962 3273 tanturn
983 3242 1071 3271 sunt
1098 3242 1252 3282 egentes
1280 3236 1386 3284 quod

313 3302 472 3328 necesse
499 3290 643 3327 habent
671 3291 719 3327 ab
748 3290 828 3327 aliis
848 3289 993 3326 victum
1013 3288 1221 3338 acquirere.
1252 3289 1302 3325 Et
1330 3301 1387 3325 se-

313 3344 487 3381 cundum
514 3343 603 3389 hoc,
628 3355 744 3380 causa
761 3342 984 3381 humilitatis
1008 3342 1123 3391 aliqui
1147 3341 1388 3379 laudabiliter

1437 611 1585 648 volunt.
1617 612 1723 649 Sicut
1751 613 1852 650 enim
1882 613 2082 651 infirmitas
2112 628 2210 664 quae
2230 623 2286 652 est
2310 628 2355 653 ex
2375 629 2506 665 super—

1438 675 1596 701 excessu
1625 666 1771 712 caloris,
1799 667 2061 704 efficacissime
2081 676 2236 706 sanatur
2254 681 2323 717 per
2342 682 2386 706 ea
2406 683 2505 718 quae

1438 717 1475 754 in
1504 718 1703 765 frigiditate
1733 720 1938 766 excedunt;
1969 721 2018 757 ita
2047 722 2159 758 etiam
2187 723 2355 771 pronitas
2375 724 2423 760 ad
2443 736 2504 760 su-

1437 771 1610 819 perbiam
1640 772 1902 810 efficacissime
1932 782 2082 811 curatur
2109 787 2178 824 per
2211 788 2256 812 ea
2285 788 2384 824 quae
2409 777 2505 813 mul-

1438 831 1518 861 tum
1548 825 1694 862 abiecta
1714 826 1902 863 videntur.
1933 828 1981 864 Et
2000 827 2086 864 ideo
2109 829 2243 866 dicitur
2262 829 2300 866 in
2319 830 2502 877 Decretis,

1439 3233 1592 3278 faciant,
1620 3230 1833 3268 necessaria
1859 3237 1993 3278 petunt
2026 3236 2066 3266 ut
2099 3228 2209 3266 otiosi
2236 3228 2381 3265 vivant.
2411 3229 2501 3265 Non

1439 3294 1569 3324 autem
1611 3284 1732 3322 otiose
1774 3283 1868 3320 vivit
1903 3282 1968 3331 qui
2004 3282 2330 3332 qualitercumque
2366 3281 2504 3320 utiliter

1438 3339 1546 3378 vivit.

369 3457 398 3490 α)
417 3457 529 3482 unda·
547 3459 577 3481 tt
595 3456 714 3481 hovem
731 3456 801 3481 unde
820 3456 868 3482 Pa.

370 3492 395 3525 β)
414 3492 470 3517 Sed
487 3492 641 3518 secundum.
659 3503 679 3510 -
697 3491 752 3516 Sed
766 3492 796 3522 C,
811 3492 963 3518 Secundum
982 3493 1069 3526 igitur
1086 3492 1117 3522 D,
1133 3491 1284 3516 Secundum
1304 3490 1384 3516 etiam

315 3529 383 3557 PFa,
403 3528 459 3554 Sed
481 3528 562 3553 etiam
580 3528 611 3556 L.
631 3527 687 3552 Sed
705 3530 732 3552 et
749 3527 800 3560 pK,
820 3527 876 3553 Sed
894 3532 921 3553 et
937 3529 1082 3554 secundum
1107 3529 1153 3558 sK,
1173 3527 1227 3552 Sed
1246 3526 1326 3552 etiam
1345 3533 1385 3551 se-

315 3564 431 3590 cundum
452 3564 470 3589 1.
759 3579 761 3581 -

368 3600 395 3634 γ)
415 3599 496 3631 turpi.
508 3612 527 3618 -
545 3602 607 3623 actu
627 3598 725 3623 addunt
743 3597 827 3630 PCpA
847 3603 872 3623 et
889 3605 914 3624 a.

370 3635 395 3667 ὃ)
415 3636 475 3669 Ego
492 3642 560 3660 nam.
573 3648 592 3654 -
609 3634 671 3660 Om.
690 3635 728 3658 Pa
734 3642 743 3664 ,·
761 3641 811 3667 pro
829 3633 919 3662 habeo,
939 3634 1020 3659 habet
1036 3634 1233 3667 ABDEFIKpC.

370 3672 393 3704 ε)
413 3671 620 3696 mendIcitatem.
632 3684 652 3690 —
670 3670 891 3695 mendic-ationem
911 3670 957 3695 Pa.

1490 3453 1517 3486 ζ)
1539 3451 1688 3477 Exercitia.
1699 3463 1719 3470 —
1738 3448 1879 3474 Exercitio
1898 3448 1937 3473 Pa
1954 3453 1980 3473 et
1998 3447 2114 3478 codicem
2133 3450 2196 3473 sunt
2214 3454 2267 3472 om.
2287 3447 2334 3473 Pa.

1492 3489 1520 3521 η)
1539 3489 1578 3513 ita
1596 3489 1711 3519 oportet.
1723 3499 1742 3503 -
1761 3485 1822 3510 ideo
1839 3487 1946 3516 oportet
1965 3484 1993 3515 P,
2011 3491 2066 3508 om.
2085 3484 2115 3508 B.

1492 3523 1516 3557 Θ)
1535 3524 1658 3549 otiosum.
1670 3536 1690 3543 -
1707 3522 1790 3547 otiose
1808 3521 1854 3546 Pa.

1493 3560 1511 3593 ι)
1527 3567 1580 3592 pro
1598 3557 1803 3584 constructione.
1815 3570 1833 3575 -
1846 3563 1899 3588 per
1918 3555 2044 3588 (propter
2062 3553 2154 3587 CDsK)
2173 3554 2395 3580 constructionem
2411 3553 2500 3578 ABCD

1492 3632 1517 3664 κ)
1537 3639 1581 3656 ex.
1594 3645 1613 3650 —
1631 3630 1692 3655 Om.
1713 3629 1822 3654 codices.

1492 3667 1520 3700 λ)
1541 3667 1594 3700 qui.
1606 3680 1624 3686 —
1642 3665 1736 3698 quibus
1754 3664 1904 3696 BElKLpA.
1916 3677 1935 3682 -
1954 3663 2004 3687 Pro
2015 3662 2132 3696 faciant,
2145 3662 2255 3695 faciunt
2273 3661 2301 3686 P.

363 876 398 912 3.
428 876 664 924 PRAETEREA,
693 877 786 914 illud
815 879 921 926 quod
952 886 1007 915 est
1036 878 1072 915 in
1102 879 1185 927 lege
1213 879 1382 927 prohibi-
1437 878 1482 914 de
1500 879 1657 924 Poenit„
1680 879 1763 918 dist.
1786 881 1830 926 ΙΙ,
1857 892 1939 928 cap.
1961 882 2100 929 Siquis
2118 883 2234 919 semel
2242 896 2253 919 .·
2280 882 2504 920 Exercitiat
2626 884 2641 914 ζ

307 935 391 965 tum
427 937 464 966 et
490 929 652 966 iustitiae
682 931 938 979 contrarium,
976 945 1055 969 non
1090 933 1271 982 competit
1300 933 1383 970 reli·
1437 932 1654 968 humilitatis
1681 938 1778 979 sunt,
1805 933 1840 969 si
1865 934 1946 981 quis
1973 946 2013 971 se
2040 935 2234 972 vilioribus
2257 937 2392 984 officiis
2419 938 2503 973 sub-

306 981 434 1030 giosis.
466 983 545 1020 Sed
573 984 793 1021 mendicare
823 993 878 1022 est
906 986 1142 1034 prohibitum
1166 986 1207 1023 in
1227 987 1308 1034 lege
1329 986 1382 1023 di-
1437 985 1511 1030 dat,
1528 990 1564 1021 et
1581 986 1794 1022 ministeriis
1813 986 2087 1036 indignioribus
2106 989 2250 1025 tradat.-
2270 989 2320 1025 ita
2341 1002 2504 1038 namque

66 1035 196 1063 ‘Vm-⁴-
306 1035 416 1072 vina:
448 1036 586 1073 dicitur
614 1037 716 1074 enim
744 1039 856 1075 Deut.
876 1051 924 1075 xv
942 1039 983 1075 *ε
1019 1039 1181 1077 Omnino
1210 1041 1384 1090 indigens
1437 1039 1686 1088 arrogantiae
1721 1045 1758 1075 et
1790 1040 1981 1077 humanae
2021 1041 2170 1091 gloriae
2205 1042 2336 1079 uitium
2374 1044 2506 1080 curari

65 1089 203 1145 ἐμὴ-ω’·
221 1095 281 1111 ''²¹⁸-
307 1095 343 1126 et
370 1090 564 1127 mendicus
593 1102 667 1127 non
697 1092 770 1128 erit
795 1092 892 1128 inter
918 1104 1007 1141 uos‚·
1037 1101 1072 1129 et
1102 1093 1140 1130 in
1168 1094 1323 1130 Psalmo
1347 1094 1381 1130 *ε
1432 1093 1582 1139 poterit.
1612 1092 1724 1129 Unde
1754 1092 2027 1141 Hieronymus,
2056 1094 2094 1131 in
2123 1095 2294 1143 Epistola
2314 1097 2366 1132 ad
2388 1096 2503 1133 Ocea-

306 1142 398 1180 Non
427 1143 508 1180 vidi
529 1143 667 1181 iustum
687 1145 918 1192 derelictum,
939 1157 1008 1183 nec
1025 1158 1150 1183 semen
1171 1148 1251 1184 eius
1269 1159 1382 1196 quae·
1438 1157 1529 1181 num
1539 1144 1571 1191 ²⁸,
1589 1146 1838 1182 commendat
1853 1146 2052 1184 Fabiolam
2073 1148 2120 1184 de
2139 1149 2214 1185 hoc
2234 1149 2338 1196 quod
2354 1150 2506 1198 optabat
2532 1159 2740 1187 ·Epist-1-xxvn.

164 1191 180 1226 β
307 1207 394 1234 rens
415 1208 572 1246 panem.
604 1197 682 1234 Sed
706 1200 922 1237 secundum
941 1197 957 1228 β
985 1199 1067 1236 iura
1087 1200 1209 1237 civilia
1228 1200 1384 1248 punitur
1439 1203 1489 1244 ut,
1517 1199 1596 1235 suis
1622 1199 1758 1235 divitiis
1780 1200 1929 1247 pariter
1956 1201 2084 1250 effusis
2104 1213 2179 1249 pro
2209 1202 2366 1248 Christo,
2394 1203 2505 1251 stipes
2529 1185 2646 1208 'mxx'

306 1250 459 1287 validus
481 1250 728 1298 mendicans:
759 1261 800 1289 ut
819 1253 982 1290 habetur
1001 1252 1158 1299 Codice,
1179 1254 1225 1290 de
1245 1254 1384 1290 Validis
1437 1252 1634 1299 acciperet.
1671 1252 1788 1299 Quod
1822 1253 1934 1290 etiam
1971 1254 2104 1291 beatus
2139 1255 2294 1292 Alexius
2327 1256 2503 1304 perfecit,

65 1301 280 1356 ἷῦῢῆἥὲξῦζῆ·
306 1304 616 1341 Mendicantibus
634 1304 666 1342 *.
710 1306 813 1354 Ergo
857 1319 936 1343 non
977 1306 1162 1356 competit
1202 1306 1386 1354 religiosis
1439 1304 1515 1352 qui,
1537 1305 1717 1342 omnibus
1737 1305 1815 1342 suis
1834 1314 1990 1355 propter
2010 1308 2201 1344 Christum
2223 1308 2398 1356 dimissis,
2414 1322 2504 1357 gau-

62 1362 120 1380 ⁸¹'·
307 1357 543 1395 mendicare.
1439 1357 1554 1394 debat
1581 1371 1621 1394 se
1652 1358 1765 1395 etiam
1796 1371 1818 1395 a
1846 1360 1965 1396 servis
1995 1361 2071 1397 suis
2106 1362 2370 1410 eleemosynas
2399 1375 2505 1399 acce-

25 1455 30 1463 ,
162 1415 180 1443 ἵ
360 1422 398 1459 4.
419 1411 657 1459 PRAETEREA,
678 1413 907 1450 verecundia
936 1418 990 1450 est
1007 1413 1054 1449 de
1071 1413 1174 1462 turpi
1190 1418 1217 1460 Υ,
1247 1420 1290 1449 ut
1308 1413 1384 1450 Da·
1438 1410 1539 1459 pisse
1558 1410 1590 1447 ²⁸⁸.
1621 1412 1669 1447 Et
1690 1411 1737 1448 de
1763 1412 1875 1448 beato
1905 1414 2067 1450 Arsenio
2096 1415 2240 1462 legitur,
2261 1415 2299 1452 in
2326 1415 2415 1453 Vitis
2434 1417 2505 1453 Pa·
2533 1424 2542 1433 ·
2567 1422 2617 1444 m,
2640 1423 2741 1455 arabica

65 1469 197 1521 fimum
208 1470 282 1519 ⁰sz
306 1475 514 1503 mascenus
545 1466 634 1503 dicit
652 1465 684 1503 *.
715 1467 792 1504 Sed
821 1467 1051 1503 Ambrosius
1080 1466 1189 1513 dicit,
1218 1466 1257 1503 in
1286 1466 1383 1503 libro
1437 1469 1538 1500 trum
1557 1463 1589 1511 *‚
1620 1464 1725 1512 quod
1753 1465 1890 1512 gratias
1915 1466 1988 1513 egit
2017 1467 2064 1503 de
2093 1468 2167 1504 hoc
2196 1468 2313 1516 quod,
2343 1469 2506 1506 necessi·
2531 1449 2742 1507 fflssf‘f'figiissfigss

65 1503 283 1574 ffssffig‘
306 1517 353 1556 de
385 1518 494 1567 Offic.
523 1519 564 1566 *,
602 1519 710 1570 quod
746 1520 977 1557 verecundia
1008 1521 1164 1568 petendi
1197 1520 1384 1570 ingenuos
1439 1525 1514 1554 tate
1543 1525 1716 1565 cogente,
1747 1519 1915 1566 oportuit
1939 1531 2028 1556 eum
2049 1521 2336 1569 eleemosynam
2365 1530 2505 1570 petere.
2532 1502 2743 1577 ῗυςῐὲῗῦδῗῖῖῗ

65 1567 221 1630 3³23,va
233 1557 280 1627 ἐξ,
300 1573 432 1622 prodit
459 1573 614 1610 natales.
652 1573 756 1620 Ergo
791 1573 1013 1611 mendicare
1046 1581 1102 1610 est
1130 1581 1252 1623 turpe.
1291 1574 1382 1611 Non
1439 1571 1551 1608 Unde
1581 1579 1617 1608 et
1645 1571 1683 1608 in
1711 1572 1983 1620 poenitentiam
2009 1586 2079 1622 pro
2108 1574 2285 1621 gravibus
2306 1575 2426 1623 culpis
2453 1575 2507 1612 in·
2533 1563 2609 1603 ‘'v'’
2651 1571 2658 1582 '
2682 1557 2743 1577 ’ω’

66 1610 279 1660 ’δάιε-μω.
305 1637 397 1675 ergo
427 1626 612 1675 religiosis
641 1626 836 1676 competit.
1439 1624 1606 1673 iungitur
1620 1624 1810 1674 aliquibus
1831 1633 1871 1662 ut
1889 1626 2176 1675 peregrinentur
2194 1627 2466 1665 mendicantes.
2483 1650 2507 1657 —

334 1680 337 1683 ’
364 1681 398 1718 5.
422 1680 659 1727 PRAETEREA,
690 1680 858 1717 maxime
888 1681 935 1718 de
965 1680 1222 1730 eleemosynis
1249 1681 1383 1718 vivere
1440 1679 1517 1716 Sed
1547 1678 1636 1727 quia
1663 1678 1869 1726 humilitas,
1898 1679 1993 1716 sicut
2013 1688 2048 1716 et
2067 1688 2214 1718 ceterae
2233 1681 2402 1729 virtutes,
2424 1683 2508 1719 abs—

306 1734 491 1784 competit
522 1733 833 1784 praedicantibus
862 1733 1138 1782 Evangelium,
1170 1736 1383 1772 secundum
1439 1744 1514 1781 que
1550 1732 1777 1769 discretione
1811 1745 1894 1769 esse
1931 1732 2008 1770 non
2048 1733 2183 1781 debet,
2217 1734 2268 1771 ita
2306 1743 2456 1784 oportet
2489 1741 2506 1763 η
2630 1744 2646 1768 ⁷²

66 1790 180 1818 ‘⁶³¹⁴-
305 1786 466 1826 Domini
494 1795 691 1834 statutum,
722 1795 763 1824 ut
790 1787 945 1837 supra*
973 1788 1117 1826 dictum
1147 1796 1214 1825 est.
1246 1788 1311 1825 Eis
1331 1797 1385 1825 ta-
1440 1785 1601 1822 discrete
1640 1785 1923 1823 mendicitatem
1966 1787 2016 1824 ad
2057 1787 2360 1825 humiliationem
2403 1801 2507 1826 assu-

305 1853 398 1879 men
425 1853 506 1880 non
535 1841 720 1890 competit
749 1841 990 1878 mendicare:
1029 1842 1119 1891 quia
1148 1854 1264 1890 super
1292 1842 1383 1879 illud
1439 1851 1568 1885 mere,
1607 1847 1648 1876 ut
1676 1851 1722 1876 ex
1750 1840 1824 1876 hoc
1861 1841 1982 1877 homo
2016 1848 2147 1878 notam
2178 1842 2390 1890 cupiditatis
2428 1855 2505 1879 non

65 1899 194 1924 'Vnss
306 1895 340 1932 11
369 1895 421 1932 ad
451 1895 547 1932 Tim.
575 1907 598 1932 11
622 1895 654 1941 ²⁸,
683 1896 942 1932 Labor-antem
970 1895 1184 1946 agricolam
1214 1903 1298 1942 etc.,
1330 1896 1383 1932 di·
1438 1892 1616 1940 incurrat,
1646 1893 1708 1929 vel
1738 1893 2012 1942 cuiuscumque
2041 1894 2193 1931 alterius
2222 1895 2442 1932 indecentis.
2524 1900 2527 1901 ’

65 1952 149 1977 ‘Q
305 1947 355 1986 cit
390 1949 530 1986 Glossa
562 1948 604 1986 *z
648 1948 735 1986 Vult
770 1949 972 1998 Apostolus
1008 1950 1111 1998 quod
1151 1949 1384 1999 evangelista
1491 1946 1578 1983 Alio
1617 1946 1738 1983 modo
1781 1954 1907 1995 potest
1930 1947 2161 1985 considerari
2195 1949 2419 1985 mendicitas
2462 1961 2506 1986 ex

305 2002 493 2053 intelligat
519 2003 622 2051 quod
647 2003 861 2048 necessaria
899 2015 1051 2040 sumere
1078 2003 1127 2040 ab
1155 2003 1274 2040 eis'in
1304 2004 1384 2052 qui·
1438 2007 1545 2048 parte
1579 1999 1660 2036 eius
1698 2000 1804 2049 quod
1842 2000 1927 2048 quis
1960 2001 2218 2039 mendicando
2247 2002 2418 2050 acquirit.
2458 2003 2507 2039 Et

305 2057 374 2094 bus
408 2056 580 2102 laborat,
621 2068 696 2093 non
734 2062 788 2093 est
823 2056 1064 2103 mendicitas,
1105 2057 1172 2094 sed
1205 2062 1382 2105 potestas.
1438 2054 1492 2090 sic
1527 2053 1578 2091 ad
1612 2053 1914 2091 mendicandum
1951 2062 2077 2103 potest
2112 2055 2232 2092 homo
2271 2068 2316 2092 ex
2354 2056 2506 2093 duobus

305 2111 410 2158 Ergo
437 2109 591 2148 videtur
618 2109 726 2159 quod
749 2110 933 2158 religiosis
962 2123 1040 2147 non
1062 2118 1256 2159 competat
1275 2123 1384 2148 men·
1438 2107 1579 2144 induci.
1609 2108 1698 2145 Uno
1726 2109 1860 2155 modo,
1881 2120 1927 2144 ex
1946 2108 2149 2157 cupiditate
2172 2108 2338 2146 habendi
2357 2109 2506 2147 divitias

308 2163 448 2201 dicare.
1438 2162 1500 2198 vel
1529 2161 1676 2198 victum
1705 2161 1872 2198 otiosum
1893 2159 1918 2198 θ.
1949 2162 1998 2198 Et
2025 2162 2107 2199 talis
2130 2162 2354 2199 mendicitas
2382 2171 2439 2200 est
2466 2163 2506 2200 i1>-
2632 2169 2646 2194 θ

349 2218 436 2254 >San
457 2228 607 2254 CONTRA
626 2229 694 2254 EST
721 2216 828 2265 quod
849 2216 1031 2265 religiosis
1051 2217 1236 2266 competit
1253 2218 1386 2255 vivere
1439 2214 1550 2252 licita.
1580 2236 1604 2243 -
1634 2214 1720 2251 Alio
1749 2214 1888 2262 modo,
1920 2227 1965 2251 ex
1994 2216 2215 2253 necessitate
2248 2217 2311 2253 vel
2338 2216 2506 2254 utilitate.

305 2271 356 2309 ad
380 2270 633 2308 imitationem
654 2271 805 2308 Christi.
836 2271 912 2308 Sed
935 2270 1108 2308 Christus
1130 2271 1384 2309 mendicavit:
1440 2269 1498 2305 Ex
1535 2268 1759 2305 necessitate
1798 2268 1976 2317 quidem,
2016 2269 2112 2306 sicut
2141 2282 2229 2306 cum
2259 2269 2392 2318 aliquis
2428 2283 2507 2307 non

65 2333 282 2382 hunum.
306 2325 524 2363 secundum
551 2324 643 2362 illud
673 2324 818 2362 Psalmi
835 2323 874 2361 *t
910 2325 999 2374 Ego
1032 2330 1159 2362 autem
1192 2325 1386 2362 mendicus
1439 2329 1565 2370 potest
1593 2322 1747 2359 aliunde
1775 2322 1918 2358 habere
1947 2322 2050 2359 unde
2073 2322 2192 2369 vivat,
2213 2322 2284 2359 nisi
2303 2323 2507 2360 mendicet.

65 2386 78 2400 ⁸
95 2386 154 2410 Οτι
173 2385 282 2410 &niod-
305 2391 391 2416 sum
427 2384 464 2415 et
493 2389 668 2428 pauper,·
704 2378 770 2415 ubi
803 2377 894 2415 dicit
929 2378 1068 2415 Glossa
1091 2377 1134 2415 *z
1170 2379 1262 2415 Hoc
1298 2379 1388 2416 dicit
1440 2376 1498 2412 Ex
1525 2375 1684 2412 utilitate
1712 2383 1854 2421 autem,
1884 2375 1980 2412 sicut
2009 2388 2097 2412 cum
2127 2376 2259 2424 aliquis
2283 2376 2441 2413 intendit
2460 2377 2508 2414 ad

311 2432 482 2470 Christus
516 2432 563 2469 de
589 2444 630 2469 se
657 2443 709 2468 ex
730 2433 870 2481 forma
904 2432 1029 2476 servi‚·
1064 2439 1100 2468 et
1128 2431 1243 2469 infra:
1272 2433 1386 2470 Men-
1439 2429 1584 2477 aliquid
1612 2429 1702 2466 utile
1722 2429 2001 2477 perficiendum
2031 2427 2135 2478 quod
2155 2429 2236 2466 sine
2256 2429 2508 2478 eleemosynis

307 2485 414 2523 dicus
442 2491 496 2523 est
523 2486 590 2535 qui
615 2486 664 2523 ab
692 2485 768 2522 alio
790 2485 895 2534 petit,
924 2491 959 2522 et
981 2497 1132 2534 pauper
1150 2491 1206 2522 est
1232 2486 1300 2535 qui
1316 2487 1389 2524 sibi
1439 2483 1611 2520 fidelium
1640 2483 1764 2519 facere
1794 2494 1872 2519 non
1900 2490 2042 2532 potest:
2082 2483 2177 2519 sicut
2205 2490 2384 2532 petuntur
2412 2484 2508 2520 elee-

68 2542 283 2592 gunnam.
309 2552 384 2577 non
412 2540 564 2587 sufficit.
594 2540 644 2576 Et
672 2538 710 2576 in
739 2539 814 2576 alio
835 2539 991 2575 Psalmo
1010 2538 1051 2576 *ε
1080 2539 1168 2589 Ego
1189 2551 1333 2589 egenus
1351 2546 1390 2577 et
1439 2549 1626 2586 mosynae
1655 2549 1725 2586 pro
1746 2535 2029 2573 constructione
2048 2542 2056 2557 ²
2084 2536 2211 2584 pontis
2230 2537 2293 2573 vel
2314 2536 2505 2584 ecclesiae,
2636 2553 2643 2568 ι

66 2585 283 2646 auggg-...nore
301 2604 456 2642 pauper
480 2605 589 2630 sum.-
616 2591 683 2629 ubi
713 2592 801 2629 dicit
829 2593 968 2630 Glossa
986 2591 1024 2629 *ε
1052 2593 1141 2642 Ego
1161 2591 1275 2630 sum⁸
1298 2605 1385 2643 ege-
1439 2591 1501 2627 vel
1537 2590 1845 2639 quibuscumque
1883 2589 1964 2626 aliis
2000 2589 2179 2637 operibus
2214 2602 2313 2638 quae
2345 2598 2509 2637 vergunt

166 2649 182 2677 ⁸
310 2659 400 2693 nus,
437 2646 529 2683 idest
562 2651 719 2694 petens;
755 2651 793 2682 et
817 2657 986 2694 pauper,
1025 2646 1118 2682 idest
1154 2647 1386 2694 insufficiens
1438 2644 1476 2681 in
1501 2644 1699 2681 utilitatem
1721 2655 1988 2688 communem;
2019 2643 2114 2679 sicut
2133 2643 2337 2689 scholares,
2357 2650 2399 2679 ut
2418 2655 2506 2691 pos-

309 2700 414 2746 mihi,
444 2699 534 2748 quia
563 2700 778 2736 mundanas
801 2699 929 2747 copias
957 2711 1033 2736 non
1053 2700 1186 2736 haheo.
1216 2700 1266 2736 Et
1294 2701 1385 2737 Hie-
1439 2698 1512 2735 sint
1539 2709 1678 2735 vacare
1703 2696 1829 2733 studio
1849 2696 2067 2745 sapientiae.
2099 2697 2146 2732 Et
2164 2697 2239 2733 hoc
2259 2696 2378 2733 modo
2399 2708 2505 2733 men—

310 2765 498 2803 ronymus
537 2752 644 2799 dicit,
679 2752 717 2789 in
755 2752 924 2802 quadam
963 2751 1145 2801 epistola:
1187 2753 1290 2790 Cave
1325 2767 1383 2800 ne,
1439 2750 1571 2789 dicitas
1601 2758 1656 2787 est
1683 2749 1800 2796 licita,
1840 2749 1935 2786 sicut
1967 2749 2242 2796 saecularibus,
2282 2749 2331 2786 ita
2359 2756 2396 2786 et
2425 2749 2506 2786 reli-

309 2808 478 2846 Domino
506 2812 570 2844 tuo
598 2806 846 2852 mendicante,
875 2805 1017 2843 scilicet
1046 2806 1212 2853 Christo,
1241 2807 1387 2845 alienas
1439 2804 1567 2854 glosis.

309 2862 458 2900 divitias
485 2872 686 2911 congeras.
722 2861 824 2908 Ergo
855 2859 1090 2897 conveniens
1120 2868 1175 2896 est
1204 2861 1388 2909 religiosis
1490 2861 1550 2895 AD
1579 2869 1718 2895 prunum
1737 2868 1836 2894 ERGO
1854 2868 2040 2893 DlCENDUM
2069 2857 2172 2904 quod
2201 2855 2434 2903 Augustinus
2454 2857 2504 2894 ibi

310 2915 546 2953 mendicare.
1330 2917 1332 2919 “
1439 2912 1608 2961 loquitur
1634 2923 1811 2960 expresse
1833 2909 1882 2946 de
1901 2910 1959 2946 his
1980 2909 2044 2958 qui
2064 2921 2109 2946 ex
2128 2915 2145 2931 ²
2173 2909 2377 2958 cupiditate
2397 2921 2504 2947 men·
2628 2925 2644 2942 ι

169 2976 184 2996 ⁸
365 2970 595 3007 Responnso
615 2978 802 3004 DICENDUM
825 2967 930 3016 quod
951 2966 1049 3002 circa
1068 2962 1354 3005 mendicitatem
1374 2973 1386 2990 ⁸
1440 2966 1578 3003 dicant.

311 3022 390 3061 duo
418 3030 582 3072 possunt
603 3020 848 3058 considerari.
878 3020 1009 3057 Unum
1031 3019 1188 3069 quidem
1214 3033 1259 3057 ex
1278 3029 1386 3070 parte
1492 3021 1552 3056 Ao
1581 3029 1773 3055 SECUNDUM
1807 3028 1993 3054 mcENDUM
2022 3015 2125 3065 quod
2153 3014 2277 3064 prima
2295 3015 2419 3063 glossa
2448 3016 2502 3052 lo—

311 3084 419 3115 actus
445 3076 566 3126 ipsius
585 3073 890 3120 mendicationis,
920 3086 1019 3122 quae
1047 3074 1164 3111 habet
1191 3075 1387 3122 quandam
1439 3073 1566 3122 quitur
1585 3072 1632 3109 de
1661 3070 1842 3120 petitione
1862 3082 1960 3119 quae
1988 3070 2031 3107 fit
2050 3082 2095 3106 ex
2124 3068 2347 3118 cupiditate:
2376 3077 2418 3106 ut
2438 3081 2504 3117 pa-

311 3130 568 3168 abiectionem
597 3129 668 3167 sibi
696 3128 965 3166 coniunctam:
999 3127 1049 3164 illi
1077 3127 1180 3164 enim
1207 3128 1389 3165 videntur
1439 3134 1491 3163 tet
1519 3138 1565 3162 ex
1599 3125 1727 3162 verbis
1754 3123 1941 3173 Apostoli.
1959 3143 1986 3151 -
2015 3123 2193 3160 Secunda
2220 3130 2348 3159 autem
2377 3123 2502 3170 glossa

311 3183 557 3221 abiectissimi
593 3183 690 3220 inter
723 3182 901 3220 homines
931 3193 1014 3218 esse
1052 3180 1117 3229 qui
1150 3193 1229 3218 non
1258 3183 1385 3219 solum
1438 3180 1606 3228 loquitur
1625 3178 1672 3215 de
1691 3177 1761 3214 illis
1782 3177 1847 3226 qui
1865 3175 1880 3198 λ
1907 3177 2052 3225 absque
2077 3175 2183 3213 omni
2203 3175 2356 3212 utilitate
2385 3187 2501 3223 quarn
2625 3181 2644 3208 λ
