2768 4198
325 306 400 342 288
1004 302 1270 350 QUAESTIO
1301 301 1439 349 CLIX,
1469 302 1766 340 ARTICULUS
1797 304 1829 340 II

323 391 370 415 est
393 385 482 426 quod
504 384 586 416 vitiis
610 383 802 415 bestialitatis
825 382 1013 423 respondere
1032 387 1167 421 possunt
1186 380 1260 411 vitia
1284 380 1389 420 aliqua
1414 379 1418 417 Ι
1442 380 1539 411 stialis
1562 381 1697 413 videtur.
1722 382 1783 413 Sed
1807 382 1883 423 quia
1906 383 2062 414 rarissime
2092 391 2147 415 aut
2170 394 2338 425 nunquam
2361 393 2514 427 apparent

324 429 438 465 directe
462 429 506 460 eis
529 429 677 470 opposita
699 438 755 469 per
779 427 947 458 defectum.
971 426 1012 456 Et
1035 425 1114 455 ratio
1131 431 1177 456 est
1200 424 1276 465 quia
1291 424 1323 454 in
1340 424 1389 474 his

323 482 405 515 quae
436 480 519 504 extra
543 474 684 504 humana
713 478 800 510 sunt,
826 471 906 501 sicut
936 469 1090 509 contingit
1117 469 1286 500 bestialitas
1314 478 1388 509 quia

322 518 422 549 homo
446 517 589 548 humano
613 517 712 547 modo
743 515 919 552 exceditur,
944 513 987 545 ita
1011 513 1165 553 contingit
1192 512 1323 543 deficere
1345 513 1388 543 ita

322 570 358 594 ut
380 561 510 593 rationis
534 562 612 592 ordo
630 560 765 592 totaliter
779 568 846 589 non
869 558 1062 589 attendatur:
1086 564 1164 597 puta
1184 557 1209 587 si
1233 557 1305 598 quis
1321 563 1387 588 tam

322 613 506 638 mansuetus
522 606 561 637 sit
577 612 612 636 ut
628 604 802 635 secundum
819 602 940 633 nullam
954 601 1111 632 rationem
1135 608 1387 632 contra-movea-

321 658 373 682 tur
395 652 434 681 ad
458 650 694 691 quodcumque.
719 647 806 678 Talis
823 646 908 677 enim
924 646 1092 687 dispositio
1109 646 1199 687 peior
1213 656 1311 687 quam
1335 647 1387 677 be-

1441 425 1629 456 huiusmodi
1651 426 1735 463 vitia,
1761 433 1791 457 et
1813 426 2014 459 innominata
2036 435 2120 465 sunt,
2140 428 2213 459 ideo
2236 429 2332 461 latere
2354 430 2511 462 videntur.

1441 471 1616 500 Attestatur
1639 477 1747 501 autem
1761 471 1810 501 his
1833 472 1923 513 quod
1938 472 2086 504 homines
2109 473 2275 514 utriusque
2298 484 2390 505 sexus
2407 475 2513 506 nudos

1441 513 1568 553 publice
1592 515 1770 545 conversari
1793 516 2016 554 communiter,
2041 518 2081 548 ad
2105 517 2300 549 bestialitatis
2318 518 2434 549 vitium
2457 529 2513 560 per

1442 557 1603 589 defectum
1626 558 1706 589 circa
1721 559 1872 590 vestitum
1895 567 2031 601 spectat:
2057 568 2087 592 et
2103 563 2270 593 comedere
2289 563 2442 594 carbones
2458 570 2513 594 aut

1442 602 1561 632 calcem
1584 612 1640 633 seu
1664 609 1788 640 terram,
1813 604 1853 634 ad
1877 604 2071 636 bestialitatis
2093 607 2208 638 vitium
2231 617 2287 647 per
2311 607 2471 638 defectum
2495 618 2512 638 a

1442 646 1575 677 naturali
1599 647 1671 677 cibo
1695 654 1825 688 spectat.
