2768 4198
283 292 332 328 28
943 287 1211 335 QUAESTIO
1241 287 1418 334 CXXIV,
1447 287 1747 325 ARTICULUS
1778 288 1807 323 ll

962 418 1299 451 Commentario.
1321 417 1575 450 cardinalis
1596 418 1799 451 Caietani

313 531 332 551 N
356 520 489 551 articulo
509 519 614 560 primo
630 517 826 559 quaestionis
846 514 1350 554 centesimaevigesimaequartae,

287 533 438 595 Iadverte
455 564 554 605 quod,
570 573 644 594 cum
660 563 693 592 in
709 562 810 593 littera
833 560 948 591 dicitur
970 559 1059 599 quod
1081 559 1196 589 bonum
1214 559 1352 589 rationis

281 609 424 640 consistit
447 610 478 638 in
503 609 636 639 veritate
659 607 741 637 sicut
764 607 795 636 in
815 604 950 645 proprio
973 603 1104 641 obiecto,
1128 608 1159 633 et
1178 604 1210 633 in
1228 603 1350 633 iustitia

280 655 363 684 sicut
386 654 418 683 in
437 653 572 693 proprio
596 650 721 691 effectu,
747 660 803 690 per
826 650 949 679 bonum
966 647 1095 678 rationis
1111 657 1178 677 non
1195 646 1351 687 intelligas

281 698 388 727 solum
403 698 526 727 bonum
542 695 671 726 rationis
691 694 853 734 practicae,
870 692 960 733 quod
979 692 1147 731 prudentia
1164 691 1271 732 ponit:
1297 691 1352 721 sed

280 742 375 772 etiarn
396 742 518 771 bonum
535 739 664 771 rationis
681 738 901 778 speculativae,
918 736 1007 777 quod
1026 735 1104 767 fides
1119 736 1224 766 infusa
1249 736 1351 776 ponit.
1378 733 1380 761 !
1461 737 1567 767 Prima
1590 743 1708 772 autem,
1734 746 1771 767 ex
1794 746 1882 776 parte
1905 737 2102 774 intentionis,
2126 737 2279 778 implicat,
2305 738 2386 769 sicut
2409 748 2482 778 pro-

280 786 320 816 Et
343 786 486 815 similiter
510 794 564 824 per
586 783 739 814 iustitiam
763 792 829 812 non
845 781 999 821 intelligas
1015 781 1123 811 solum
1139 780 1276 812 iustitiae
1292 779 1353 810 vir·
1379 791 1381 817 ᾗ
1406 781 1531 812 testatio
1557 788 1667 811 contra
1690 780 1819 812 factum.
1850 780 2053 818 Ridiculum,
2077 782 2179 813 immo
2203 782 2329 813 fatuum
2352 789 2398 813 est
2427 782 2483 813 ali-

280 837 380 860 tutem
412 829 591 859 distinctam
623 834 732 857 contra
763 826 856 856 alias:
893 826 948 856 sed
979 825 1196 856 universaliter
1228 825 1353 855 bonum
1379 831 1381 852 1
1406 835 1505 866 quern
1529 825 1723 865 suspendere
1747 835 1780 855 se
1803 825 1959 856 lethaliter
1981 832 2013 856 et
2036 836 2102 856 non
2117 826 2280 858 intendere
2303 827 2403 863 mori;
2428 834 2484 858 aut

280 874 375 914 partis
399 873 598 913 appetitivae,
622 881 704 912 quae
723 870 842 902 iustitia
856 877 988 901 vocatur
1011 879 1095 911 quae
1109 874 1155 900 est
1172 868 1352 910 perfidem
1379 854 1381 878 ι
1407 877 1570 910 percutere
1594 879 1627 900 se
1650 869 1684 899 in
1708 869 1813 906 corde,
1839 875 1908 906 etc„
1933 869 1972 900 ad
1997 877 2152 907 mor-tem,
2175 878 2208 902 et
2231 882 2298 902 non
2320 871 2484 902 intendere

1403 515 1523 545 rantiae
1544 523 1644 552 «rat,
1668 516 1745 556 quia
1772 515 1951 556 ignorantia
1977 515 2054 546 iuris
2078 515 2229 546 naturalis
2253 522 2363 546 contra
2390 525 2480 555 prae-

1404 566 1494 599 cepta
1522 558 1630 599 priora
1654 559 1828 600 praeceptis
1852 560 1995 600 decalogi
2023 559 2152 590 nullum
2175 566 2312 590 excusat.
2345 559 2481 591 Constat

1404 611 1513 635 autern
1544 605 1634 644 quod
1658 614 1725 635 non
1749 605 1893 635 occidere
1918 604 2060 644 seipsum
2083 611 2130 635 est
2159 604 2247 644 prius
2275 611 2479 645 praeceptum

1405 657 1503 688 quam
1538 648 1610 678 Non
1634 649 1772 686 occides,
1798 649 1887 689 quod
1910 655 1957 679 est
1980 656 2184 689 praeceptum
2210 649 2368 690 decalogi:
2401 649 2482 679 sicut

1406 702 1496 722 amor
1521 692 1638 722 suimet
1661 692 1748 732 prior
1771 700 1802 724 et
1829 693 2004 723 naturalior
2027 700 2074 724 est
2105 703 2204 734 quarn
2227 704 2319 724 amor
2342 693 2480 724 alterius.

42 920 102 941 ‘Ad
115 920 187 946 Rom„
201 925 252 947 0⁸9-
279 918 353 948 Iesu
376 918 495 948 Christi
510 917 536 947 *.
567 916 611 947 Ita
634 916 724 956 quod
748 925 804 956 per
826 915 904 946 haec
926 915 992 945 duo
1017 914 1287 955 comprehensum
1308 921 1355 944 est
1407 914 1506 951 mori;
1537 921 1568 945 et
1592 914 1736 944 similiter
1766 913 1920 954 proiicere
1942 923 1976 944 se
2003 914 2036 944 in
2060 914 2168 954 ignem
2191 923 2248 947 aut
2269 916 2406 947 fluvium
2429 922 2485 947 aut

40 953 76 973 '¹¹’
91 953 150 968 '‘er‘’
165 952 199 967 ²²⁰
279 963 403 992 bonum
417 962 571 992 virtutum
586 960 735 991 omnium
754 959 1015 1000 theologicalium
1037 966 1067 990 et
1086 958 1270 995 moralium,
1288 965 1354 989 tam
1380 974 1381 987 ι
1407 969 1509 996 mare,
1534 966 1565 990 et
1588 969 1655 990 non
1679 958 1843 990 intendere
1866 958 2029 998 submergi
2053 966 2108 990 aut
2129 960 2295 991 comburi:
2326 960 2388 992 nisi
2411 960 2484 1002 quis

278 1006 504 1047 acquisitarum
528 1015 627 1046 quam
650 1004 839 1036 infusarum.
871 1005 1001 1035 Bonum
1030 1013 1170 1045 namque
1193 1004 1354 1045 appetitus
1380 1016 1381 1045 j
1408 1015 1510 1046 usque
1534 1004 1614 1035 adeo
1639 1003 1773 1044 desipiat
1796 1010 1832 1034 ut
1855 1003 1938 1034 dicat
1960 1002 1993 1033 id
2022 1003 2132 1034 solum
2155 1014 2223 1035 esse
2245 1014 2283 1036 ex
2308 1005 2485 1036 intentione

279 1061 296 1080 a
319 1052 407 1081 bono
432 1050 562 1081 rationis
587 1049 719 1080 derivari
743 1059 870 1080 necesse
894 1055 955 1085 est,
980 1056 1011 1080 et
1035 1059 1102 1079 esse
1126 1048 1294 1089 proprium
1319 1048 1354 1078 il-
1380 1076 1381 1081 ,
1407 1050 1496 1091 quod
1521 1056 1567 1080 est
1590 1047 1806 1089 principaliter
1832 1047 2012 1084 intentum,
2039 1055 2069 1079 et
2099 1055 2267 1089 propterea
2297 1049 2485 1080 secundario

279 1095 340 1126 lius
364 1094 527 1126 effectum:
554 1105 592 1125 eo
617 1095 717 1125 modo
742 1104 808 1135 quo
834 1104 869 1124 ea
889 1104 971 1135 quae
991 1093 1024 1124 in
1041 1093 1162 1124 ratione
1179 1100 1263 1130 sunt,
1282 1103 1354 1124 cau·
1380 1097 1381 1100 ’
1407 1094 1506 1125 volita
1536 1104 1602 1125 non
1626 1092 1787 1133 imputari.
1819 1093 1904 1123 Nam
1934 1092 1978 1123 sic
2006 1092 2100 1123 Iudas
2124 1100 2306 1130 excusatur,
2331 1093 2387 1134 qui
2418 1104 2486 1125 non

279 1146 349 1170 sant
373 1150 408 1170 ea
433 1150 515 1181 quae
539 1139 699 1180 appetitus
723 1146 807 1170 sunt.
1380 1155 1382 1169 ÷
1408 1146 1538 1180 propter
1554 1138 1635 1169 mori
1660 1148 1692 1168 se
1709 1137 1885 1178 suspendit,
1903 1137 1958 1168 sed
1975 1144 2011 1168 ut
2027 1137 2258 1178 poenitentiam
2275 1145 2380 1178 ageret
2394 1137 2421 1175 *,
2436 1139 2487 1170 vel
2513 1141 2725 1167 ·uatth.c.xxvn,

335 1184 372 1214 ΙΙ.
398 1184 432 1214 ln
450 1185 565 1215 eodem
584 1184 689 1224 primo
706 1183 851 1218 atticum,
868 1182 901 1213 in
917 1182 1126 1223 responsione
1141 1182 1181 1212 ad
1201 1182 1354 1223 primurn,
1380 1175 1382 1214 Ι
1408 1184 1553 1215 evaderet
1576 1182 1747 1214 miseriam.
1772 1183 1813 1213 Et
1837 1182 1948 1213 eadem
1972 1189 2018 1213 est
2041 1182 2120 1213 ratio
2146 1183 2184 1213 de
2209 1183 2319 1214 ceteris
2343 1193 2376 1213 se
2392 1182 2487 1214 inter·
2513 1174 2573 1190 '⁶¹⁸‘
2587 1173 2600 1197 ³
2614 1173 2666 1196 '⁴¹⁴¹‘

279 1229 404 1259 adverte
428 1229 517 1270 quod
541 1228 731 1269 martyrium
754 1228 976 1263 Innocentum‚
1001 1227 1088 1268 apud
1110 1229 1296 1264 Auctorem,
1313 1227 1356 1258 ita
1380 1217 1383 1279 ἶ
1407 1227 1603 1260 ficientibus:
1629 1228 1705 1269 quia
1729 1237 1842 1258 omnes
1866 1227 1954 1258 aliud
1978 1237 1995 1257 a
2019 1234 2123 1258 morte
2146 1227 2363 1268 principaliter
2385 1227 2488 1258 inten-

280 1280 327 1304 est
350 1273 549 1304 meritorium
573 1273 713 1303 caelestis
737 1273 863 1313 palmae
891 1272 972 1303 sicut
1001 1272 1179 1312 baptismus
1207 1272 1356 1312 parvulo·
1381 1283 1383 1310 ς
1409 1274 1490 1305 dunt
1517 1283 1573 1314 per
1596 1279 1704 1304 actum
1736 1272 1828 1303 illum
1852 1271 2071 1303 voluntarium
2102 1282 2170 1313 quo
2194 1279 2333 1303 mortem
2357 1279 2488 1304 causant

279 1327 352 1348 rum
376 1324 423 1348 est
446 1317 647 1348 meritorium
669 1317 751 1348 vitae
767 1323 922 1348 aeternae.
946 1317 1030 1347 Nam
1053 1316 1135 1347 sicut
1159 1316 1281 1357 parvuli
1306 1327 1353 1347 ra·
1407 1318 1538 1350 sciendo
1561 1318 1651 1359 quod
1675 1325 1764 1349 actus
1787 1317 1840 1347 ille
1862 1316 1957 1347 infert
1973 1323 2122 1354 mortem,
2138 1323 2176 1348 ut
2194 1317 2287 1348 estin
2305 1316 2486 1358 proposito.

279 1362 367 1394 tione
391 1362 541 1403 baptismi
565 1369 727 1393 merentur
749 1361 931 1402 praemium
954 1361 1037 1392 vitae
1056 1368 1210 1398 aeternae,
1236 1371 1303 1393 non
1320 1372 1355 1392 ex
1382 1379 1383 1400 3
1465 1363 1506 1394 Et
1525 1372 1561 1394 ex
1577 1362 1639 1394 hoc
1654 1362 1751 1393 habes
1767 1362 1853 1392 unde
1867 1372 1885 1392 a
1904 1361 2053 1398 Martium,
2070 1361 2190 1393 ibidem
2203 1361 2232 1399 ⁸,
2246 1370 2357 1393 cavere
2373 1360 2488 1395 debeas
2516 1364 2523 1372 ⁰
2535 1361 2728 1411 R?F·⁸dd=¹·s·3

280 1407 389 1448 aliquo
414 1407 545 1448 proprio
570 1407 694 1443 merito,
720 1406 775 1436 sed
798 1406 912 1437 merito
934 1406 1003 1436 lesu
1019 1405 1138 1437 Christi
1163 1405 1206 1436 eis
1231 1416 1287 1447 per
1302 1406 1356 1437 ba·
1382 1401 1384 1452 ξ
1409 1408 1533 1439 dicente
1563 1407 1652 1448 quod
1681 1407 1714 1437 in
1738 1416 1812 1438 casu
1837 1405 1870 1437 in
1893 1415 1961 1447 quo
1985 1405 2187 1438 Christianus
2209 1416 2229 1438 a
2251 1413 2388 1448 tyranno
2410 1412 2488 1438 con-
2515 1394 2579 1411 eon.
2593 1393 2638 1411 σω
2661 1394 2728 1410 um.

43 1719 53 1729 “
65 1718 175 1740 Conclus.
183 1717 205 1744 6,
214 1723 254 1739 co-

43 1745 94 1766 roll.
114 1750 132 1766 2.

43 2163 51 2171 ¹
67 2162 135 2189 Resp.
146 2162 175 2183 ad
186 2167 234 2190 arg.
247 2168 253 2183 ι

43 2192 104 2210 cont⁴
121 2189 224 2211 conclus.
239 2195 254 2210 ι.

54 3454 62 3463 ·
78 3452 144 3475 Vera.
161 3453 184 3474 8.

53 3511 62 3520 ⁸
76 3510 215 3532 Taurinens.

280 1451 437 1492 ptismum
460 1451 716 1488 communicato;
740 1451 782 1482 ita
802 1450 1039 1487 Innocentibus,
1065 1457 1096 1481 et
1119 1450 1264 1482 similiter
1287 1451 1357 1492 qui-

281 1496 417 1527 busdam
447 1495 621 1527 infantibus
653 1506 713 1536 pro
742 1494 870 1526 Christo
901 1495 1014 1526 occisis
1049 1495 1144 1526 etiarn
1180 1495 1212 1525 in
1249 1495 1356 1527 matris
1382 1497 1384 1523 ῑ

282 1548 383 1578 utero,
409 1539 520 1572 effusio
544 1540 707 1581 sanguinis
732 1546 779 1570 est
802 1539 963 1570 meritoria
987 1546 1131 1570 aeternae
1148 1540 1274 1580 palmae
1290 1550 1356 1571 non

282 1585 414 1626 proprio
437 1586 567 1621 merito,
591 1585 646 1615 sed
670 1585 784 1615 merito
815 1584 973 1625 passionis
996 1583 1115 1615 Christi
1140 1584 1185 1615 eis
1209 1594 1357 1616 commu-

282 1630 387 1660 nicato
412 1640 468 1670 per
491 1629 687 1670 baptismum
711 1629 885 1669 sanguinis.

339 1674 380 1705 Et
403 1674 479 1705 haec
503 1674 566 1705 sint
589 1674 670 1705 dicta
694 1681 824 1714 propter
847 1673 1031 1709 Martinam,
1048 1673 1081 1703 in
1102 1672 1186 1704 dicto
1201 1674 1242 1704 de
1256 1674 1359 1705 For-ti·
1383 1669 1385 1698 ’ἶ

282 1719 393 1749 tudine
416 1725 559 1755 tractatu,
578 1719 616 1749 de
636 1718 788 1760 Martyrio
808 1728 862 1759 qu.
886 1729 895 1748 i
917 1717 943 1754 *‚
962 1717 1151 1759 oppositum
1175 1728 1306 1749 sensum
1321 1728 1359 1750 ex

282 1763 331 1793 his
361 1763 480 1794 litterae
504 1763 606 1794 verbis
634 1769 860 1793 assumentem.
894 1765 1016 1793 Auctor
1045 1771 1185 1803 namque
1214 1772 1358 1804 expresse
1384 1781 1385 1789 κ

282 1807 375 1848 ponit
405 1807 545 1848 martyrii
577 1806 694 1838 Christi
725 1806 875 1837 meritum
906 1806 938 1836 in
967 1806 1210 1842 innocentibus,
1237 1814 1268 1838 et
1290 1817 1357 1838 non

281 1852 389 1882 solum
418 1851 597 1892 praemium
624 1851 754 1891 gloriae.
788 1851 855 1881 Nec
877 1860 915 1880 ex
939 1850 1066 1891 speciali
1094 1851 1260 1891 privilegio
1283 1851 1360 1883 dicit

281 1896 344 1926 hoc
368 1903 549 1936 competere
574 1895 810 1926 Innocentibus.
843 1895 884 1925 Et
908 1901 1032 1926 constat
1061 1895 1151 1936 quod
1176 1896 1288 1926 eadem
1311 1903 1359 1927 est

282 1940 361 1971 ratio
387 1940 425 1971 de
441 1940 593 1971 omnibus
607 1939 781 1970 infantibus
806 1945 936 1980 propter
951 1938 1117 1970 Christum
1132 1939 1255 1976 occisis,
1280 1947 1358 1981 puta

282 1985 357 2026 quia
380 1992 455 2015 sunt
478 1983 735 2016 Christianorum
759 1982 832 2014 filii:
857 1993 933 2014 nam
961 1983 1182 2015 Christianitas
1206 1991 1253 2016 est
1276 1995 1358 2027 quae

282 2029 393 2060 mortis
410 2039 504 2060 causa
519 2036 580 2065 est;
606 2028 725 2059 mortui
741 2035 847 2059 autem
870 2027 991 2059 ratione
1008 2027 1253 2060 Christianitatis
1276 2039 1358 2060 mar-

281 2081 366 2115 tyres
389 2081 472 2116 sunt,
497 2080 533 2104 ut
556 2073 638 2104 infra
652 2072 670 2092 ¹⁸¹
693 2073 821 2114 patebit.

338 2118 389 2150 111.
415 2118 451 2149 ln
474 2118 591 2149 eodem
613 2118 720 2159 primo
745 2117 889 2153 articulo,
913 2117 946 2148 in
963 2117 1172 2158 responsione
1188 2117 1228 2148 ad
1244 2128 1358 2149 secun—
1384 2126 1385 2129 ’

282 2164 371 2200 dum,
388 2163 554 2199 Martinus,
570 2163 602 2193 in
627 2162 739 2193 eadem
754 2162 941 2204 quaestione
956 2162 983 2199 ⁴²,
1001 2162 1148 2199 occurrit,
1166 2169 1275 2194 contra
1291 2166 1359 2194 Au-

282 2207 377 2239 ctoris
401 2207 597 2239 solutionem
621 2207 738 2238 directe
756 2217 901 2248 arguenS,
926 2206 1063 2238 dicendo
1086 2207 1177 2249 quod
1201 2217 1276 2238 cum
1299 2207 1358 2239 hac
1383 2209 1386 2270 ἡ

282 2251 443 2282 solutione
467 2252 571 2283 adhuc
599 2258 659 2283 stat
682 2251 729 2282 vis
753 2251 899 2283 rationis:
933 2251 1009 2293 quia
1038 2251 1064 2282 si
1093 2251 1279 2284 occiderunt
1306 2263 1357 2289 se,

283 2303 390 2327 actum
405 2296 562 2333 illicitum,
584 2303 614 2327 et
638 2306 704 2327 non
720 2296 870 2338 martyrii,
888 2296 1079 2327 habuerunt.
1103 2296 1198 2328 Unde
1217 2303 1248 2328 et
1271 2297 1361 2328 aliter
1384 2295 1386 2330 ὲ

283 2341 455 2381 respondet
479 2340 656 2382 dupliciter.
688 2341 813 2379 Primo,
839 2341 927 2382 quod
951 2350 1018 2372 non
1043 2340 1228 2372 occiderunt
1251 2351 1288 2372 ex
1311 2341 1359 2373 in-

283 2385 440 2417 tentione:
473 2386 548 2426 quia
570 2385 644 2425 licet
667 2392 774 2417 actum
799 2386 1035 2417 committerent
1057 2386 1143 2417 unde
1167 2387 1361 2427 sequebatur

283 2440 371 2462 mors
395 2440 524 2467 earum,
550 2440 615 2461 non
644 2437 752 2461 tamen
775 2430 980 2462 intendebant
1010 2440 1066 2471 per
1094 2430 1156 2462 hoc
1179 2431 1279 2468 mori,
1304 2432 1360 2463 sed

280 2485 406 2507 servare
429 2474 626 2516 pudicitiam.

340 2519 506 2557 Secundo,
530 2519 620 2561 quod
644 2518 822 2560 ignorantia
846 2519 936 2557 iuris,
962 2520 1069 2551 adiuta
1093 2529 1130 2551 ex
1154 2519 1276 2552 fervore
1301 2531 1360 2562 pu-

285 2563 424 2601 dicitiae,
451 2563 608 2595 excusavit
632 2573 683 2594 eas
707 2574 747 2595 ne
770 2563 833 2595 hoc
856 2564 1066 2606 imputaretur
1089 2563 1134 2595 eis
1161 2564 1201 2595 ad
1225 2565 1360 2597 demeri-

285 2615 355 2640 mm
379 2609 468 2649 quod
493 2608 570 2639 alias
594 2608 655 2639 fuit
677 2615 855 2649 peccatum.

341 2653 402 2684 Sed
437 2653 514 2684 haec
545 2653 672 2684 Martini
704 2653 787 2684 dicta
817 2652 908 2684 facile
939 2653 1152 2684 ostenduntur
1182 2664 1199 2684 a
1229 2654 1359 2686 veritate

283 2698 397 2729 aliena.
420 2697 587 2735 Quoniam
605 2698 675 2729 sola
689 2697 838 2729 Auctoris
855 2698 974 2730 solutio
990 2698 1139 2730 satisfacit
1156 2706 1359 2739 argumento,

285 2743 417 2773 tendens
440 2743 480 2773 ad
504 2742 566 2774 hoc
589 2742 679 2783 quod
702 2752 740 2773 ex
762 2742 889 2782 speciali
914 2743 1023 2774 divino
1040 2743 1190 2774 instinctu
1211 2744 1361 2776 mulieres

285 2787 356 2818 illae
380 2797 412 2818 se
436 2786 630 2823 occiderunt,
654 2786 697 2818 ita
721 2787 810 2828 quod
834 2794 986 2829 martyres
1010 2787 1128 2829 seipsas
1153 2787 1290 2820 facerent
1314 2789 1360 2820 di-

286 2831 359 2862 vina
383 2831 579 2863 auctoritate.
612 2831 841 2863 Excusationes
871 2831 1030 2873 siquidem
1061 2833 1172 2863 ambae
1203 2833 1315 2864 allatae
1343 2844 1361 2864 a

285 2875 424 2907 Martino
441 2875 536 2907 falsae
560 2883 655 2917 atque
680 2876 875 2917 perniciosae
891 2883 975 2913 sunt,
1001 2884 1066 2907 tarn
1090 2887 1127 2908 ex
1143 2885 1232 2918 parte
1248 2877 1362 2909 volun-

285 2920 358 2951 tatis
387 2930 484 2961 quam
509 2930 546 2951 ex
569 2927 658 2961 parte
680 2920 868 2951 intellectus.
900 2921 1067 2962 Siquidem
1095 2931 1132 2952 ex
1154 2929 1243 2963 parte
1265 2922 1360 2963 igno-

1058 3057 1380 3101 ARTICULUS

1382 1460 1384 1493 ζ
1410 1453 1539 1484 stitutus
1565 1461 1673 1483 coram
1697 1451 1786 1482 idolo
1811 1450 1855 1482 sic
1885 1451 1975 1492 quod
2003 1450 2117 1482 habeat
2140 1458 2213 1483 ante
2236 1461 2270 1482 se
2292 1450 2423 1483 foveam
2443 1449 2490 1486 im

1409 1497 1506 1528 altam
1530 1503 1566 1527 ut
1589 1506 1680 1528 casus
1704 1495 1744 1526 sit
1767 1494 1926 1532 mortalis3
1952 1502 1983 1526 et
2007 1495 2121 1527 habeat
2145 1502 2302 1527 statutum
2316 1505 2335 1526 a
2351 1502 2488 1538 tyranno

1383 1563 1384 1582 3
1409 1541 1468 1573 sibi
1492 1541 1683 1582 impositum
1707 1540 1806 1582 quod,
1831 1539 1857 1571 si
1881 1546 1957 1576 stat,
1981 1539 2168 1581 intelligitur
2191 1540 2322 1571 adorare
2345 1540 2488 1578 idolum:

1411 1596 1468 1617 nec
1496 1592 1603 1626 potest
1631 1585 1788 1616 declinare
1811 1594 1830 1615 a
1852 1584 1968 1615 stando
1992 1592 2065 1616 ante
2087 1585 2215 1616 idolum
2246 1585 2307 1616 nisi
2334 1585 2489 1627 praeeipi-

1410 1631 1508 1662 tando
1538 1640 1572 1661 se
1600 1630 1634 1661 in
1662 1629 1790 1662 foveam
1814 1629 1946 1660 mortis:
1969 1646 1990 1652 —
2013 1630 2104 1671 quod
2135 1630 2161 1661 si
2189 1639 2228 1661 ex
2256 1639 2318 1661 suo
2346 1637 2428 1662 stare
2459 1637 2491 1662 et

1410 1674 1618 1716 protestando
1632 1674 1736 1706 verbis
1759 1674 1849 1716 quod
1869 1683 1935 1705 non
1951 1673 2088 1706 intendit
2101 1674 2235 1706 adorare
2244 1674 2383 1711 idolum,
2399 1684 2490 1707 scer*

1411 1719 1587 1751 dalizantur
1601 1719 1776 1755 adstantes;
1802 1719 1892 1760 quod
1916 1719 1997 1750 bene
2021 1718 2095 1750 facit
2117 1718 2324 1761 praecipitare
2340 1729 2374 1750 se
2389 1719 2422 1750 in
2438 1718 2489 1751 fo-

1410 1774 1513 1800 veam,
1537 1774 1604 1795 non
1628 1763 1824 1795 intendendo
1849 1763 1946 1800 mori,
1970 1763 2026 1794 sed
2050 1762 2283 1795 committendo
2307 1773 2342 1796 se
2364 1763 2490 1795 divinae

1411 1808 1639 1850 providentiae.
1665 1807 1732 1839 lam
1757 1807 1844 1838 enim
1866 1813 1955 1849 patet
1968 1808 2058 1850 quod
2081 1807 2140 1839 ista
2163 1807 2360 1840 non-volitio
2377 1808 2490 1840 mortis

1410 1852 1588 1894 implicatio
1610 1859 1668 1884 est.
1699 1851 1791 1883 Esset
1814 1861 1955 1894 namque
1978 1852 2040 1884 hoc
2064 1858 2186 1884 tentare
2208 1853 2333 1890 Deum,
2358 1859 2390 1884 et
2416 1860 2490 1894 pee-

1410 1904 1518 1928 catum
1541 1896 1818 1928 momliesimum.
1841 1896 1955 1938 Neque
1977 1897 2047 1938 ipse
2071 1897 2159 1928 dai-et
2179 1897 2386 1929 occasionem
2401 1906 2491 1929 scan-

1412 1941 1474 1972 dali
1498 1940 1786 1976 circumstantibus.
1803 1941 1860 1972 sed
1882 1940 1944 1981 ipsi
1956 1941 2138 1982 acciperent
2152 1951 2189 1972 ex
2203 1951 2238 1973 se
2254 1942 2451 1974 scandalum.
2466 1959 2490 1967 —

1411 1985 1545 2028 Semper
1568 1995 1643 2026 ergo
1668 1985 1812 2017 occidere
1837 1984 1979 2026 seipsum
1999 1993 2046 2018 est
2069 1985 2228 2023 illicitum,
2251 1985 2312 2018 nisi
2335 1986 2443 2023 divina
2457 1986 2491 2018 id

1384 2056 1385 2062 ,
1411 2029 1599 2062 auctoritate
1622 2028 1686 2062 fiat.
1711 2029 1811 2068 Quod
1835 2029 1985 2062 Auctoris
2008 2029 2128 2062 solutio
2153 2029 2238 2062 dicit.

1467 2074 1522 2107 lv.
1545 2074 1582 2106 in
1599 2075 1714 2106 eodem
1732 2074 1839 2115 primo
1856 2074 2001 2111 articulo,
2017 2073 2052 2106 in
2067 2074 2277 2116 responsione
2293 2075 2333 2106 ad
2347 2074 2492 2115 tertium,

1412 2119 1550 2151 dubium
1561 2119 1700 2151 occurrit
1715 2119 1754 2150 de
1771 2119 1964 2162 martyribus
1975 2119 2032 2161 qui
2048 2126 2164 2160 sponte
2177 2128 2212 2151 ae
2228 2119 2382 2162 martyrio
2396 2120 2491 2152 obm—

1410 2165 1527 2196 lerunt.
1547 2163 1714 2202 Quoniam
1729 2164 1879 2196 videntur
1893 2163 2018 2196 dedisse
2031 2164 2175 2206 tyrannis
2190 2163 2395 2197 occasionem
2407 2164 2492 2197 inio-

1412 2216 1459 2241 ste
1473 2208 1599 2250 agendi,
1615 2209 1747 2251 quando
1765 2219 1831 2241 non
1854 2215 1922 2241 erat
1940 2209 1980 2240 de
2000 2209 2186 2241 necessitate
2201 2209 2363 2251 praecepti
2385 2209 2492 2247 sabine

1384 2280 1385 2284 ,
1412 2253 1611 2295 martyrium,
1627 2253 1682 2284 sed
1706 2260 1864 2293 poterant,
1888 2254 1975 2284 salva
1990 2253 2197 2291 conscientia,
2221 2263 2255 2285 se
2278 2264 2346 2286 non
2369 2253 2491 2286 offerre.

1467 2298 1518 2329 Ad
1542 2298 1604 2329 hoc
1627 2297 1743 2329 dicitur
1773 2298 1863 2340 quod
1889 2297 1989 2330 sancti
2013 2306 2166 2340 martyres
2197 2306 2313 2340 sponte
2339 2296 2492 2340 procede-

1412 2343 1505 2379 bant,
1529 2342 1661 2384 quando
1685 2342 1730 2373 eis
1757 2342 1904 2384 expedire
1926 2342 2108 2379 videbatur,
2133 2342 2175 2374 ad
2197 2349 2287 2374 actus
2310 2342 2383 2374 fidei
2408 2350 2491 2375 exte-

1411 2387 1521 2424 riores,
1545 2394 1623 2428 puta
1647 2387 1916 2428 praedicationem
1939 2387 1990 2418 vel
2013 2386 2261 2423 confessionem,
2277 2387 2327 2418 vel
2343 2387 2383 2419 ad
2402 2394 2492 2420 actua

1413 2431 1567 2464 fraternae
1590 2431 1737 2468 caritatis,
1753 2438 1791 2463 ut
1806 2432 1838 2463 in
1855 2431 1990 2464 articulo
2005 2432 2098 2463 tertio
2109 2431 2129 2452 ¹⁸
2150 2434 2275 2464 Auctor
2292 2431 2378 2469 dicit.
2394 2432 2491 2464 edem

1386 2493 1387 2496 κ
1412 2476 1438 2508 si
1462 2486 1529 2508 non
1544 2483 1634 2508 erant
1656 2476 1689 2508 in
1712 2483 1883 2518 praecepto
1908 2486 1967 2517 pro
1983 2483 2060 2509 tunc
2074 2476 2107 2507 hi
2123 2483 2222 2515 aetus,
2247 2477 2383 2509 scientes
2399 2477 2490 2519 quod

1411 2521 1487 2553 inde
1510 2521 1635 2563 tyranni
1663 2528 1827 2553 sumerent
1849 2521 2065 2552 occasionem=
2083 2520 2243 2562 affligendi
2270 2527 2302 2554 et
2324 2520 2491 2555 occidendi

1413 2575 1484 2597 eos:
1510 2573 1541 2598 et
1565 2576 1632 2597 non
1656 2565 1871 2606 procedebant
1887 2566 1926 2596 ad
1950 2565 2196 2607 provocandum
2216 2575 2272 2597 eos
2288 2565 2328 2597 ad
2347 2565 2491 2598 afflictio·
2529 2571 2533 2574 “

1413 2621 1488 2642 nem
1511 2611 1562 2642 vel
1581 2617 1719 2642 mortem
1739 2610 1946 2642 inferendam.
1971 2611 2012 2642 Et
2035 2610 2108 2642 ideo
2125 2620 2192 2642 non
2208 2610 2327 2642 dabant
2347 2610 2491 2653 tyrannis

1412 2655 1616 2687 occasionem
1639 2655 1756 2686 iniuste
1778 2655 1910 2696 agendi:
1935 2655 1991 2686 sed
2014 2654 2074 2696 ipsi
2098 2655 2296 2696 accipiebant
2317 2655 2415 2686 talem
2434 2665 2490 2687 oc-

1413 2699 1577 2732 casionem
1600 2709 1637 2731 ex
1660 2699 1754 2731 bonis
1781 2700 1904 2732 actibus
1926 2699 2045 2741 quibus
2075 2700 2194 2732 dabant
2220 2706 2335 2741 sponoe
2358 2709 2492 2742 oper-n

1412 2744 1614 2786 imperterriti
1638 2744 1736 2776 sancti
1761 2744 1817 2776 illi.
1841 2745 1882 2776 Et
1905 2750 2075 2786 propterea
2097 2744 2248 2778 dicuntur
2263 2751 2380 2785 sponte
2402 2754 2436 2778 se
2449 2745 2491 2781 ed

1414 2790 1603 2831 martyrium
1627 2789 1791 2822 obtulisse.
1824 2789 1918 2821 Unde
1941 2796 1972 2821 et
1995 2789 2035 2821 de
2058 2790 2152 2821 beato
2176 2789 2322 2821 Antonio
2343 2788 2460 2830 legitur
2473 2787 2492 2808 '⁸

1413 2834 1503 2876 quod
1527 2834 1592 2865 ibat
1615 2833 1747 2876 quidem
1772 2844 1847 2865 cum
1871 2833 2072 2876 martyribus.
2097 2840 2212 2875 optans
2232 2843 2299 2865 esse
2314 2840 2443 2876 martyr,
2460 2839 2492 2867 et

1413 2878 1596 2910 tristabatur
1617 2878 1707 2920 quod
1723 2888 1790 2909 non
1806 2878 1981 2910 habebatur
1996 2878 2148 2920 martyrio
2165 2876 2297 2919 dignus:
2323 2879 2491 2920 nunquan

1386 2952 1389 2959 ,
1414 2930 1522 2954 tamen
1546 2923 1733 2964 provocavit
1758 2923 1798 2954 ad
1822 2923 1871 2954 sui
1895 2929 2033 2954 mortem
2057 2930 2220 2964 tyrannos.

1418 3057 1724 3102 SECUNDUS

871 3148 1029 3181 UTRUM
1054 3149 1318 3182 MARTYRIUM
1342 3151 1409 3182 SIT
1430 3151 1575 3183 ACTUS
1599 3148 1909 3183 FORTITUDINIS

322 3281 328 3294 Ι
378 3270 386 3281 1
502 3248 525 3274 ι)
540 3248 731 3275 secunaum
747 3249 801 3275 stc
815 3248 1058 3275 moer-:mrum
1075 3238 1236 3276 Videtur
1255 3239 1362 3287 quod

361 3288 367 3295 ⁴
426 3290 474 3333 ,4
503 3290 727 3339 martyrium
748 3303 826 3328 non
846 3291 893 3328 sit
910 3301 1017 3328 actus
1037 3291 1273 3329 fortitudinis.
1296 3292 1360 3330 Di—
1388 3286 1389 3329 ἶ

313 3374 325 3395 ¹„
354 3359 386 3398 ’ἱ
409 3389 420 3397 .
443 3330 474 3385 ²5
489 3342 598 3380 citur
618 3343 719 3381 enim
741 3350 892 3393 martyr
911 3345 949 3382 in
968 3356 1105 3393 graeco
1126 3346 1236 3394 quasi
1251 3346 1359 3383 testis.
1388 3337 1389 3356 ’

354 3415 359 3420 -
386 3389 448 3428 “⁵³5
464 3390 787 3434 XTestimonium
808 3406 936 3435 autern
957 3398 1127 3435 redditur
1145 3398 1236 3436 fidei
1253 3399 1361 3437 Chri·
1388 3434 1389 3444 ,

294 3446 357 3483 sti:
388 3449 601 3486 seeundum
631 3450 720 3487 illud
740 3452 822 3487 Act.
844 3463 853 3487 1
873 3451 909 3487 *z
939 3452 1054 3488 Eritis
1074 3452 1167 3488 mihi
1194 3457 1300 3489 testes
1323 3453 1360 3489 in
1388 3463 1390 3519 y

293 3500 514 3546 Ierusalem,
545 3509 614 3539 etc.
644 3503 692 3539 Et
727 3503 919 3541 Maximus
944 3504 964 3526 ’¹‘
993 3505 1092 3551 dicit,
1121 3504 1159 3541 in
1189 3505 1360 3553 quodam
1388 3531 1390 3545 .

350 3614 375 3645 ι)
395 3614 432 3639 ad
451 3614 548 3646 ipsum.
560 3628 578 3635 -
597 3615 683 3647 ipsum
703 3616 894 3649 ΑΒΕΡΗΙΚΡΟ
913 3623 936 3642 et
956 3626 981 3647 a,
1001 3619 1125 3651 spiritum
1145 3619 1178 3644 D.

1415 3250 1595 3277 sermone
1614 3239 1655 3277 *ε
1685 3240 1816 3277 Mater
1843 3238 2132 3288 martyriifides
2154 3239 2349 3277 catholica
2368 3245 2432 3287 est,
2452 3240 2491 3278 fn

1416 3304 1491 3342 qua
1512 3293 1672 3330 illus-mes
1696 3292 1861 3343 aldene
1876 3302 1945 3329 suo
1967 3291 2159 3341 <sanguine
2179 3292 2489 3342 subscripserunt.

1415 3347 1522 3406 Ergo
1548 3345 1774 3406 martyrium
1804 3351 1862 3410 est
1888 3344 2014 3394 potius
2034 3352 2140 3382 actus
2168 3345 2259 3383 fidei
2276 3346 2491 3407 quarn‘fotss

1416 3400 1774 3498 ῃῒῗιῖὲίΑετεκῑ-ῑιι,
1804 3458 1910 3487 actus
1939 3451 2138 3488 laudabilis
2167 3452 2215 3489 ad
2245 3452 2347 3490 illam
2374 3452 2491 3490 virtu·

1417 3511 1495 3541 tem
1525 3503 1730 3553 praecipue
1753 3503 1912 3553 pertinet
1941 3516 2042 3552 quae
2061 3504 2111 3542 ad
2130 3505 2258 3554 ipsum
2278 3510 2296 3528 ⁸
2323 3505 2488 3553 inclinat,

2521 2441 2569 2463 'ln
2588 2445 2650 2473 nep.
2669 2441 2699 2463 ad
2714 2446 2731 2463 ι.

2520 2789 2528 2796 ·
2545 2786 2571 2809 ln
2590 2768 2648 2813 viu.
2661 2766 2730 2808 ›m-

2620 2819 2729 2869 mas?

2518 3248 2731 3299 {inflatis-⁸3:

2519 3301 2603 3326 lm
2661 3317 2668 3325 .
