2768 4198
40 381 50 391 ⁸
62 380 133 402 Num.
148 387 164 402 ι.

34 1210 46 1223 ”
57 1210 130 1234 Nm.
144 1216 168 1233 n.

33 2083 44 2095 ⁸
58 2082 116 2112 esp.
129 2087 164 2111 w,
175 2083 204 2106 nl.
215 2089 248 2110 xv,

33 2109 58 2133 ln
70 2113 116 2132 vet.
129 2115 172 2132 vu.

34 2933 107 2962 ’Qua
122 2936 248 2962 ειμι-ιη

33 2966 75 2990 qu.
89 2966 145 2984 nn.

34 3250 180 3280 ’cz-pan.

945 294 1213 340 QUAESTIO
1244 294 1400 341 CLXII,
1431 296 1729 333 ARTICULUS
1760 297 1811 333 lv

335 372 387 403 111.
412 372 462 402 Ad
481 374 625 412 primum
649 372 779 402 dubium
795 373 812 390 '¹‘
829 372 942 402 dicitur
965 373 1054 412 quod
1083 373 1229 412 superbia
1254 373 1349 402 unius

279 416 394 456 speciei
410 423 456 447 est
472 416 642 447 subiective
658 416 689 446 in
703 416 866 446 voluntate
879 416 1101 456 principaliter,
1113 424 1143 447 et
1158 417 1191 447 in
1206 417 1347 457 appetitu

278 460 429 490 sensitivo
454 460 651 490 secundario.
677 460 718 491 Et
734 460 795 491 hoc
812 460 938 490 nullum
955 461 1181 491 inconveniens
1206 471 1271 491 esse
1297 462 1348 491 de-

277 503 378 534 finivit
400 506 523 535 Auctor
546 504 579 534 in
599 504 730 543 allegata
751 505 946 544 quaestione,
971 512 1027 535 art.
1046 515 1074 535 2.
1100 506 1288 545 Disponitur
1309 506 1348 535 si-

277 548 408 588 quidem
427 548 585 588 appetitus
602 548 769 578 sensitivus
785 549 824 578 ad
844 549 1040 589 superbiam:
1066 550 1120 580 sed
1141 560 1213 580 cum
1235 550 1348 580 volun-

277 599 324 622 tas
353 593 487 632 superba
516 600 576 628 est,
601 599 676 622 tunc
697 593 823 633 proprie
847 593 960 624 vitium
985 602 1030 624 est
1054 594 1234 634 superbiae;
1259 595 1348 635 quod
1373 605 1374 614 ¹

277 635 463 666 diffunditur
492 637 531 666 ad
559 636 748 667 irascibilem
779 638 958 678 appetitum
988 638 1151 668 subditum
1180 638 1346 670 voluntati.
1373 645 1374 677 l

331 679 364 710 Si
389 680 461 720 quis
480 687 587 717 tamen
611 681 705 711 vellet
729 682 794 712 duo
819 682 984 722 superbiae
1000 692 1124 722 genera,
1150 683 1284 713 alterum
1301 693 1347 713 re-

277 731 386 764 spectu
415 725 616 755 excellentiae
647 725 802 756 sensibilis
826 727 876 756 vel
900 726 1129 767 imaginabilis',
1154 735 1184 757 et
1212 727 1347 757 alterum
1372 734 1374 759 ε

275 775 419 808 respectu
445 769 645 800 excellentiae
665 769 880 811 intelligibilis,
898 771 973 811 quia
997 771 1058 801 hoc
1075 779 1229 802 consonat
1245 772 1347 802 verbis

275 813 425 843 Auctoris
448 813 480 843 in
505 820 561 844 art.
586 815 601 844 3
627 824 682 854 qu.
703 825 758 844 vm
780 815 820 845 de
843 816 954 846 Malo:
982 815 1129 846 defendat
1154 815 1230 855 ipse.
1267 816 1346 846 Mihi

276 857 362 887 enim
385 857 536 894 videtur„
554 865 585 889 et
607 858 853 895 rationabiliter,
877 860 967 900 quod
991 860 1073 890 sicut
1096 870 1160 890 una
1185 860 1347 891 humilitas

274 901 375 931 virtus
398 901 515 932 sufficit
537 903 576 932 ad
600 903 839 943 reprimendum
862 904 1039 944 appetitum
1064 905 1264 935 excellentiae
1293 915 1346 935 cu-

274 944 476 986 iuscumque,
501 946 545 977 ita
568 957 671 978 unum
695 948 860 987 superbiae
879 958 979 988 genus
1003 948 1137 980 sufficiat
1160 950 1199 979 ad
1223 959 1347 989 perver-
1371 951 1374 968 ⁵

276 999 349 1020 sum
372 990 551 1030 appetitum
575 991 807 1033 cuiuscumque
832 993 1050 1024 excellentiae:
1082 1001 1112 1024 et
1139 994 1228 1034 quod
1253 994 1347 1024 verba

274 1033 328 1064 illa
360 1034 507 1065 Auctoris
536 1036 575 1065 ad
606 1046 735 1066 sensum
760 1036 880 1067 dictum
904 1044 979 1067 sunt
1009 1038 1203 1073 reducenda,
1229 1038 1347 1068 scilicet

275 1079 365 1119 quod
389 1085 532 1119 respectu
557 1080 757 1111 excellentiae
773 1081 928 1111 sensibilis
951 1081 1099 1121 superbia
1123 1089 1169 1112 est
1191 1082 1223 1111 in
1240 1082 1346 1112 irasci—

276 1122 330 1153 bili
353 1123 504 1154 sensitivo
528 1130 680 1165 tanquam
700 1125 734 1154 in
749 1125 891 1155 subiecto
908 1125 1105 1161 secundario,
1130 1126 1211 1156 sicut
1234 1133 1264 1156 et
1287 1126 1345 1156 hu-

275 1166 401 1198 militas.
431 1167 601 1208 Alioquin,
627 1169 693 1199 duo
717 1169 904 1200 humilitatis
926 1179 1041 1209 genera
1064 1176 1192 1209 oportet
1215 1180 1345 1210 ponere.

331 1211 384 1242 IV.
411 1212 460 1242 Ad
483 1213 658 1243 secundum
682 1213 812 1246 dubium
829 1213 846 1232 *
870 1213 983 1244 dicitur
1013 1214 1102 1254 quod
1125 1213 1158 1243 in
1182 1214 1346 1244 voluntate

274 1254 363 1285 nulla
386 1262 433 1286 est
455 1255 554 1286 virtus
578 1257 708 1287 moralis
739 1264 869 1298 propter
895 1258 1019 1288 bonum
1043 1257 1202 1294 habentk,
1228 1258 1347 1288 habens

243 1339 257 1341 Α
273 1308 332 1341 pro
346 1299 626 1340 ‚regulrpraecise
650 1300 806 1332 iudicium
830 1301 981 1332 naturale.
1013 1301 1210 1332 Humilitatis
1237 1309 1346 1332 autem

273 1343 382 1382 regula
405 1353 442 1373 ex
465 1344 571 1374 divina
590 1345 728 1375 sumitur
744 1346 925 1376 reverentia.
951 1346 992 1376 Et
1015 1353 1182 1386 propterea
1207 1356 1273 1376 non
1290 1347 1346 1377 ob-

273 1393 335 1418 stat
363 1397 459 1428 supra
488 1388 595 1419 habita
627 1389 779 1421 doctrina.
813 1390 947 1420 Ponitur
973 1390 1131 1431 siquidem
1159 1390 1348 1421 humilitatis

273 1430 373 1462 virtus
396 1432 429 1462 in
454 1432 564 1463 ordine
587 1433 628 1463 ad
652 1433 834 1470 caelestem,
859 1444 926 1465 non
954 1434 1130 1465 humanam
1154 1434 1346 1466 civilitatem.

273 1475 368 1507 Unde
397 1476 614 1517 Philosophus
645 1487 711 1508 non
735 1479 978 1510 connumeravit
1005 1489 1075 1510 eam
1102 1479 1183 1510 inter
1205 1479 1346 1511 virtutes.

1372 616 1375 642 ἰ

2395 298 2468 344 317

1458 375 1495 405 V.
1523 375 1556 405 ln
1581 375 1664 406 calce
1688 375 1904 416 responsionis
1928 376 1966 405 ad
1992 375 2132 416 primum
2157 376 2237 406 tertii
2261 376 2393 412 artIculi,
2419 377 2471 406 ad-

1406 426 1487 450 verte
1511 419 1600 460 quod
1624 420 1762 460 superbi,
1794 430 1868 450 cum
1892 420 2084 460 speculative
2108 420 2303 460 perceperint
2334 420 2470 460 aliquid,

1404 464 1543 494 exultant
1559 463 1591 493 in
1607 464 1736 504 propria
1752 464 1943 500 excellentia,
1961 463 2039 495 dum
2057 465 2101 494 eis
2117 471 2367 504 repraesentatur
2383 465 2472 505 quod

1403 508 1479 538 tanti
1504 515 1578 538 sunt
1601 508 1718 548 ingenii
1743 516 1778 539 ut
1800 509 1877 539 haec
1901 516 2080 549 penetrent:
2115 516 2145 539 et
2175 508 2319 539 delectati
2351 509 2383 538 in
2414 509 2471 539 hac

1403 561 1459 582 sua
1483 551 1677 588 celsitudine,
1702 563 1765 593 qua
1789 553 1908 584 multos
1925 553 2091 590 excellunt,
2109 553 2256 584 affectum
2273 563 2368 583 suum
2385 563 2471 583 aver-

1403 606 1475 626 sum
1498 597 1662 636 possident
1681 607 1699 626 a
1715 597 1922 628 delectatione
1946 598 1978 628 in
1994 598 2062 638 ipsa
2078 598 2215 628 veritate.
2241 598 2281 628 Et
2305 605 2472 637 propterea

1401 642 1508 671 sciunt
1530 641 1686 681 quomodo
1709 647 1786 672 sunt
1809 642 1914 672 divina
1934 649 1965 673 et
1980 642 2122 678 moralia,
2148 642 2200 672 sed
2227 643 2373 673 nesciunt
2395 651 2472 682 quo-

1403 685 1494 716 modo
1508 686 1648 725 sapiunt.
1673 703 1693 708 -
1719 686 1865 716 Humiles
1882 694 1999 722 autem,
2016 694 2134 717 secreta
2150 686 2255 717 divina
2271 694 2326 717 aut
2342 693 2471 717 naturae

1403 737 1455 759 aut
1479 729 1577 759 moris
1606 737 1822 769 penetrantes,
1848 731 1887 760 ad
1911 731 2127 762 excellentiam
2159 731 2296 762 veritatis
2327 730 2471 771 cognitae

1372 799 1374 808 ,
1402 780 1431 803 et
1455 784 1530 804 suae
1547 784 1668 809 causae,
1686 785 1767 815 quae
1784 782 1830 805 est
1845 775 1957 805 veritas
1983 775 2100 811 divina,
2118 785 2150 805 se
2167 782 2369 811 convertunt,
2393 783 2423 806 et
2439 775 2471 805 in

1401 819 1469 858 {psa
1494 818 1675 858 cognitione
1699 819 1836 849 veritatis
1861 820 2071 856 delectantur,
2096 820 2209 860 gratias
2233 826 2360 859 agentes
2384 820 2469 850 Deo:

1402 869 1431 893 et
1455 862 1651 893 conferentes
1675 873 1767 893 suam
1791 863 1937 894 notitiam
1962 864 2085 894 divinae
2104 864 2250 895 scientiae
2275 872 2304 895 et
2329 871 2471 894 contem-

1372 937 1373 950 ,
1403 906 1552 946 plationi,
1578 917 1610 937 se
1642 907 1720 937 nihil
1749 907 1826 937 scire
1855 908 2058 944 arbitrantes,
2083 908 2220 939 veritatis
2249 908 2471 939 exaltationem

1402 950 1555 982 affectant.

1457 995 1492 1025 ln
1512 995 1719 1035 responsione
1743 996 1781 1026 ad
1802 997 1979 1026 secundum
1999 997 2142 1027 eiusdem
2162 997 2243 1028 tertii
2267 997 2401 1033 articuli,
2418 997 2471 1027 ad—

1371 1067 1374 1079 ,
1400 1046 1484 1069 verte
1507 1040 1595 1080 quod
1620 1039 1695 1070 falsa
1724 1040 1900 1071 aestimatio
1927 1041 1976 1071 sui
2001 1041 2131 1081 ponitur
2158 1041 2191 1071 in
2218 1041 2318 1072 littera
2343 1041 2471 1072 effectus

1401 1091 1431 1113 et
1455 1093 1548 1113 causa
1572 1084 1747 1123 superbiae.
1773 1084 1911 1115 Effectus
1935 1085 2076 1126 quidem,
2099 1085 2174 1126 quia
2190 1096 2226 1116 ex
2243 1086 2344 1116 nimio
2361 1096 2470 1117 amore

1401 1127 1547 1167 propriae
1578 1128 1779 1158 excellentiae
1807 1128 1897 1159 facile
1921 1129 2066 1160 aestimat
2089 1130 2161 1170 quis
2190 1140 2222 1160 se
2247 1131 2405 1161 excellere.
2430 1131 2471 1162 Et

1403 1171 1474 1201 hinc
1497 1171 1532 1202 fit
1556 1179 1591 1203 ut
1615 1173 1808 1203 delectemur
1832 1173 1864 1203 in
1889 1174 2004 1204 nostris
2028 1174 2177 1205 laudibus
2201 1175 2315 1205 oblatis
2339 1175 2378 1205 ab
2401 1174 2470 1205 aliis

1402 1225 1467 1245 non
1491 1226 1722 1257 usquequaque
1746 1217 1835 1247 veris.
1860 1235 1880 1240 -
1905 1217 2011 1248 Causa
2034 1228 2124 1254 vero,
2150 1218 2224 1259 quia
2255 1228 2292 1249 ex
2320 1219 2397 1249 falsa
2421 1219 2470 1249 sui

1402 1259 1620 1290 aestimatione
1643 1260 1675 1290 in
1696 1261 1809 1297 maius,
1835 1261 1981 1300 provenit
2004 1263 2092 1303 quod
2118 1263 2218 1293 homo
2242 1273 2275 1293 se
2299 1263 2411 1294 habeat
2435 1270 2471 1294 ut

1402 1303 1501 1343 magis
1525 1304 1689 1340 excellens,
1715 1312 1745 1335 et
1768 1312 1896 1345 appetat
1919 1306 2030 1336 altiora
2049 1317 2145 1347 quarn
2171 1307 2371 1338 conveniant.

1457 1348 1492 1377 ln
1516 1348 1724 1388 responsione
1748 1349 1787 1379 ad
1810 1357 1970 1390 quartum,
1994 1358 2069 1381 nota
2084 1351 2216 1381 verbum
2233 1352 2406 1391 superius*
2426 1352 2469 1382 al—

1401 1392 1550 1432 legatum,
1576 1392 1708 1423 scilicet:
1734 1393 1955 1434 Praesumptio
1979 1395 2061 1425 alios
2078 1396 2265 1435 superandi,
2290 1397 2375 1436 quod
2390 1406 2470 1436 pro-

1399 1438 1472 1476 prie
1489 1437 1632 1476 pertinet
1655 1437 1699 1467 ad
1721 1438 1914 1477 superbiam.

1058 1616 1379 1660 ARTICULUS
1411 1618 1686 1670 QUARTUS

601 1708 757 1739 UTRUM
781 1707 1126 1740 CONVENIENTER
1149 1709 1452 1741 ASSlGNENTUR
1476 1710 1693 1747 QUATUOR
1716 1711 1952 1744 SUPERBIAE
1976 1714 2147 1746 SPECIES

1058 1754 1172 1791 QUAS
1196 1754 1444 1786 GREGORIUS
1468 1755 1680 1787 ASSlGNAT

695 1831 715 1855 11
735 1831 820 1860 Sent„
839 1831 898 1857 dist.
917 1839 977 1863 xm,
997 1839 1042 1865 qu.
1062 1839 1089 1862 n,
1108 1838 1155 1858 art.
1174 1840 1192 1863 4
1199 1840 1206 1863 ;
1227 1832 1268 1858 De
1287 1831 1370 1863 Malo,
1391 1841 1436 1866 qu.
1454 1841 1508 1863 vm.
1527 1839 1574 1859 art.
1593 1841 1625 1866 4;
1645 1834 1654 1859 1
1673 1835 1711 1859 ad
1731 1836 1801 1865 Cor„
1821 1843 1877 1868 cap.
1896 1843 1931 1867 xv,
1951 1837 2010 1862 lect.
2028 1844 2056 1862 11.

312 1929 368 1954 »N
389 1929 461 1975 ια(
485 1922 509 1947 D
529 1921 705 1953 QUARTUM
726 1922 781 1947 stc
801 1922 1043 1948 PRocam'rua.
1060 1911 1221 1949 Videtur
1240 1911 1346 1960 quod

302 1946 457 2024 §.⁸53⁴
486 1963 802 2002 inconvenienter
829 1964 1068 2012 assignentur
1092 1973 1257 2014 quatuor
1285 1978 1346 2002 su-

292 2006 339 2061 ff
350 2032 412 2061 «ν’,
428 2008 644 2066 perbiae
685 2017 832 2066 species
874 2030 968 2067 quas
1006 2018 1213 2067 Gregorius
1255 2018 1344 2056 assi-

283 2044 429 2105 ᾸκζὙΨι
444 2037 588 2118 &gnan
618 2071 744 2108 XXIII
764 2072 910 2108 Moral.
931 2071 963 2118 ²⁸,
994 2071 1139 2109 dicens:
1173 2073 1346 2115 Quatuor

275 2123 412 2173 quippe
436 2129 525 2160 sunt
540 2124 680 2172 species
707 2125 842 2173 quihus
860 2125 983 2162 omnis
1010 2131 1136 2162 tumor
1155 2138 1345 2176 arrogan-

274 2177 368 2214 tium
396 2176 694 2215 demonstratur:
723 2190 810 2215 cum
838 2179 979 2215 bonum
1007 2185 1074 2216 aut
1100 2191 1124 2216 a
1142 2180 1347 2228 semetipsis

273 2230 415 2267 habere
439 2242 480 2267 se
507 2231 723 2276 aestimant,·
749 2237 834 2277 aut,
862 2232 896 2268 si
920 2232 992 2268 sibi
1023 2233 1152 2270 datum
1187 2233 1347 2281 desuper
1371 2239 1373 2243 ’

274 2283 442 2330 credunt,
454 2295 531 2332 pro
554 2285 631 2321 suis
648 2285 721 2321 hoc
739 2285 925 2333 accepisse
943 2286 1085 2322 meritis
1100 2292 1253 2334 putant,·
1280 2293 1347 2323 aut

274 2348 362 2375 cum
389 2337 531 2375 iactant
546 2349 588 2375 se
613 2338 754 2375 habere
771 2339 874 2386 quod
900 2351 976 2375 non
1004 2340 1159 2383 habent,·
1187 2345 1264 2386 aut,
1284 2341 1345 2377 de·
1372 2361 1373 2372 ι

271 2390 404 2439 spectis
432 2391 574 2438 ceteris,
593 2391 841 2441 singulariter
858 2392 981 2429 videri
1005 2398 1185 2441 appetunt
1206 2394 1347 2431 habere

272 2443 375 2492 quod
407 2444 556 2481 habent.
594 2445 782 2494 Superbia
820 2446 923 2482 enim
961 2454 1018 2483 est
1044 2446 1181 2484 vitium
1219 2447 1347 2484 distin-

274 2505 379 2534 ctum
416 2498 465 2534 ab
504 2498 743 2535 infidelitate:
782 2498 879 2536 sicut
913 2500 1028 2536 etiam
1063 2499 1255 2537 humilitas
1291 2509 1347 2538 est

272 2550 393 2590 virtus
422 2550 596 2588 distincta
615 2563 636 2588 a
655 2551 745 2589 fide.
777 2552 854 2590 Sed
874 2553 979 2601 quod
999 2553 1133 2602 aliquis
1160 2553 1347 2591 existimet
1371 2583 1373 2594 Ε

273 2605 422 2641 bonum
450 2616 492 2640 se
520 2616 599 2640 non
628 2604 769 2641 habere
798 2617 820 2642 a
848 2606 947 2652 Deo,
976 2607 1038 2643 vel
1067 2607 1172 2655 quod
1196 2607 1344 2645 bonum
1371 2601 1373 2636 Ῐ

273 2656 414 2705 gratiae
442 2657 583 2694 habeat
611 2669 656 2693 ex
684 2658 827 2695 meritis
855 2659 1034 2708 propriis,
1065 2660 1114 2698 ad
1147 2660 1345 2698 infidelita-
1371 2659 1373 2715 ᾗ

273 2710 554 2800 tembpertinet.
585 2711 688 2759 Ergo
717 2723 795 2748 non
825 2711 967 2749 debent
994 2713 1085 2761 poni
1115 2713 1262 2762 species
1284 2727 1345 2752 su-

274 2775 342 2813 per
370 2775 441 2800 lae.

329 2828 365 2853 2.
386 2817 622 2864 PRAETEREA,
644 2817 746 2854 idem
767 2830 846 2855 non
875 2819 989 2856 debet
1008 2819 1100 2867 poni
1120 2819 1267 2867 species
1291 2821 1346 2858 di·
1370 2822 1372 2848 ἕ

274 2882 478 2908 versorum
505 2883 703 2919 generum.
735 2871 813 2908 Sed
833 2871 1008 2909 iactantia
1026 2872 1180 2921 ponitur
1198 2874 1345 2922 species

275 2924 480 2970 mendacii,
500 2932 542 2961 ut
571 2937 687 2974 supra
705 2924 726 2946 '¹‘
752 2925 927 2962 habitum
949 2933 1015 2962 est.
1046 2926 1139 2963 Non
1160 2938 1250 2975 ergo
1280 2927 1344 2964 de-
1370 2931 1372 2951 ³

1370 2982 1372 2996 ³
1399 2981 1505 3029 quod
1534 2989 1677 3029 quanto
1698 2981 1822 3019 maius
1852 2990 1907 3019 est
1935 2983 2083 3021 bonum
2102 2984 2207 3033 quod
2237 2984 2320 3033 quis
2339 2985 2466 3033 habet,

331 3032 365 3068 3.
395 3032 636 3079 PRAETEREA,
666 3032 856 3081 quaedam
886 3031 959 3068 alia
986 3031 1164 3069 videntur
1199 3033 1248 3070 ad
1286 3046 1346 3070 su·
1370 3033 1372 3046 ¹

274 2977 339 3014 bet
365 2978 460 3026 poni
487 2978 633 3027 species
662 2978 876 3026 superbiae.

274 3083 448 3133 perbiam
475 3085 663 3134 pertinere
692 3098 792 3134 quae
815 3086 877 3122 hic
905 3098 984 3122 non
1005 3094 1343 3124 connumerantur.

275 3136 376 3174 Dicit
412 3138 515 3175 enim
545 3138 807 3188 Hieronymus
835 3139 942 3188 quod
981 3138 1073 3176 nihil
1099 3145 1153 3176 est
1178 3145 1255 3176 tam
1283 3152 1344 3177 su-

269 3191 433 3238 perbum
470 3202 585 3240 quam
621 3192 816 3242 ingratum
854 3190 985 3229 videri.
1024 3193 1074 3229 Et
1109 3193 1344 3240 Augustinus

278 3242 383 3290 dicit,
413 3243 503 3281 XIV
529 3245 575 3282 de
607 3246 686 3283 (Σίν.
715 3247 791 3283 Dei
806 3245 837 3293 ³¹⁸,
868 3246 974 3294 quod
1007 3257 1187 3283 excusare
1222 3259 1262 3283 se
1296 3247 1344 3284 de

275 3304 435 3345 peccato
464 3298 670 3336 commisso
699 3299 748 3337 ad
777 3299 997 3348 superbiam
1026 3299 1200 3348 pertinet.
1229 3300 1344 3338 Prae-

277 3349 446 3398 sumptio
476 3350 602 3398 etiam,
623 3363 699 3400 qua
727 3352 812 3401 quis
839 3353 959 3390 tendit
981 3353 1031 3390 ad
1059 3354 1343 3402 assequendum

277 3402 418 3451 aliquid
437 3403 543 3451 quod
571 3416 684 3453 supra
712 3418 752 3442 se
781 3413 848 3453 est,
869 3406 1037 3444 maxime
1057 3406 1106 3444 ad
1126 3407 1345 3456 superbiam
1370 3429 1372 3436 ι

276 3456 464 3505 pertinere
482 3456 647 3494 videtur.
676 3458 767 3496 Non
789 3471 878 3508 ergo
903 3460 1134 3497 sufficienter
1151 3460 1344 3510 praedicta
1370 3457 1372 3478 ⁵

278 3509 414 3547 divisio
444 3510 736 3559 comprehendit
763 3513 964 3561 superbiae
993 3513 1150 3562 species.

330 3623 358 3656 α)
376 3623 503 3657 sufficiat.
514 3636 533 3643 -
550 3623 650 3656 sufficit
668 3623 740 3650 pua.

1451 1925 1489 1959 4.
1516 1914 1757 1961 PRAETEREA,
1787 1914 2035 1953 inveniuntur
2062 1917 2157 1954 aliae
2178 1917 2384 1955 divisiones
2409 1932 2472 1956 su-

1400 1966 1565 2014 perbiae.
1599 1967 1745 2005 Dividit
1779 1968 1881 2006 enirn
1918 1970 2124 2007 Anselmus
2150 1970 2169 1992 ³¹⁸
2203 1972 2469 2011 exaltationem
2499 1982 2508 1991 ·

1399 2020 1615 2068 superbiae,
1637 2020 1767 2058 dicens
1787 2022 1892 2071 quod
1913 2024 2103 2071 quaedam
2130 2031 2186 2061 est
2209 2025 2246 2062 in
2266 2025 2468 2073 voluntate,

1401 2073 1593 2121 quaedam
1627 2073 1666 2111 in
1702 2087 1895 2122 sermone,
1934 2077 2126 2124 quaedam
2163 2077 2201 2115 in
2239 2080 2467 2127 operatione.

1400 2126 1618 2164 Bernardus
1637 2127 1752 2165 etiarn
1771 2128 1792 2150 '¹‘
1818 2130 1927 2177 ponit
1945 2130 2151 2167 duodecim
2170 2132 2309 2179 gradus
2338 2145 2468 2182 super-

1401 2179 1497 2226 biae,
1527 2180 1592 2228 qui
1621 2188 1729 2218 sunt:
1768 2183 1976 2229 curiositas,
2006 2185 2139 2221 mentis
2171 2185 2312 2232 levitas,
2346 2187 2469 2235 inepta

1399 2232 1551 2279 laetitia,
1581 2234 1773 2281 iactantia,
1801 2236 2059 2285 singularitas,
2093 2240 2333 2288 arrogantia,
2355 2252 2470 2288 prae-

1398 2287 1572 2334 sumptio,
1601 2287 1767 2336 defensio
1791 2295 2048 2336 peccatorum,
2067 2291 2244 2328 simulata
2273 2294 2467 2341 confessio,

1400 2339 1564 2386 rebellio,
1584 2341 1748 2387 libertas,
1769 2344 1957 2390 peccandi
1981 2346 2221 2382 consuetudo.
2252 2346 2363 2392 Quae
2391 2359 2470 2384 non

1399 2392 1579 2430 videntur
1607 2396 1884 2443 comprehendi
1914 2397 1984 2433 sub
2013 2398 2214 2446 speciebus
2242 2411 2264 2436 a
2285 2399 2469 2447 Gregorio

1400 2446 1607 2495 assignatis.
1638 2448 1740 2496 Ergo
1768 2449 1919 2486 videtur
1946 2452 2051 2498 quod
2080 2451 2394 2490 inconvenienter
2413 2466 2471 2490 as-

1400 2509 1604 2547 s1gnentur.

1454 2555 1494 2591 IN
1523 2566 1759 2592 CONTRAthJM
1788 2556 1950 2593 sufficiat
1971 2562 1988 2577 ‘²
2016 2557 2218 2595 auctoritas
2238 2558 2422 2606 Gregorii.

1453 2608 1681 2645 RESPONDEO
1706 2620 1891 2646 DtCENDuM
1911 2610 2035 2658 quod,
2064 2610 2160 2647 sicut
2189 2611 2331 2648 dictum
2362 2620 2416 2649 est
2435 2612 2467 2660 ³¹⁶,

1399 2661 1578 2708 superbia
1606 2661 1787 2710 importat
1813 2662 2112 2700 immoderatum
2143 2665 2383 2701 excellentiae
2403 2678 2468 2714 ap-

1370 2732 1372 2763 {
1400 2714 1572 2762 petitum,
1593 2714 1657 2763 qui
1686 2715 1827 2752 scilicet
1855 2728 1933 2752 non
1963 2724 2018 2753 est
2046 2717 2260 2755 secundum
2280 2718 2467 2756 rationem

1400 2775 1556 2804 rectam.
1587 2768 1654 2804 Est
1683 2776 1812 2805 autem
1842 2769 2163 2808 considerandum
2193 2771 2297 2820 quod
2326 2772 2468 2820 quaeli-

1399 2821 1463 2857 bet
1491 2821 1709 2861 excellentia
1738 2822 1983 2870 consequitur
2010 2823 2166 2872 aliquod
2191 2825 2337 2861 bonum
2363 2825 2468 2862 habi-

1398 2870 1493 2911 turn.
1523 2874 1639 2921 Quod
1668 2875 1825 2923 quidem
1853 2884 1978 2924 potest
2007 2877 2237 2914 considerari
2265 2878 2466 2926 tripliciter.

1399 2927 1486 2964 Uno
1516 2928 1648 2974 modo,
1679 2929 1890 2966 secundum
1920 2942 1973 2966 se.
2003 2931 2249 2968 Manifestum
2279 2939 2335 2968 est
2363 2932 2466 2968 enirn

1399 3042 1503 3071 tanto
1532 3047 1601 3083 per
1619 3035 1694 3071 hoc
1722 3035 1909 3072 maiorem
1930 3037 2190 3074 excellentiam
2211 3038 2465 3086 consequitur.

1399 3088 1449 3124 Et
1476 3087 1563 3125 ideo
1593 3100 1682 3125 cum
1711 3088 1845 3137 aliquis
1874 3089 2040 3126 attribuit
2068 3090 2138 3127 sibi
2168 3090 2290 3128 maius
2318 3092 2466 3128 bonum

1399 3153 1516 3189 quarn
1535 3141 1686 3188 habeat,
1707 3154 1947 3190 consequens
1968 3150 2023 3180 est
2042 3144 2147 3192 quod
2176 3144 2254 3180 eius
2278 3145 2466 3194 appetitus

1399 3194 1518 3231 tendit
1544 3194 1583 3231 in
1604 3195 1862 3232 excellentiam
1881 3197 2076 3245 propriam
2096 3197 2191 3234 ultra
2210 3198 2372 3235 modurn
2396 3198 2466 3235 sibi

1400 3247 1707 3284 convenIentem.
1739 3249 1787 3285 Et
1806 3248 1859 3285 sic
1880 3256 1935 3286 est
1952 3250 2061 3286 tertia
2080 3250 2282 3299 superbiae
2302 3251 2465 3300 species:

1399 3313 1485 3337 cum
1505 3300 1646 3337 scilicet
1659 3301 1794 3349 aliquis
1809 3302 1923 3339 iactat
1933 3314 1974 3339 se
1987 3304 2126 3340 hahere
2139 3304 2242 3352 quod
2254 3317 2328 3342 non
2343 3305 2465 3342 habet.

1451 3353 1539 3390 Alio
1566 3354 1699 3401 modo,
1721 3366 1766 3390 ex
1784 3363 1890 3403 parte
1910 3368 2063 3393 causae:
2093 3365 2207 3405 prout
2226 3358 2467 3396 excellentius

1399 3414 1455 3444 est
1483 3408 1588 3455 quod
1627 3407 1782 3457 aliquod
1821 3409 1968 3446 bonum
2005 3409 2091 3446 insit
2125 3410 2235 3447 alicui
2270 3424 2293 3448 a
2326 3411 2465 3460 seipso,

1399 3473 1516 3509 quam
1545 3460 1651 3509 quod
1679 3460 1765 3498 insit
1793 3461 1827 3498 ei
1847 3462 1895 3498 ab
1915 3462 2001 3499 alio.
2031 3463 2080 3500 Et
2107 3462 2194 3501 ideo
2215 3476 2304 3501 cum
2333 3465 2466 3514 aliquis

1399 3514 1573 3551 aestimat
1601 3515 1748 3552 bonum
1786 3514 1893 3563 quod
1925 3516 2040 3553 habet
2067 3517 2116 3554 ab
2145 3516 2238 3566 alio,
2269 3530 2313 3555 ac
2341 3517 2371 3555 si
2400 3519 2466 3555 ha-

2498 1354 2508 1363 ·
2531 1353 2663 1375 Comment.
2686 1353 2710 1375 in

2497 1383 2539 1402 art.
2550 1386 2558 1402 ι
2569 1384 2591 1402 et
2604 1386 2617 1402 2
2631 1381 2710 1407 simul,

2497 1412 2562 1428 num.
2576 1413 2610 1428 m.

2533 1981 2646 2008 Eadmer,
2681 1982 2711 2004 de

2497 2007 2639 2036 Similem„
2659 2014 2709 2036 eap.

2497 2040 2544 2056 xxu
2559 2040 2611 2063 sqq.

2497 2142 2508 2152 ¹·
2521 2141 2557 2163 De
2572 2140 2646 2163 Grad.
2658 2141 2711 2163 Hu-

2496 2167 2562 2189 milit.
2571 2170 2597 2189 et
2603 2168 2710 2196 Supera„

2497 2200 2548 2222 cap.
2562 2201 2578 2216 x
2591 2201 2643 2223 sqq.

2496 2612 2506 2621 ¹·
2524 2611 2574 2632 Art.
2597 2617 2614 2638 ι,
2635 2611 2663 2632 ad
2683 2617 2707 2637 ις

2495 2640 2537 2659 art.
2552 2643 2574 2665 2,
2588 2644 2608 2667 3.
