2768 4198
85 728 91 735 ·
112 725 181 747 Num.
198 731 226 746 tv.

85 947 93 957 ⁸
107 946 176 968 Num.
191 951 224 966 In.

90 1945 155 1966 ‘Vid⁴
169 1945 301 1967 Commem.

90 1972 161 1994 Caiet.
170 1975 222 1999 post
231 1975 272 1993 art.
279 1971 298 1993 6.

193 2574 209 2598 Υ

104 3265 113 3274 ·
127 3263 184 3294 Cap.
204 3270 262 3291 nv,
282 3263 313 3285 ιΙ.

103 3296 159 3317 xvu,
169 3296 191 3312 In
199 3294 243 3312 vet.
250 3295 313 3312 xxxx.

106 3349 115 3358 ι
141 3347 162 3369 1⁸
189 3347 234 3369 uu
243 3364 249 3374 ⁷
276 3353 315 3376 qu,

105 3380 197 3401 Luxlv,
207 3377 249 3396 art.
261 3379 280 3402 3,
292 3380 315 3401 4.

327 301 398 338 174

319 369 365 403 tio
389 368 421 398 in
446 368 534 405 cibo,
559 379 576 398 a
600 377 807 409 quocumque
831 367 870 396 sit
894 365 1062 406 prohibita.
1097 365 1138 394 Et
1161 364 1263 394 simile
1287 370 1334 393 est
1356 363 1388 393 in

321 413 389 443 aliis
412 412 510 443 vitiis:
542 413 679 443 incestus
703 412 804 447 enim,
835 411 898 440 sive
923 420 940 439 a
963 416 1075 439 natura
1099 408 1163 438 sive
1187 408 1226 438 ab
1249 407 1390 438 Ecclesia

320 457 483 493 inhibitus,
508 457 651 487 eiusdem
675 462 721 486 est
744 454 868 495 speciei.
894 453 926 484 Si
949 453 1020 493 quis
1045 459 1153 482 autem
1177 452 1390 482 celebraturus

322 501 469 537 comedit,
494 500 644 539 sacrilegii
662 499 779 530 crimen
797 497 976 533 committit,
995 503 1103 527 contra
1120 502 1391 526 sacramentorum

321 545 528 575 reverentiam
560 544 697 575 debitam
729 552 834 582 agens.
858 559 878 564 —
903 541 1001 578 Quod
1031 547 1139 571 autern
1169 539 1390 579 subiungitur,

322 589 411 630 quod
439 589 515 619 haec
544 589 617 618 ideo
649 587 886 626 distinguuntur
917 585 1020 625 specie
1051 584 1126 625 quia
1154 583 1393 623 distinguuntur

321 643 444 673 genere,
469 633 555 662 iuxta
578 632 635 662 tria
659 640 773 670 genera
795 630 887 669 gulae
912 630 950 659 ab
974 629 1045 669 ipso
1070 628 1208 659 Martino
1225 628 1391 668 assignata,

322 677 433 708 eadem
456 676 602 706 facilitate
627 681 759 714 negatur
774 684 837 714 qua
854 673 976 704 dicitur.
1001 673 1095 709 Nam,
1119 679 1156 703 ut
1179 679 1265 713 patet
1288 682 1326 703 ex
1347 672 1391 702 di-

323 721 379 752 ctis
394 721 420 756 *,
439 730 475 750 ex
491 720 539 750 his
563 729 645 759 quae
661 726 735 749 sunt
752 728 807 758 per
826 718 969 748 accidens
993 716 1127 748 conficta
1143 723 1218 747 sunt
1237 717 1296 747 sub
1319 716 1394 756 gula

322 775 435 805 genera
459 764 521 794 illa.
546 764 622 800 Quo
647 762 681 793 fit
705 770 741 793 ut
765 772 899 802 arguens
923 769 954 792 et
977 762 1148 792 doctorum
1163 761 1394 801 theologorum

323 817 530 839 communem
555 807 732 838 doctrinam
752 808 887 838 deserat:
913 813 944 837 et
966 806 1171 836 Aristotelem
1196 815 1261 836 non
1282 815 1393 846 sequa-

322 860 383 889 tur,
408 859 443 883 ut
467 851 599 892 putavit.

378 897 430 926 VI.
457 897 507 926 Ad
531 896 654 926 obiecta
676 895 709 925 in
734 895 826 926 tertio
851 894 959 931 dubio,
984 895 1023 925 de
1048 894 1301 935 specificantibus
1321 904 1394 934 pec-

324 949 390 972 cata
413 941 516 981 gulae,
541 940 658 970 scilicet
681 940 771 980 quod
795 946 870 970 sunt
893 939 1016 970 obiecta
1040 939 1161 970 motiva
1184 939 1343 979 appetitus
1359 939 1393 974 *,

323 985 546 1025 respondendo
571 984 684 1015 dicitur
707 985 747 1014 ad
764 985 926 1024 primum,
951 984 1041 1024 quod
1064 983 1179 1014 falsum
1204 983 1393 1019 assumitur,

322 1030 411 1070 quod
435 1030 546 1059 eadem
570 1029 748 1060 secundum
772 1028 911 1068 speciem
931 1028 1187 1068 concupiscentia
1206 1027 1267 1059 cibi
1286 1027 1340 1058 fiat
1360 1034 1395 1058 ut

323 1083 407 1104 unus
431 1073 536 1109 nimis,
561 1073 638 1104 alter
660 1073 779 1113 pluries
803 1073 836 1103 in
860 1073 910 1103 die
929 1073 1038 1103 ieiunii
1063 1072 1219 1103 comedat.
1245 1072 1286 1103 Et
1309 1072 1395 1102 simi-

322 1118 393 1148 liter
417 1125 549 1158 negatur
572 1124 774 1157 assumptum
799 1117 831 1147 in
854 1117 1005 1148 secundo.
1030 1117 1212 1158 Utrumque
1236 1116 1395 1157 siquidem

323 1162 401 1203 petit
425 1162 628 1203 principium.
659 1162 824 1199 Quoniam
855 1162 1132 1202 concupiscentiae
1156 1161 1396 1201 distinguuntur

324 1207 428 1247 specie
453 1207 534 1238 sicut
556 1205 791 1237 delectationes.
817 1206 956 1237 Alterius
975 1213 1083 1237 autern
1107 1206 1325 1237 delectationis
1349 1213 1396 1237 est

325 1251 508 1282 delectabile
531 1251 564 1281 in
589 1251 763 1292 quantitate
788 1250 849 1281 cibi
873 1261 891 1280 a
914 1250 1090 1281 delectabili
1116 1250 1299 1291 sumptione
1324 1257 1396 1281 ante

324 1303 463 1336 tempus,
489 1303 519 1326 et
543 1306 560 1326 a
584 1295 759 1326 delectabili
779 1295 959 1331 voracitate,
978 1302 1054 1332 etc.,
1080 1305 1155 1326 cum
1172 1295 1248 1325 haec
1266 1302 1397 1326 movent

326 1341 365 1371 ad
389 1340 603 1371 inordinatam
627 1339 919 1380 concupiscentiam
943 1340 1004 1370 sui.

382 1385 433 1415 Ad
455 1386 597 1422 tertium,
624 1395 697 1416 cum
722 1384 836 1415 dicitur
859 1384 948 1425 quod
972 1384 1080 1414 nullus
1099 1390 1204 1424 potest
1227 1384 1397 1415 rationabi-

326 1429 396 1460 liter
420 1429 521 1459 dicere
545 1429 634 1470 quod
653 1435 781 1469 tempus
805 1439 838 1459 se
862 1429 975 1459 habeat
998 1437 1034 1459 ut
1057 1428 1216 1460 motivum
1238 1429 1397 1470 appetitus

327 1474 359 1504 in
384 1473 455 1504 cibo
479 1474 647 1510 sumendo,
672 1480 804 1514 negatur
827 1480 1038 1513 assumptum.
1064 1473 1229 1510 Quoniam
1246 1483 1303 1504 nec
1318 1480 1398 1504 tem—

328 1528 388 1558 pus
413 1518 589 1549 excluditur
612 1528 630 1548 a
653 1518 780 1548 motivis
797 1517 967 1558 appetitus,
985 1524 1021 1548 ut
1046 1519 1226 1558 experimur
1249 1517 1281 1548 in
1306 1518 1397 1548 nobis

967 286 1236 333 QUAESTIO
1267 285 1475 333 CXLVIII,
1505 287 1803 324 ARTICULUS
1829 288 1866 334 ,v

1443 365 1532 401 dum,
1557 365 1632 406 quia
1655 366 1725 397 talis
1744 366 1823 396 hora
1839 372 1895 402 est,
1913 375 2082 396 movemur
2097 365 2136 395 ad
2153 365 2213 395 tale
2231 373 2330 404 opus:
2356 373 2414 394 nec
2433 370 2512 393 tem-

1443 419 1504 449 pus
1521 409 1718 449 applicatum
1734 411 1773 440 ad
1786 410 2004 450 sumptionem
2017 410 2078 440 cibi
2095 410 2202 439 minus
2215 415 2324 439 movet
2339 417 2398 438 nos
2415 417 2514 448 quam

1444 453 1639 492 applicatum
1662 454 1702 484 ad
1724 454 1949 494 agriculturam
1974 461 2081 484 movet
2105 454 2144 484 ad
2166 454 2264 484 illam.

1500 497 1550 526 Ad
1574 503 1724 537 quartum
1749 498 1863 529 dicitur
1886 499 1991 539 quod,
2017 499 2091 539 quia
2112 498 2196 539 finis
2220 502 2266 528 est
2288 498 2384 537 prior
2407 497 2439 526 in
2465 497 2514 525 in-

1445 541 1584 570 tentione
1608 546 1638 571 et
1654 543 1818 581 posterior
1842 544 1873 572 in
1891 544 2098 580 executione;
2124 549 2154 573 et
2178 542 2340 572 obiectum
2357 540 2515 581 appetitus

1445 583 1539 614 habet
1562 584 1718 614 rationem
1741 584 1831 615 finis:
1862 587 1935 617 ideo
1959 586 2142 617 delectabile
2167 587 2198 616 in
2223 585 2413 621 substantia,
2439 594 2516 625 qua-

1444 628 1530 658 litate
1553 635 1584 658 et
1607 629 1791 668 quantitate,
1817 631 2041 669 praeventione
2064 631 2114 661 vel
2129 631 2298 661 voracitate
2316 629 2385 666 cibi,
2410 629 2515 670 primo

1446 678 1554 702 movet
1577 672 1754 712 appetitum
1778 673 1818 702 ad
1841 674 1890 704 sui
1915 675 2204 715 concupiscentiam
2228 674 2457 710 inordinatam
2487 679 2518 703 et

1446 716 1703 757 concupiscentia
1726 717 1906 748 inordinata
1929 726 2038 749 movet
2060 719 2100 749 ad
2124 719 2365 760 adipiscendum
2388 718 2448 749 tale
2464 718 2517 748 de-

1446 760 1590 791 lectabile
1614 761 1773 791 sumendo
1798 761 1906 791 cibum
1928 761 2030 798 illum,
2055 769 2190 800 tanturn,
2214 764 2320 800 talem,
2346 763 2443 803 prius,
2466 762 2517 792 vel

1447 806 1502 836 sic.
1527 805 1620 836 Unde
1644 815 1756 835 verum
1781 805 1856 835 dicit
1879 815 2013 845 arguens
2036 806 2069 836 in
2088 807 2160 844 hoc,
2178 809 2267 848 quod
2290 807 2517 847 concupiscen-

1447 850 1489 881 tia
1512 849 1692 880 inordinata
1716 856 1824 880 movet
1848 850 1887 879 ad
1910 850 2004 889 gulae
2027 857 2194 890 peccatum
2217 852 2250 882 in
2266 859 2338 882 actu
2356 850 2518 882 exterioris

1447 894 1660 925 executionis:
1687 894 1741 924 sed
1766 893 1883 924 falsum
1907 893 1982 924 dicit
2005 894 2037 924 in
2054 894 2125 931 hoc,
2147 896 2236 936 quod
2253 895 2435 927 delectabile
2451 905 2518 925 non

1447 939 1535 979 prius
1559 945 1687 969 moveat
1711 938 1750 968 ad
1773 938 1985 969 inordinatam
2012 939 2312 979 concupiscentiam.
2346 940 2519 971 obiectum

1448 983 1533 1014 enim
1558 982 1727 1023 appetibile
1752 989 1877 1013 constat
1900 992 1967 1013 esse
1991 982 2079 1022 prius
2103 983 2312 1023 appetitione,
2337 991 2368 1015 et
2390 994 2520 1014 movere

1448 1027 1644 1069 appetitum:
1670 1027 1772 1057 immo
1797 1037 1864 1057 esse
1888 1026 2031 1067 primum
2054 1034 2226 1064 motorem,
2251 1034 2364 1068 utpote
2387 1038 2520 1059 moven-

1449 1080 1512 1104 tem
1539 1082 1605 1103 non
1629 1078 1766 1108 motum,
1792 1078 1827 1102 ut
1851 1078 1936 1111 patet
1959 1072 1992 1102 in
2017 1072 2057 1101 III
2074 1072 2114 1102 de
2137 1073 2255 1102 Anima
2269 1071 2297 1103 ²⁸².

1458 1137 1461 1139 »
1504 1117 1597 1147 Unde
1621 1123 1707 1157 patet
1730 1116 1977 1147 fundamentum
2001 1116 2151 1147 Auctoris
2176 1126 2243 1147 esse
2263 1116 2417 1153 solidum,
2439 1117 2520 1157 peri-

1449 1161 1632 1202 pateticum,
1649 1168 1680 1192 et
1704 1170 1885 1191 consonum
1910 1170 1975 1191 non
2000 1161 2108 1191 solum
2132 1161 2202 1199 sibi,
2219 1161 2274 1191 sed
2291 1159 2384 1191 sacris
2399 1161 2519 1192 Docto-

1448 1206 1545 1237 ribus.
1575 1206 1667 1243 Quos
1691 1205 1766 1246 quia
1790 1215 1916 1236 summe
1939 1212 2106 1236 veneratus
2131 1211 2178 1236 est
2193 1208 2324 1241 Auctor,
2345 1204 2418 1235 ideo
2431 1205 2522 1236 intel-

1449 1251 1568 1282 lectum
1593 1250 1741 1281 omnium
1761 1250 2005 1290 quodammodo
2034 1249 2164 1280 sortitus
2194 1256 2251 1280 est.
2287 1249 2447 1290 Scriptum
2477 1256 2523 1280 est

1450 1295 1536 1326 enim
1552 1295 1569 1314 *
1592 1295 1682 1336 quod
1711 1294 1889 1325 declaratio
1917 1294 2100 1325 divinorum
2131 1303 2316 1325 sermonum
2348 1293 2521 1331 illuminat,

1450 1345 1481 1371 et
1505 1340 1698 1370 intellectum
1723 1339 1780 1370 dat
1796 1339 1958 1379 parvulis.
1983 1338 2140 1370 Dantibus
2164 1348 2239 1379 ergo
2264 1348 2396 1379 operam
2420 1337 2523 1369 decla-

2551 1301 2560 1311 ·
2567 1299 2605 1322 Pa.
2613 1305 2693 1323 cxvru.
2702 1305 2761 1321 vers.

2550 1332 2595 1356 ¹3⁰·

1451 1384 1565 1415 rationi
1596 1384 1779 1414 divinorum
1810 1393 1998 1414 sermonum
2030 1393 2087 1424 per
2114 1383 2303 1424 Prophetas,
2328 1382 2522 1423 Apostolos,
2537 1377 2550 1387 ⁵

1452 1429 1672 1470 Doctoresque
1695 1438 1811 1464 sacros,
1829 1428 1939 1459 lumen
1963 1428 2056 1458 datur
2072 1434 2102 1458 et
2121 1427 2309 1464 intellectus,
2323 1433 2435 1468 utpote
2444 1435 2524 1468 par-

1453 1474 1536 1505 vulis
1567 1474 1599 1503 in
1623 1473 1724 1504 oculis
1752 1474 1820 1504 suis
1844 1473 1879 1509 *‚
1905 1479 1935 1503 et
1959 1472 2080 1513 seipsos
2105 1472 2364 1503 submittentibus
2393 1471 2525 1502 illorum

1454 1517 1624 1549 doctrinae.

1125 1673 1445 1717 ARTICULUS
1476 1673 1736 1724 QUINTUS

1020 1767 1178 1798 UTRUM
1202 1767 1321 1798 GULA
1344 1767 1411 1798 SIT
1435 1767 1592 1798 VITIIJM
1617 1766 1833 1798 CAPITALE

973 1845 1015 1870 De
1034 1845 1117 1875 Malo,
1138 1853 1184 1878 qu.
1202 1853 1256 1878 vm,
1276 1851 1324 1871 art.
1348 1854 1373 1877 ¹3
1393 1854 1438 1878 qu.
1457 1853 1510 1878 1111,
1530 1850 1579 1872 art.
1603 1845 1631 1876 3;
1652 1854 1698 1879 qu.
1717 1853 1771 1876 xrv.
1791 1850 1838 1872 art.
1857 1853 1883 1878 4.

362 1943 422 1985 ἶν’-,ἧι
445 1946 490 1979 t<
543 1939 566 1964 D
581 1938 745 1970 QUINTUM
760 1938 814 1963 src
830 1937 1060 1965 PROCEDITUR
1068 1925 1099 1963 ³¹⁸.
1116 1926 1276 1964 Videtur
1291 1926 1397 1975 quod

356 1971 521 2038 Έὲῐᾼὲἣ
543 1981 630 2029 gula
650 1992 728 2017 non
748 1979 794 2017 sit
811 1979 948 2017 vitium
979 1979 1148 2029 capitale.
1177 1979 1277 2017 Vitia
1298 1979 1399 2017 enim

347 2015 469 2093 '‘fisv,
480 2019 511 2078 ’ἦ
526 2032 531 2037 “
545 2033 719 2083 capitalia
743 2033 919 2071 dicuntur
948 2045 993 2070 ex
1021 2033 1161 2082 quibus
1181 2033 1252 2071 alia
1272 2033 1400 2070 oriun—

386 2063 604 2124 sswktur
632 2087 846 2124 secundum
877 2086 1063 2124 rationem
1094 2099 1231 2124 causae
1264 2087 1400 2125 finalis.

334 2141 410 2177 Sed
440 2139 563 2189 cibus,
593 2140 691 2177 circa
719 2152 835 2190 quern
870 2147 926 2178 est
953 2140 1056 2188 gula,
1086 2152 1166 2178 non
1202 2141 1319 2177 habet
1347 2153 1403 2178 ra-

333 2193 478 2230 tionem
506 2193 614 2230 finis:
645 2205 724 2231 non
745 2193 847 2231 enirn
866 2201 1023 2242 propter
1047 2205 1088 2230 se
1108 2193 1314 2243 quaeritur,
1336 2194 1403 2231 sed

333 2253 489 2295 propter
518 2246 688 2296 corporis
711 2246 968 2284 nutritionem.
999 2247 1101 2295 Ergo
1130 2248 1218 2295 gula
1242 2259 1320 2284 non
1349 2254 1406 2284 est

334 2298 471 2337 vitium
500 2300 670 2349 capitale.

391 2364 426 2389 2.
456 2353 691 2400 PRAETEREA,
719 2352 855 2390 vitium
885 2353 1042 2402 capitale
1071 2352 1238 2402 aliquam
1260 2358 1277 2375 α
1305 2353 1406 2403 prin-

337 2405 564 2455 cipalitatem
584 2406 726 2444 habere
746 2406 898 2444 videtur
917 2406 954 2444 in
975 2406 1120 2444 ratione
1139 2406 1297 2456 peccati.
1329 2407 1405 2445 Sed

336 2460 412 2496 hoc
440 2471 519 2497 non
548 2459 731 2510 competit
757 2460 879 2508 gulae,
903 2472 1000 2508 quae
1020 2458 1036 2489 β
1062 2459 1215 2498 videtur
1239 2472 1320 2497 esse
1349 2472 1407 2498 se-

338 2512 506 2550 cundum
535 2525 647 2550 suum
676 2525 796 2561 genus
825 2513 1030 2551 minimum
1058 2521 1323 2563 peccatorum,
1351 2521 1406 2551 ut-

337 2573 426 2615 pote
455 2571 471 2594 Υ
507 2566 593 2615 plus
629 2566 942 2616 appropinquans
979 2567 1028 2604 ad
1056 2566 1094 2604 id
1131 2567 1237 2615 quod
1266 2574 1323 2604 est
1350 2579 1407 2604 se-

338 2620 506 2656 cundum
534 2626 722 2657 naturam.
761 2620 864 2668 Ergo
903 2620 990 2668 gula
1024 2632 1102 2658 non
1138 2620 1292 2658 videtur
1325 2632 1406 2658 esse

337 2672 471 2709 vitium
501 2672 670 2721 capitale.

393 2727 428 2763 3.
449 2726 684 2774 PRAETEREA,
714 2733 912 2776 peccatum
935 2725 1115 2776 contingit
1135 2738 1180 2764 ex
1199 2726 1275 2764 hoc
1302 2727 1409 2776 quod

339 2778 473 2828 aliquis
510 2779 652 2817 recedit
679 2792 701 2816 a
734 2779 838 2817 bono
877 2781 1040 2818 honesto
1078 2787 1235 2830 propter
1268 2780 1409 2830 aliquid

338 2832 427 2870 utile
455 2833 645 2881 praesenti
672 2832 785 2880 vitae,
805 2833 869 2871 vel
903 2833 1125 2871 delectabile
1155 2833 1293 2871 sensui.
1331 2834 1408 2871 Sed

339 2885 437 2922 circa
466 2886 569 2923 bona
597 2898 695 2936 quae
724 2887 866 2924 habent
892 2887 1079 2924 rationem
1108 2886 1229 2935 utilis,
1258 2887 1411 2936 ponitur

338 2950 461 2976 unum
499 2946 647 2976 tantum
682 2939 819 2977 vitium
853 2939 1032 2990 capitale,
1062 2940 1203 2978 scilicet
1239 2941 1408 2979 avaritia.

341 2993 444 3040 Ergo
474 2999 511 3030 et
539 2991 637 3030 circa
671 2992 940 3031 delectationes
967 2993 1120 3032 videtur
1155 3006 1237 3032 esse
1265 3006 1408 3044 ponen-

341 3046 435 3083 dum
455 3057 576 3083 unum
596 3053 743 3084 tantum
759 3046 895 3084 vitium
915 3047 1085 3096 capitale.
1106 3047 1267 3085 Ponitur
1281 3055 1410 3086 autem

340 3098 505 3136 luxuria:
531 3111 630 3148 quae
646 3106 701 3137 est
720 3099 842 3138 maius
855 3100 993 3138 vitium
1008 3112 1126 3150 quam
1142 3101 1240 3149 gula,
1257 3109 1294 3139 et
1314 3101 1411 3139 circa

342 3152 506 3190 maiores
535 3151 816 3191 delectationes.
847 3154 949 3202 Ergo
978 3154 1066 3203 gula
1094 3166 1173 3191 non
1201 3161 1257 3192 est
1275 3154 1410 3192 vitium

343 3205 513 3254 capitale.

397 3259 471 3296 San
487 3269 634 3296 CONTRA
648 3270 715 3297 Εετ
730 3259 836 3309 quod
851 3260 1070 3309 Gregorius,
1086 3260 1212 3298 XXXI
1227 3260 1411 3309 Moram

344 3318 540 3361 computat
567 3312 694 3361 gulam
723 3312 820 3351 inter
846 3312 939 3351 vitia
967 3313 1152 3364 capitalia.

397 3365 623 3403 Respounsso
642 3377 827 3404 mcx-:unum
847 3367 965 3416 quod,
983 3367 1079 3405 sicut
1098 3379 1213 3417 supra
1227 3366 1248 3390 ¹⁸¹
1267 3367 1411 3405 dictum

1456 1933 1524 1973 est,
1543 1926 1679 1964 vitium
1699 1925 1859 1976 capitale
1880 1925 2014 1963 dicitur
2034 1938 2079 1963 ex
2099 1938 2177 1976 quo
2198 1926 2270 1964 alia
2288 1926 2380 1964 vitia
2399 1927 2528 1966 oriun-

1456 1987 1516 2017 tur
1535 1979 1747 2017 secundum
1768 1979 1956 2017 rationem
1977 1991 2116 2017 causae
2135 1979 2275 2018 finalis:
2300 1980 2529 2029 inquantum

1457 2033 1598 2070 scilicet
1624 2033 1740 2071 habet
1776 2033 1895 2070 finem
1928 2033 2091 2070 multum
2129 2032 2397 2083 appetibilem,
2425 2035 2530 2072 unde

1459 2098 1504 2124 ex
1532 2086 1613 2124 eius
1642 2086 1812 2136 appetitu
1848 2086 2026 2124 homines
2063 2095 2326 2136 provocantur
2353 2087 2531 2138 multipli-

1459 2140 1550 2177 citer
1577 2140 1627 2178 ad
1646 2140 1887 2190 peccandum
1906 2139 1938 2178 *.
1969 2141 2028 2178 Ex
2047 2141 2122 2178 hoc
2142 2148 2271 2178 autem
2286 2140 2423 2190 aliquis
2442 2141 2530 2179 finis
2559 2156 2570 2167 ·
2606 2170 2612 2177 .

1460 2193 1629 2231 redditur
1656 2195 1820 2231 multum
1850 2193 2063 2243 appetibilis
2083 2194 2190 2243 quod
2218 2194 2334 2232 habet
2362 2194 2531 2245 aliquam

1459 2247 1508 2284 de
1538 2246 1822 2284 conditionibus
1855 2247 2055 2291 felicitatis,
2087 2260 2186 2297 quae
2225 2256 2281 2286 est
2314 2247 2533 2286 naturaliter

1459 2299 1684 2350 appetibilis.
1715 2300 1882 2338 Pertinet
1900 2308 2028 2338 autem
2058 2302 2106 2338 ad
2126 2300 2311 2339 rationem
2349 2301 2532 2340 felicitatis

1462 2353 1680 2391 delectatio:
1719 2361 1761 2390 ut
1788 2361 1891 2403 patet
1909 2354 1948 2391 in
1978 2353 2027 2390 l*
2046 2361 2083 2391 et
2111 2354 2148 2391 X
2165 2355 2286 2392 Ethic.
2306 2354 2348 2377 '¹⁹¹⁸
2376 2355 2425 2392 Et
2442 2355 2532 2393 ideo
2561 2365 2570 2375 ·

1453 2407 1595 2444 vitium
1624 2407 1747 2455 gulae,
1769 2407 1874 2456 quod
1894 2414 1950 2444 est
1969 2407 2068 2444 circa
2097 2406 2367 2446 delectationes
2394 2414 2529 2457 tactus,

1462 2472 1561 2509 quae
1597 2467 1685 2497 sunt
1720 2460 1950 2510 praecipuae
1983 2460 2080 2498 inter
2111 2460 2222 2510 alias,
2260 2461 2534 2501 convenienter

1461 2513 1615 2563 ponitur
1643 2513 1738 2551 inter
1765 2513 1857 2551 vitia
1886 2513 2072 2563 capitalia.

1514 2568 1575 2604 An
1604 2579 1742 2605 PRIMUM
1761 2579 1860 2605 ERGO
1890 2579 2076 2605 DICENDIJM
2104 2567 2211 2618 quod
2238 2567 2320 2618 ipse
2341 2567 2448 2606 cibus
2473 2581 2534 2606 or-

1462 2619 1613 2658 dinatur
1640 2620 1797 2670 quidem
1831 2621 1880 2658 ad
1909 2620 2050 2670 aliquid
2088 2620 2183 2659 sicut
2210 2621 2259 2659 ad
2286 2621 2428 2659 finem:
2465 2622 2534 2660 sed

1463 2673 1553 2724 quia
1581 2673 1641 2711 ille
1660 2674 1759 2721 finis,
1790 2674 1930 2712 scilicet
1958 2674 2199 2712 conservatio
2229 2674 2343 2723 vitae,
2370 2682 2427 2712 est
2453 2687 2534 2713 ma-

1463 2726 1564 2764 xime
1593 2726 1818 2776 appetibilis,
1848 2739 1946 2777 quae
1976 2727 2057 2765 sine
2086 2728 2173 2766 cibo
2203 2728 2423 2766 conservari
2453 2740 2533 2767 non

1464 2788 1610 2830 potest,
1640 2779 1729 2818 inde
1758 2780 1872 2818 etiam
1902 2788 1958 2819 est
1986 2781 2091 2831 quod
2120 2781 2200 2831 ipse
2229 2781 2336 2819 cibus
2370 2789 2426 2819 est
2453 2793 2535 2820 ma-

1463 2834 1565 2872 xime
1593 2834 1826 2883 appetibilis3
1857 2842 1894 2872 et
1921 2834 1971 2872 ad
1998 2835 2073 2872 hoc
2102 2835 2180 2873 fere
2208 2842 2309 2872 totus
2329 2835 2438 2872 labor
2465 2835 2535 2873 hu-

1466 2899 1604 2925 manae
1619 2887 1720 2925 vitae
1741 2887 1948 2935 ordinatur,
1964 2888 2178 2927 secundum
2197 2887 2288 2925 illud
2301 2888 2426 2926 Eccle.
2441 2900 2478 2926 vr
2491 2888 2531 2925 *ε
2560 2896 2570 2906 ·

1470 2941 1600 2979 Omnis
1632 2941 1742 2978 labor
1777 2941 1940 2979 hominis
1967 2941 2004 2979 in
2042 2953 2110 2980 ore
2135 2942 2226 2980 eius.
2261 2961 2286 2970 -
2320 2941 2370 2978 Et
2405 2949 2535 2980 tamen

1465 2995 1553 3043 gula
1580 2994 1701 3044 magis
1728 2994 1880 3032 videtur
1909 3006 1990 3032 esse
2029 2994 2127 3033 circa
2155 2994 2425 3034 delectationes
2462 2994 2535 3033 cibi

1466 3059 1584 3096 quam
1613 3047 1714 3085 circa
1741 3048 1859 3086 cibos.
1889 3049 2050 3098 Propter
2076 3048 2200 3097 quod,
2228 3055 2271 3085 ut
2298 3047 2534 3096 Augustinus

1467 3101 1565 3147 dicit,
1592 3101 1630 3138 in
1653 3100 1750 3139 libro
1779 3102 1825 3139 de
1856 3102 1955 3140 Vera
1974 3101 2100 3152 Relig.
2115 3100 2156 3162 *st
2185 3101 2318 3150 quibus
2337 3101 2421 3139 vilis
2440 3099 2454 3124 ⁸
2482 3107 2537 3140 est
2562 3112 2572 3122 ·

1466 3154 1635 3203 corporis
1661 3154 1782 3202 salus,
1811 3154 1959 3192 malunt
1983 3154 2100 3201 vesci,
2129 3165 2168 3192 In
2197 3166 2275 3204 quo
2304 3154 2445 3192 scilicet
2478 3162 2536 3193 est

1467 3207 1678 3255 delectatio,
1708 3219 1824 3258 quam
1851 3208 2039 3246 saturari.-
2067 3219 2153 3245 cum
2182 3207 2304 3245 omnis
2319 3209 2417 3257 finis
2436 3208 2536 3246 illius

1467 3261 1666 3310 voluptatis
1693 3262 1741 3299 sit
1765 3273 1840 3299 non
1868 3260 1972 3298 sitire
1997 3266 2110 3310 atque
2136 3261 2292 3299 esurire.

1521 3315 1580 3352 An
1608 3325 1799 3352 secunaum
1833 3325 2018 3352 mesanum
2056 3314 2163 3363 quod
2192 3314 2278 3352 finis
2306 3314 2344 3352 in
2376 3322 2534 3365 peccato

1466 3367 1648 3416 accipitur
1677 3378 1720 3404 ex
1739 3374 1846 3416 parte
1875 3366 2150 3415 conversionis,
2171 3367 2239 3407 sed
2263 3368 2428 3417 gravitas
2447 3379 2536 3418 pec-

399 3508 428 3542 α)
446 3508 573 3542 aliquam.
585 3522 606 3530 -
623 3510 770 3543 aliquando
788 3511 1036 3538 BCDEFGHIKLa.

400 3543 425 3577 β)
444 3551 520 3577 quae.
534 3558 552 3565 -
570 3545 634 3578 quia
652 3545 724 3571 PGa.

1519 3511 1544 3544 ὃ)
1563 3511 1633 3537 vilis.
1644 3525 1664 3533 -
1680 3512 1747 3538 uiris
1763 3513 1805 3538 vel
1825 3512 1893 3538 iuris
1912 3514 2029 3545 codices:
2049 3521 2098 3548 pro
2116 3517 2165 3545 ese,
2183 3520 2241 3540 ess«
2258 3513 2380 3548 fflpne.
2392 3513 2462 3539 idem
2474 3517 2536 3546 post

1465 3547 1538 3572 salus
1555 3547 1587 3578 D,
1607 3552 1666 3573 ante
1688 3553 1714 3573 et
1732 3553 1791 3581 post
1817 3548 1884 3574 iuris
1909 3549 1938 3580 E,
1962 3557 2016 3575 om.
2036 3549 2061 3581 l:
2087 3549 2155 3575 iuris
2174 3548 2236 3584 fene
2259 3550 2329 3581 (esee
2353 3549 2390 3582 G)
2412 3547 2535 3581 corpor-1¹⁸

398 3579 425 3612 γ)
445 3582 574 3612 utpote·
592 3582 622 3606 ut
642 3583 720 3613 patet
744 3580 890 3615 ACDLpK.
911 3585 940 3607 ut
962 3583 998 3612 B.
1017 3586 1047 3608 ut
1066 3585 1137 3616 puta
1161 3582 1212 3614 ιΕ,
1229 3590 1285 3608 om.
1303 3582 1358 3615 pE:
1382 3586 1412 3608 ut
1464 3582 1538 3608 salus
1556 3585 1596 3608 est
1614 3582 1665 3609 Ga.

342 3617 422 3646 patet
440 3615 515 3648 (quia
530 3615 594 3648 plus
611 3615 822 3649 appropinquat)
841 3617 891 3642 Ga.
911 3655 918 3666 ν

2552 1473 2562 1484 ·
2575 1471 2654 1500 IReg.
2665 1477 2715 1500 cap.
2727 1477 2765 1499 xv,

2551 1505 2611 1521 vm.
2628 1504 2658 1526 ¹7-

2560 2422 2609 2439 xm.

2560 2443 2768 2493 ὲῖτεὶῗηζὲἰῖἓ·

2586 2893 2652 2917 ναι.
2667 2900 2689 2922 7.
