2768 4198
20 780 29 789 ·
46 779 92 806 Qu.
108 784 180 804 xxxii,
191 781 231 799 art.

21 989 29 998 “
43 987 130 1009 Hamil.
146 986 195 1008 xn.

15 1523 25 1532 ⁸
39 1522 71 1544 Ca
90 1537 96 1542 .
118 1528 143 1549 ιι,
163 1528 186 1543 n.
201 1529 230 1549 4;

15 1555 34 1570 a.
48 1529 92 1570 Titii
109 1550 159 1571 lect.
176 1555 200 1570 ιι.
217 1560 227 1565 -

16 1575 51 1597 Cf.
82 1576 158 1597 Ethic.
187 1575 228 1597 lib.

16 1602 76 1629 vm,
93 1609 142 1630 cap.
158 1609 191 1629 xi,
207 1609 229 1624 n.

15 1629 41 1654 6:
53 1636 71 1651 s.
78 1629 124 1651 Th.
136 1630 188 1651 lect.
199 1636 228 1651 xi.

114 1680 128 1705 δ

15 2008 24 2017 ·
39 2008 88 2029 Art.
103 2014 124 2036 3,
139 2007 167 2029 ad
181 2015 204 2035 4.

265 266 338 302 526

262 343 533 380 convenienter
562 342 689 390 religio
711 340 850 377 institui
870 347 994 387 potest
1014 339 1063 375 ad
1089 349 1208 386 opera
1227 338 1330 374 vitae

261 397 419 443 activae,
450 396 662 433 secundum
694 395 797 443 quod
819 393 1042 429 ordinantur
1062 391 1110 428 ad
1131 390 1330 427 utilitatem

260 451 539 499 proximorum,
570 458 606 485 et
634 450 682 485 ad
712 446 941 494 obsequium
961 445 1048 492 Dei,
1071 452 1107 481 et
1126 456 1331 481 conserva-

260 504 403 540 tionem
423 509 438 531 Υ
468 503 585 540 divini
614 502 747 537 cultus.
792 499 916 547 Magis
946 506 1074 534 autem
1104 505 1332 546 procuratur
1359 538 1360 549 ἵ

260 557 396 594 utilitas
434 556 697 605 proximorum
737 565 806 601 per
844 564 889 588 ea
927 563 1026 599 quae
1065 551 1255 600 pertinent
1283 551 1360 605 ad¹

261 610 492 659 spiritualem
523 608 673 645 animae
703 607 882 653 salutem,
912 617 1030 653 quam
1060 617 1130 653 per
1159 617 1203 640 ea
1233 616 1331 653 quae

259 663 446 712 pertinent
474 662 522 698 ad
552 659 861 698 subveniendum
893 657 1082 707 corporali
1104 657 1330 704 necessitati,

260 724 403 765 quanto
424 714 628 763 spiritualia
649 713 909 762 corporalibus
929 719 1018 748 sunt
1037 711 1203 760 potiora:
1228 711 1331 748 unde

259 782 374 818 supra
392 768 412 790 '³‘
441 768 581 805 dictum
613 774 668 803 est
696 766 803 815 quod
829 767 1099 813 eleemosynae
1120 764 1332 813 spirituales
1359 770 1360 810 ζ

259 830 346 859 sunt
366 821 629 870 corporalibus
648 820 830 869 potiores.
862 820 949 856 Hoc
970 818 1085 855 etiam
1105 818 1227 866 magis
1247 830 1332 867 per-

258 876 348 912 tinet
380 875 427 912 ad
458 874 688 922 obsequium
716 873 805 920 Dei,
837 872 896 909 cui
926 872 1071 909 nullum
1099 872 1330 920 sacrificium

257 934 309 965 est
346 929 477 978 magis
497 933 693 976 acceptum
731 939 847 976 quam
883 926 983 975 zelus
1010 926 1249 971 animarum,
1290 935 1331 963 ut

258 982 464 1029 Gregorius
494 981 594 1028 dicit,
623 992 738 1029 super
764 981 900 1029 Ezech.
921 979 941 1001 ’¹‘
974 980 1102 1016 Maius
1132 979 1246 1016 etiam
1276 987 1333 1017 est

256 1035 512 1084 spiritualibus
549 1035 666 1072 armis
701 1042 833 1071 contra
867 1046 1014 1070 errores
1049 1033 1330 1070 haereticorum

257 1096 292 1124 et
311 1089 539 1126 tentationes
559 1088 798 1126 daemonum
821 1087 954 1124 fideles
975 1087 1194 1134 defendere,
1211 1099 1329 1134 quam

256 1143 519 1191 corporalibus
557 1142 671 1179 armis
709 1142 897 1191 populum
935 1141 1093 1178 fidelem
1131 1140 1238 1177 tueri.
1283 1141 1331 1177 Et

255 1195 341 1232 ideo
373 1195 783 1233 convenientissimum
805 1203 860 1232 est
889 1194 938 1231 ad
957 1193 1274 1244 praedicandum,
1295 1202 1332 1231 et

255 1250 300 1286 ad
335 1250 409 1286 alia
447 1262 547 1299 quae
584 1249 776 1298 pertinent
808 1249 856 1286 ad
895 1249 1058 1285 salutem
1091 1247 1329 1295 animarum,

255 1304 424 1351 aliquam
454 1303 679 1351 religionem
709 1301 860 1339 institui.

308 1359 367 1394 Αι)
405 1369 544 1394 ptumum
582 1367 681 1393 ERGO
715 1367 902 1393 chENDUM
927 1355 1034 1404 quod
1063 1354 1124 1391 ille
1154 1354 1220 1403 qui
1240 1367 1332 1404 ope-

256 1417 358 1448 ratur
388 1423 432 1448 ex
460 1410 600 1448 virtute
626 1410 790 1457 alterius,
817 1409 892 1458 agit
918 1421 989 1458 per
1009 1408 1174 1446 modum
1197 1408 1332 1446 instru—
1359 1414 1360 1417 ’

256 1464 387 1502 menti.
431 1464 606 1513 Minister
643 1472 773 1501 autem
810 1471 867 1500 est
911 1463 1007 1500 sicut
1042 1462 1332 1500 instrumentum
1359 1487 1360 1514 3

256 1519 487 1556 animatum:
525 1526 567 1555 ut
604 1517 866 1566 Philosophus
904 1517 1013 1563 dicit,
1052 1516 1091 1553 in
1130 1517 1143 1552 1
1177 1516 1286 1553 Polit.
1312 1515 1361 1555 *ᾗ

256 1572 368 1610 Unde
397 1572 503 1621 quod
533 1571 668 1620 aliquis
689 1571 913 1608 auctoritate
932 1571 1192 1620 praelatorum
1222 1582 1332 1619 prae-

257 1626 366 1672 dicet,
396 1626 458 1662 vel
487 1625 557 1662 alia
585 1625 808 1662 huiusmodi
836 1624 959 1671 faciat,
990 1636 1069 1661 non
1094 1623 1333 1672 supergredi-

256 1688 317 1717 tur
351 1679 592 1729 discipulatus
626 1677 639 1701 ὅ
675 1680 739 1716 vel
774 1678 1014 1716 subiectionis
1048 1676 1231 1726 gradum,
1269 1677 1361 1725 qui=

257 1733 442 1783 competit
470 1733 666 1781 religiosis.

309 1789 367 1824 AD
397 1799 589 1824 SECUNDUM
618 1798 805 1824 monimum
839 1785 966 1834 quod,
1003 1784 1100 1821 sicut
1130 1783 1333 1832 religiones
1360 1785 1361 1792 ³

255 1841 405 1890 aliquae
435 1841 682 1878 instituuntur
710 1841 758 1877 ad
789 1839 1043 1885 militandum,
1075 1851 1153 1876 non
1173 1837 1331 1886 quidem
1360 1851 1361 1885 ζ

256 1902 296 1931 ut
311 1895 472 1932 militent
488 1895 710 1932 auctoritate
726 1893 892 1943 propria,
910 1894 977 1931 sed
993 1891 1217 1930 auctoritate
1232 1891 1334 1941 prin-

256 1948 385 1997 cipum
414 1949 478 1985 vel
507 1948 715 1995 Ecclesiae,
737 1947 875 1997 quibus
905 1959 949 1984 ex
977 1946 1106 1984 officio
1137 1946 1332 1995 competit,

256 2002 351 2039 sicut
368 2002 512 2040 dictum
535 2002 637 2048 est*;
659 2002 709 2039 ita
730 2002 843 2039 etiarn
866 2001 1068 2049 religiones
1089 1999 1335 2037 instituuntur

255 2057 304 2094 ad
323 2056 628 2106 praedicandum
650 2064 685 2093 et
706 2055 969 2093 confessiones
989 2054 1239 2100 audiendum,
1256 2066 1335 2091 non

255 2110 413 2160 quidem
442 2110 598 2159 propria
627 2109 862 2156 auctoritate,
883 2109 951 2146 sed
982 2107 1206 2146 auctoritate
1225 2119 1337 2157 prae-

255 2166 419 2202 latorum
437 2164 679 2213 superiorum
701 2171 738 2200 et
764 2163 1003 2210 inferiorum,
1023 2162 1074 2200 ad
1096 2174 1196 2211 quos
1216 2173 1261 2199 ex
1281 2161 1336 2199 of-

256 2218 344 2255 ficio
373 2217 546 2266 pertinet.
578 2218 627 2254 Et
654 2217 705 2254 ita
724 2222 736 2239 ⁸
756 2216 962 2254 subvenire
987 2215 1164 2266 praelatis
1200 2215 1239 2252 in
1272 2215 1336 2253 tali

257 2271 467 2309 ministerio
498 2279 553 2308 est
580 2270 803 2308 huiusmodi
838 2270 1029 2318 religionis
1056 2269 1267 2318 proprium.

312 2327 369 2362 An
389 2336 551 2363 TER‘rmM
571 2335 758 2362 melerinum
779 2324 886 2372 quod
907 2336 929 2360 a
947 2322 1126 2373 praelatis
1146 2332 1226 2359 non
1247 2334 1338 2359 con-

329 2440 338 2472 )
358 2439 596 2465 conservationem.
607 2452 626 2459 -
644 2438 873 2465 conversationem
894 2437 1102 2464 PABCEFKLa.

311 2447 337 2508 Ξ)
357 2475 542 2508 discipulatus.
555 2489 573 2494 -
592 2475 781 2507 disciplinatus
799 2475 879 2504 HKL.
899 2474 1068 2507 disciplinam
1088 2473 1120 2499 G.

313 2510 335 2544 ε)
355 2511 504 2537 subvenire.
516 2525 535 2530 -
553 2511 704 2536 subservire
724 2511 797 2540 PDF.
816 2510 918 2536 servire
937 2511 970 2536 H.

311 2546 338 2579 ζ)
357 2547 467 2580 aliqui...
487 2547 578 2573 velint.
589 2561 609 2566 -
627 2546 752 2579 aliquis...
771 2547 836 2572 velit
853 2546 1019 2579 ABDEKpc,
1031 2545 1156 2579 aliquis...
1171 2545 1256 2570 velint
1274 2545 1337 2571 Fu..

865 261 1133 307 QUAESTIO
1165 258 1450 305 CLXXXVIII,
1481 259 1781 296 ARTICULUS
1812 259 1862 295 IV

1359 342 1360 362 ι
1389 337 1534 374 ceditur
1561 337 1908 385 talibus'religiosis
1946 346 1987 374 ut
2015 337 2174 386 quilibet
2203 338 2462 375 indifferenter

1358 363 1507 445 ipossit
1544 391 1764 439 praedicare
1803 392 1865 428 vel
1904 391 2164 428 confessiones
2199 391 2354 429 audire:
2394 392 2463 429 sed

1358 451 1360 455 ’
1388 445 1601 481 secundum
1631 444 1938 482 moderationem
1969 457 2105 482 eorum
2144 445 2210 494 qui
2238 445 2462 482 huiusmodi

1388 497 1633 545 religionibus
1662 498 1951 546 praeficiuntur;
1980 499 2044 535 vel
2064 499 2279 536 secundum
2304 499 2462 535 taxatio·

1387 562 1477 587 nem
1506 550 1679 599 ipsorum
1709 553 1983 599 praelatorum.

1440 606 1500 640 Αι)
1529 615 1705 647 QUARTUM
1733 616 1920 642 memnon
1949 606 2057 654 quod
2085 606 2195 656 plebs
2225 605 2350 643 fidelis
2385 618 2463 643 non

1359 657 1360 689 ἐ
1386 664 1536 694 tenetur
1565 670 1611 694 ex
1641 657 1770 694 debito
1801 657 1891 695 iuris
1919 659 1969 695 ad
1998 667 2173 708 sumptus
2192 659 2464 697 ministrandos

1359 731 1360 751 2
1387 710 1458 748 nisi
1488 710 1688 748 ordinariis
1717 711 1906 760 praelatis,
1935 711 2002 760 qui
2020 721 2177 762 propter
2196 714 2272 751 hoc
2295 714 2464 750 decimas

1387 772 1424 801 et
1452 764 1666 801 oblationes
1695 764 1869 802 fidelium
1899 765 2087 814 recipiunt
2116 774 2152 803 et
2171 767 2267 804 alios
2287 767 2464 804 ecclesia-

1387 817 1502 855 sticos
1531 818 1685 856 reditus.
1722 817 1800 855 Sed
1829 818 1860 855 si
1888 818 2004 867 aliqui
2033 820 2146 867 gratis
2174 820 2211 857 in
2241 820 2466 858 huiusmodi

1387 871 1533 909 actibus
1561 871 1682 909 velint
1701 870 1713 894 ῑ
1741 871 1921 909 fidelibus
1950 872 2178 921 ministrare,
2199 885 2279 911 non
2297 882 2465 924 potesta-

1386 925 1462 963 tive
1481 925 1502 947 *
1521 926 1569 962 ab
1591 925 1644 962 eis
1665 933 1841 975 sumptus
1871 926 2075 975 exigentes,
2097 939 2177 964 non
2205 935 2363 977 propter
2389 929 2466 966 hoc

1386 987 1595 1028 gravantur
1622 979 1775 1016 fideles:
1807 979 1897 1029 quia
1925 987 1963 1017 et
1990 980 2060 1030 ipsi
2084 988 2247 1030 possunt
2265 981 2468 1019 liberaliter

1387 1045 1686 1081 recompensare
1737 1034 1993 1083 temporalem
2042 1035 2367 1082 subventionem,
2416 1035 2467 1073 ad

1387 1098 1517 1136 quam,
1539 1086 1607 1123 etsi
1628 1098 1707 1123 non
1726 1093 1928 1124 teneantur
1947 1096 1992 1124 ex
2013 1088 2142 1126 debito
2163 1088 2266 1136 iuris,
2289 1095 2468 1126 tenentur

1386 1148 1518 1177 tamen
1547 1152 1592 1176 ex
1622 1140 1751 1178 debito
1786 1140 1969 1186 caritatis;
2006 1154 2086 1179 non
2115 1149 2244 1180 autem
2273 1142 2325 1180 ita
2360 1141 2467 1191 quod

1386 1194 1438 1232 eis
1465 1194 1514 1230 sit
1539 1194 1744 1240 tribulatio,
1773 1194 1858 1232 aliis
1885 1201 2013 1232 autem
2042 1196 2232 1243 remissio,
2262 1204 2304 1233 ut
2333 1196 2468 1234 dicitur

1388 1249 1419 1285 11
1440 1247 1493 1284 ad
1515 1248 1603 1285 Cor.
1624 1259 1686 1285 vui
1705 1247 1736 1285 ²¹⁸.
1757 1269 1782 1276 -
1803 1248 1844 1285 Si
1868 1256 1998 1287 tamen
2018 1262 2099 1288 non
2118 1249 2382 1288 invenirentur
2402 1250 2467 1300 qui

1387 1301 1500 1350 gratis
1529 1313 1570 1338 se
1598 1301 1824 1339 huiusmodi
1844 1303 2040 1352 obsequiis
2059 1304 2336 1353 manciparent,
2361 1311 2467 1342 tene-

1388 1362 1519 1392 rentur
1547 1354 1728 1393 ordinarii
1756 1356 1927 1405 praelati,
1957 1357 1988 1394 si
2016 1357 2087 1407 ipsi
2116 1370 2195 1396 non
2225 1357 2467 1407 sufficerent,

1387 1408 1482 1446 alios
1502 1413 1521 1436 ’ί
1550 1409 1599 1446 ad
1618 1410 1694 1446 hoc
1722 1408 1886 1447 idoneos
1910 1422 2108 1459 quaerere,
2129 1411 2270 1462 quibus
2290 1419 2468 1462 sumptus

1387 1462 1458 1512 ipsi
1488 1461 1758 1500 ministrarent.

1443 1518 1501 1553 An
1539 1527 1704 1559 QumTuM
1737 1529 1925 1555 nicanoris(
1963 1518 2071 1567 quod
2109 1518 2277 1558 formam
2315 1528 2468 1569 septua-

1387 1569 1660 1618 gintaduorum
1679 1570 1957 1620 discipulorum
1978 1584 2058 1609 non
2077 1573 2204 1610 solum
2227 1580 2360 1611 tenent
2383 1585 2469 1623 pre-

1388 1623 1530 1672 sbyteri
1560 1623 1693 1671 curati,
1718 1624 1785 1662 sed
1806 1625 2041 1676 quicumque
2061 1625 2122 1663 alii
2142 1626 2304 1665 minoris
2324 1626 2469 1666 ordinis

1390 1676 1581 1726 episcopis
1618 1677 1657 1714 in
1695 1689 1832 1715 eorum
1871 1678 2001 1716 officio
2038 1679 2283 1721 subserviant
2304 1678 2330 1719 ⁰.
2375 1681 2469 1721 Non

1389 1730 1493 1767 enirn
1532 1730 1667 1779 legitur
1702 1731 1808 1780 quod
1843 1732 2239 1782 septuagintaduobus
2274 1734 2469 1785 discipulis

1388 1783 1582 1822 Dominus
1602 1784 1748 1834 aliquas
1777 1786 2050 1824 determinatas
2077 1788 2280 1837 parochias
2300 1789 2468 1838 assigna-

1390 1846 1463 1875 ret:
1493 1838 1563 1875 sed
1591 1838 1698 1888 quod
1727 1839 1896 1877 mittebat
1921 1851 1984 1878 eos
2012 1846 2101 1878 ante
2117 1842 2266 1890 faciem
2289 1854 2400 1880 suam
2429 1844 2468 1882 in

1388 1904 1540 1929 omnem
1565 1892 1753 1930 civitatem
1773 1898 1810 1930 et
1826 1893 1952 1931 locum
1981 1906 2055 1943 quo
2076 1900 2162 1932 erat
2177 1896 2256 1946 ipse
2273 1902 2467 1936 venturus.

1360 1948 1362 1966 ¹
1389 1946 1667 1995 Opportunum
1706 1954 1835 1984 autem
1874 1947 1943 1985 fuit
1969 1955 2030 1995 ut,
2068 1957 2219 1998 praeter
2253 1950 2470 1989 ordinarios

1388 2000 1591 2049 praelatOS,
1612 2000 1671 2037 alii
1693 2009 1982 2039 assumerentur
2000 2002 2050 2040 ad
2069 2003 2293 2042 huiusmodi
2318 2004 2468 2043 officia:

1362 2100 1363 2103 Ἰ
1389 2061 1546 2103 propter
1574 2053 1860 2092 multitudinem
1888 2055 2011 2093 fidelis
2030 2057 2176 2106 populi,
2208 2065 2244 2095 et
2272 2057 2470 2097 difficulta-

1362 2111 1364 2157 ᾗ
1388 2115 1467 2145 tem
1488 2107 1710 2146 inveniendi
1724 2108 1959 2147 sufficientes
1978 2122 2165 2160 personas
2185 2111 2470 2152 distribuendas

1363 2161 1546 2213 Isingulis
1583 2162 1773 2211 plebibus.
1814 2162 1921 2201 Sicut
1953 2163 2069 2203 etiam
2108 2173 2144 2202 et
2177 2165 2381 2215 religiones
2406 2161 2468 2206 'ad

1363 2219 1365 2253 ἱ
1390 2215 1631 2253 militandum
1654 2228 1811 2254 necesse
1835 2217 1905 2254 fuit
1922 2217 2076 2266 institui,
2097 2227 2256 2269 propter
2275 2219 2476 2269 defectura>

2582 876 2607 908 ‘t

2494 938 2503 947 ·
2519 936 2555 959 ef.
2569 936 2581 958 1
2594 935 2628 958 aa
2640 935 2707 963 cm,

2493 969 2545 1012 ξιιμ.
2560 969 2593 990 ιι,
2607 968 2668 985 vers.
2682 969 2707 990 4,

2495 1255 2588 1279 ’Va-a.
2604 1261 2634 1286 ¹³·

1363 2257 1366 2322 i
1391 2269 1646 2306 saecularium
1666 2269 1884 2320 principum
1905 2271 1954 2309 ad
1975 2272 2230 2311 resistendum
2249 2273 2470 2316 infidelibus
2527 2298 2529 2301 ⁴

1364 2323 1367 2368 i
1390 2321 1428 2359 in
1457 2321 1650 2370 aliquibus
1679 2323 1800 2361 terris.

1443 2437 1471 2469 η)
1490 2436 1568 2463 alios.
1579 2449 1599 2456 —
1613 2445 1667 2470 per
1684 2437 1753 2463 alios
1771 2437 1810 2462 Pa
1829 2443 1855 2463 et
1874 2438 1977 2465 codices
1995 2446 2098 2472 praeter
2112 2441 2182 2468 GsC.

1444 2472 1469 2506 θ)
1488 2473 1646 2506 episcopis...
1664 2473 1842 2500 subserviant.
1854 2487 1873 2493 -
1891 2475 1939 2508 qui
1955 2476 2113 2510 episcopis...
2125 2478 2299 2504 subserviunt
2311 2479 2369 2506 Pla.
2381 2493 2401 2500 -
2417 2480 2470 2507 Pro

1392 2509 1472 2538 enim,
1490 2513 1581 2535 autem
1601 2509 1648 2536 Pa.

942 2626 1285 2660 Commentariis
1307 2624 1566 2659 Cardinalis
1589 2626 1796 2660 Caietam

290 2720 310 2740 N
334 2709 469 2741 articulo
493 2715 608 2750 quarto
633 2707 778 2739 eiusdem
797 2707 1005 2749 quaestionis,
1022 2707 1056 2738 in
1072 2706 1282 2748 responsione
1299 2707 1336 2737 ad

263 2721 480 2791 Isecundum,
505 2753 632 2784 adverte
657 2752 822 2793 diligenter
837 2753 916 2784 duo.
940 2752 1060 2790 Primo,
1081 2752 1172 2793 quod
1187 2751 1337 2793 proprius

261 2806 348 2830 actus
371 2799 519 2829 Fratrum
543 2797 803 2829 Praedicatorum
827 2807 892 2828 non
909 2804 956 2828 est
979 2797 1170 2838 praedicare,
1194 2796 1250 2827 sed
1264 2796 1337 2828 sub—

262 2844 370 2875 venire
387 2843 559 2884 praelatis,
579 2842 640 2873 hoc
657 2849 703 2873 est
726 2842 896 2883 episcopis,
914 2843 945 2873 in
964 2842 1221 2883 praedicationis
1243 2846 1337 2872 actu:

261 2888 303 2919 ita
327 2888 416 2929 quod
448 2897 514 2918 non
540 2886 692 2930 convenit¹
712 2886 756 2918 eis
785 2887 963 2928 praedicare
994 2886 1054 2917 nisi
1082 2885 1336 2918 ministerialiter.

262 2933 302 2964 Et
325 2939 493 2973 propterea
523 2931 549 2962 si
573 2931 717 2972 praelati,
741 2941 883 2973 quorum
908 2938 983 2963 sunt
1013 2931 1163 2968 ministri,
1194 2931 1238 2962 eis
1263 2940 1337 2972 pro·

262 2977 381 3014 hibent,
401 2987 457 3008 eos
479 2984 639 3012 revocant,
657 2976 841 3016 simpliciter
863 2977 914 3007 vel
929 2976 969 3007 ad
986 2983 1114 3017 tempus
1137 2982 1193 3007 aut
1215 2975 1336 3012 locum,

262 3032 280 3052 a
303 3022 358 3052 tali
381 3021 567 3058 ministerio,
592 3028 740 3052 tenentur
758 3031 888 3058 cessare,
905 3021 1051 3052 absolute
1071 3021 1248 3062 loquendo.
1272 3019 1336 3051 Pri-

262 3066 399 3107 vilegiati
423 3072 531 3098 autem
555 3076 574 3097 a
597 3066 734 3097 Summo
753 3065 908 3097 Pontifice
931 3063 1109 3097 secundum
1130 3065 1183 3096 illa
1206 3075 1239 3096 se
1263 3075 1337 3106 pos-

263 3118 337 3143 sunt
350 3121 465 3151 regere,
485 3110 591 3141 invitis
610 3110 813 3141 inferioribus
833 3110 1008 3152 episcopis:
1025 3120 1090 3142 non
1108 3118 1215 3142 autem
1235 3110 1336 3142 invito

261 3155 333 3196 ipso
357 3156 508 3186 Romano
532 3154 699 3186 Pontifice.

319 3199 485 3236 Secundo,
511 3207 541 3231 et
564 3199 697 3231 habetur
719 3199 752 3230 in
777 3200 987 3240 responsione
1010 3200 1050 3230 ad
1074 3200 1221 3236 tertium,
1246 3200 1336 3242 quod

266 3254 331 3275 non
355 3245 461 3275 statim
485 3251 520 3276 ut
543 3244 658 3286 aliquis
678 3251 724 3276 est
740 3244 906 3285 religiosus
925 3244 1055 3276 Ordinis
1079 3245 1336 3276 Praedicatorum

266 3296 320 3319 aut
339 3289 460 3326 similis,
477 3296 644 3330 propterea
667 3296 715 3320 est
739 3289 944 3330 praedicator,
962 3289 1058 3321 etiam
1081 3289 1335 3322 ministerialiter.

267 3332 351 3370 Quia
374 3343 439 3363 non
464 3334 613 3365 omnibus
637 3333 755 3375 passim
775 3334 985 3365 commissum
1001 3334 1186 3375 intelligitur
1201 3335 1263 3366 hoc
1278 3334 1336 3366 mi-

268 3377 449 3408 nisterium:
483 3378 538 3408 sed
565 3385 692 3419 oportet
723 3385 758 3409 ut
781 3379 821 3409 ad
845 3379 906 3410 boc
936 3386 1136 3420 exponantur
1159 3390 1176 3410 a
1200 3380 1337 3421 propriis

268 3421 412 3461 praelatis
432 3422 638 3462 religionum;
663 3430 694 3454 et
708 3423 789 3454 ultra
806 3423 877 3460 hoc,
894 3424 933 3454 ab
949 3423 1106 3464 episcopis
1121 3424 1171 3455 vel
1186 3425 1336 3456 Romano

268 3464 420 3496 Pontifice
436 3473 646 3506 acceptentur,
663 3468 712 3498 vel
728 3467 879 3509 acceptati
896 3478 933 3499 ex
949 3468 1114 3509 privilegio
1130 3469 1202 3501 sint.
1227 3468 1337 3501 Cesset

269 3519 343 3550 ergo
369 3511 595 3551 praesumptio.

1448 2706 1486 2737 11.
1511 2706 1546 2737 ln
1571 2706 1780 2748 responsione
1796 2709 1837 2740 ad
1851 2709 2004 2751 quintum
2028 2710 2172 2742 eiusdem
2191 2711 2326 2750 articuli,
2342 2713 2470 2746 adverte

1391 2751 1468 2782 duo.
1494 2751 1613 2789 Primo,
1629 2753 1852 2785 rationabilem
1869 2754 2113 2795 expositionem,
2131 2762 2167 2788 ut
2185 2755 2324 2788 formam
2340 2765 2470 2799 septua-

1390 2795 1620 2836 gintaduorum
1644 2797 1877 2840 discipulorum
1900 2799 2034 2831 Domini
2057 2808 2168 2841 gerant
2191 2811 2306 2833 omnes
2329 2801 2470 2838 minore·

1391 2842 1580 2879 sacerdotes,
1605 2842 1661 2885 qui
1685 2843 1803 2875 scilicet
1833 2851 2042 2876 assumuntur
2067 2845 2100 2876 in
2123 2845 2322 2878 adiutorium
2344 2845 2468 2887 episco-

1391 2895 1519 2926 porum.
1544 2887 1640 2918 Tales
1664 2895 1772 2919 autern
1797 2895 1872 2920 sunt
1888 2898 1954 2920 non
1971 2890 2080 2921 solum
2095 2890 2270 2933 presbyteri
2285 2890 2394 2928 curati,
2412 2891 2469 2925 ud

1391 2930 1526 2972 delegati
1550 2932 1590 2963 ad
1615 2932 1864 2973 praedicandum
1889 2941 1920 2965 et
1947 2933 2165 2966 confessiones
2188 2934 2396 2967 audiendum.
2427 2935 2470 2968 Et

1391 2976 1453 3007 hoc
1477 2986 1654 3008 consonare
1677 2977 1854 3018 Evangelio
1884 2985 1971 3019 patet
1999 2988 2036 3010 ex
2058 2978 2167 3011 officio
2189 2978 2250 3010 iuis
2281 2980 2467 3018 commisso,

1391 3021 1508 3053 scilicet
1536 3028 1572 3053 ut
1595 3021 1753 3063 praeirent
1775 3022 1956 3055 Dominum
1979 3023 2013 3055 in
2036 3033 2170 3055 omnem
2201 3023 2361 3057 civitatem
2389 3024 2467 3058 bini.

1391 3066 1464 3098 Hoc
1488 3066 1574 3097 enim
1598 3067 1700 3107 magis
1723 3067 1875 3108 delegatis
1898 3078 1999 3110 quam
2022 3068 2148 3106 curatis,
2172 3067 2229 3109 qui
2253 3068 2314 3100 soli
2337 3069 2378 3101 ad
2403 3069 2469 3102 sin-

1390 3111 1482 3151 gulas
1504 3111 1675 3152 alligantur
1698 3112 1876 3152 parochias,
1901 3112 2063 3144 convenit.

1447 3156 1614 3193 Secundo,
1646 3156 1803 3188 rationem
1833 3166 1931 3199 quare
1961 3156 2106 3198 oportuit
2135 3156 2213 3188 tales
2236 3158 2404 3199 religiosos
2433 3158 2468 3192 iu

1390 3200 1578 3232 huiusmodi
1603 3201 1815 3233 ministerium
1832 3209 2009 3234 assumere:
2034 3200 2153 3233 scilicet
2175 3209 2306 3244 propter
2321 3203 2467 3235 multitu-

1390 3290 1532 3322 ficientes
1555 3298 1587 3322 et
1610 3291 1755 3323 idoneos.

1446 3336 1488 3367 Et
1510 3336 1570 3367 sub
1594 3335 1654 3367 hac
1676 3335 1817 3367 secunda
1839 3334 1961 3366 ratione
1984 3335 2160 3368 includitur
2177 3336 2288 3368 tertia:
2313 3337 2390 3379 quia
2404 3335 2467 3370 sci-

1390 3380 1463 3412 licet
1486 3380 1525 3411 de
1549 3380 1632 3412 facto
1657 3380 1740 3411 male
1756 3379 1942 3411 consultum
1965 3380 2091 3421 populo
2107 3379 2291 3414 Christiano
2306 3380 2467 3414 invenitur

1390 3425 1458 3456 sine
1481 3424 1670 3456 huiusmodi
1693 3423 1932 3465 supplemento;
1957 3424 2047 3466 quod
2065 3425 2154 3462 Deus
2171 3425 2267 3462 dedit,
2292 3431 2323 3457 et
2345 3425 2467 3459 Roma-

1390 3479 1451 3501 nus
1481 3468 1628 3500 Pontifex
1661 3467 1798 3509 gratiose
1832 3467 2036 3509 suscipiendo
2069 3469 2268 3511 approbavit.
2304 3469 2367 3501 Sed
2401 3480 2465 3502 non

1390 3523 1501 3545 omnes
1523 3514 1656 3554 capiunt
1679 3513 1810 3544 verbum
1836 3513 1922 3544 istud
1935 3513 1962 3545 ¹⁸¹.

1391 3245 1500 3277 dinem
1519 3245 1620 3277 fidelis
1637 3246 1761 3288 populi,
1778 3253 1811 3278 et
1825 3245 2044 3278 difficultatem
2059 3246 2241 3279 inveniendi
2258 3253 2386 3279 curatos
2401 3247 2467 3279 suf·
2519 3267 2521 3269 -

2494 3501 2503 3511 ⁸
2511 3499 2592 3523 Manli.
2599 3505 2650 3529 eap.
2659 3506 2708 3527 xix,

2492 3533 2552 3550 vora.
2566 3533 2594 3550 ιι.
