2768 4198
12 440 137 461 Comment.
159 438 198 459 lib.

3 483 8 493 ,
30 473 78 494 cap.
101 472 119 491 ι,
140 471 198 486 vers.

0 500 16 522 5.

0 598 92 631 Jiomil.
104 597 168 619 XXX
176 597 200 618 in

0 631 81 652 wang.

16 871 83 893 Vera.
99 871 120 892 8.

13 919 72 941 Vers
96 924 127 946 ¹9-

14 977 80 998 Vers.
94 982 124 1004 5¹·

239 248 312 283 538

226 333 313 374 post
332 326 598 371 Pentecosten,
618 331 705 373 post
735 322 993 371 receptionem
1021 321 1182 370 Spiritus
1203 321 1298 357 San-

227 379 295 425 cti,
326 378 509 415 ieiunium
545 378 710 414 celebrat
745 375 927 412 Ecclesia.
972 374 1133 423 Spiritus
1169 381 1296 411 autem

229 433 402 479 Sanctus,
432 432 528 468 sicut
556 430 783 468 Ambrosius
805 428 904 474 dicit,
924 440 1038 476 super
1056 429 1148 464 Luc.
1169 427 1200 474 ²⁸,
1221 439 1296 464 non

866 242 1136 289 QUAESTIO
1168 242 1418 289 CLXXXIX,
1448 242 1750 279 ARTICULUS
1780 243 1794 278 I

1323 368 1324 374 ἵ
1353 320 1447 357 dum
1477 329 1652 370 tempore
1682 321 1863 371 sequitur.
1894 321 1968 358 Hic
1997 328 2053 357 est
2082 320 2184 358 enim
2214 320 2312 357 ordo
2339 320 2428 357 finis

227 491 379 522 arcetur
405 485 603 529 aetatibus,
633 495 707 520 non
726 482 868 530 finitur
895 487 1036 528 morte,
1066 493 1141 518 non
1170 481 1297 517 exclu-
1323 498 1325 500 ·

228 539 327 575 ditur
346 539 445 575 alvo.
476 539 525 574 Et
544 535 751 584 Gregorius
773 535 879 582 dicit,
901 535 937 571 in
966 534 1134 571 Homilia
1158 535 1298 571 Pente·
1323 540 1325 543 “

229 601 352 629 costes
370 591 410 628 *z
440 591 577 639 Implet
603 590 862 634 citharaedum
885 600 1064 636 puerum,
1086 594 1122 624 et
1141 588 1298 637 psalmi—

226 652 323 682 stam
339 646 461 693 facit:
490 644 618 692 implet
637 655 803 691 puerum
838 642 1104 687 abstinentem,
1133 647 1170 678 et
1205 641 1299 678 iudi-

1353 382 1527 422 respectu
1566 387 1702 411 eorum
1742 387 1841 424 quae
1875 382 1963 411 sunt
1989 375 2039 411 ad
2067 374 2201 411 finem.
2230 394 2255 405 -
2285 374 2428 410 Obser-

1351 427 1482 464 vantia
1523 439 1618 464 vero
1665 436 1959 477 praeceptorum
2006 427 2169 464 caritatis
2213 427 2427 464 secundum

1353 492 1605 517 communem
1637 481 1817 529 modum,
1848 488 1884 518 et
1911 481 2084 518 similiter
2111 481 2183 518 alia
2210 488 2428 530 praecepta,

1353 541 1628 583 comparantur
1657 533 1705 571 ad
1734 534 1892 571 consilia
1921 535 2018 571 sicut
2041 546 2251 572 commune
2271 534 2319 571 ad
2339 546 2428 584 pro—

1323 626 1326 645 ἶ
1352 587 1497 636 prium:
1518 587 1608 635 quia
1623 587 1868 624 observantia
1886 596 2182 637 praeceptorum
2202 595 2328 637 potest
2343 599 2429 624 esse

229 711 307 736 cem
327 710 459 734 senum
476 697 590 744 facit.
621 698 670 733 Et
689 704 824 745 postea
852 696 999 732 subdit:
1019 695 1140 732 Nulla
1168 696 1220 731 ad
1245 695 1300 731 di·
1324 699 1326 730 ἵ

227 753 403 790 scendum
425 763 534 788 mora
554 751 705 800 agitur:
734 755 868 786 omne¹
889 750 991 798 quod
1014 749 1186 794 voluerit,
1207 760 1301 784 mox

230 812 270 842 ut
296 806 458 854 tetigerit
484 810 659 850 mentem,
679 805 797 840 docet.
829 803 878 839 Et
897 803 992 840 sicut
1018 803 1156 839 dicitur
1173 802 1299 838 Eccle.
1324 806 1325 810 ’

230 871 287 896 vm
298 859 328 905 ²¹⁶,
359 871 434 895 non
459 864 512 895 est
539 858 576 894 in
604 857 767 895 hominis
795 857 933 893 ditione
954 857 1159 905 prohibere
1183 855 1300 904 Spiri-

229 918 318 949 tum.
349 913 398 949 Et
417 912 637 960 Apostolus,
660 912 673 947 I
694 911 746 948 ad
767 911 892 947 Thess.
912 922 936 947 v
950 909 982 957 *,
1003 917 1157 947 monet:
1185 909 1301 958 Spiri-
1325 903 1326 933 3

228 971 306 1002 tum
335 966 447 1002 nolite
465 965 702 1014 extinguere.
733 965 782 1001 Et
807 964 892 1001 Act.
912 976 960 1001 vn
980 963 1012 1011 ³¹²,
1034 971 1166 1000 contra
1185 975 1300 1011 quos·
1325 975 1326 978 ¹

229 1021 316 1057 dam
334 1019 484 1056 dicitur:
508 1020 581 1056 Vos
595 1030 744 1067 semper
757 1018 915 1066 Spiritui
929 1019 1066 1055 Sancto
1082 1017 1262 1054 restitistis
1270 1022 1298 1053 ².

281 1075 339 1110 An
355 1084 520 1115 Qum‘rum
535 1084 722 1110 DtCENDUM
742 1072 848 1119 quod
868 1079 1163 1121 praeceptorum
1183 1082 1300 1118 quae-

229 1127 317 1163 dam
348 1134 436 1164 sunt
464 1126 698 1175 principalia,
724 1138 822 1174 quae
850 1133 939 1164 sunt
967 1126 1065 1162 fines
1094 1133 1131 1161 et
1149 1122 1163 1146 λ
1192 1136 1302 1173 prae·

228 1188 428 1228 ceptorum
458 1187 494 1216 et
523 1179 785 1216 consiliorum:
815 1179 955 1216 scilicet
982 1186 1186 1228 praecepta
1210 1178 1302 1215 cari-

227 1234 321 1272 tatis.
352 1234 415 1271 Ad
443 1246 541 1282 quae
572 1233 731 1270 consilia
759 1233 994 1279 ordinantur,
1025 1245 1104 1269 non
1123 1232 1175 1269 ita
1195 1232 1302 1280 quod

228 1288 309 1325 sine
344 1287 510 1326 consiliis
546 1287 688 1325 servari
725 1299 803 1324 non
840 1286 1009 1336 possint,
1048 1286 1116 1324 sed
1154 1293 1197 1322 ut
1233 1298 1304 1335 per

229 1342 386 1379 consilia
420 1341 625 1390 perfectius
659 1341 926 1377 observentur.
969 1339 1054 1378 Alia
1081 1351 1176 1377 vero
1215 1346 1304 1377 sunt

1353 640 1433 677 sine
1463 640 1640 687 consiliis,
1670 640 1738 678 sed
1767 653 1847 678 non
1875 642 2120 679 convertitur.
2151 641 2216 679 Sic
2240 653 2332 690 ergo
2361 642 2429 678 ob-

1353 694 1544 731 servantia
1559 701 1855 743 praeceptorum
1872 695 2130 732 communiter
2143 703 2309 744 sumpta,
2321 707 2429 744 prae-

1354 747 1454 784 cedit
1482 755 1640 784 naturae
1669 747 1803 784 ordine
1824 748 1998 785 consilia:
2029 761 2108 786 non
2127 756 2258 786 tamen
2277 755 2431 798 oportet

1353 801 1459 850 quod
1488 809 1675 850 tempore,
1706 801 1796 850 quia
1820 813 1900 839 non
1919 809 1976 838 est
2003 801 2147 850 aliquid
2175 802 2282 851 prius
2309 802 2347 839 in
2366 814 2430 850 ge-

1354 867 1445 891 nere
1474 867 1593 904 quam
1623 855 1670 892 sit
1689 854 1727 892 in
1748 855 1875 904 aliqua
1895 855 2123 904 specierum.
2153 876 2178 884 —
2207 855 2430 893 Observan-

1353 908 1404 944 tia
1432 920 1527 945 vero
1556 916 1852 957 praeceptorum
1876 908 1957 946 sine
1978 908 2145 946 consiliis
2164 909 2362 946 ordinatur
2378 909 2430 947 ad

1355 962 1642 999 observantiam
1675 970 1971 1011 praeceptorum
2002 974 2091 1000 cum
2130 962 2295 999 consiliis
2334 962 2432 1000 sicut

1354 1015 1502 1064 species
1539 1015 1777 1064 imperfecta
1801 1016 1851 1053 ad
1887 1016 2118 1065 perfectam,
2155 1016 2252 1053 sicut
2287 1015 2432 1053 animal

1355 1069 1571 1107 irrationale
1599 1069 1649 1106 ad
1674 1068 1870 1107 rationale.
1899 1069 2119 1107 Perfectum
2139 1077 2269 1107 autem
2289 1077 2347 1107 est
2365 1081 2431 1106 na-

1325 1121 1327 1162 }
1354 1123 1524 1160 turaliter
1551 1123 1657 1172 prius
1684 1122 1932 1172 imperfecto:
1961 1129 2100 1161 natura
2125 1123 2241 1170 enim,
2262 1131 2305 1160 ut
2331 1124 2432 1160 Boe-

1326 1327 1328 1357 l

1326 1359 1328 1376 l

1326 1377 1328 1388 4

1354 1177 1428 1214 tius
1449 1177 1538 1214 dicit
1550 1176 1582 1223 ²⁸,
1612 1188 1637 1214 a
1660 1177 1839 1226 perfectis
1864 1177 1980 1214 sumit
2005 1177 2164 1214 initium.
2195 1178 2282 1214 Nec
2300 1184 2430 1214 tamen
2458 1189 2470 1201 ·

1356 1238 1509 1280 oportet
1541 1230 1647 1279 quod
1681 1231 1787 1280 prius
1815 1231 2071 1268 observentur
2106 1239 2313 1280 praecepta
2349 1231 2431 1268 sine

1356 1284 1533 1332 consiliis,
1556 1291 1594 1320 et
1620 1292 1756 1332 postea
1776 1297 1864 1322 cum
1885 1284 2070 1321 consiliis:
2101 1284 2198 1321 sicut
2217 1294 2296 1322 non
2315 1285 2433 1333 opor-

1355 1346 1408 1375 tet
1422 1338 1528 1387 quod
1548 1337 1684 1386 aliquis
1698 1337 1804 1387 prius
1819 1338 1868 1375 sit
1880 1337 2011 1375 asinus
2026 1349 2143 1387 quam
2159 1338 2354 1385 sithonio,
2368 1338 2432 1375 vel

2457 1187 2606 1271 a

229 1402 433 1444 praecepta
462 1395 703 1441 secundaria,
733 1406 832 1443 quae
863 1394 1089 1432 ordinantur
1116 1393 1165 1430 ad
1193 1406 1303 1442 prae-
1327 1391 1329 1435 ἰ
1356 1391 1462 1441 quod
1483 1391 1594 1443 priusv
1607 1391 1654 1428 sit
1673 1391 1897 1440 coniugatus
1919 1403 2037 1442 quam
2058 1391 2106 1429 sit
2118 1391 2240 1439 virgo.
2261 1392 2311 1428 Et
2329 1391 2434 1429 simi—

231 1458 340 1498 cepta
369 1448 533 1486 caritatis
561 1457 603 1486 ut
630 1448 712 1485 sine
737 1448 876 1497 quibus
906 1447 1070 1484 caritatis
1098 1455 1304 1496 praecepta
1327 1461 1329 1507 ;
1356 1446 1438 1483 liter
1458 1457 1536 1482 non
1557 1452 1708 1494 oportet
1727 1445 1833 1494 quod
1853 1445 1988 1494 aliquis
2007 1445 2112 1494 prius
2132 1452 2260 1482 servet
2276 1454 2434 1494 praece}

231 1502 427 1540 observari
455 1514 535 1539 non
563 1509 726 1551 possunt
753 1501 926 1539 omnino.

285 1557 348 1594 Sic
382 1556 492 1604 igitur
526 1557 694 1605 perfecta
729 1554 973 1592 observantia
1007 1562 1303 1603 praeceptorum

1328 1546 1329 1571 l

1328 1574 1330 1607 l

1356 1507 1421 1548 pta
1440 1499 1478 1536 in
1499 1499 1653 1536 saeculo
1669 1511 1787 1547 quam
1808 1507 1974 1536 transeat
1993 1501 2040 1536 ad
2061 1498 2303 1547 religionem:
2324 1508 2434 1547 prae-

1357 1553 1487 1590 sertim
1517 1552 1607 1601 quia
1645 1553 1888 1590 conversatio
1917 1552 2122 1590 saecularis
2158 1562 2238 1589 non
2267 1550 2436 1601 disponit

231 1611 393 1648 caritatis
426 1610 620 1659 praecedit
647 1609 856 1646 intentione
886 1608 1064 1653 consilia,
1095 1607 1164 1644 sed
1193 1607 1305 1644 inter·
1328 1608 1330 1647 i
1357 1606 1405 1644 ad
1444 1606 1721 1654 perfectionem
1755 1606 1968 1654 religionis,
2005 1605 2073 1643 sed
2107 1605 2230 1654 magis
2259 1605 2433 1654 impedit.

285 1740 303 1772 ι)
323 1747 407 1765 omne.
419 1753 438 1758 -
457 1740 483 1764 in
503 1746 580 1764 omne
599 1739 669 1764 PDa.

283 1778 309 1807 z)
329 1775 475 1800 restitistis.
486 1788 506 1794 -
524 1774 649 1800 resistffls
667 1775 699 1799 Α.

1410 1734 1439 1768 λ)
1458 1736 1525 1766 fines
1543 1739 1609 1762 ει-
1626 1736 1704 1768 quasi
1714 1736 1788 1769 fines
1806 1739 1833 1762 et
1851 1736 1892 1762 ed.
1911 1743 1937 1766 a,
1956 1736 2035 1769 quast·
2046 1737 2119 1769 fines
2138 1737 2165 1762 Ρ.

918 1862 1256 1894 Commentaria
1279 1859 1534 1892 Cardinalis
1557 1858 1760 1892 Caietani

262 1954 282 1974 N
307 1943 441 1974 articulo
466 1943 570 1983 primo
587 1941 783 1983 quaestionis
807 1940 948 1977 ultimae,
966 1940 1080 1981 collige
1099 1947 1241 1980 quatuor
1259 1939 1306 1970 in-

235 1957 417 2019 Itervenire
439 1987 473 2018 in
489 1987 702 2018 declaratione
719 1996 803 2028 quae
818 1984 855 2016 fit
873 1985 907 2016 in
930 1985 1046 2016 littera:
1072 1984 1192 2016 scilicet
1215 1994 1306 2015 occa-

233 2034 338 2064 siones
368 2032 538 2073 peccandi,
562 2031 792 2072 impedimenta
821 2029 978 2071 perfectae
1007 2029 1159 2066 caritatis,
1186 2029 1306 2066 caritas,

233 2085 263 2109 et
279 2077 430 2119 perfectio
450 2076 594 2109 caritatis.
620 2076 712 2114 Quae
732 2075 949 2117 distribuenda
972 2074 1014 2106 ita
1031 2081 1106 2105 sunt
1129 2081 1165 2105 ut
1188 2073 1308 2105 caritati

234 2128 440 2164 opponantur
475 2121 659 2152 occasiones
695 2119 857 2162 peccandi,
889 2126 919 2150 et
950 2119 1137 2159 perfectioni
1172 2118 1307 2149 caritatis

233 2167 462 2208 impedimenta
491 2165 648 2207 perfectae
671 2165 816 2196 caritatis.
848 2164 975 2202 Quibus
1000 2163 1141 2195 collectis
1171 2163 1308 2204 adiunge

234 2213 395 2254 quintum,
413 2211 531 2242 scilicet
554 2210 700 2242 affectum
721 2209 863 2240 hominis
886 2209 926 2239 ad
946 2216 1078 2245 terrena,
1094 2216 1125 2239 et
1147 2208 1307 2248 perspice:

235 2257 310 2298 quia
333 2256 463 2287 affectus
487 2255 628 2286 hominis
648 2255 687 2286 ad
707 2262 830 2285 terrena
853 2254 1020 2294 utriusque
1039 2253 1116 2284 mali
1140 2260 1187 2284 est
1210 2260 1308 2294 pater,

236 2301 353 2332 scilicet
376 2307 407 2331 et
430 2300 638 2330 occasionum
668 2298 819 2340 peccandi
851 2306 882 2330 et
903 2297 1210 2338 impedimentorum
1238 2307 1308 2338 per-

237 2345 335 2376 fectae
359 2343 512 2380 caritatis,
537 2343 651 2374 merito
675 2343 836 2384 religionis
860 2349 974 2379 status,
999 2341 1054 2384 qui
1079 2341 1228 2373 affectum
1252 2341 1310 2372 ho-

237 2389 332 2420 minis
356 2399 374 2419 a
397 2387 526 2419 terrenis
550 2387 643 2424 tollit,
661 2393 769 2418 contra
793 2394 966 2428 utrumque
991 2386 1114 2417 malum
1137 2385 1310 2427 apponitur

237 2434 269 2464 in
286 2432 473 2464 remedium.
498 2432 538 2462 Et
554 2432 629 2473 quia
649 2431 790 2472 primum
806 2431 930 2462 malum
947 2431 1083 2472 pertinet
1098 2438 1207 2461 contra
1224 2441 1311 2471 prae-

239 2486 338 2519 cepta,
355 2477 532 2509 secundum
549 2483 659 2508 contra
679 2476 827 2512 consilia;
852 2477 925 2507 ideo
941 2475 1103 2516 religionis
1119 2482 1219 2506 status
1243 2485 1310 2506 me-

238 2523 342 2554 dicina
365 2521 487 2562 optima
504 2528 550 2552 est
566 2528 597 2552 et
616 2522 655 2552 ad
679 2521 915 2552 observandum
935 2527 1102 2561 praecepta
1117 2527 1148 2552 et
1167 2519 1309 2556 consilia,

238 2575 268 2598 et
299 2576 365 2598 non
393 2566 501 2598 solum
527 2566 566 2596 ad
601 2566 753 2596 servanda
782 2565 925 2597 consilia.
956 2566 998 2596 Et
1026 2565 1089 2596 hoc
1120 2564 1311 2606 experientia

239 2611 391 2643 continua
415 2617 555 2642 testatur.

294 2656 332 2687 ΙΙ.
357 2657 392 2686 ln
416 2655 530 2686 eodem
554 2654 660 2695 primo
684 2654 836 2692 articulo,
860 2654 893 2685 in
917 2654 1126 2695 responsione
1155 2653 1194 2684 ad
1217 2653 1311 2695 quin-

239 2709 325 2736 tum,
350 2700 463 2740 collige
486 2707 517 2731 et
540 2706 617 2730 nota
647 2706 787 2740 quatuor
810 2699 1066 2740 comparationes
1096 2698 1129 2729 in
1153 2698 1207 2729 illa
1233 2697 1309 2730 fieri.

238 2746 348 2776 Prima
373 2751 420 2776 est
442 2751 687 2785 praeceptorum
703 2744 839 2775 caritatis
853 2744 893 2774 ad
917 2751 1084 2784 praecepta
1100 2743 1160 2774 alia
1184 2750 1215 2774 et
1238 2753 1313 2774 con-

239 2790 317 2822 silia.
349 2790 390 2821 Et
413 2789 558 2821 consistit
580 2789 612 2820 in
637 2789 699 2820 hoc
722 2788 812 2829 quod
842 2795 1009 2829 praecepta
1038 2787 1174 2819 caritatis
1196 2797 1230 2819 se
1254 2788 1311 2819 ha·
1336 2787 1337 2791 ’

239 2836 315 2866 bent
337 2835 378 2865 ad
401 2841 534 2874 utraque
560 2840 594 2864 ut
618 2833 690 2864 finis
713 2834 753 2864 ad
777 2843 814 2864 ea
835 2833 920 2874 quae'
941 2840 1015 2864 sunt
1038 2833 1078 2863 ad
1103 2832 1215 2863 finem:
1239 2832 1313 2864 licet

240 2879 461 2910 diversimode.
485 2879 569 2910 Nam
589 2878 627 2908 ad
653 2877 786 2909 consilia
809 2887 842 2908 se
866 2877 983 2908 habent
1007 2885 1042 2909 ut
1065 2876 1136 2908 finis
1161 2877 1216 2918 qui
1239 2885 1311 2918 pot-

240 2931 286 2955 est
314 2923 420 2954 haberi
450 2923 517 2954 sine
547 2922 625 2958 illis,
659 2921 828 2963 perfectius
859 2929 965 2953 tamen
997 2921 1130 2953 habetur
1159 2932 1215 2962 per
1248 2921 1311 2954 illa.

240 2969 348 2999 Potest
376 2967 462 2998 enim
491 2966 577 3007 diligi
606 2967 694 2998 Deus
725 2977 799 2998 cum
829 2966 991 3007 proximo,
1016 2966 1083 2997 sine
1113 2966 1312 2998 observantia

241 3012 398 3049 castitatis,
416 3012 620 3053 paupertatis,
638 3018 715 3043 etc.:
740 3010 909 3052 perfectior
924 3017 1030 3042 tamen
1055 3011 1182 3042 dilectio
1206 3011 1311 3052 acqui-

241 3058 319 3088 ritur
342 3067 398 3097 per
421 3056 571 3088 castitatis
596 3063 626 3088 et
650 3056 842 3097 paupertatis
867 3056 1110 3087 observantiam.

298 3101 446 3132 Secunda
470 3102 688 3141 comparatio,
714 3110 796 3142 quae
820 3100 951 3141 ponitur
974 3100 1035 3137 ibi,
1061 3100 1115 3131 Sic
1138 3110 1218 3142 ergo
1234 3110 1312 3142 per-

233 3146 326 3187 fecta
350 3146 571 3185 observantia,
596 3153 641 3177 est
665 3145 746 3176 inter
769 3145 1002 3176 observantiam
1026 3144 1199 3186 perfectam
1222 3155 1313 3186 prae-

243 3198 410 3230 ceptorum
427 3190 562 3221 caritatis
584 3197 615 3221 et
631 3189 773 3221 consilia.
796 3189 837 3221 Et
853 3189 1024 3220 attenditur
1040 3189 1218 3220 secundum
1235 3190 1312 3220 duo:

244 3235 360 3266 scilicet
383 3235 559 3266 secundum
577 3235 723 3265 ordinem
747 3241 893 3270 naturae;
918 3241 949 3266 et
965 3234 1143 3265 secundum
1167 3233 1314 3264 ordinem

245 3279 407 3319 temporis.
441 3280 481 3310 Et
505 3279 619 3310 dicitur
643 3279 732 3320 quod
756 3279 935 3310 secundum
958 3279 1105 3310 ordinem
1128 3278 1314 3310 intentionis

245 3321 315 3365 (qui
339 3331 386 3354 est
409 3324 489 3355 ordo
513 3322 675 3366 naturae),
701 3323 838 3364 perfecta
862 3323 1041 3354 observatio
1070 3331 1314 3365 praeceptorum

245 3367 380 3398 caritatis
404 3368 579 3408 praecedit:
604 3367 759 3409 quoniam
777 3378 814 3399 ex
829 3378 868 3399 eo
893 3368 981 3409 quod
1001 3368 1136 3399 intendit
1158 3367 1231 3409 quis
1247 3377 1316 3408 per-

246 3411 325 3442 fecte
349 3411 477 3451 diligere
501 3412 618 3450 Deum,
635 3412 722 3453 eligit
737 3420 851 3444 votum
876 3412 1025 3444 castitatis
1049 3419 1079 3444 et
1102 3412 1313 3454 paupertatis;

247 3455 322 3496 quia
345 3454 416 3485 finis
440 3456 526 3496 prior
549 3462 596 3487 est
619 3456 730 3487 ordine
758 3457 942 3488 intentionis
966 3467 1005 3487 eo
1029 3458 1117 3498 quod
1142 3463 1189 3488 est
1212 3457 1251 3487 ad
1278 3456 1314 3487 fi-

247 3510 331 3531 nem.
356 3517 376 3523 -
401 3500 583 3530 Secundum
611 3501 755 3531 ordinem
782 3511 857 3532 vero
889 3501 1057 3541 temporis,
1083 3501 1197 3532 dicitur
1226 3501 1316 3542 quod

247 3544 407 3575 interdum
432 3544 562 3575 consilia
579 3546 771 3584 praecedunt
787 3545 1020 3576 observantiam
1041 3545 1212 3586 perfectam
1229 3554 1316 3586 prae—

249 3596 416 3629 ceptorum
440 3588 584 3620 caritatis.
609 3589 649 3620 Et
673 3589 759 3626 dixit,
785 3590 958 3628 interdum,
983 3599 1059 3626 non,
1076 3597 1219 3630 semper:
1242 3588 1317 3630 quia

1360 1945 1467 1980 potest
1489 1947 1558 1969 esse
1580 1938 1671 1980 quod
1687 1938 1782 1969 etiam
1806 1938 1896 1979 prius
1914 1945 2061 1980 tempore
2077 1938 2150 1980 quis
2165 1939 2303 1980 perfecte
2326 1935 2443 1982 dmg&

1359 1984 1467 2015 Deum
1489 1992 1590 2024 quam
1605 1982 1740 2014 consilia
1762 1990 1952 2024 exequatur;
1977 1991 2013 2016 ut
2035 1990 2124 2024 patet
2141 1984 2174 2015 in
2188 1985 2362 2022 Abx-eham,
2377 1985 2444 2027 quir

1360 2028 1497 2069 perfecte
1512 2027 1620 2060 dilexit
1635 2028 1652 2047 *
1668 2028 1735 2059 sine
1750 2028 1961 2060 consiliorum
1977 2029 2211 2065 observatione.
2232 2029 2275 2063 Et
2288 2029 2442 2067 iduum

1361 2073 1453 2107 detur
1475 2073 1509 2104 in
1533 2073 1653 2104 Ioanne
1671 2072 1815 2115 Baptista
1830 2072 1847 2092 *
1871 2079 1902 2104 et
1915 2073 2062 2105 Antonio
2076 2073 2112 2093 Ψ*
2134 2083 2171 2105 ac
2192 2073 2444 2121 Benedicta-3⁸3⁸,
2462 2077 2547 2127 :gt-3
2556 2083 2608 2107 0⁸9-
2618 2083 2676 2106 ”1¹-

1361 2116 1547 2158 contigisse:
1577 2116 1734 2158 quoniam
1753 2127 1771 2147 a
1795 2116 1933 2159 perfecta
1961 2117 2160 2151 observantia
2189 2127 2441 2173 praeceptorum
2465 2120 2675 2160 maed-paam.

1361 2162 1508 2198 caritatis,
1533 2161 1664 2193 consilia
1688 2169 1897 2203 susceperunt
1916 2161 2024 2199 eremi,
2049 2170 2108 2194 etc.
2358 2161 2389 2172 '¹'
2411 2162 2415 2169 '
2440 2168 2442 2170 ’
2462 2158 2545 2207 ὢνξῖξ
2554 2184 2676 2207 sm,

1422 2207 1531 2238 Tertia
1554 2207 1764 2247 comparatio,
1788 2206 1842 2244 ibi,
1862 2205 2076 2238 Observann'a
2090 2215 2168 2238 vero
2185 2212 2436 2249 praeceptorum
2461 2210 2599 2240 ΑΠ’-»Μ
2612 2212 2677 2234 ῦ-Α·

1361 2253 1510 2282 car-itatis
1535 2251 1712 2283 secundum
1743 2260 1944 2283 communem
1974 2252 2127 2290 modum>3
2150 2258 2199 2284 est
2226 2252 2309 2284 inter
2331 2253 2443 2284 obse&
2463 2238 2682 2304 wkffi'
2705 2259 2708 2263 ”

1361 2296 1503 2327 varitiam
1527 2295 1694 2326 communi
1718 2296 1819 2326 modo
1842 2303 2069 2337 preceptorum
2089 2297 2224 2332 caritatis
2248 2305 2279 2329 et
2297 2297 2439 2333 aliorum
2462 2277 2682 2347 ,dmsss'ffl

1362 2347 1618 2381 praeceptorum,
1643 2350 1680 2371 ex
1705 2348 1782 2377 una;
1807 2347 1838 2371 et
1866 2340 1999 2371 consilia
2023 2351 2060 2372 ex
2083 2341 2181 2372 altera
2203 2349 2302 2384 parte.
2325 2341 2368 2374 Et
2390 2349 2437 2380 at-
2463 2332 2677 2374 adi-agonum

1363 2385 1503 2419 tenditur
1527 2385 1706 2415 secundum
1729 2384 1797 2415 tria.
1821 2384 1942 2422 Primo,
1958 2385 1992 2416 in
2015 2384 2078 2416 hoc
2102 2385 2193 2427 quod
2208 2395 2241 2416 se
2264 2385 2382 2418 habent
2401 2381 2442 2430 ut
2464 2370 2679 2427 &flam-⁸

1363 2439 1537 2460 commune
1561 2436 1592 2460 et
1615 2429 1794 2470 proprium,
1814 2438 1870 2460 seu
1895 2429 1987 2470 quasi
2012 2430 2159 2470 superius
2183 2429 2370 2467 etinferius,
2394 2430 2441 2462 ita*

1363 2475 1452 2516 quod
1477 2474 1676 2505 observantia
1700 2474 1867 2504 communi
1891 2475 1992 2505 modo
2015 2480 2229 2516 utrorumque
2251 2477 2440 2516 praecepto&

1364 2529 1435 2550 rum
1453 2526 1500 2550 est
1524 2526 1559 2550 ut
1574 2528 1759 2555 commune,
1777 2517 1957 2550 observatio
1974 2519 2184 2551 consiliorum
2200 2525 2236 2550 ut
2251 2520 2440 2560 propriumt

1363 2564 1440 2605 quia
1462 2563 1515 2595 illa
1539 2570 1645 2604 potest
1668 2573 1736 2594 esse
1766 2563 1835 2594 sine
1864 2563 1940 2600 ista,
1964 2564 2020 2595 sed
2051 2573 2118 2595 non
2141 2574 2158 2595 e
2182 2570 2302 2596 contra.
2332 2581 2354 2588 -
2382 2564 2438 2596 Se-

1364 2608 1482 2645 cundo,
1506 2608 1540 2639 in
1563 2608 1626 2639 hoc
1645 2608 1735 2649 quod
1758 2607 1813 2639 illa
1837 2614 1884 2639 est
1903 2608 1990 2648 prior
2012 2607 2072 2640 ista
2095 2608 2208 2640 ordine
2230 2615 2373 2640 naturae.
2397 2609 2439 2641 Et

1364 2660 1460 2694 patet,
1474 2653 1550 2694 quia
1567 2652 1654 2694 prius
1671 2659 1717 2684 est
1728 2662 1749 2683 a
1761 2662 1824 2694 quo
1841 2662 1904 2684 non
1922 2653 2122 2684 convertitur
2137 2654 2364 2695 consequentia
2371 2652 2398 2685 *.
2414 2670 2441 2688 η
2466 2659 2476 2670 ·

1364 2697 1476 2729 Tertio
1500 2697 1533 2728 in
1557 2697 1670 2728 ordine
1700 2697 1866 2738 temporis.
1894 2697 1937 2728 Et
1958 2697 2075 2728 dicitur
2102 2698 2191 2740 quod
2219 2707 2286 2729 non
2310 2704 2439 2739 oportet
2484 2657 2628 2698 'mimz

1336 2771 1337 2779 ,
1364 2743 1453 2784 quod
1477 2742 1531 2773 illa
1547 2742 1588 2774 sit
1609 2742 1705 2773 etiam
1722 2741 1809 2783 prior
1832 2749 1994 2782 tempore:
2019 2741 2100 2774 sicut
2115 2750 2182 2774 non
2197 2749 2326 2783 oportet
2347 2741 2444 2784 quor}

1364 2786 1483 2818 animal
1507 2787 1547 2818 sit
1570 2787 1659 2828 prius
1689 2794 1835 2827 tempore
1866 2796 2073 2828 quacumque
2102 2796 2160 2818 sua
2183 2786 2301 2828 specie;
2333 2792 2440 2828 poten

1365 2832 1452 2863 enim
1475 2841 1542 2862 esse
1566 2831 1664 2862 simul
1680 2838 1826 2872 ternpore
1842 2841 1917 2862 cum
1933 2841 2139 2873 quacumque
2154 2841 2212 2863 sua
2234 2831 2356 2872 specie,
2379 2839 2440 2870 'm‘

1365 2884 1471 2917 potest
1503 2875 1638 2908 inveniri
1668 2883 1754 2907 extra
1785 2886 1918 2907 omnem
1942 2886 2034 2907 suam
2058 2876 2208 2917 speciem,
2243 2875 2337 2908 Unde
2364 2875 2439 2907 lieet

1365 2921 1565 2952 observantia
1585 2928 1830 2962 praeceptorum
1846 2920 1886 2952 sit
1901 2920 1989 2961 prior
2012 2927 2134 2958 natura,
2151 2927 2264 2961 utpote
2283 2927 2438 2962 tanquam

1365 2966 1487 3006 generis
1511 2973 1643 3003 natura;
1666 2975 1732 2996 non
1749 2972 1876 3006 oportet
1891 2972 1998 2996 tamen
2015 2965 2104 3007 quod
2128 2963 2168 2997 sit
2189 2964 2279 3006 prior
2292 2970 2443 3005 tempore

1365 3011 1424 3042 ista
1440 3020 1498 3042 sua
1513 3010 1628 3050 specie,
1645 3010 1762 3041 scilicet
1776 3009 1999 3041 observatione
2010 3015 2255 3050 praeceptorum
2271 3018 2346 3040 cum
2363 3018 2438 3040 con-

1366 3055 1460 3086 siliis:
1488 3055 1565 3096 quia
1589 3065 1656 3086 non
1679 3062 1727 3086 est
1750 3055 1930 3086 secundum
1953 3053 2151 3085 existentiam
2173 3053 2328 3094 temporis
2351 3053 2440 3094 priua

1365 3100 1487 3141 aliquid
1511 3100 1543 3130 in
1567 3109 1681 3140 genere
1709 3109 1808 3140 quam
1833 3099 1872 3130 sit
1894 3098 1929 3130 in
1951 3098 2059 3140 aliqua
2087 3097 2266 3138 specierum
2296 3107 2443 3137 suarum„

1366 3144 1525 3186 quoniam
1547 3154 1649 3184 genus
1673 3153 1740 3175 non
1764 3150 1812 3175 est
1834 3149 1958 3184 praeter
1979 3141 2101 3183 species
2124 3151 2207 3174 suas.
2232 3142 2341 3173 Potest
2363 3152 2439 3184 ergo

1367 3196 1398 3220 et
1421 3189 1509 3230 prius
1540 3195 1701 3230 tempore;
1731 3195 1761 3219 et
1785 3194 1908 3229 potest,
1932 3196 1998 3218 non
2026 3185 2129 3227 prius,
2154 3186 2209 3217 sed
2240 3186 2336 3217 simul
2359 3194 2440 3218 tem-

1367 3243 1445 3274 pore
1458 3243 1525 3264 esse
1541 3233 1741 3264 observantia
1753 3238 1998 3274 praeceptorum
2010 3239 2085 3261 curn
2097 3230 2251 3262 consiliis:
2268 3231 2357 3272 prius
2369 3230 2440 3273 qui-

1368 3279 1451 3314 dem,
1469 3278 1494 3308 si
1510 3277 1597 3318 prius
1614 3283 1781 3318 praecepta
1796 3276 1864 3307 sine
1880 3274 2021 3307 consiliis
2037 3283 2249 3313 servarentur;
2269 3285 2335 3306 non
2351 3275 2440 3316 prius

1369 3329 1486 3359 autem,
1503 3322 1528 3353 si
1552 3322 1649 3353 simul
1665 3329 1800 3362 utraque
1813 3327 1987 3352 servantur.
2011 3319 2085 3350 Non
2102 3327 2231 3362 oportet
2250 3329 2326 3360 ergo
2349 3320 2440 3360 quod

1368 3367 1407 3398 sit
1437 3367 1525 3408 prius
1549 3374 1694 3408 tempore
1715 3364 1903 3397 huiusmodi
1919 3371 2162 3404 praeceptorum
2185 3364 2395 3396 observantia.

1430 3411 1558 3449 Quarta
1581 3409 1798 3452 comparatio,
1824 3408 1886 3445 ibi,
1914 3407 2126 3440 Observantia
2157 3418 2233 3441 vero
2251 3414 2440 3451 praecepto,-

1369 3466 1442 3487 rum
1466 3457 1537 3487 sine
1559 3454 1720 3491 consiliis,
1745 3459 1793 3484 est
1822 3453 1903 3483 inter
1931 3453 2165 3484 observantiam
2197 3460 2440 3494 praeceptorum

1370 3501 1437 3531 sine
1467 3499 1625 3535 consiliis,
1654 3505 1685 3529 et
1714 3497 1947 3528 observantiam
1975 3498 2152 3529 eorundem
2183 3507 2258 3529 cum
2289 3497 2439 3529 consiliis.

1370 3545 1411 3575 Et
1434 3543 1606 3575 attenditur
1630 3542 1807 3573 secundum
1831 3542 1898 3572 tria.
1930 3542 2058 3579 Primo,
2083 3542 2116 3574 in
2140 3542 2203 3573 hoc
2226 3542 2315 3584 quod
2343 3542 2440 3573 ambo

1371 3595 1445 3619 sunt
1469 3587 1589 3628 species
1612 3586 1708 3617 unius
1732 3586 1864 3626 generis,
1882 3585 2000 3618 scilicet
2016 3585 2233 3618 observantiae
2257 3593 2440 3627 praecepto—
