2768 4198
68 871 133 892 Intro
92 843 178 891 311
189 847 282 869 mlx,

77 1751 118 1775 ub.
130 1751 160 1779 u,
173 1740 255 1774 homil.
264 1756 290 1773 u.

87 2729 156 2758 ‘Qn-
165 2731 301 2755 nm,m.

93 3045 180 3095 nb‘ffln
182 3044 305 3100 δοιὙέί

957 272 1224 320 QUAESTIO
1254 271 1467 317 CLXXXI,
1497 267 1795 306 ARTICULUS
1825 267 1838 303 Ι

540 500 950 580 QUAESTIO
990 493 2257 556 CENTESIMAOCTOGESIMAPRIMA

1056 621 1153 661 DE
1202 620 1390 660 VITA
1440 617 1742 660 ACTIVA

1091 737 1126 762 IN
1156 735 1331 767 QUATUOR
1357 735 1561 761 ARTICULOS
1589 735 1707 760 DIVlSA

313 845 501 928 DfflNDE
522 833 844 870 considerandum
865 839 920 868 est
949 832 996 868 de
1015 831 1094 868 vita
1121 830 1244 867 activa
1262 830 1294 867 ²¹⁴.

394 907 443 943 Et
471 905 569 943 circa
597 906 672 942 hoc
701 911 935 954 quaeruntur
962 910 1139 953 quatuor.

365 977 517 1014 Primo:
537 985 666 1014 utrum
688 976 817 1013 omnia
836 987 955 1024 opera
968 974 1151 1012 virtutum
1172 972 1376 1017 moralium

419 1051 633 1100 pertineant
660 1050 708 1087 ad
737 1049 856 1086 vitam
883 1047 1064 1084 activam.

1484 830 1684 867 Secundo:
1714 836 1841 865 utrum
1861 827 2061 877 prudentia
2089 827 2273 876 pertineat
2295 825 2344 863 ad
2371 826 2491 863 vitam

1538 891 1714 919 activam.

1484 936 1637 974 Tertio:
1674 943 1803 972 utrum
1846 934 2017 971 doctrina
2058 933 2242 982 pertineat
2283 933 2332 969 ad
2375 931 2492 969 vitam

1540 997 1717 1026 activam.

1486 1044 1653 1090 Quarto:
1684 1042 1731 1079 de
1761 1041 2004 1078 diuturnitate
2034 1040 2132 1076 vitae
2162 1039 2319 1076 activae.

1129 1153 1446 1196 ARTICULUS
1478 1151 1685 1194 PRIMUS

525 1253 682 1284 UTRUM
701 1250 848 1283 OMNES
871 1248 1014 1280 ACTus
1038 1247 1270 1278 VIRTUTUM
1294 1245 1528 1277 MORALIUM
1551 1245 1829 1275 PERTINEANT
1853 1245 1911 1275 AD
1935 1245 2074 1276 VITAM
2097 1245 2296 1276 ACTIVAM

425 1328 451 1333 ‘⁷
498 1333 588 1364 Supra,
608 1339 653 1364 qu.
672 1338 761 1360 ccxxx,
779 1335 825 1356 art.
846 1337 876 1361 23
895 1329 927 1353 111
947 1328 1030 1357 Sent„
1049 1326 1108 1351 dist.
1126 1333 1198 1356 xxxv,
1218 1333 1262 1358 qu.
1272 1333 1298 1385 2¹(
1315 1330 1409 1385 gh,
1386 1324 1409 1355 3,
1428 1324 1478 1384 pu'*
1500 1332 1526 1354 1;
1549 1324 1624 1349 Cont.
1644 1324 1790 1349 retrahent.
1808 1324 1842 1348 ab
1862 1323 1973 1356 ingr-ess.
1992 1323 2087 1357 Relig„
2107 1331 2162 1356 cap.
2180 1331 2223 1354 vn,
2243 1324 2274 1349 ad
2293 1331 2322 1357 7;

1369 1367 1409 1390 1c.‚
1439 1364 1486 1385 eet.
1505 1367 1548 1384 xn.

361 1469 413 1506 μὴ
436 1471 504 1511 ¹¹5«
525 1458 549 1483 n
571 1457 709 1483 Palmum
737 1456 791 1482 sm
819 1454 1061 1481 PROCEDrmR.
1093 1441 1253 1478 Videtur
1276 1440 1382 1488 quod

346 1482 500 1562 §.uffa
528 1511 607 1535 non
645 1510 781 1535 omnes
820 1503 925 1534 actus
958 1496 1142 1532 virtutum
1178 1493 1382 1531 moralium

396 1571 450 1586 v-
468 1540 740 1600 (pertineant
759 1550 807 1587 ad
826 1550 944 1587 vitam
966 1549 1141 1586 activam.
1171 1548 1259 1584 Vita
1278 1547 1381 1584 enim

353 1575 497 1650 ζῇ)
488 1600 507 1632 Χ
507 1604 651 1642 activa
679 1604 831 1641 videtur
867 1602 1073 1640 consistere
1106 1602 1231 1638 solum
1260 1600 1299 1638 in
1326 1600 1383 1636 his

317 1671 415 1708 quae
443 1665 532 1695 sunt
550 1657 600 1695 ad
628 1658 810 1694 alterum·
840 1656 929 1694 dicit
955 1656 1058 1693 enim
1086 1655 1304 1703 Gregorius,
1324 1666 1384 1690 su-

0 1700 3 1707 *
37 1722 45 1730 ·
77 1723 183 1748 monn.
190 1723 254 1751 xiv.
259 1724 290 1746 ιι.
313 1724 385 1761 per
401 1712 536 1760 Ezech.
553 1710 584 1758 ²¹⁸,
615 1711 721 1759 quod
740 1710 864 1747 activa
882 1710 959 1746 vita
978 1715 1032 1746 est
1043 1721 1184 1757 panem
1210 1707 1388 1745 esurienti

316 1766 502 1802 tribuere:
533 1771 570 1801 et
597 1763 636 1800 in
663 1764 762 1811 fine,
793 1763 919 1800 multis
949 1762 1179 1799 enumeratis
1207 1773 1306 1811 quae
1335 1761 1383 1798 ad

318 1819 479 1856 alterum
511 1817 720 1866 pertinent,
750 1816 896 1854 subdit:
933 1822 970 1853 et
995 1828 1092 1864 quae
1118 1815 1278 1865 singulis
1305 1814 1384 1863 qui-

318 1873 460 1920 busque
479 1871 683 1919 expediunt
698 1871 925 1919 dispensare.
957 1869 1035 1906 Sed
1055 1881 1134 1905 non
1153 1881 1222 1917 per
1250 1879 1386 1904 omnes

319 1933 425 1962 actus
442 1924 627 1961 virtutum
651 1924 856 1961 moralium
876 1922 1098 1960 ordinamur
1125 1923 1172 1959 ad
1192 1922 1298 1968 alios,
1319 1922 1386 1958 sed

320 1979 446 2015 solum
475 1977 688 2014 secundum
719 1977 897 2014 iustitiam
927 1984 963 2013 et
990 1983 1115 2024 partes
1145 1975 1244 2012 eius:
1273 1982 1314 2011 ut
1343 1987 1387 2011 ex

320 2029 473 2080 supra*
511 2030 617 2068 dictis
655 2038 768 2079 patet.
808 2031 900 2067 Non
938 2041 1028 2077 ergo
1066 2036 1172 2066 actus
1210 2028 1386 2065 omnium

319 2085 503 2122 virtutum
531 2083 735 2121 moralium
763 2083 954 2132 pertinent
981 2083 1029 2120 ad
1057 2083 1176 2120 vitam
1210 2082 1386 2119 activam.

376 2150 411 2175 2.
439 2137 675 2185 PRAETEREA,
707 2137 914 2185 Gregorius
944 2136 1042 2184 dicit,
1065 2148 1179 2185 super
1204 2136 1339 2184 Erech.
1355 2134 1386 2182 *,

320 2191 426 2240 quod
454 2202 524 2239 per
552 2190 675 2237 Liam,
705 2203 805 2239 quae
825 2190 892 2227 fuit
915 2189 1020 2238 lippa
1048 2189 1115 2226 sed
1145 2189 1319 2235 fecunda,
1341 2188 1387 2225 si—

320 2244 521 2293 gnificatur
557 2243 635 2280 vita
671 2243 814 2280 activa:
845 2255 956 2292 quae,
985 2243 1074 2280 dum
1113 2248 1320 2291 occupatur
1351 2243 1388 2278 in

321 2309 447 2346 opere,
475 2296 599 2334 minus
626 2297 747 2341 videt,·
781 2297 848 2334 sed
873 2297 963 2333 dum
991 2296 1103 2333 modo
1117 2307 1191 2344 per
1216 2296 1388 2342 verbum,

321 2351 434 2388 modo
456 2361 530 2399 per
561 2350 776 2398 exemplum
811 2350 863 2386 ad
888 2349 1132 2386 imitationem
1167 2361 1276 2386 suam
1298 2361 1391 2398 pro-

321 2402 447 2441 ximos
478 2403 665 2449 accendit,
695 2403 832 2440 multos
859 2403 896 2440 in
926 2403 1024 2440 bono
1060 2414 1173 2451 opere
1188 2402 1296 2450 filios
1323 2414 1388 2452 ge-

323 2463 442 2495 nerat.
481 2457 567 2494 Hoc
604 2464 733 2494 autem
769 2456 889 2504 magis
926 2456 1078 2493 videtur
1110 2455 1298 2504 pertinere
1343 2455 1392 2493 ad

324 2510 530 2558 caritatem,
550 2521 619 2558 per
646 2522 763 2558 quam
793 2509 982 2558 diligimus
1010 2509 1243 2558 proximum,
1273 2521 1391 2558 quam

324 2564 374 2601 ad
405 2562 563 2600 virtutes
601 2563 777 2600 morales.
821 2563 924 2611 Ergo
957 2562 1109 2600 videtur
1147 2563 1252 2611 quod
1287 2570 1393 2599 actus

323 2617 507 2654 virtutum
548 2615 753 2653 moralium
799 2628 879 2652 non
926 2615 1138 2664 pertineant
1184 2617 1231 2653 ad
1273 2616 1392 2653 vitam

326 2677 503 2708 activam.

355 2751 359 2755 «
383 2724 416 2760 3.
447 2723 682 2768 PRAETEREA,
703 2721 799 2758 sicut
827 2734 943 2770 supra
961 2721 981 2743 '¹‘
1010 2721 1152 2758 dictum
1182 2729 1249 2768 est,
1277 2721 1394 2758 virtu-

326 2785 383 2814 tes
412 2775 577 2812 morales
597 2774 804 2823 disponunt
825 2774 874 2812 ad
901 2774 1022 2811 vitam
1042 2774 1392 2823 contemplativam.

330 2829 406 2867 Sed
428 2827 625 2878 dispositio
646 2835 682 2865 et
700 2827 882 2877 perfectio
910 2827 1099 2876 pertinent
1118 2827 1167 2865 ad
1185 2827 1300 2864 idem.
1326 2829 1396 2865 Er-

328 2895 377 2932 go
405 2882 555 2920 videtur
575 2882 681 2930 quod
708 2881 866 2918 virtutes
886 2881 1051 2918 morales
1079 2893 1158 2918 non
1185 2880 1398 2930 pertineant

330 2936 379 2973 ad
406 2936 525 2973 vitam
556 2935 733 2972 activam.

385 2989 459 3026 SED
487 3000 635 3026 CONTRA
662 2999 728 3025 Es‘r
756 2987 861 3036 quod
894 2986 1060 3023 Isidorus
1089 2986 1197 3034 dicit,
1227 2986 1265 3023 in
1299 2986 1395 3023 libro

331 3042 377 3078 de
396 3042 552 3079 Summo
571 3043 680 3079 Bono
699 3041 740 3077 *t
768 3041 814 3077 In
835 3040 958 3077 activa
977 3040 1053 3076 vita
1071 3040 1180 3091 prius
1199 3051 1270 3087 per
1288 3051 1395 3076 exer-

332 3094 459 3131 citium
479 3096 567 3132 boni
585 3095 709 3144 operis
736 3099 870 3131 cuncta
898 3093 1157 3130 exhaurienda
1184 3098 1272 3130 sunt
1287 3093 1396 3130 vitia.-

335 3147 428 3183 utin
448 3148 735 3197 contemplativa
763 3148 840 3184 iam
855 3158 957 3196 pura
985 3146 1117 3183 mentis
1141 3146 1223 3183 acie
1241 3145 1292 3183 ad
1309 3157 1396 3183 con-

334 3200 587 3248 templandum
602 3202 728 3239 Deum
740 3206 757 3222 α
776 3201 931 3249 quisque
941 3205 1188 3248 pertranseat.
1210 3199 1287 3236 Sed
1307 3211 1396 3236 cun-

336 3259 394 3288 cta
412 3252 504 3290 vitia
522 3266 601 3291 non
620 3255 890 3292 exhauriuntur
915 3252 985 3290 nisi
1003 3265 1073 3302 per
1092 3260 1197 3290 actus
1214 3252 1396 3290 virtutum

336 3305 551 3365 moralium.
581 3307 683 3355 Ergo
703 3315 809 3344 actus
828 3307 1012 3344 virtutum
1040 3305 1242 3343 moralium
1271 3305 1320 3342 ad
1342 3305 1398 3342 vi-

336 3366 414 3395 tam
444 3365 607 3396 activam
635 3360 833 3408 pertinent.

391 3482 418 3514 α)
440 3482 565 3507 Deum.-
583 3481 702 3506 divinum
726 3482 909 3515 AEFKLpBC,
928 3483 1020 3508 divina
1043 3483 1074 3513 D,
1093 3483 1212 3508 divinum
1237 3482 1324 3507 lumen
1351 3481 1397 3507 Pa.

393 3517 417 3550 β)
433 3521 531 3549 potest.
543 3531 562 3536 -
575 3517 690 3549 prodest
707 3517 810 3543 PCHIa.

1489 1441 1716 1476 RESPONDEO
1736 1450 1920 1475 DICENDUM
1941 1439 2058 1486 quod,
2079 1440 2175 1476 sicut
2193 1440 2337 1488 supra*
2357 1441 2500 1478 dictum
2528 1439 2738 1488 [ΟΜ-’ΨΜ-

1408 1536 1411 1546 ‚
1437 1501 1504 1540 est,
1524 1492 1602 1529 vita
1631 1491 1755 1529 activa
1775 1500 1811 1528 et
1835 1492 2129 1540 contemplativa
2149 1493 2426 1541 distinguuntur
2445 1507 2502 1531 se-

1438 1546 1607 1583 cundum
1647 1545 1796 1582 diversa
1832 1545 1955 1582 studia
1988 1545 2191 1582 hominum
2227 1547 2503 1584 intendentium

1438 1600 1487 1637 ad
1516 1599 1688 1637 diversos
1708 1599 1817 1644 fines,
1838 1610 2004 1647 quorum
2024 1611 2146 1636 unum
2172 1607 2226 1636 est
2255 1601 2503 1638 consideratio

1436 1652 1617 1699 veritatis,
1634 1665 1732 1700 quae
1755 1659 1810 1689 est
1830 1652 1916 1689 finis
1934 1652 2036 1689 vitae
2056 1653 2386 1702 contemplativae,
2403 1654 2504 1691 aliud

1438 1714 1567 1743 autem
1597 1714 1652 1742 est
1682 1706 1844 1742 exterior
1871 1705 2053 1754 operatio,
2084 1706 2132 1743 ad
2160 1718 2276 1754 quam
2311 1707 2505 1744 ordinatur

1437 1760 1516 1797 vita
1545 1759 1680 1796 activa.
1711 1759 1955 1796 Manifestum
1987 1767 2043 1795 est
2070 1767 2198 1796 autem
2228 1760 2334 1808 quod
2366 1761 2404 1797 in
2430 1762 2505 1797 vir-

1439 1813 1580 1850 tutibus
1599 1812 1809 1849 moralibus
1831 1825 1909 1849 non
1928 1812 2181 1861 principaliter
2205 1813 2397 1862 quaeritur
2417 1826 2505 1850 con-

1439 1866 1635 1915 templatio
1655 1865 1834 1912 veritatis,
1852 1866 1918 1902 sed
1940 1866 2165 1903 ordinantur
2184 1866 2232 1903 ad
2252 1867 2503 1915 operandum:

1439 1920 1543 1957 unde
1572 1919 1828 1967 Philosophus
1858 1919 1955 1966 dicit,
1985 1919 2023 1956 in
2052 1921 2083 1955 II
2112 1920 2232 1956 Ethic.
2252 1919 2289 1967 ²¹²,
2321 1920 2424 1969 quod
2457 1921 2508 1957 ad
2533 1920 2615 1970 303
2639 1926 2689 1947 *¹⁷¹¹

1440 1974 1614 2011 virtutem
1648 1973 1744 2009 scire
1772 1972 1920 2020 quidem
1948 1984 2090 2020 parum
2118 1978 2185 2009 aut
2218 1973 2310 2010 nihil
2338 1979 2461 2021 potest
2478 1972 2503 2010 β.

1441 2028 1552 2065 Unde
1581 2025 1826 2063 manifestum
1848 2034 1902 2062 est
1930 2026 2034 2074 quod
2053 2026 2209 2063 virtutes
2239 2028 2403 2063 morales
2422 2039 2506 2076 per-

1441 2080 1560 2117 tinent
1597 2079 1845 2116 essentialiter
1879 2079 1926 2115 ad
1956 2079 2073 2116 vitam
2110 2079 2286 2117 activam.
2324 2080 2435 2118 Unde
2471 2088 2507 2116 et

1441 2134 1710 2182 Philosophus,
1739 2132 1778 2169 in
1807 2133 1842 2168 X
1867 2133 1988 2169 Ethic.
2008 2132 2040 2179 ³⁸,
2068 2132 2226 2170 virtutes
2254 2133 2418 2170 morales
2447 2145 2506 2169 οι·-
2534 2139 2544 2149 ”

1443 2187 1547 2224 dinat
1575 2187 1624 2223 ad
1653 2186 1866 2222 felicitatem
1896 2185 2073 2223 activam.

1497 2243 1555 2277 Ao
1584 2251 1722 2276 Palmum
1750 2250 1848 2276 ERGO
1878 2250 2062 2276 mCENDuu
2091 2241 2195 2287 quod
2228 2239 2326 2276 inter
2351 2239 2507 2276 virtutes

1443 2294 1608 2331 morales
1636 2292 1842 2341 praecipua
1871 2299 1927 2328 est
1954 2292 2100 2339 iustitia,
2122 2305 2198 2340 qua
2226 2292 2359 2340 aliquis
2387 2292 2436 2329 ad
2457 2293 2508 2328 al-

1443 2355 1567 2384 terum
1607 2345 1822 2383 ordinatur:
1858 2353 1899 2381 ut
1934 2345 2190 2394 Philosophus
2222 2346 2371 2394 probat,
2400 2346 2438 2382 in
2474 2346 2509 2382 V

1443 2401 1563 2438 Ethic.
1583 2399 1603 2421 *
1631 2399 1743 2436 Unde
1762 2399 1840 2435 vita
1859 2398 1982 2435 activa
2002 2398 2224 2435 describitur
2251 2411 2320 2447 per
2339 2411 2384 2435 ea
2412 2411 2508 2447 quae
2537 2408 2546 2417 ⁸

1445 2454 1493 2491 ad
1522 2454 1683 2490 alterum
1722 2452 1956 2499 ordinantur,
1987 2464 2065 2489 non
2103 2452 2192 2501 quia
2219 2451 2257 2489 in
2285 2452 2342 2489 his
2371 2453 2508 2499 solum,

1446 2507 1515 2545 sed
1542 2506 1632 2556 quia
1660 2505 1698 2542 in
1725 2505 1783 2542 his
1811 2505 2053 2554 principalius
2082 2505 2260 2542 consistit.

1499 2562 1558 2597 AD
1578 2571 1770 2596 SECUNDUM
1788 2570 1973 2596 DICENDUM
1994 2558 2098 2607 quod
2120 2571 2188 2606 per
2207 2565 2312 2594 actus
2337 2557 2510 2595 omnium

1446 2614 1630 2651 virtutum
1659 2612 1863 2649 moralium
1881 2618 2006 2660 potest
2024 2611 2157 2660 aliquis
2181 2610 2376 2659 proximos
2405 2623 2474 2648 suo
2495 2615 2510 2638 Υ

1448 2667 1625 2715 exemplo
1655 2665 1813 2713 dirigere
1833 2665 1882 2701 ad
1912 2665 2070 2711 bonum,
2092 2665 2196 2713 quod
2219 2664 2425 2711 Gregorius
2443 2663 2509 2700 ibi-

1449 2720 1539 2758 dem
1568 2718 1735 2756 attribuit
1760 2717 1862 2754 vitae
1891 2717 2048 2754 activae.

1501 2775 1560 2809 An
1589 2783 1749 2809 TERTHJM
1781 2782 1966 2808 mCENDUM
1999 2770 2116 2817 quod,
2146 2770 2241 2806 sicut
2267 2770 2385 2806 virtus
2413 2781 2509 2817 quae

1449 2826 1646 2863 ordinatur
1674 2825 1711 2862 in
1740 2825 1858 2861 finem
1887 2823 2038 2860 alterius
2065 2822 2230 2870 virtutis,
2258 2822 2390 2859 transit
2417 2835 2510 2870 quo-

1449 2879 1663 2917 dammodo
1701 2878 1738 2914 in
1773 2877 1941 2926 speciem
1978 2876 2075 2923 eius;
2113 2876 2164 2913 ita
2202 2875 2314 2912 etiam
2355 2879 2509 2924 quando

1450 2932 1584 2981 aliquis
1612 2931 1728 2968 utitur
1755 2930 1813 2967 his
1842 2942 1940 2979 quae
1969 2937 2056 2966 sunt
2082 2929 2183 2966 vitae
2211 2929 2356 2966 activae
2385 2929 2510 2965 solum

1450 2992 1563 3035 prout
1591 2985 1798 3033 disponunt
1834 2983 1882 3021 ad
1918 2983 2299 3031 contemplationem,
2338 2994 2510 3030 compre-

1451 3038 1670 3076 henduntur
1697 3037 1767 3074 sub
1794 3036 1872 3074 vita
1901 3035 2206 3084 contemplativa.
2237 3037 2280 3072 In
2298 3034 2354 3071 his
2383 3042 2510 3071 autem

1451 3093 1516 3139 qui
1546 3091 1726 3140 operibus
1754 3090 1937 3126 virtutum
1966 3086 2179 3126 moralium
2198 3088 2396 3125 intendunt
2431 3095 2512 3124 tan-

1452 3157 1569 3193 quam
1599 3143 1811 3180 secundum
1841 3155 1881 3180 se
1909 3143 2032 3188 bonis,
2062 3154 2140 3179 non
2169 3149 2297 3178 autem
2330 3148 2511 3189 tanquam

1453 3196 1741 3246 disponentibus
1770 3197 1817 3233 ad
1837 3196 1957 3239 vitam
1987 3194 2335 3243 contemplativam,
2355 3193 2512 3230 virtutes

1452 3251 1616 3287 morales
1643 3250 1833 3298 pertinent
1852 3250 1900 3286 ad
1919 3249 2040 3285 vitam
2061 3247 2237 3284 activam.
2267 3268 2291 3275 -
2321 3247 2512 3293 Quamvis

1452 3304 1566 3341 etiam
1597 3302 1668 3340 dici
1696 3302 1817 3350 possit
1844 3301 1949 3350 quod
1976 3301 2054 3338 vita
2082 3300 2205 3338 activa
2243 3299 2439 3349 dispositio
2468 3300 2514 3336 sit

1454 3357 1502 3394 ad
1531 3355 1879 3404 contemplativam.

1504 3480 1531 3513 γ)
1550 3487 1606 3505 suo.
1618 3492 1638 3499 -
1655 3486 1716 3504 suos
1734 3478 1855 3510 PEFHL,
1873 3478 2052 3510 (proximum)
2071 3485 2147 3502 suum
2167 3477 2195 3503 C.

2629 1926 2651 2008 τος·-
