2768 4198
62 426 112 448 'Ca
132 432 274 454 ,x111,n.13.-

62 453 85 475 S,
123 453 145 474 h.
164 453 215 474 lect.
234 458 272 473 xx.

64 635 73 643 ·
88 635 141 655 Loc.
157 633 194 654 cit.

61 1435 75 1463 Ἰ
90 1433 114 1454 In
137 1432 271 1460 Completo-

60 1466 93 1482 no

60 1596 69 1605 ⁸
93 1595 175 1616 Collat.
199 1594 271 1620 XXH,

59 1627 108 1649 cap.
124 1627 155 1643 vi.

157 1658 175 1683 μ.

63 2910 71 2917 ·
87 2908 108 2929 1³²
123 2907 168 2929 11⁵⁶
207 2914 229 2929 u.
242 2913 263 2929 vt

61 2939 102 2982 ἰῇ.
109 2941 132 2988 ³7²
143 2924 180 2962 «ψ’.
189 2913 271 2957 timu:

294 2411 421 2453 peccati
437 2410 669 2451 praecedentis,
696 2409 830 2439 dubium
855 2408 991 2439 occurrit
1014 2409 1122 2450 quoad
1146 2408 1282 2449 primam
1299 2408 1366 2438 eius

302 281 377 317 230

300 359 471 396 tiendum
493 359 636 395 actibus
666 370 710 394 ex
739 356 876 404 quibus
906 354 1075 401 sequitur
1093 352 1263 402 pollutio.
1295 352 1361 387 Se-

301 413 470 449 cundum
491 413 564 448 hoc
585 411 840 458 Philosophus
857 407 954 453 dicit,
976 407 1013 443 in
1035 407 1047 442 I
1067 406 1186 442 Ethic.
1203 405 1235 452 ²¹⁶,
1256 404 1361 453 quod

301 467 521 514 inquantum
545 464 730 513 paulatim
756 465 1025 510 pertranseunt
1058 459 1210 507 quidam
1240 463 1362 494 motus

301 532 323 556 a
341 518 578 567 vigilantibus
608 517 655 553 ad
685 515 927 561 dormientes,
948 512 1105 548 meliora
1122 513 1230 559 fiunt
1240 512 1362 559 phan-

301 577 460 609 tasmata
487 571 736 607 studiosorum
770 579 883 615 quam
913 565 1181 614 quorumlibet:
1216 571 1252 600 et
1283 566 1361 600 Au-

301 625 469 673 gustinus
498 624 595 669 dicit,
618 623 685 658 XII
706 633 818 669 super
841 620 932 656 Gen.
954 620 1005 655 ad
1023 618 1132 663 litt.,*
1152 617 1257 665 quod
1271 628 1362 665 pro·
1389 647 1390 650 ,

295 684 380 727 pter
416 678 553 714 bonam
590 675 741 711 animae
777 673 1034 723 affectionem,
1065 671 1250 719 quaedam
1284 671 1363 706 eius

299 731 432 767 merita
452 730 563 766 etiam
578 729 614 764 in
634 727 774 764 somnis
788 732 803 747 κ
823 727 975 762 clarent.
999 725 1047 761 Et
1067 724 1119 760 sic
1138 731 1242 772 patet
1256 723 1362 771 quod

300 791 483 821 nocturna
502 780 659 830 pollutio
680 780 794 816 habet
822 779 1009 815 rationem
1039 778 1171 826 culpae
1193 789 1237 813 ex
1257 784 1362 825 parte

299 848 389 873 suae
411 847 559 872 causae.
590 855 613 861 -
643 833 886 880 Quandoque
907 840 1037 868 tamen
1058 830 1237 878 contingit
1257 830 1362 877 quod

300 901 343 925 ex
359 887 599 937 praecedenti
616 886 839 935 cogitatione
855 885 1061 922 carnalium
1078 891 1232 921 actuum
1249 883 1363 920 etiam

299 941 550 990 speculativa,
580 941 640 977 vel
670 940 700 976 si
729 939 774 976 sit
804 951 891 975 cum
921 939 1098 984 horrore,
1128 937 1297 985 sequitur
1326 937 1363 973 in

298 995 442 1032 somnis
456 993 470 1016 λ
489 993 659 1043 pollutio.
683 994 731 1029 Et
745 1001 834 1029 tunc
855 1004 933 1029 non
952 992 1067 1028 habet
1088 990 1269 1028 rationem
1287 991 1363 1027 cul-

298 1061 384 1097 pae,
414 1060 484 1084 nec
511 1047 550 1084 in
578 1060 618 1083 se
647 1059 718 1083 nec
746 1046 783 1083 in
813 1058 882 1082 sua
911 1057 1037 1082 causa.

350 1101 479 1138 Tertia
515 1113 610 1137 vero
650 1112 765 1136 causa
802 1107 858 1136 est
895 1098 1094 1147 spiritualis
1133 1097 1361 1134 extrinseca:

297 1163 387 1204 puta
412 1166 499 1191 cum
521 1166 566 1190 ex
586 1153 809 1202 operatione
839 1152 1037 1189 daemonis
1067 1158 1364 1187 commoventur

297 1209 563 1257 phantasmata
592 1206 813 1244 dormientis
842 1206 879 1242 in
900 1205 1033 1242 ordine
1063 1205 1110 1241 ad
1130 1205 1244 1241 talem
1274 1203 1363 1240 effe—

299 1269 413 1299 ctum.
444 1262 493 1297 Et
520 1262 594 1297 hoc
622 1260 779 1308 quidem
816 1259 1047 1308 quandoque
1078 1265 1133 1294 est
1162 1270 1249 1294 cum
1277 1269 1364 1306 pec-

299 1323 382 1352 cato
412 1313 665 1363 praecedenti,
696 1313 837 1350 scilicet
865 1311 1090 1360 negligentia
1111 1311 1364 1360 praeparandi

299 1381 338 1405 se
374 1376 504 1404 contra
537 1366 737 1404 daemonis
772 1366 982 1402 illusiones:
1016 1365 1120 1402 unde
1150 1373 1186 1401 et
1213 1364 1250 1401 in
1279 1377 1363 1401 sero

299 1429 469 1458 cantatur
497 1420 537 1467 ²¹⁶,
573 1421 809 1468 Hostemque
843 1425 1010 1456 nostrum
1048 1419 1273 1466 comprime,
1302 1418 1366 1455 Ne

294 1475 515 1523 polluantur
533 1485 706 1522 corpora.
724 1494 748 1501 -
765 1473 1009 1520 Quandoque
1028 1484 1123 1508 vero
1144 1479 1200 1508 est
1219 1472 1364 1519 absque

300 1527 405 1565 omni
435 1528 545 1576 culpa
572 1526 750 1572 hominis,
772 1538 816 1562 ex
837 1526 917 1562 sola
947 1525 1114 1575 nequitia
1144 1524 1363 1562 daemonis:

299 1581 394 1618 sicut
429 1581 467 1617 in
500 1580 767 1617 Collationibus
794 1581 952 1616 Patrum
971 1578 991 1600 ’¹‘
1023 1578 1156 1626 legitur
1189 1578 1235 1615 de
1272 1590 1364 1626 quo—

300 1636 389 1672 dam
419 1634 524 1681 quod
543 1640 561 1662 l*
589 1645 743 1681 semper
762 1633 800 1670 in
822 1633 956 1670 diebus
985 1632 1087 1668 festis
1115 1631 1363 1680 pollutionem

299 1695 524 1724 nocturnam
561 1687 791 1735 patiebatur,
822 1686 896 1722 hoc
931 1685 1084 1722 diabolo
1121 1692 1362 1733 procurante,

298 1749 338 1777 ut
366 1740 614 1788 impediretur
633 1752 654 1776 a
674 1752 780 1776 sacra
810 1738 1097 1775 communione.

350 1854 376 1887 κ)
395 1854 503 1879 somnis.
516 1866 536 1871 -
553 1853 664 1878 somniis
683 1853 864 1877 ABCEFHIK.

349 1889 377 1921 λ)
397 1890 506 1914 somnis.
518 1903 537 1908 —
554 1889 664 1914 somniis
682 1888 805 1913 ABEFK.

352 1925 379 1959 μ)
400 1925 478 1957 quod.
491 1939 509 1943 -
528 1925 574 1957 qui
593 1924 704 1957 PpCsE;
724 1931 771 1955 pro
783 1923 873 1957 sestis,
886 1923 996 1955 festivis
1015 1922 1144 1947 PCDl-lla.

980 274 1246 321 QUAESTIO
1277 272 1413 317 CLIV,
1443 273 1740 310 ARTICULUS
1769 273 1804 309 V

1472 352 1534 388 Sic
1562 352 1672 400 igitur
1707 360 1811 401 patet
1839 352 1944 401 quod
1982 359 2167 388 nocturna
2196 350 2355 399 pollutio
2391 362 2486 386 nun-

1417 416 1534 452 quam
1565 413 1620 441 est
1647 413 1869 454 peccatum:
1900 405 2133 454 quandoque
2163 411 2292 441 tamen
2312 409 2324 425 *⁴
2353 411 2486 440 estse-

1417 459 1528 506 quela
1556 460 1701 506 peccati
1729 457 2004 507 praecedentis.

1469 512 1528 547 An
1559 523 1696 548 PRIMUM
1723 523 1822 548 ERGO
1842 523 2028 548 manDUM
2057 510 2163 560 quod
2192 511 2379 547 Salomon
2408 521 2486 546 non

1416 563 1555 600 meruit
1581 564 1619 600 in
1649 564 1877 601 dormiendo
1907 564 2133 613 sapientiam
2153 576 2175 600 a
2194 564 2297 601 Deo:
2328 564 2394 600 sed
2422 562 2488 599 fuit

1417 617 1568 664 signum
1597 617 1858 665 praecedentis
1887 617 2083 664 desiderii,
2114 624 2271 666 propter
2299 616 2403 666 quod
2434 615 2487 652 di-

1418 670 1512 706 citur
1539 670 1621 706 talis
1656 669 1786 718 petitio
1823 671 1908 706 Deo
1941 670 2150 719 placuisse,
2180 677 2222 706 ut
2253 669 2488 718 Augustinus

1389 724 1391 733 ²
1417 723 1516 767 dicit,
1546 724 1615 759 XII
1644 734 1758 771 super
1789 723 1882 759 Gen.
1912 724 1963 760 ad
1990 723 2054 760 litt.
2074 723 2105 759 ³¹⁶.

1471 779 1530 813 AD
1559 788 1751 813 SECUNDUM
1786 787 1972 813 mcenoum
2002 776 2119 824 quod,
2140 776 2353 814 secundum
2384 777 2487 825 quod

1417 829 1518 866 vires
1547 828 1750 866 sensitivae
1779 828 1977 866 interiores
2014 830 2133 877 magis
2165 831 2228 866 vel
2257 830 2385 867 minus
2420 842 2488 878 op-

1418 882 1634 932 primuntur
1666 894 1688 918 a
1721 893 1892 928 somm0‚
1923 890 2080 931 propter
2106 882 2262 931 vaporis
2294 883 2489 919 turbulen-

1417 936 1508 973 tiam
1537 936 1600 973 vel
1629 935 1842 984 puritatem,
1873 936 2084 972 secundum
2113 936 2188 972 hoc
2214 948 2307 972 usus
2336 936 2489 972 rationis

1418 989 1539 1038 magis
1560 989 1619 1026 vel
1642 988 1768 1025 minus
1787 987 1992 1037 impeditur
2010 988 2049 1025 in
2066 988 2305 1026 dormiendo.
2328 989 2490 1038 Semper

1417 1051 1546 1080 tamen
1565 1051 1753 1091 quantum
1773 1042 1822 1079 ad
1842 1041 1982 1090 aliquid
2003 1041 2220 1090 impeditur,
2241 1049 2281 1078 ut
2299 1054 2379 1079 non
2402 1054 2489 1091 pos-

1418 1097 1464 1134 sit
1492 1096 1651 1133 omnino
1670 1095 1833 1132 liberum
1860 1095 2042 1132 iudicium
2063 1096 2218 1142 habere,
2239 1103 2280 1132 ut
2298 1095 2338 1133 in
2360 1094 2490 1133 Prima

1418 1151 1530 1187 Parte
1549 1149 1569 1171 ’¹‘
1598 1149 1742 1186 dictum
1772 1157 1837 1186 est.
1869 1149 1924 1185 Et.
1937 1149 2024 1186 ideo
2051 1161 2129 1185 non
2158 1148 2367 1197 imputatur
2386 1149 2419 1185 ei
2441 1148 2489 1186 ad

1419 1204 1570 1252 culpam
1601 1203 1707 1252 quod
1735 1210 1825 1239 tunc
1853 1202 1939 1250 agit.

1471 1259 1532 1293 Αι)
1550 1267 1711 1293 ‘reanum
1731 1267 1917 1293 chssnnum
1937 1255 2042 1304 quod
2062 1255 2316 1304 apprehensio
2337 1254 2492 1292 rationis

1420 1323 1499 1348 non
1526 1310 1576 1347 ita
1595 1309 1802 1358 impeditur
1821 1309 1858 1346 in
1879 1306 1891 1334 ῑ
1919 1321 2057 1346 somno
2077 1309 2174 1346 sicut
2193 1308 2274 1346 eius
2293 1308 2489 1355 iudicium,

1420 1364 1524 1413 quod
1555 1363 1749 1412 perficitur
1776 1375 1846 1412 per
1880 1362 2176 1400 conversionem
2208 1362 2258 1399 ad
2285 1362 2488 1409 sensibilia,

1421 1429 1519 1466 quae
1539 1425 1626 1454 sunt
1644 1416 1767 1465 prima
1786 1416 1972 1465 principia
1996 1415 2224 1464 cognitionis
2241 1421 2256 1437 ⁰
2284 1416 2501 1453 humanae.

1421 1472 1470 1508 Et
1497 1470 1584 1507 ideo
1624 1470 1713 1506 nihil
1748 1469 1924 1519 prohibet
1952 1469 2151 1506 hominem
2190 1469 2403 1507 secundum
2433 1481 2490 1506 ra-

1419 1524 1563 1561 tionem
1601 1523 1890 1572 apprehendere
1927 1523 2069 1572 aliquid
2108 1523 2155 1560 de
2195 1535 2300 1560 novo
2336 1522 2374 1560 in
2403 1522 2490 1560 dor-

1420 1577 1594 1614 miendo:
1623 1578 1687 1614 vel
1715 1589 1760 1614 ex
1780 1576 1869 1625 ipsis
1895 1576 2059 1625 reliquiis
2087 1576 2398 1625 praecedentium
2429 1588 2492 1613 co·

1419 1631 1644 1679 gitationum
1675 1638 1711 1667 et
1737 1630 2065 1679 phantasmatibus
2102 1629 2257 1676 oblatis,
2286 1631 2348 1666 vel
2377 1629 2491 1667 etiam

1421 1696 1465 1721 ex
1495 1684 1728 1720 revelatione
1749 1683 1888 1727 divina,
1909 1691 1975 1720 aut
1994 1683 2231 1720 immissione
2250 1683 2372 1731 angeli
2401 1682 2493 1720 boni

1419 1738 1482 1774 vel
1511 1737 1613 1773 mali.

1474 1852 1498 1882 ν)
1517 1851 1676 1892 quandoque
1695 1854 1793 1876 tamen.
1806 1864 1824 1870 -
1842 1851 1890 1876 sed
1917 1851 2076 1884 quandoque
2096 1851 2142 1877 Pa.

1475 1884 1501 1954 Ξ
1520 1886 1690 1955 h'lignigogiii.
1703 1936 1722 1940 —
1740 1921 1912 1955 cogitationis
1932 1922 1959 1946 Ρ.

981 2009 1316 2043 Commentaria
1339 2008 1592 2042 Garamans
1615 2009 1816 2042 Caietam·

327 2112 346 2132 N
376 2100 507 2132 articulo
538 2099 651 2141 quinto
682 2099 824 2129 eiusdem
853 2097 1048 2139 quaestionis
1079 2097 1363 2138 centesimaequin-

301 2115 676 2187 Iquagesimaequartae,
701 2143 826 2174 adverte
854 2143 1002 2173 titulum:
1035 2142 1124 2183 quod
1153 2142 1283 2172 nomine
1307 2151 1363 2172 no-

298 2197 432 2222 cturnae
444 2190 635 2230 pollutionis
649 2187 793 2228 intelligit
815 2190 937 2218 Auctor
960 2186 1173 2227 pollutionem
1189 2186 1222 2216 in
1235 2196 1363 2223 somno,

298 2245 396 2276 quam
419 2233 588 2274 appellavit
617 2239 807 2262 nocturnam
834 2231 909 2272 quia
936 2241 1070 2262 somnus
1094 2230 1308 2261 communiter
1330 2229 1365 2261 fit

299 2286 402 2310 nocte.

355 2323 447 2354 Circa
470 2321 710 2352 conclusionem
734 2320 959 2360 principalem,
983 2319 1114 2350 scilicet:
1143 2320 1282 2350 Pollutio
1307 2328 1364 2349 no-

300 2373 415 2399 cturna
433 2376 595 2407 nunquam
614 2370 660 2396 est
677 2370 858 2405 peccatum,
882 2364 939 2395 sed
961 2364 1150 2405 quandoque
1174 2369 1220 2395 est
1235 2364 1364 2404 sequela

300 2463 432 2497 partem.
464 2456 552 2485 Turn
581 2454 655 2495 quia
679 2453 839 2484 dormiens
862 2453 934 2483 ideo
960 2461 1013 2489 ut,
1037 2453 1087 2483 vel
1111 2463 1147 2483 ex
1171 2463 1287 2483 somno
1312 2459 1367 2483 aut

300 2500 427 2531 somnio
452 2506 507 2529 aut
530 2499 590 2529 situ
615 2498 668 2530 tali
688 2497 882 2534 dormientis,
900 2503 1050 2538 sequatur
1065 2497 1212 2537 pollutio,
1234 2507 1299 2528 non
1317 2507 1366 2527 so-

299 2546 368 2576 lum
397 2550 505 2584 peccat
535 2550 706 2583 antequam
734 2542 889 2578 dormiat,
915 2542 969 2572 sed
997 2542 1029 2572 in
1057 2541 1125 2582 ipsa
1155 2543 1367 2583 subsequente

299 2589 495 2630 pollutione:
525 2597 598 2618 cum
627 2587 764 2627 pollutio
789 2587 842 2617 illa
866 2586 904 2616 sit
927 2586 1120 2622 voluntaria,
1146 2594 1175 2617 et
1199 2594 1367 2627 procurata

299 2633 456 2664 mediante
480 2642 606 2662 somno.

354 2678 442 2708 Tum
466 2676 540 2717 quia
564 2675 700 2716 pollutio
725 2682 879 2708 nocturna
902 2675 1042 2706 affectata
1062 2675 1094 2705 in
1110 2675 1214 2715 vigilia
1231 2683 1277 2707 est
1297 2685 1366 2716 pec-

299 2729 420 2753 catum:
447 2727 477 2751 et
492 2731 558 2751 non
575 2720 681 2750 solum
698 2720 826 2761 sequela
841 2719 970 2760 peccati.
988 2737 1009 2743 -
1033 2719 1197 2751 Probatur.
1223 2719 1307 2757 Quia
1322 2726 1368 2750 est

298 2765 476 2797 voluntaria
506 2765 539 2795 in
563 2775 619 2795 sua
644 2774 754 2800 causa,
779 2765 822 2795 ita
850 2765 938 2804 quod
969 2770 1074 2804 potest
1097 2771 1128 2795 et
1152 2765 1244 2795 debet
1267 2765 1367 2795 homo

299 2821 427 2841 causam
451 2809 636 2840 huiusmodi
661 2808 837 2849 prohibere.
861 2808 929 2839 Nisi
946 2809 1031 2839 enirn
1052 2809 1239 2839 huiusmodi
1255 2809 1367 2840 volun-

299 2855 376 2886 taria
406 2855 467 2885 sint
491 2861 635 2894 peccata,
660 2853 740 2894 perit
764 2853 906 2884 doctrina
935 2853 973 2883 de
997 2853 1178 2884 voluntario
1201 2853 1367 2890 indirecte,

299 2900 388 2941 quod
412 2899 588 2939 imputatur
611 2898 714 2938 agenti
729 2898 755 2929 *.

355 2944 392 2974 ΙΙ.
419 2943 468 2974 Ad
500 2943 561 2978 hoc
590 2942 703 2973 dicitur
727 2942 829 2983 quod,
855 2951 928 2972 cum
960 2941 1072 2972 dicitur
1095 2942 1127 2972 in
1156 2950 1272 2972 somno
1303 2951 1367 2972 non

300 2998 392 3029 posse
424 2987 589 3018 hominem
617 2997 759 3027 peccare,
784 2986 968 3026 intelligitur
997 2996 1053 3026 per
1076 2995 1124 3016 se:
1153 2986 1228 3028 quia
1253 2986 1369 3017 scilicet

299 3033 399 3063 homo
423 3032 454 3062 in
479 3041 595 3062 somno
620 3041 685 3061 non
707 3038 753 3062 est
769 3031 868 3061 homo
892 3030 1044 3061 dominus
1068 3041 1202 3061 suorum
1227 3038 1366 3062 actuum.
1395 3042 1396 3068 l

300 3077 360 3108 Sed
377 3087 431 3117 per
447 3076 600 3112 accidens,
624 3076 649 3106 si
673 3076 789 3106 scilicet
812 3075 913 3106 homo
930 3085 997 3105 non
1014 3075 1112 3106 utitur
1128 3085 1244 3106 somno
1264 3082 1300 3107 ut
1319 3085 1368 3106 so-

300 3131 387 3158 mno,
401 3121 462 3151 hoc
478 3127 525 3152 est
541 3128 575 3152 ut
591 3121 719 3151 vinculo
737 3120 870 3151 naturali
886 3119 975 3150 liberi
992 3119 1119 3156 arbitrii,
1133 3121 1187 3150 sed
1204 3127 1239 3151 ut
1255 3120 1368 3151 instru-

300 3173 408 3197 mento
433 3165 546 3196 liberae
570 3165 707 3196 malitiae
731 3165 771 3195 ad
792 3165 1011 3195 executionem
1028 3165 1114 3201 mali,
1139 3171 1244 3205 potest
1267 3165 1367 3195 homo

301 3210 332 3240 in
357 3220 471 3240 somno
496 3219 624 3250 peccare
649 3209 837 3245 mortaliter,
868 3219 933 3239 non
957 3209 1154 3249 imperative,
1180 3209 1234 3239 sed
1258 3219 1367 3240 execu-
1394 3216 1396 3243 l

301 3254 380 3290 tive‚
406 3254 447 3284 ita
470 3255 559 3294 quod
583 3261 754 3295 exequatur
782 3263 838 3294 per
867 3264 1019 3284 somnum
1051 3260 1085 3284 ut
1108 3253 1366 3289 instrumentum,
1394 3245 1396 3282 l

303 3299 519 3329 executionem
543 3299 592 3329 sui
616 3298 749 3329 sceleris.
774 3298 815 3328 Et
839 3298 881 3329 sic
905 3308 1041 3338 persona
1064 3308 1146 3339 quae
1161 3298 1234 3328 ideo
1251 3299 1367 3329 obdor-

1417 2104 1464 2128 est
1486 2097 1519 2127 in
1544 2104 1699 2138 potestate
1723 2097 1790 2128 eius
1813 2097 1869 2138 qui
1894 2097 1999 2128 emisit
2021 2097 2163 2129 inhibere
2187 2097 2410 2131 homicidium.
2440 2098 2495 2131 Sat

1418 2149 1464 2172 est
1487 2141 1573 2172 enim
1597 2142 1686 2183 quod
1709 2141 1742 2172 in
1767 2141 1923 2182 principio
1948 2141 2042 2173 fuerit
2064 2142 2244 2174 voluntarie
2267 2142 2438 2184 imperata,
2464 2150 2495 2175 et

1418 2185 1574 2226 applicata
1598 2186 1660 2216 sint
1683 2186 1893 2217 instrumenta
1917 2186 2089 2218 executiva.

1475 2230 1527 2261 111.
1543 2231 1584 2263 Et
1607 2240 1662 2271 per
1684 2230 1746 2261 hoc
1761 2237 1847 2271 patet
1862 2231 2028 2271 responsio
2053 2231 2092 2262 ad
2115 2231 2252 2262 dubium
2267 2238 2299 2263 et
2322 2239 2495 2275 utrumque

1418 2282 1642 2315 argumentum
1657 2275 1684 2305 *.
1707 2275 1793 2306 Nam
1811 2285 1923 2306 verum
1939 2282 1986 2306 est
2009 2275 2193 2316 simpliciter
2215 2282 2246 2307 et
2268 2277 2423 2314 absolute,
2439 2286 2497 2319 per
2522 2281 2534 2293 ⁸

1419 2329 1452 2349 se
1475 2319 1649 2360 loquendo,
1674 2319 1764 2360 quod
1787 2319 1924 2360 pollutio
1947 2320 1980 2350 in
2005 2330 2122 2350 somno
2146 2329 2213 2351 non
2237 2327 2284 2352 est
2308 2329 2492 2362 peccatum,

1420 2364 1474 2394 sed
1498 2364 1626 2404 sequela
1643 2364 1838 2405 quandoque
1853 2363 1982 2404 peccati.
2009 2363 2094 2395 Cum
2111 2374 2178 2406 quo
2198 2372 2306 2396 tamen
2322 2373 2383 2397 stat
2405 2367 2496 2408 quod

1421 2417 1476 2448 per
1498 2408 1653 2444 accidens,
1678 2408 1703 2438 si
1719 2408 1791 2449 quis
1816 2415 1923 2439 utatur
1938 2418 2054 2439 somno
2079 2415 2114 2439 ut
2133 2409 2346 2440 instrumento
2361 2411 2401 2440 ad
2420 2421 2493 2452 pec-

1421 2452 1569 2488 candum,
1595 2452 1732 2493 pollutio
1757 2459 1804 2483 est
1826 2460 2003 2493 peccatum,
2029 2463 2067 2484 eo
2084 2453 2184 2484 modo
2209 2463 2276 2495 quo
2300 2461 2388 2485 actus
2412 2462 2493 2487 exte-

1393 2531 1395 2535 ,
1420 2497 1485 2527 rior
1507 2497 1539 2527 in
1564 2497 1748 2528 executione
1773 2503 1819 2527 est
1843 2504 2024 2538 peccatum:
2055 2498 2144 2539 quod
2168 2498 2310 2538 primum
2333 2498 2495 2540 ingerebat

1421 2548 1658 2582 argumentum.

1477 2586 1518 2616 Et
1540 2586 1616 2627 quia
1640 2586 1776 2626 pollutio
1801 2593 1956 2617 nocturna
1980 2596 2063 2628 quae
2086 2586 2118 2617 in
2138 2586 2243 2627 vigilia
2267 2587 2328 2618 fuit
2351 2587 2494 2620 affectatu

1422 2630 1539 2667 solum,
1564 2641 1629 2661 non
1654 2630 1748 2661 habet
1771 2640 1924 2661 somnum
1947 2641 2007 2671 pro
2031 2631 2258 2668 instrumento,
2283 2642 2319 2663 ac
2342 2642 2398 2672 per
2420 2633 2493 2670 hoc,

1421 2675 1489 2715 ipsa
1522 2685 1588 2706 non
1613 2682 1659 2705 est
1689 2675 1831 2706 executio
1856 2675 1998 2716 imperii,
2022 2676 2077 2706 sed
2101 2675 2208 2706 solum
2232 2675 2394 2708 obiectum
2418 2676 2494 2708 affe-

1422 2727 1490 2751 ctus
1515 2730 1589 2750 cum
1614 2726 1727 2750 eventu
1752 2719 1783 2750 in
1809 2729 1914 2751 rerum
1939 2726 2068 2751 natura:
2094 2719 2167 2751 ideo
2192 2719 2261 2752 talis
2284 2721 2423 2762 pollutio
2446 2731 2495 2753 re-

1421 2764 1577 2805 linquitur
1599 2764 1631 2794 in
1656 2764 1767 2794 ordine
1790 2764 2010 2804 pollutionum
2028 2771 2258 2796 nocturnarum
2276 2775 2333 2807 per
2347 2775 2391 2803 se,
2415 2775 2494 2808 quas

1421 2809 1453 2839 in
1478 2809 1579 2839 littera
1603 2809 1757 2839 docemur
1780 2819 1845 2839 non
1869 2819 1937 2840 esse
1961 2816 2098 2850 peccata,
2115 2810 2171 2840 sed
2199 2810 2343 2851 sequelas
2367 2820 2493 2850 praece-

1422 2853 1567 2884 dentium
1591 2860 1805 2894 peccatorum,
1823 2854 1954 2895 quando
1970 2853 2082 2885 accidit
2105 2861 2142 2885 ut
2156 2854 2188 2885 in
2205 2854 2373 2896 proposito
2398 2855 2494 2887 huius

1423 2898 1554 2929 secundi
1578 2898 1767 2938 argumenti.

1478 2943 1519 2973 Et
1547 2943 1585 2972 ad
1617 2942 1839 2983 probationem
1870 2942 1903 2973 in
1931 2942 2138 2983 oppositum,
2163 2949 2296 2984 negatur
2323 2943 2412 2984 quod
2434 2942 2493 2974 ista

1422 2987 1560 3027 pollutio
1584 2987 1623 3018 sit
1646 2987 1825 3018 voluntaria
1848 2987 1880 3017 in
1905 2997 1962 3018 sua
1986 2997 2088 3018 causa.
2114 2987 2278 3026 Quoniam
2302 2987 2492 3018 desiderium

1423 3041 1488 3062 non
1513 3038 1559 3062 est
1583 3041 1676 3062 causa
1700 3031 1743 3062 rei
1767 3031 1975 3062 desideratae:
2007 3041 2044 3062 ac
2075 3041 2132 3072 per
2154 3031 2233 3068 hoc,
2258 3031 2397 3072 pollutio
2421 3031 2492 3063 affe-

1395 3078 1396 3109 ἶ
1422 3083 1503 3107 crata
1519 3086 1585 3107 non
1601 3083 1658 3112 est,
1682 3075 1810 3116 proprie
1825 3076 2002 3117 loquendo,
2018 3076 2207 3112 voluntaria,
2224 3076 2279 3107 sed
2295 3076 2402 3108 volita.
2427 3077 2494 3108 Vo-

1394 3129 1396 3134 ’
1421 3121 1596 3152 luntarium
1620 3120 1706 3151 enim
1730 3119 1884 3161 significat
1912 3121 2001 3162 quod
2025 3126 2072 3152 est
2099 3131 2117 3152 a
2141 3120 2321 3151 voluntate:
2356 3121 2494 3153 volitum

1394 3176 1396 3201 j
1422 3173 1541 3203 autern,
1566 3165 1726 3196 obiectum
1752 3165 1830 3196 eius.

1478 3209 1518 3241 Et
1549 3210 1574 3240 si
1602 3210 1736 3241 instetur
1758 3209 1833 3251 quia
1857 3208 2042 3240 huiusmodi
2066 3207 2189 3240 affectio
2216 3209 2439 3250 praesumitur,
2463 3216 2495 3241 et

1421 3254 1617 3295 quandoque
1637 3261 1692 3290 est,
1711 3264 1804 3285 causa
1827 3253 1988 3294 sequentis
2011 3252 2199 3294 pollutionis
2224 3261 2417 3285 nocturnae:
2446 3262 2492 3285 re-

1422 3296 1598 3339 spondetur
1627 3298 1716 3340 quod
1749 3297 1935 3328 huiusmodi
1965 3296 2094 3328 affectus
2127 3297 2283 3338 contingit
2316 3298 2493 3340 dupliciter.

303 3342 390 3372 mivit
414 3350 449 3373 ut
472 3343 642 3382 polluatur,
666 3343 714 3373 vel
739 3353 774 3373 ex
791 3343 861 3382 ipso
883 3353 999 3373 somno
1023 3343 1071 3373 vel
1095 3343 1156 3373 situ
1182 3343 1367 3374 dormientis
1393 3364 1395 3372 ⁴
1421 3343 1549 3380 Primo,
1575 3350 1610 3374 ut
1640 3342 1855 3373 commotivus
1883 3341 2025 3382 corporis
2057 3342 2095 3372 ad
2126 3342 2357 3382 pollutionem:
2392 3350 2422 3374 et
2449 3342 2493 3373 sic

304 3386 352 3416 vel
376 3387 413 3416 ab
438 3386 509 3422 alio,
534 3394 641 3426 peccat
657 3387 845 3418 mortaliter:
870 3387 912 3418 ita
936 3388 1025 3428 quod
1049 3394 1215 3428 peccatum
1238 3388 1367 3418 inchoat
1421 3388 1515 3418 habet
1539 3387 1695 3418 rationem
1711 3396 1832 3417 causae.
1858 3385 1932 3416 Alio
1949 3386 2059 3422 modu,
2077 3387 2230 3424 absolute,
2248 3394 2283 3418 ut
2301 3387 2492 3418 desiderium

304 3429 434 3460 elicitive
459 3437 488 3460 et
511 3430 692 3470 imperative
716 3432 747 3461 in
773 3431 893 3471 vigilia,
919 3439 949 3462 et
977 3438 1219 3462 consummatur
1241 3442 1296 3472 per
1319 3431 1366 3462 in-
1393 3429 1395 3476 ξ
1421 3438 1560 3463 tantum:
1587 3438 1618 3462 et
1633 3431 1694 3462 hoc
1710 3430 1842 3472 quidem
1858 3430 1958 3461 modo
1974 3437 2116 3461 remotus
2133 3439 2179 3462 est
2194 3441 2212 3462 a
2228 3431 2351 3463 ratione
2369 3441 2492 3463 causae.

304 3480 516 3504 strumentum
546 3475 649 3504 somni
681 3475 840 3506 executive
871 3476 903 3505 in
935 3477 1003 3516 ipsa
1034 3476 1222 3517 pollutione.
1252 3494 1272 3499 -
1300 3477 1366 3507 Nec
1421 3476 1529 3506 Primo
1553 3481 1660 3506 autem
1680 3475 1779 3506 modo
1803 3474 1898 3505 habet
1913 3473 2069 3505 rationem
2087 3485 2208 3512 causae,
2227 3476 2281 3507 sed
2297 3475 2490 3517 imperfecte,

305 3519 407 3548 obstat
431 3518 518 3559 quod
542 3528 605 3548 non
630 3525 676 3549 est
699 3519 730 3549 in
755 3526 908 3559 potestate
933 3530 999 3556 sua,
1025 3530 1061 3551 ex
1080 3530 1146 3562 quo
1171 3520 1298 3557 dormit,
1322 3520 1366 3551 in·
1421 3520 1537 3551 scilicet
1561 3519 1744 3560 dispositive
1768 3525 1798 3549 et
1821 3528 1877 3559 per
1899 3518 2060 3550 accidens:
2085 3529 2144 3560 pro
2169 3527 2290 3562 quanto
2314 3530 2380 3551 non
2405 3529 2491 3551 assu-

304 3562 409 3592 hibere
429 3562 656 3602 pollutionem:
682 3562 761 3593 sicut
777 3574 842 3593 non
859 3564 963 3595 obstat
978 3572 1107 3604 peccato
1124 3564 1287 3595 homicidii
1311 3575 1366 3605 per
1421 3564 1518 3595 mitur
1541 3570 1576 3594 ut
1598 3563 1847 3594 instrumentum
1872 3563 2046 3594 redivivum
2079 3563 2111 3595 in
2135 3574 2252 3596 somno
2277 3563 2316 3595 ad
2339 3563 2490 3605 pollutio-

304 3606 438 3646 longum
462 3606 578 3637 iactum
602 3607 802 3643 bombardae,
828 3609 925 3648 quod,
951 3619 985 3639 cx
1005 3619 1070 3649 quo
1095 3609 1208 3639 emissa
1224 3617 1280 3645 est,
1301 3619 1366 3639 non
1421 3618 1495 3639 nem
1519 3615 1718 3639 nocturnam.
1745 3607 1784 3638 Et
1803 3607 1875 3638 ideo
1891 3608 2040 3649 relinquit
2063 3615 2253 3640 nocturnam
2276 3608 2491 3649 pollutionem

2516 722 2524 730 ·
2542 721 2598 742 Loc.
2613 719 2653 742 cit.

2519 1151 2587 1173 ’[,οο-
2592 1150 2659 1173 estin
2665 1156 2730 1179 eorp.

2546 2281 2648 2304 Numi.
