2768 4198
82 408 89 416 ·
106 406 141 428 Cf.
157 412 219 427 num.
235 412 265 427 IV.

86 580 91 587 ⁸
108 577 172 598 γεῖς.
187 583 207 605 3,
221 584 243 602 4.

85 713 92 720 ’
108 710 173 738 Resp,
189 710 217 731 ad
233 716 247 730 1.

85 885 93 893 ⁸
104 881 292 905 Homil.XV1;al.

85 916 134 937 Lib.
159 916 192 941 11,
212 914 292 935 homil.

83 943 122 964 lv.

85 1014 92 1022 ⁸
107 1013 175 1034 Num.
191 1019 205 1033 1.

85 1069 92 1076 ⁸
108 1067 141 1087 Cf.
165 1071 228 1093 corp.
250 1068 291 1086 art.

82 1903 91 1911 ⁸
106 1902 154 1922 Art.
170 1908 192 1927 4.

84 1954 91 1960 ·
107 1952 134 1972 1).
149 1952 199 1977 482.

84 1998 216 2025 ‘Deutcap
229 2004 294 2025 xviii,

83 2032 139 2046 vers.
150 2031 177 2053 15,
193 2025 227 2051 183
243 2031 293 2052 cap.

83 2058 157 2078 xxxiv,
168 2057 226 2073 vers.
242 2058 272 2073 io⁴

83 2102 93 2111 ⁸
101 2100 178 2121 Gloss.
188 2100 293 2122 Cassiod.

83 2127 143 2175 iiii'id
156 2127 248 2175 ptggssib.
271 2127 294 2148 in

86 2429 94 2436 ·
110 2426 176 2448 Vere.
191 2433 223 2455 57.

88 2584 94 2591 ¹
111 2581 175 2604 Vera.
191 2588 222 2611 23.

88 2797 97 2806 ⁸
112 2795 176 2816 Vers.
193 2801 223 2823 ¹9·

321 326 396 373 398

959 321 1226 367 QUAESTIO
1257 318 1468 365 CLXXIV,
1501 320 1801 357 ARTICULUS
1829 319 1864 356 V

376 404 413 434 11.
439 403 623 434 Secundum
647 403 781 433 dubium
797 402 814 420 ’¹‘
837 407 882 430 est
898 400 979 429 circa
993 397 1248 428 conclusionem:
1275 403 1385 426 contra
1412 395 1413 434 ζ
1440 396 1516 427 leret
1540 397 1565 427 si
1589 403 1764 428 servaretur
1785 397 1932 428 identitas
1955 405 2072 429 status:
2098 399 2162 434 sed,
2187 398 2307 429 variato
2331 405 2424 434 statu,
2445 408 2511 430 non

320 458 419 489 quam
442 448 544 487 arguit
563 448 657 483 idem,
674 447 784 476 volens
808 445 896 484 quod
916 443 1018 473 David
1035 442 1074 471 sit
1088 441 1272 480 simpliciter
1287 440 1385 470 excel—
1412 451 1413 466 z

1412 469 1414 499 l

1439 441 1532 471 valet.
1556 442 1640 471 Nam
1657 441 1791 472 ministri
1808 442 1885 472 novi
1901 443 2099 473 Testamenti
2123 442 2245 473 ratione
2269 449 2379 479 status,
2396 443 2513 474 scilicet

319 492 444 523 lentior.
474 492 592 527 Primo,
621 491 696 531 quia
726 491 852 529 Moyses
885 497 950 516 non
981 486 1091 516 habuit
1122 485 1226 521 toties,
1258 494 1315 514 nec
1343 484 1386 514 ita
1440 484 1594 515 revelatae
1612 485 1738 524 gratiae,
1764 486 1984 525 praeferuntur
1998 487 2122 528 Moysi:
2148 493 2178 517 et
2193 497 2260 517 non
2276 486 2399 518 ratione
2415 487 2512 519 maio-

321 537 543 572 communiter‚
561 534 783 565 illustrationes
803 532 980 562 secundum
995 530 1152 559 visionem
1173 539 1251 569 pure
1270 528 1387 559 intelle-

321 581 468 616 ctualem,
494 581 574 610 sicut
598 578 708 613 David,
735 578 760 606 II
778 577 858 616 Reg.
879 574 993 604 xx111*.
1285 610 1287 612 r

376 625 546 659 Praeterea,
564 622 666 653 David
686 620 809 660 plenius
830 626 860 649 et
880 618 993 649 clarius
1018 617 1168 656 cognovit
1188 624 1218 647 et
1238 616 1387 656 expressit

1440 529 1482 558 ris
1494 528 1624 559 visionis
1641 539 1739 570 quarn
1755 529 1850 561 fuerit
1861 531 1942 561 visio
1959 531 2083 562 divinae
2099 531 2261 562 essentiae.
2278 531 2412 572 Propter
2423 532 2512 572 quod

1413 610 1414 613 Ἰ
1441 572 1520 603 ratio
1541 572 1594 603 illa
1614 574 1697 604 valet
1722 581 1865 614 respectu
1890 581 1988 606 status
2013 582 2085 606 ante
2110 586 2233 606 novum
2256 576 2511 612 Testamentum,

321 669 467 709 mysteria
483 666 597 698 Christi
615 675 711 706 quam
735 665 870 704 Moyses,
893 676 905 689 «
922 662 1098 692 secundum
1125 661 1247 691 dictum
1267 661 1388 691 Docto·
1413 683 1415 688 ,

321 723 386 742 rem
402 712 419 731 ’¹‘
436 725 462 742 ».
492 712 575 750 Ergo
600 708 765 749 prophetia
780 708 881 738 David
907 707 1036 737 sortitur
1055 706 1216 746 quandam
1234 705 1387 735 excellen-

320 800 459 839 sequela:
481 798 554 838 quia
567 798 637 827 Lex
653 802 682 827 et
697 797 874 836 Prophetae
890 795 1076 825 ordinantur
1092 794 1130 824 ad
1148 793 1313 824 Christum
1329 793 1386 823 sic-

320 851 355 874 ut
373 843 482 877 finem;
507 842 577 871 finis
595 848 701 871 autem
725 840 862 870 nobilior
884 846 929 870 est
950 839 998 869 his
1023 848 1105 879 quae
1127 845 1201 868 sunt
1224 838 1262 868 ad
1278 837 1386 868 finem.

376 887 415 917 Et
448 885 668 921 confirmatur,
700 885 775 925 quia
810 883 998 923 Gregorius,
1026 882 1148 913 Homil.
1178 882 1220 912 IV
1241 882 1258 901 *
1290 891 1389 922 super

318 932 450 971 Ezech„
482 929 556 960 dicit
587 930 676 970 quod
709 928 811 959 David
843 928 1008 958 clariorem
1042 926 1259 967 cognitionem
1290 936 1388 967 quam

319 976 445 1015 Moyses
469 973 622 1004 habuerit.

376 1019 426 1049 111.
451 1019 501 1048 Ad
525 1018 665 1058 primurn
690 1017 825 1048 dubium
839 1016 857 1035 *
880 1016 1004 1052 dicitur,
1021 1026 1096 1046 cum
1119 1017 1259 1046 Auctore
1282 1014 1314 1044 in
1331 1021 1386 1045 art.

319 1073 402 1103 seq.,
425 1063 455 1092 in
481 1072 561 1102 resp.
581 1063 619 1092 ad
643 1073 651 1091 1
673 1062 698 1098 *,
716 1062 805 1102 quod
831 1061 911 1091 visio
939 1060 1062 1091 divinae
1083 1059 1234 1090 essentiae
1258 1060 1387 1099 raptim,

312 1118 376 1148 per
404 1107 532 1138 modum
557 1107 738 1146 passionis,
765 1115 831 1136 non
855 1105 995 1136 excludit
1022 1112 1129 1135 actum
1157 1103 1387 1144 prophetandi,

1442 617 1627 657 simpliciter
1650 618 1827 657 loquendo.

1497 662 1548 691 Ad
1569 661 1692 692 obiecta
1709 669 1818 692 contra
1834 663 2007 693 secundam
2024 671 2054 694 et
2070 671 2218 705 quartam
2234 664 2381 700 rationes,
2400 664 2514 695 dicitur

1414 703 1415 746 J
1442 705 1541 746 quod,
1565 706 1638 737 licet
1662 706 1860 736 denuntiatio
1884 713 1915 737 et
1938 706 2137 739 confirmatio
2155 715 2330 749 sequantur
2346 709 2514 739 essentiam

320 757 405 791 tiam,
420 766 455 785 ex
478 755 539 784 hoc
563 754 649 793 quod
670 752 786 783 Christi
810 751 958 792 mysteria
978 751 1021 781 sic
1047 749 1207 790 expressit.
1232 749 1388 780 Probatur
1414 761 1415 776 ι

1442 750 1638 790 prophetiae,
1663 750 1738 790 quia
1762 757 1870 780 tamen
1893 759 2036 791 spectant
2059 753 2099 783 ad
2123 753 2321 784 conditiones
2345 753 2514 794 propheta—

1442 804 1515 824 rum
1539 801 1574 824 ut
1597 794 1651 830 sic,
1676 794 1749 824 ideo
1774 795 1813 824 ad
1831 795 2047 826 excellentiam
2071 797 2246 837 prophetae
2269 799 2349 837 bene
2365 798 2514 828 inductae

1443 845 1526 874 sunt,
1548 846 1578 869 et
1601 838 1684 869 male
1707 838 1939 879 improbantur.
1964 839 2050 877 Quia
2073 850 2139 871 non
2163 842 2203 871 ad
2227 843 2444 873 excellentiam
2469 852 2514 872 es-

1443 883 1607 914 sentialem
1635 883 1821 923 prophetiae
1849 883 1996 914 inductae
2025 892 2122 921 sunt,
2146 886 2200 915 sed
2230 887 2269 916 ad
2297 886 2515 917 excellentiam

1415 969 1416 972 Ἴ
1443 927 1618 968 prophetae
1649 928 1829 958 secundum
1859 927 1929 958 illas
1957 928 2174 960 conditiones:
2200 937 2236 961 ut
2265 930 2311 962 sic
2336 932 2513 962 secundum

1443 982 1557 1003 omnes
1582 972 1782 1002 conditiones
1804 972 1984 1003 inveniatur
2006 973 2135 1014 Moyses
2159 974 2314 1014 superior.

1500 1016 1551 1047 IV.
1577 1017 1628 1046 Ad
1652 1017 1830 1048 secundum
1855 1016 2019 1048 dubium*
2039 1017 2153 1049 dicitur
2176 1018 2266 1059 quod
2289 1018 2410 1059 primae
2426 1019 2514 1050 obie-

1416 1092 1417 1101 ἶ
1444 1060 1558 1092 ctionis
1582 1068 1785 1101 assumptum
1805 1071 1842 1091 ea
1861 1060 2008 1092 facilitate
2031 1068 2136 1102 potest
2160 1062 2267 1103 negari
2291 1073 2355 1104 qua
2377 1062 2515 1095 affirma-

319 1152 393 1192 quia
418 1157 463 1182 est
495 1152 572 1182 visio
597 1151 716 1191 procul
744 1160 785 1180 ex
801 1155 900 1190 parte
930 1149 1074 1180 videntis.
1105 1149 1171 1179 Nec
1200 1155 1248 1179 est
1275 1147 1387 1178 similis
1416 1177 1417 1191 χ

318 1196 397 1226 ratio
415 1196 453 1225 de
470 1202 541 1226 actu
558 1194 641 1232 fidei,
658 1195 714 1235 qui
731 1201 776 1225 est
793 1204 858 1224 non
876 1193 1108 1234 apparentium.
1133 1193 1200 1224 Nec
1216 1199 1262 1224 est
1277 1202 1389 1223 verum

318 1240 406 1281 quod
431 1246 517 1270 actus
542 1239 748 1279 propheticus
772 1245 818 1269 est
841 1238 1018 1269 necessario
1035 1237 1278 1277 aenigmaticus:
1303 1236 1390 1267 iuxta

318 1284 397 1314 illud
428 1284 526 1314 Num.
551 1283 641 1314 x11*:
667 1284 800 1321 Palam,
826 1289 857 1314 et
886 1293 948 1313 non
973 1292 1036 1323 per
1066 1283 1254 1323 aenigmata
1282 1281 1388 1312 Deum

319 1329 412 1359 videt.

375 1373 424 1403 Ad
455 1372 549 1403 aliam
579 1372 792 1403 obiectionem
822 1371 936 1403 dicitur
963 1371 1054 1412 quod
1085 1371 1313 1412 consequentia
1335 1381 1390 1401 va-

1443 1112 1513 1136 tur:
1538 1104 1613 1146 quia
1637 1115 1703 1135 non
1727 1105 1823 1136 habet
1845 1115 1883 1136 ex
1905 1105 2067 1146 Scriptura
2090 1106 2303 1138 auctoritates.

1500 1149 1646 1180 Secunda
1670 1159 1746 1180 vero
1770 1150 1970 1181 nobilitatem
2001 1151 2186 1191 prophetiae
2210 1151 2312 1182 David
2335 1152 2444 1192 quoad
2466 1161 2516 1183 se—

1445 1193 1634 1224 cundarium
1658 1194 1808 1225 ostendit.
1833 1195 1917 1225 Nam
1940 1194 2114 1236 principale
2133 1202 2179 1226 est
2199 1195 2356 1232 divinitas,
2373 1196 2406 1226 in
2425 1196 2517 1228 cuius

1445 1238 1628 1278 cognitione
1652 1238 1774 1270 excellit
1796 1240 1934 1280 Moyses.
1967 1239 2113 1271 Christus
2137 1247 2246 1271 autem
2269 1247 2439 1282 utramque
2462 1251 2517 1271 na—

1417 1309 1418 1321 ,
1445 1289 1550 1313 turam
1573 1282 1686 1313 habet:
1712 1283 1796 1314 unde
1821 1293 1859 1314 ex
1881 1283 1944 1314 hoc
1967 1283 2047 1314 nihil
2071 1284 2284 1316 concluditur.

1501 1327 1682 1358 Auctoritas
1707 1327 1852 1368 Gregorii
1876 1328 1915 1358 de
1940 1328 2123 1369 cognitione
2147 1329 2374 1370 mysteriorum
2397 1328 2516 1372 Christi

1417 1394 1419 1399 ⁴
1444 1371 1639 1412 intelligitur,
1665 1378 1695 1402 et
1718 1382 1784 1402 non
1809 1372 2002 1413 simpliciter.

1111 1526 1433 1568 ARTICULUS
1464 1527 1724 1576 QUINTUS

744 1622 900 1653 UTRUM
924 1621 1062 1652 ETIAM
1086 1620 1260 1658 ALIQuis
1285 1620 1459 1652 GRADUS
1482 1621 1761 1652 PROPHETIAE
1787 1622 1854 1653 εῖτ
1878 1622 1922 1653 IN
1945 1622 2100 1653 BEAT1s

792 1701 884 1733 Supra.
903 1708 948 1733 qu.
968 1707 1070 1730 cnxxm,
1091 1705 1138 1725 art.
1160 1707 1188 1731 1;
1207 1700 1275 1725 Part.
1294 1699 1336 1731 111,
1356 1706 1402 1732 qu.
1421 1707 1466 1728 vn.
1486 1705 1532 1725 art.
1552 1699 1583 1730 83
1605 1700 1613 1724 l
1632 1700 1669 1725 ad
1691 1701 1761 1730 Cor„
1781 1708 1835 1733 cap.
1856 1708 1909 1730 xm,
1929 1701 1986 1726 lect.
2007 1708 2043 1726 111.

406 1800 413 1814 r
451 1810 492 1827 ,κ
532 1795 554 1819 ι)
579 1793 743 1824 Qumrum
767 1793 822 1818 stc
837 1792 1079 1818 enocemrua.
1104 1780 1264 1817 Videtur
1283 1779 1389 1828 quod
1417 1789 1418 1801 ³

337 1886 458 1968 ᾖξε
469 1873 664 1929 ’(ὺεαῑίε.
701 1890 859 1937 Moyses
889 1889 1013 1935 enim,
1043 1895 1084 1924 ut
1113 1888 1256 1925 dictum
1285 1894 1340 1924 est
1358 1885 1389 1933 *,

320 1996 509 2044 propheta
530 1996 665 2033 dicitur
682 1995 713 2033 ²⁸.
744 1997 859 2044 Ergo,
880 1996 961 2045 pari
991 1995 1149 2042 ratione,
1175 1994 1276 2032 beati
1304 2006 1392 2042 pos-

322 2057 408 2086 sunt
438 2049 510 2086 dici
537 2050 761 2099 prophetae.

534 1835 646 1872 etiarn
675 1835 809 1884 aliquis
838 1834 976 1883 gradus
1010 1833 1234 1883 prophetiae
1268 1839 1325 1870 est
1353 1833 1390 1870 in
1418 1838 1419 1845 ¹

1445 1779 1597 1828 phetica
1630 1792 1729 1828 quae
1757 1781 1800 1818 fit
1827 1793 1898 1830 per
1930 1781 2196 1820 similitudines
2215 1781 2231 1812 β
2259 1783 2516 1832 corporalium

1447 1841 1587 1871 rerum.
1618 1833 1705 1870 Alio
1726 1834 1846 1872 modo
1865 1834 1963 1872 visio
1984 1842 2040 1872 est
2055 1836 2192 1884 procul
2212 1847 2258 1873 ex
2275 1844 2382 1886 parte
2401 1837 2519 1887 ipsius

1418 1892 1419 1923 1
1444 1886 1623 1934 videntis,
1644 1887 1708 1936 qui
1738 1887 1879 1925 scilicet
1908 1899 1986 1925 non
2017 1895 2072 1925 est
2090 1888 2253 1926 totaliter
2275 1889 2314 1926 in
2339 1889 2515 1934 ultimam

377 1956 390 1970 κ
408 1935 474 1975 θ’)
490 1934 627 1980 vidit
655 1942 825 1980 divinam
855 1942 1058 1979 essentiam
1077 1940 1108 1978 ²¹⁸.
1149 1941 1225 1988 Qui
1261 1948 1391 1978 tamen
1418 1942 1419 1945 ’

378 2115 412 2140 2.
443 2103 678 2150 PRAETEREA,
700 2103 902 2152 prophetia
923 2111 978 2139 est
1005 2102 1134 2139 divina
1163 2100 1342 2138 revelatio
1361 2099 1392 2137 ³¹².
1419 2103 1421 2108 ’

323 2157 399 2194 Sed
421 2156 572 2195 divinae
603 2157 848 2194 revelationes
868 2156 966 2193 fiunt
989 2156 1103 2193 etiam
1133 2154 1277 2203 angelis
1305 2155 1394 2190 bea-

321 2212 378 2247 tis.
419 2211 520 2259 Ergo
560 2211 673 2248 etiarn
711 2210 834 2258 angeli
871 2210 970 2247 beati
1007 2217 1168 2258 possunt
1205 2208 1277 2246 dici
1305 2219 1421 2257 pro-¹

350 2264 472 2300 hetae.

323 2276 347 2313 p
380 2318 414 2353 3.
436 2317 670 2365 PRAETEREA,
692 2316 864 2354 Christus
884 2316 932 2352 ab
962 2315 1113 2352 instanti
1133 2312 1393 2363 conceptionis

324 2370 392 2407 fuit
422 2371 734 2419 comprehensor.
765 2370 814 2406 Et
842 2377 973 2406 tamen
1001 2369 1082 2417 ipse
1104 2368 1332 2417 prophetam
1354 2378 1394 2402 se

325 2423 518 2470 nominat,
548 2424 682 2460 Matth.
713 2435 774 2460 xm
798 2422 835 2470 ²¹⁸,
863 2422 931 2459 ubi
961 2421 1064 2459 dicit:
1105 2422 1195 2460 Non
1224 2426 1279 2457 est
1303 2431 1393 2468 pro·
1420 2457 1422 2464 ,

320 2478 433 2527 pheta
461 2477 541 2514 sine
568 2478 712 2513 honore
739 2476 811 2513 nisi
829 2476 866 2512 in
883 2475 1009 2524 patria
1038 2486 1119 2512 sua.
1154 2474 1257 2522 Ergo
1279 2473 1392 2510 etiam

326 2531 667 2580 comprehensores
697 2537 733 2566 et
762 2529 861 2566 beati
890 2536 1051 2578 possunt
1069 2527 1140 2565 dici
1169 2527 1391 2576 prophetae.

377 2596 414 2631 4.
437 2585 669 2630 PRAETEREA,
693 2583 740 2620 de
763 2583 942 2619 Samuele
963 2581 1108 2629 dicitur,
1128 2581 1244 2618 Eccli.
1260 2591 1343 2616 xtvi
1356 2579 1392 2616 *z

323 2637 521 2674 Exaltavit
546 2649 676 2674 vocem
696 2637 775 2673 eius
794 2636 840 2673 de
862 2642 964 2673 terra
985 2635 1022 2672 in
1036 2634 1249 2684 prophetia,
1270 2633 1395 2670 delere

325 2691 549 2740 impietatem
568 2691 701 2740 gentis.
722 2690 837 2737 Ergo,
860 2690 996 2726 eadem
1017 2688 1174 2734 ratione,
1195 2687 1256 2724 alii
1276 2685 1395 2724 sancti

325 2753 411 2794 post
439 2752 604 2782 mortem
632 2751 793 2793 possunt
822 2742 895 2780 dici
923 2743 1146 2792 prophetae.

380 2799 454 2835 SED
483 2810 630 2835 CONTRA
649 2809 715 2834 EST
734 2796 840 2845 quod
860 2797 891 2833 II
912 2798 989 2834 Pet.
1012 2809 1021 2833 1
1040 2795 1072 2843 ³¹²,
1092 2806 1217 2832 sermo
1231 2794 1393 2842 prophe-

325 2852 417 2888 ticus
453 2859 696 2900 comparatur
731 2851 908 2887 lucernae
944 2850 1083 2887 lucenti
1118 2849 1154 2885 in
1185 2847 1394 2897 caliginoso

325 2906 418 2943 loco.
460 2906 537 2942 Sed
566 2905 603 2942 in
637 2904 757 2941 beatis
786 2904 888 2941 nulla
918 2911 973 2941 est
1006 2903 1138 2951 caligo.
1174 2902 1278 2949 Ergo
1317 2912 1395 2937 non

326 2966 486 3007 possunt
515 2958 587 2995 dici
617 2959 839 3007 prophetae.

380 3013 607 3049 Responmzo
634 3023 819 3049 nxcaunum
852 3009 958 3058 quod
986 3008 1188 3058 prophetia
1217 3008 1397 3057 importat
1423 3039 1424 3045 ,

325 3065 515 3102 visionem
545 3065 738 3113 quandam
773 3063 930 3101 alicuius
966 3061 1262 3112 supernaturalis
1299 3061 1397 3098 veri-

327 3119 409 3156 tatis
439 3126 479 3155 ut
506 3119 639 3167 procul
660 3117 860 3155 existentis.
892 3117 1010 3164 Quod
1030 3115 1188 3165 quidem
1218 3114 1398 3163 contingit

329 3185 410 3209 esse
441 3171 648 3221 dupliciter.
685 3172 772 3209 Uno
801 3171 942 3218 modo,
974 3183 1019 3207 ex
1045 3177 1153 3219 parte
1189 3169 1306 3219 ipsius
1335 3181 1398 3205 co-

329 3224 522 3273 gnitionis:
562 3225 654 3274 quia
688 3224 865 3262 videlicet
885 3229 901 3245 ‘²‘
929 3224 1068 3261 veritas
1103 3221 1399 3272 supernaturalis

331 3291 407 3315 non
438 3278 678 3326 cognoscitur
706 3278 744 3316 in
773 3277 909 3326 seipsa,
939 3277 1007 3315 sed
1035 3277 1073 3314 in
1102 3275 1292 3324 aliquibus
1321 3276 1398 3313 suis

332 3331 539 3368 effectibus.
570 3333 619 3369 Et
647 3331 772 3369 adhuc
800 3331 868 3368 erit
895 3331 1015 3379 magis
1043 3330 1176 3380 procul
1200 3329 1231 3366 si
1254 3330 1330 3367 hoc
1357 3329 1399 3365 fit

332 3397 399 3432 per
429 3385 566 3432 figuras
595 3385 850 3433 corporalium
880 3396 1019 3432 rerum,
1049 3395 1166 3432 quarn
1195 3395 1266 3432 per
1293 3382 1398 3420 intel-

333 3437 487 3484 ligibiles
517 3437 686 3475 effectus.
722 3439 771 3475 Et
798 3437 880 3475 talis
909 3437 1074 3475 maxime
1104 3444 1159 3474 est
1185 3435 1283 3473 visio
1308 3447 1399 3484 vpro-

387 3573 415 3603 α)
435 3571 564 3597 videlicet.
576 3584 594 3590 -
612 3571 674 3596 Om.
693 3572 721 3597 P.

387 3606 413 3640 β)
432 3606 627 3632 similitudines.
638 3619 657 3626 —
669 3608 776 3640 figuras
795 3611 821 3632 et
838 3607 1026 3633 similitudines
1046 3607 1092 3633 Ρα.

386 3643 413 3677 γ)
434 3643 526 3668 iam.-
545 3642 606 3668 Om.
626 3642 671 3667 Pa.

1446 1940 1720 1989 perfectionem
1764 1941 1972 1979 adductus:
2012 1942 2227 1980 secundum
2269 1942 2360 1981 illud
2397 1944 2431 1981 11
2468 1945 2521 1985 ad

1452 1994 1540 2031 Cor.
1570 2006 1593 2031 v
1619 1994 1656 2031 *:
1691 1995 1868 2037 Quandiu
1902 1995 1940 2033 in
1973 2007 2134 2044 corpore
2168 2007 2314 2043 sumus,
2346 1998 2520 2048 peregit&

1447 2059 1588 2084 namur
1606 2059 1630 2085 a
1650 2048 1829 2086 Domino.
1851 2049 2000 2086 Neutro
2018 2057 2151 2086 autem
2171 2049 2290 2088 modo
2310 2050 2412 2088 beati
2429 2058 2519 2092 sunt

1447 2102 1593 2150 procul.
1625 2101 1736 2139 Unde
1765 2113 1843 2139 non
1871 2110 2031 2151 possunt
2060 2102 2133 2140 dici
2159 2103 2384 2152 prophetae.
2470 2116 2511 2148 ’.μ

1501 2156 1560 2192 An
1582 2166 1719 2193 prunum
1738 2166 1838 2192 eaeo
1858 2167 2044 2194 DICENDUM
2063 2156 2171 2204 quod
2188 2156 2288 2195 visio
2308 2156 2371 2194 illa
2389 2157 2518 2208 Moysi

1447 2208 1516 2245 fuit
1550 2208 1710 2258 raptim,
1738 2221 1809 2258 per
1843 2209 2005 2247 modum
2042 2209 2247 2259 passionis,
2277 2222 2356 2248 non
2389 2217 2517 2257 autem
2568 2235 2570 2250 ÷

1420 2262 1421 2306 ἶ
1447 2273 1691 2310 permanens,
1712 2274 1782 2311 per
1810 2262 1974 2300 modum
1994 2262 2236 2302 beatitudinis
2249 2263 2281 2301 ⁸.
2311 2263 2430 2302 Unde.
2451 2264 2518 2311 adr
2547 2265 2558 2277 ⁸

1447 2315 1523 2352 huc
1546 2311 1683 2352 videns
1703 2323 1783 2352 erat
1801 2316 1945 2363 procul.
1976 2317 2338 2366 Propter-hocsnon
2357 2317 2521 2359 totaliter

1448 2367 1531 2404 talis
1558 2367 1655 2405 visio
1685 2368 1820 2406 amittit
1849 2369 2036 2406 rationem
2064 2370 2303 2419 prophetiae.

1500 2422 1560 2458 An
1583 2433 1775 2459 secunaum
1799 2433 1984 2460 memnon
2013 2423 2121 2470 quod
2148 2423 2291 2471 angelis
2310 2424 2354 2461 fit
2373 2425 2518 2467 revela-

1448 2474 1499 2511 tio
1529 2473 1659 2512 divina
1679 2487 1757 2512 non
1785 2474 1882 2512 sicut
1899 2477 2032 2525 procul
2055 2475 2313 2524 existentibus,
2335 2477 2405 2517 sed
2424 2477 2520 2515 sicut

1449 2527 1526 2564 iarn
1545 2532 1560 2555 Ὺ
1590 2527 1751 2565 totaliter
1779 2529 1864 2566 Deo
1894 2528 2117 2566 coniunctis.
2156 2529 2268 2568 Unde
2295 2529 2379 2568 talis
2412 2542 2519 2569 reve-

1420 2619 1422 2622 ,
1449 2580 1538 2618 latio
1567 2593 1645 2618 non
1674 2581 1790 2619 habet
1818 2581 2005 2619 rationem
2033 2582 2270 2632 prophetiae.

1501 2635 1560 2671 An
1589 2646 1750 2672 Teanum
1778 2647 1966 2673 memnon
1990 2636 2095 2684 quod
2115 2635 2287 2674 Christus
2306 2635 2421 2675 simul
2441 2645 2522 2678 erat

1450 2688 1752 2736 comprehensor
1787 2696 1822 2726 et
1855 2688 1990 2726 viator.

1450 2742 1767 2790 comprehensor,
1797 2754 1876 2779 non
1909 2742 2094 2792 competit
2126 2742 2199 2780 sibi
2226 2742 2321 2780 ratio
2356 2744 2521 2794 prophe-

1449 2794 1542 2831 tiae:
1573 2795 1641 2832 sed
1670 2796 1796 2833 solum
1825 2795 2052 2845 inquantum
2083 2803 2163 2834 erat
2190 2796 2326 2835 viator.

1502 2850 1561 2885 An
1581 2860 1756 2891 QUARTUM
1775 2861 1960 2887 mcENDUM
1981 2851 2086 2898 quod
2106 2849 2221 2887 etiam
2247 2849 2404 2887 Samuel
2423 2861 2519 2886 non-

1450 2902 1543 2938 dum
1560 2910 1786 2950 pervenerat
1801 2902 1850 2940 ad
1865 2910 2005 2940 statum
2022 2902 2276 2942 beatitudinis.
2297 2902 2409 2941 Unde
2425 2909 2474 2949 et,
2490 2902 2519 2940 si

1449 2955 1646 2992 voluntate
1680 2955 1753 2993 Dei
1781 2956 1862 3005 ipsa
1891 2956 2020 2993 anima
2049 2955 2238 2995 Samuelis
2271 2955 2376 2993 Sauli
2405 2967 2520 2993 even-

1449 3015 1531 3045 tum
1552 3008 1638 3045 belli
1658 3009 1940 3058 praenuntiavit
1956 3008 1989 3056 ¹⁸⁸,
2014 3010 2100 3047 Deo
2120 3004 2191 3049 sibi
2210 3009 2285 3046 hoc
2313 3008 2517 3056 revelante,

1450 3061 1612 3111 pertinet
1632 3062 1679 3099 ad
1710 3062 1896 3100 rationem
1920 3062 2157 3112 prophetiae.
2186 3062 2279 3099 Non
2306 3069 2362 3099 est
2389 3069 2518 3100 autem

1453 3115 1589 3153 eadem
1618 3115 1712 3153 ratio
1741 3116 1789 3154 de
1818 3115 1956 3154 sanctis
1976 3115 2042 3164 qui
2070 3122 2157 3153 sunt
2185 3114 2304 3152 modo
2329 3115 2366 3152 in
2385 3115 2518 3165 patria.

1451 3189 1475 3197 -
1504 3169 1589 3206 Nec
1617 3169 1742 3206 obstat
1769 3170 1874 3219 quod
1903 3176 1981 3206 arte
2011 3168 2245 3209 daemonum
2274 3169 2350 3206 hoc
2387 3168 2521 3214 dicitur

1450 3222 1604 3260 factum.
1651 3221 1753 3269 Quia
1799 3221 1868 3260 etsi
1902 3219 2113 3261 daemones
2152 3221 2335 3260 animam·
2361 3214 2520 3268 alicuitis

1453 3275 1571 3313 sancti
1601 3287 1764 3313 evocare
1792 3286 1872 3312 non
1898 3283 2079 3324 possunt,
2109 3287 2236 3324 neque
2271 3287 2408 3324 cogere
2428 3272 2442 3297 ⁸
2470 3276 2519 3313 ad

1453 3328 1594 3378 aliquid
1622 3328 1833 3378 agendum3
1869 3334 1995 3376 potest
2021 3334 2151 3365 tamen
2179 3332 2253 3366 hoc
2279 3328 2375 3366 fieri¹
2390 3327 2520 3366 divina

1452 3381 1590 3419 virtute
1618 3389 1680 3428 ut,
1710 3381 1803 3418 dum
1842 3379 2009 3418 daemon
2045 3381 2270 3430 consulitur,
2300 3381 2381 3432 ipse
2413 3382 2520 3419 Deus

1454 3447 1523 3485 per
1558 3445 1672 3472 suum
1707 3432 1883 3471 nuntium
1918 3433 2118 3472 veritatem
2159 3434 2327 3473 enuntiat
2353 3439 2386 3472 ⁸:
2425 3434 2520 3473 sicut

1507 3568 1531 3601 ὃ)
1551 3576 1653 3603 cogere.
1665 3583 1684 3588 -
1701 3576 1819 3602 congrue
1837 3569 2022 3603 BDEFKpAC.

1507 3605 1530 3637 ι)
1549 3605 1680 3630 enuntiat.
1692 3619 1709 3624 -
1728 3605 1848 3630 enuntiet
1870 3605 1938 3630 PlsK
1957 3611 1982 3631 et
1999 3613 2025 3635 a,
2044 3606 2187 3632 annuntiet
2205 3606 2235 3632 C.

2040 2690 2270 2738 lnquantum
2309 2701 2400 2738 ergo
2441 2698 2521 2735 erat
2550 2718 2563 2723 ,ψ

2543 1021 2555 1033 ⁸
2567 1021 2638 1043 Num.
2653 1025 2678 1042 u.

2546 2003 2559 2015 ⁸
2569 2002 2638 2026 Vn.
2651 2002 2674 2026 6.
