<?xml version="1.0" encoding="UTF-8"?>
<!DOCTYPE html PUBLIC "-//W3C//DTD XHTML 1.0 Transitional//EN"
    "http://www.w3.org/TR/xhtml1/DTD/xhtml1-transitional.dtd">
<html xmlns="http://www.w3.org/1999/xhtml" xml:lang="en" lang="en">
 <head>
  <title>
</title>
<meta http-equiv="Content-Type" content="text/html;charset=utf-8" />
  <meta name='ocr-system' content='tesseract 3.04.00' />
  <meta name='ocr-capabilities' content='ocr_page ocr_carea ocr_par ocr_line ocrx_word'/>
</head>
<body>
  <div class='ocr_page' id='page_1' title='image "./operaomniaiussui10thom/operaomniaiussui10thom_0476.png"; bbox 0 0 2768 4198; ppageno 0'>
   <div class='ocr_carea' id='block_1_1' title="bbox 325 276 405 322">
    <p class='ocr_par' dir='ltr' id='par_1_1' title="bbox 325 276 405 322">
     <span class='ocr_line' id='line_1_1' title="bbox 325 276 405 322; baseline 0.013 -1"><span class='ocrx_word' id='word_1_1' title='bbox 325 276 405 322; x_wconf 87' lang='lat'>434</span> 
     </span>
    </p>
   </div>
   <div class='ocr_carea' id='block_1_2' title="bbox 324 353 1389 394">
    <p class='ocr_par' dir='ltr' id='par_1_2' title="bbox 324 353 1389 394">
     <span class='ocr_line' id='line_1_2' title="bbox 324 353 1389 394; baseline -0.001 -10"><span class='ocrx_word' id='word_1_2' title='bbox 324 354 493 394; x_wconf 85' lang='lat' dir='ltr'>poralium.</span> <span class='ocrx_word' id='word_1_3' title='bbox 519 372 540 377; x_wconf 95' lang='lat'>—</span> <span class='ocrx_word' id='word_1_4' title='bbox 563 354 720 390; x_wconf 90' lang='lat' dir='ltr'>Secundo,</span> <span class='ocrx_word' id='word_1_5' title='bbox 739 361 774 384; x_wconf 92' lang='lat' dir='ltr'>ut</span> <span class='ocrx_word' id='word_1_6' title='bbox 797 363 914 394; x_wconf 88' lang='lat' dir='ltr'>augens</span> <span class='ocrx_word' id='word_1_7' title='bbox 930 363 1073 383; x_wconf 91' lang='lat' dir='ltr'>amorem</span> <span class='ocrx_word' id='word_1_8' title='bbox 1093 353 1389 392; x_wconf 83' lang='lat' dir='ltr'>contemplationis:</span> 
     </span>
    </p>
   </div>
   <div class='ocr_carea' id='block_1_3' title="bbox 949 274 1884 321">
    <p class='ocr_par' dir='ltr' id='par_1_3' title="bbox 949 274 1884 321">
     <span class='ocr_line' id='line_1_3' title="bbox 949 274 1884 321; baseline 0.005 -11"><span class='ocrx_word' id='word_1_9' title='bbox 949 275 1216 320; x_wconf 87' lang='lat' dir='ltr'>QUAESTIO</span> <span class='ocrx_word' id='word_1_10' title='bbox 1247 274 1440 321; x_wconf 93' lang='lat' dir='ltr'>CLXXX,</span> <span class='ocrx_word' id='word_1_11' title='bbox 1470 276 1768 314; x_wconf 91' lang='lat' dir='ltr'>ARTICULUS</span> <span class='ocrx_word' id='word_1_12' title='bbox 1797 278 1884 315; x_wconf 90' lang='lat' dir='ltr'>VIII</span> 
     </span>
    </p>
   </div>
   <div class='ocr_carea' id='block_1_4' title="bbox 1444 353 2513 399">
    <p class='ocr_par' dir='ltr' id='par_1_4' title="bbox 1444 353 2513 399">
     <span class='ocr_line' id='line_1_4' title="bbox 1444 353 2513 399; baseline 0.005 -16"><span class='ocrx_word' id='word_1_13' title='bbox 1444 353 1582 384; x_wconf 90' lang='lat' dir='ltr'>tualibus</span> <span class='ocrx_word' id='word_1_14' title='bbox 1606 365 1732 386; x_wconf 86' lang='lat' dir='ltr'>necesse</span> <span class='ocrx_word' id='word_1_15' title='bbox 1756 363 1803 387; x_wconf 89' lang='lat' dir='ltr'>est</span> <span class='ocrx_word' id='word_1_16' title='bbox 1825 356 1992 388; x_wconf 74' lang='lat' dir='ltr'>innitatur:</span> <span class='ocrx_word' id='word_1_17' title='bbox 2023 357 2104 388; x_wconf 90' lang='lat' dir='ltr'>sicut</span> <span class='ocrx_word' id='word_1_18' title='bbox 2127 357 2307 388; x_wconf 81' lang='lat' dir='ltr'>claudicans</span> <span class='ocrx_word' id='word_1_19' title='bbox 2331 367 2398 388; x_wconf 91' lang='lat' dir='ltr'>uno</span> <span class='ocrx_word' id='word_1_20' title='bbox 2422 358 2513 399; x_wconf 90' lang='lat' dir='ltr'>pede,</span> 
     </span>
    </p>
   </div>
   <div class='ocr_carea' id='block_1_5' title="bbox 325 397 2515 439">
    <p class='ocr_par' dir='ltr' id='par_1_5' title="bbox 325 397 2515 439">
     <span class='ocr_line' id='line_1_5' title="bbox 325 397 2515 439; baseline 0.002 -11"><span class='ocrx_word' id='word_1_21' title='bbox 325 398 409 439; x_wconf 85' lang='lat' dir='ltr'>quia,</span> <span class='ocrx_word' id='word_1_22' title='bbox 428 399 589 429; x_wconf 88' lang='lat' dir='ltr'>debilitato</span> <span class='ocrx_word' id='word_1_23' title='bbox 607 398 831 438; x_wconf 88' lang='lat' dir='ltr'>temporalium</span> <span class='ocrx_word' id='word_1_24' title='bbox 855 407 973 433; x_wconf 88' lang='lat' dir='ltr'>amore,</span> <span class='ocrx_word' id='word_1_25' title='bbox 991 397 1091 437; x_wconf 87' lang='lat' dir='ltr'>magis</span> <span class='ocrx_word' id='word_1_26' title='bbox 1110 397 1278 427; x_wconf 83' lang='lat' dir='ltr'>inardescit</span> <span class='ocrx_word' id='word_1_27' title='bbox 1301 407 1392 427; x_wconf 84' lang='lat' dir='ltr'>amor</span> <span class='ocrx_word' id='word_1_28' title='bbox 1443 397 1589 428; x_wconf 91' lang='lat' dir='ltr'>innititur</span> <span class='ocrx_word' id='word_1_29' title='bbox 1611 399 1699 429; x_wconf 86' lang='lat' dir='ltr'>alteri</span> <span class='ocrx_word' id='word_1_30' title='bbox 1723 410 1811 431; x_wconf 88' lang='lat' dir='ltr'>sano.</span> <span class='ocrx_word' id='word_1_31' title='bbox 1836 401 1877 431; x_wconf 90' lang='lat' dir='ltr'>Et</span> <span class='ocrx_word' id='word_1_32' title='bbox 1899 401 1981 432; x_wconf 88' lang='lat' dir='ltr'>hanc</span> <span class='ocrx_word' id='word_1_33' title='bbox 2004 401 2177 433; x_wconf 86' lang='lat' dir='ltr'>secundam</span> <span class='ocrx_word' id='word_1_34' title='bbox 2200 401 2388 432; x_wconf 86' lang='lat' dir='ltr'>relationem</span> <span class='ocrx_word' id='word_1_35' title='bbox 2404 408 2515 433; x_wconf 88' lang='lat' dir='ltr'>tractat</span> 
     </span>
    </p>
   </div>
   <div class='ocr_carea' id='block_1_6' title="bbox 325 441 1389 482">
    <p class='ocr_par' dir='ltr' id='par_1_6' title="bbox 325 441 1389 482">
     <span class='ocr_line' id='line_1_6' title="bbox 325 441 1389 482; baseline -0.001 -10"><span class='ocrx_word' id='word_1_36' title='bbox 325 442 545 482; x_wconf 88' lang='lat' dir='ltr'>spiritualium.</span> <span class='ocrx_word' id='word_1_37' title='bbox 580 443 643 480; x_wconf 89' lang='lat' dir='ltr'>Qui</span> <span class='ocrx_word' id='word_1_38' title='bbox 668 442 753 472; x_wconf 91' lang='lat' dir='ltr'>enim</span> <span class='ocrx_word' id='word_1_39' title='bbox 781 441 1009 482; x_wconf 84' lang='lat' dir='ltr'>temporalibus</span> <span class='ocrx_word' id='word_1_40' title='bbox 1034 451 1100 471; x_wconf 90' lang='lat' dir='ltr'>non</span> <span class='ocrx_word' id='word_1_41' title='bbox 1130 441 1275 477; x_wconf 87' lang='lat' dir='ltr'>confidit,</span> <span class='ocrx_word' id='word_1_42' title='bbox 1299 441 1389 481; x_wconf 88' lang='lat' dir='ltr'>spiri-</span> 
     </span>
    </p>
   </div>
   <div class='ocr_carea' id='block_1_7' title="bbox 1443 441 1909 484">
    <p class='ocr_par' dir='ltr' id='par_1_7' title="bbox 1443 441 1909 484">
     <span class='ocr_line' id='line_1_7' title="bbox 1443 441 1909 484; baseline 0.011 -13"><span class='ocrx_word' id='word_1_43' title='bbox 1443 441 1503 478; x_wconf 91' lang='lat' dir='ltr'>hic,</span> <span class='ocrx_word' id='word_1_44' title='bbox 1529 452 1566 472; x_wconf 86' lang='lat' dir='ltr'>ex</span> <span class='ocrx_word' id='word_1_45' title='bbox 1589 442 1754 484; x_wconf 89' lang='lat' dir='ltr'>Gregorio,</span> <span class='ocrx_word' id='word_1_46' title='bbox 1778 447 1909 476; x_wconf 88' lang='lat' dir='ltr'>Auctor.</span> 
     </span>
    </p>
   </div>
   <div class='ocr_carea' id='block_1_8' title="bbox 900 577 1930 704">
    <p class='ocr_par' dir='ltr' id='par_1_8' title="bbox 900 577 1930 704">
     <span class='ocr_line' id='line_1_8' title="bbox 1104 577 1732 621; baseline 0.003 -3"><span class='ocrx_word' id='word_1_47' title='bbox 1104 577 1426 620; x_wconf 87' lang='lat' dir='ltr'>ARTICULUS</span> <span class='ocrx_word' id='word_1_48' title='bbox 1457 577 1732 621; x_wconf 92' lang='lat' dir='ltr'>OCTAVUS</span> 
     </span>
     <span class='ocr_line' id='line_1_9' title="bbox 900 670 1930 704; baseline 0.001 -1"><span class='ocrx_word' id='word_1_49' title='bbox 900 671 1057 703; x_wconf 88' lang='lat' dir='ltr'><strong>UTRUM</strong></span> <span class='ocrx_word' id='word_1_50' title='bbox 1081 671 1186 702; x_wconf 85' lang='lat' dir='ltr'><strong>VITA</strong></span> <span class='ocrx_word' id='word_1_51' title='bbox 1211 670 1587 702; x_wconf 79' lang='lat' dir='ltr'><strong>CONTEMPLATIVA</strong></span> <span class='ocrx_word' id='word_1_52' title='bbox 1611 671 1678 702; x_wconf 84' lang='lat' dir='ltr'>SIT</span> <span class='ocrx_word' id='word_1_53' title='bbox 1701 672 1930 704; x_wconf 85' lang='lat' dir='ltr'>DIUTURNA</span> 
     </span>
    </p>
   </div>
   <div class='ocr_carea' id='block_1_9' title="bbox 739 750 2087 785">
    <p class='ocr_par' dir='ltr' id='par_1_9' title="bbox 739 750 2087 785">
     <span class='ocr_line' id='line_1_10' title="bbox 739 750 2087 785; baseline 0.002 -8"><span class='ocrx_word' id='word_1_54' title='bbox 739 753 770 777; x_wconf 88' lang='lat'>111</span> <span class='ocrx_word' id='word_1_55' title='bbox 791 753 873 781; x_wconf 70' lang='lat' dir='ltr'>Sent..</span> <span class='ocrx_word' id='word_1_56' title='bbox 894 752 953 778; x_wconf 88' lang='lat' dir='ltr'>dist.</span> <span class='ocrx_word' id='word_1_57' title='bbox 972 759 1043 782; x_wconf 86' lang='lat' dir='ltr'>xxxv,</span> <span class='ocrx_word' id='word_1_58' title='bbox 1064 760 1108 785; x_wconf 93' lang='lat' dir='ltr'>qu.</span> <span class='ocrx_word' id='word_1_59' title='bbox 1127 759 1145 783; x_wconf 89' lang='lat'>1,</span> <span class='ocrx_word' id='word_1_60' title='bbox 1165 757 1212 776; x_wconf 87' lang='lat' dir='ltr'>art.</span> <span class='ocrx_word' id='word_1_61' title='bbox 1231 759 1257 783; x_wconf 84' lang='lat'>4,</span> <span class='ocrx_word' id='word_1_62' title='bbox 1277 752 1327 784; x_wconf 71' lang='lat' dir='ltr'>qu&#39;⁵</span> <span class='ocrx_word' id='word_1_63' title='bbox 1348 750 1378 782; x_wconf 78' lang='lat'>33</span> <span class='ocrx_word' id='word_1_64' title='bbox 1398 751 1430 775; x_wconf 93' lang='lat'>111</span> <span class='ocrx_word' id='word_1_65' title='bbox 1452 751 1529 776; x_wconf 80' lang='lat' dir='ltr'>Cont.</span> <span class='ocrx_word' id='word_1_66' title='bbox 1551 752 1638 781; x_wconf 69' lang='lat' dir='ltr'>Gent„</span> <span class='ocrx_word' id='word_1_67' title='bbox 1659 759 1715 784; x_wconf 87' lang='lat' dir='ltr'>cap.</span> <span class='ocrx_word' id='word_1_68' title='bbox 1733 759 1809 782; x_wconf 62' lang='lat' dir='ltr'>uun</span> <span class='ocrx_word' id='word_1_69' title='bbox 1827 752 1852 776; x_wconf 90' lang='lat' dir='ltr'>X</span> <span class='ocrx_word' id='word_1_70' title='bbox 1871 752 1967 783; x_wconf 63' lang='lat' dir='ltr'>ahie„</span> <span class='ocrx_word' id='word_1_71' title='bbox 1987 754 2045 780; x_wconf 83' lang='lat' dir='ltr'>lect.</span> <span class='ocrx_word' id='word_1_72' title='bbox 2063 762 2087 780; x_wconf 86' lang='lat' dir='ltr'>x.</span> 
     </span>
    </p>
   </div>
   <div class='ocr_carea' id='block_1_10' title="bbox 356 824 1386 981">
    <p class='ocr_par' dir='ltr' id='par_1_10' title="bbox 356 824 1386 981">
     <span class='ocr_line' id='line_1_11' title="bbox 356 824 1386 875; baseline -0.004 -11"><span class='ocrx_word' id='word_1_73' title='bbox 356 860 368 873; x_wconf 53' lang='lat' dir='ltr'><strong><em>s</em></strong></span> <span class='ocrx_word' id='word_1_74' title='bbox 384 854 397 861; x_wconf 61' lang='lat'><strong><em>-</em></strong></span> <span class='ocrx_word' id='word_1_75' title='bbox 436 848 481 875; x_wconf 40' lang='grc' dir='ltr'>,μ’</span> <span class='ocrx_word' id='word_1_76' title='bbox 513 838 553 863; x_wconf 79' lang='grc' dir='ltr'>ι)</span> <span class='ocrx_word' id='word_1_77' title='bbox 570 837 743 866; x_wconf 76' lang='grc' dir='ltr'>οετᾼνυΜ</span> <span class='ocrx_word' id='word_1_78' title='bbox 762 837 815 862; x_wconf 77' lang='lat' dir='ltr'>sm</span> <span class='ocrx_word' id='word_1_79' title='bbox 835 836 1078 862; x_wconf 74' lang='lat' dir='ltr'>PRocamrua.</span> <span class='ocrx_word' id='word_1_80' title='bbox 1101 824 1262 861; x_wconf 91' lang='lat' dir='ltr'>Videtur</span> <span class='ocrx_word' id='word_1_81' title='bbox 1282 824 1386 872; x_wconf 90' lang='lat' dir='ltr'>quod</span> 
     </span>
     <span class='ocr_line' id='line_1_12' title="bbox 368 871 1386 929; baseline -0.002 -13"><span class='ocrx_word' id='word_1_82' title='bbox 368 877 395 901; x_wconf 71' lang='lat'>‘⁴</span> <span class='ocrx_word' id='word_1_83' title='bbox 444 871 508 929; x_wconf 46' lang='lat'>&#39;3³⁴</span> <span class='ocrx_word' id='word_1_84' title='bbox 529 879 608 916; x_wconf 90' lang='lat' dir='ltr'>vita</span> <span class='ocrx_word' id='word_1_85' title='bbox 624 879 922 928; x_wconf 90' lang='lat' dir='ltr'>contemplativa</span> <span class='ocrx_word' id='word_1_86' title='bbox 937 891 1015 915; x_wconf 91' lang='lat' dir='ltr'>non</span> <span class='ocrx_word' id='word_1_87' title='bbox 1031 879 1077 915; x_wconf 91' lang='lat' dir='ltr'>sit</span> <span class='ocrx_word' id='word_1_88' title='bbox 1091 877 1279 915; x_wconf 89' lang='lat' dir='ltr'>diuturna.</span> <span class='ocrx_word' id='word_1_89' title='bbox 1299 878 1386 915; x_wconf 92' lang='lat' dir='ltr'>Vita</span> 
     </span>
     <span class='ocr_line' id='line_1_13' title="bbox 512 930 1386 981; baseline -0.002 -12"><span class='ocrx_word' id='word_1_90' title='bbox 512 930 634 970; x_wconf 92' lang='lat' dir='ltr'>enim</span> <span class='ocrx_word' id='word_1_91' title='bbox 664 932 960 981; x_wconf 87' lang='lat' dir='ltr'>contemplativa</span> <span class='ocrx_word' id='word_1_92' title='bbox 988 932 1236 969; x_wconf 89' lang='lat' dir='ltr'>essentialiter</span> <span class='ocrx_word' id='word_1_93' title='bbox 1265 931 1386 968; x_wconf 91' lang='lat' dir='ltr'>consi-</span> 
     </span>
    </p>
   </div>
   <div class='ocr_carea' id='block_1_11' title="bbox 336 931 498 1014">
    <p class='ocr_par' dir='ltr' id='par_1_11' title="bbox 336 931 498 1014">
     <span class='ocr_line' id='line_1_14' title="bbox 336 931 498 1013; baseline 0.006 -36"><span class='ocrx_word' id='word_1_94' title='bbox 336 931 498 1013; x_wconf 50' lang='grc' dir='ltr'>’ζέιίι</span> 
     </span>
     <span class='ocr_line' id='line_1_15' title="bbox 375 1000 415 1014; baseline 0 -3"><span class='ocrx_word' id='word_1_95' title='bbox 375 1000 415 1014; x_wconf 28' lang='grc' dir='ltr'>χ-</span> 
     </span>
    </p>
   </div>
   <div class='ocr_carea' id='block_1_12' title="bbox 332 841 519 1028">
    <p class='ocr_par' dir='ltr' id='par_1_12' title="bbox 332 841 519 1028">
     <span class='ocr_line' id='line_1_16' title="bbox 332 841 519 1028; baseline 0 0"><span class='ocrx_word' id='word_1_96' title='bbox 332 841 519 1028; x_wconf 95' lang='lat' dir='ltr'>  </span> 
     </span>
    </p>
   </div>
   <div class='ocr_carea' id='block_1_13' title="bbox 417 987 434 999">
    <p class='ocr_par' dir='ltr' id='par_1_13' title="bbox 417 987 434 999">
     <span class='ocr_line' id='line_1_17' title="bbox 417 987 434 999; baseline 0 0"><span class='ocrx_word' id='word_1_97' title='bbox 417 987 434 999; x_wconf 61' lang='grc' dir='ltr'><strong><em>Ἀ</em></strong></span> 
     </span>
    </p>
   </div>
   <div class='ocr_carea' id='block_1_14' title="bbox 73 1038 1384 1676">
    <p class='ocr_par' dir='ltr' id='par_1_14' title="bbox 317 1038 1384 1089">
     <span class='ocr_line' id='line_1_18' title="bbox 317 1038 1384 1089; baseline -0.001 -14"><span class='ocrx_word' id='word_1_98' title='bbox 317 1040 389 1076; x_wconf 85' lang='lat' dir='ltr'>Sed</span> <span class='ocrx_word' id='word_1_99' title='bbox 422 1051 558 1076; x_wconf 91' lang='lat' dir='ltr'>omnes</span> <span class='ocrx_word' id='word_1_100' title='bbox 586 1040 834 1077; x_wconf 89' lang='lat' dir='ltr'>intellectivae</span> <span class='ocrx_word' id='word_1_101' title='bbox 864 1040 1117 1089; x_wconf 89' lang='lat' dir='ltr'>perfectiones</span> <span class='ocrx_word' id='word_1_102' title='bbox 1145 1039 1256 1076; x_wconf 91' lang='lat' dir='ltr'>huius</span> <span class='ocrx_word' id='word_1_103' title='bbox 1284 1038 1384 1075; x_wconf 88' lang='lat' dir='ltr'>vitae</span> 
     </span>
    </p>

    <p class='ocr_par' dir='ltr' id='par_1_15' title="bbox 76 1091 1382 1142">
     <span class='ocr_line' id='line_1_19' title="bbox 76 1091 1382 1142; baseline -0.002 -12"><span class='ocrx_word' id='word_1_104' title='bbox 76 1131 86 1142; x_wconf 39' lang='lat'>⁶</span> <span class='ocrx_word' id='word_1_105' title='bbox 173 1105 190 1122; x_wconf 71' lang='grc' dir='ltr'><strong><em>α</em></strong></span> <span class='ocrx_word' id='word_1_106' title='bbox 317 1101 550 1130; x_wconf 84' lang='lat' dir='ltr'>evacuantur</span> <span class='ocrx_word' id='word_1_107' title='bbox 576 1098 611 1129; x_wconf 69' lang='lat'>²:</span> <span class='ocrx_word' id='word_1_108' title='bbox 646 1094 858 1131; x_wconf 91' lang='lat' dir='ltr'>secundum</span> <span class='ocrx_word' id='word_1_109' title='bbox 898 1093 989 1130; x_wconf 92' lang='lat' dir='ltr'>illud</span> <span class='ocrx_word' id='word_1_110' title='bbox 1019 1094 1032 1130; x_wconf 93' lang='lat'><em>1</em></span> <span class='ocrx_word' id='word_1_111' title='bbox 1062 1094 1114 1130; x_wconf 86' lang='lat' dir='ltr'>ad</span> <span class='ocrx_word' id='word_1_112' title='bbox 1144 1093 1231 1129; x_wconf 90' lang='lat' dir='ltr'>Cor.</span> <span class='ocrx_word' id='word_1_113' title='bbox 1256 1104 1316 1128; x_wconf 84' lang='lat' dir='ltr'>xm</span> <span class='ocrx_word' id='word_1_114' title='bbox 1342 1091 1382 1128; x_wconf 78' lang='lat' dir='ltr'>*t</span> 
     </span>
    </p>

    <p class='ocr_par' dir='ltr' id='par_1_16' title="bbox 100 1130 1383 1195">
     <span class='ocr_line' id='line_1_20' title="bbox 100 1130 1383 1195; baseline -0.001 -12"><span class='ocrx_word' id='word_1_115' title='bbox 100 1130 202 1152; x_wconf 61' lang='lat' dir='ltr'><strong>vm&#39;g&#39;</strong></span> <span class='ocrx_word' id='word_1_116' title='bbox 314 1147 401 1183; x_wconf 81' lang='lat' dir='ltr'>Sive</span> <span class='ocrx_word' id='word_1_117' title='bbox 423 1146 644 1195; x_wconf 85' lang='lat' dir='ltr'>prophetiae</span> <span class='ocrx_word' id='word_1_118' title='bbox 678 1148 982 1192; x_wconf 81' lang='lat' dir='ltr'>evacuabuntur,</span> <span class='ocrx_word' id='word_1_119' title='bbox 1011 1147 1089 1184; x_wconf 75' lang='lat' dir='ltr'>sive</span> <span class='ocrx_word' id='word_1_120' title='bbox 1125 1146 1280 1195; x_wconf 81' lang='lat' dir='ltr'>linguae</span> <span class='ocrx_word' id='word_1_121' title='bbox 1308 1157 1383 1182; x_wconf 89' lang='lat' dir='ltr'>ces-</span> 
     </span>
    </p>

    <p class='ocr_par' dir='ltr' id='par_1_17' title="bbox 313 1199 1381 1302">
     <span class='ocr_line' id='line_1_21' title="bbox 313 1199 1381 1248; baseline -0.002 -11"><span class='ocrx_word' id='word_1_122' title='bbox 313 1201 468 1246; x_wconf 88' lang='lat' dir='ltr'>sabunt,</span> <span class='ocrx_word' id='word_1_123' title='bbox 496 1200 575 1237; x_wconf 77' lang='lat' dir='ltr'>sive</span> <span class='ocrx_word' id='word_1_124' title='bbox 601 1201 755 1237; x_wconf 88' lang='lat' dir='ltr'>scientia</span> <span class='ocrx_word' id='word_1_125' title='bbox 783 1201 1004 1238; x_wconf 84' lang='lat' dir='ltr'>destruetur.</span> <span class='ocrx_word' id='word_1_126' title='bbox 1045 1201 1148 1248; x_wconf 88' lang='lat' dir='ltr'>Ergo</span> <span class='ocrx_word' id='word_1_127' title='bbox 1178 1199 1256 1236; x_wconf 91' lang='lat' dir='ltr'>vita</span> <span class='ocrx_word' id='word_1_128' title='bbox 1294 1211 1381 1236; x_wconf 93' lang='lat' dir='ltr'>con-</span> 
     </span>
     <span class='ocr_line' id='line_1_22' title="bbox 313 1253 783 1302; baseline 0.002 -12"><span class='ocrx_word' id='word_1_129' title='bbox 313 1253 535 1302; x_wconf 86' lang='lat' dir='ltr'>templativa</span> <span class='ocrx_word' id='word_1_130' title='bbox 565 1262 783 1291; x_wconf 89' lang='lat' dir='ltr'>evacuatur.</span> 
     </span>
    </p>

    <p class='ocr_par' dir='ltr' id='par_1_18' title="bbox 368 1305 1383 1354">
     <span class='ocr_line' id='line_1_23' title="bbox 368 1305 1383 1354; baseline -0.002 -11"><span class='ocrx_word' id='word_1_131' title='bbox 368 1319 402 1344; x_wconf 87' lang='lat'>2.</span> <span class='ocrx_word' id='word_1_132' title='bbox 433 1308 668 1354; x_wconf 62' lang='lat' dir='ltr'>Pmammm,</span> <span class='ocrx_word' id='word_1_133' title='bbox 691 1307 933 1345; x_wconf 90' lang='lat' dir='ltr'>dulcedinem</span> <span class='ocrx_word' id='word_1_134' title='bbox 960 1305 1290 1354; x_wconf 88' lang='lat' dir='ltr'>contemplationis</span> <span class='ocrx_word' id='word_1_135' title='bbox 1319 1305 1383 1342; x_wconf 92' lang='lat' dir='ltr'>ali-</span> 
     </span>
    </p>

    <p class='ocr_par' dir='ltr' id='par_1_19' title="bbox 173 1357 1381 1410">
     <span class='ocr_line' id='line_1_24' title="bbox 173 1357 1381 1410; baseline 0 -15"><span class='ocrx_word' id='word_1_136' title='bbox 173 1361 187 1395; x_wconf 79' lang='grc' dir='ltr'><strong>β</strong></span> <span class='ocrx_word' id='word_1_137' title='bbox 313 1360 397 1410; x_wconf 87' lang='lat' dir='ltr'>quis</span> <span class='ocrx_word' id='word_1_138' title='bbox 428 1362 548 1398; x_wconf 90' lang='lat' dir='ltr'>homo</span> <span class='ocrx_word' id='word_1_139' title='bbox 586 1361 723 1409; x_wconf 92' lang='lat' dir='ltr'>raptim</span> <span class='ocrx_word' id='word_1_140' title='bbox 753 1369 788 1398; x_wconf 92' lang='lat' dir='ltr'>et</span> <span class='ocrx_word' id='word_1_141' title='bbox 823 1357 1164 1409; x_wconf 66' lang='lat' dir='ltr'>pertranseunterl³</span> <span class='ocrx_word' id='word_1_142' title='bbox 1198 1360 1381 1407; x_wconf 87' lang='lat' dir='ltr'>degustat.</span> 
     </span>
    </p>

    <p class='ocr_par' dir='ltr' id='par_1_20' title="bbox 73 1412 1382 1461">
     <span class='ocr_line' id='line_1_25' title="bbox 73 1412 1382 1461; baseline -0.002 -10"><span class='ocrx_word' id='word_1_143' title='bbox 73 1417 204 1445; x_wconf 53' lang='lat' dir='ltr'>“2⁸11st-</span> <span class='ocrx_word' id='word_1_144' title='bbox 312 1414 424 1451; x_wconf 91' lang='lat' dir='ltr'>Unde</span> <span class='ocrx_word' id='word_1_145' title='bbox 453 1414 686 1461; x_wconf 89' lang='lat' dir='ltr'>Augustinus</span> <span class='ocrx_word' id='word_1_146' title='bbox 723 1414 828 1461; x_wconf 90' lang='lat' dir='ltr'>dicit,</span> <span class='ocrx_word' id='word_1_147' title='bbox 857 1414 895 1450; x_wconf 91' lang='lat' dir='ltr'>in</span> <span class='ocrx_word' id='word_1_148' title='bbox 923 1414 959 1450; x_wconf 92' lang='lat' dir='ltr'>X</span> <span class='ocrx_word' id='word_1_149' title='bbox 991 1414 1159 1461; x_wconf 69' lang='lat' dir='ltr'>Confess</span> <span class='ocrx_word' id='word_1_150' title='bbox 1184 1412 1224 1449; x_wconf 74' lang='grc' dir='ltr'>*ε</span> <span class='ocrx_word' id='word_1_151' title='bbox 1258 1413 1382 1449; x_wconf 91' lang='lat' dir='ltr'>Intro-</span> 
     </span>
    </p>

    <p class='ocr_par' dir='ltr' id='par_1_21' title="bbox 313 1466 1383 1518">
     <span class='ocr_line' id='line_1_26' title="bbox 313 1466 1383 1518; baseline -0.001 -15"><span class='ocrx_word' id='word_1_152' title='bbox 313 1468 424 1504; x_wconf 89' lang='lat' dir='ltr'>mittis</span> <span class='ocrx_word' id='word_1_153' title='bbox 451 1479 512 1504; x_wconf 90' lang='lat' dir='ltr'>me</span> <span class='ocrx_word' id='word_1_154' title='bbox 539 1468 576 1504; x_wconf 92' lang='lat' dir='ltr'>in</span> <span class='ocrx_word' id='word_1_155' title='bbox 605 1467 784 1518; x_wconf 90' lang='lat' dir='ltr'>affectum</span> <span class='ocrx_word' id='word_1_156' title='bbox 814 1467 972 1504; x_wconf 92' lang='lat' dir='ltr'>multum</span> <span class='ocrx_word' id='word_1_157' title='bbox 1003 1467 1219 1504; x_wconf 90' lang='lat' dir='ltr'>inusitatum</span> <span class='ocrx_word' id='word_1_158' title='bbox 1245 1466 1383 1502; x_wconf 88' lang='lat' dir='ltr'>intror-</span> 
     </span>
    </p>

    <p class='ocr_par' dir='ltr' id='par_1_22' title="bbox 170 1519 1380 1570">
     <span class='ocr_line' id='line_1_27' title="bbox 170 1519 1380 1570; baseline 0 -15"><span class='ocrx_word' id='word_1_159' title='bbox 170 1530 186 1555; x_wconf 80' lang='grc' dir='ltr'><strong>γ</strong></span> <span class='ocrx_word' id='word_1_160' title='bbox 311 1533 374 1557; x_wconf 90' lang='lat' dir='ltr'>sus</span> <span class='ocrx_word' id='word_1_161' title='bbox 394 1526 408 1549; x_wconf 71' lang='grc' dir='ltr'><strong>Υ</strong></span> <span class='ocrx_word' id='word_1_162' title='bbox 436 1522 488 1558; x_wconf 86' lang='lat' dir='ltr'>ad</span> <span class='ocrx_word' id='word_1_163' title='bbox 514 1522 637 1558; x_wconf 90' lang='lat' dir='ltr'>nescio</span> <span class='ocrx_word' id='word_1_164' title='bbox 674 1533 789 1570; x_wconf 84' lang='lat' dir='ltr'>quam</span> <span class='ocrx_word' id='word_1_165' title='bbox 818 1521 1072 1567; x_wconf 86' lang='lat' dir='ltr'>dulcedinem,</span> <span class='ocrx_word' id='word_1_166' title='bbox 1101 1520 1167 1557; x_wconf 88' lang='lat' dir='ltr'>sed</span> <span class='ocrx_word' id='word_1_167' title='bbox 1203 1520 1313 1556; x_wconf 90' lang='lat' dir='ltr'>redeo</span> <span class='ocrx_word' id='word_1_168' title='bbox 1343 1519 1380 1556; x_wconf 93' lang='lat' dir='ltr'>in</span> 
     </span>
    </p>

    <p class='ocr_par' dir='ltr' id='par_1_23' title="bbox 311 1572 1382 1624">
     <span class='ocr_line' id='line_1_28' title="bbox 311 1572 1382 1624; baseline -0.002 -13"><span class='ocrx_word' id='word_1_169' title='bbox 311 1575 404 1611; x_wconf 88' lang='lat' dir='ltr'>haec</span> <span class='ocrx_word' id='word_1_170' title='bbox 431 1575 666 1611; x_wconf 83' lang='lat' dir='ltr'>aerumnosis</span> <span class='ocrx_word' id='word_1_171' title='bbox 687 1575 930 1624; x_wconf 82' lang='lat' dir='ltr'>ponderibus.</span> <span class='ocrx_word' id='word_1_172' title='bbox 962 1574 1170 1622; x_wconf 87' lang='lat' dir='ltr'>Gregorius</span> <span class='ocrx_word' id='word_1_173' title='bbox 1195 1572 1306 1609; x_wconf 91' lang='lat' dir='ltr'>etiam</span> <span class='ocrx_word' id='word_1_174' title='bbox 1328 1572 1382 1610; x_wconf 91' lang='lat' dir='ltr'>di-</span> 
     </span>
    </p>

    <p class='ocr_par' dir='ltr' id='par_1_24' title="bbox 73 1625 1380 1676">
     <span class='ocr_line' id='line_1_29' title="bbox 73 1625 1380 1676; baseline -0.001 -13"><span class='ocrx_word' id='word_1_175' title='bbox 73 1632 149 1660; x_wconf 57' lang='lat' dir='ltr'>&#39;Caa</span> <span class='ocrx_word' id='word_1_176' title='bbox 164 1638 244 1659; x_wconf 58' lang='lat' dir='ltr'>mun</span> <span class='ocrx_word' id='word_1_177' title='bbox 259 1632 282 1653; x_wconf 78' lang='lat' dir='ltr'>in</span> <span class='ocrx_word' id='word_1_178' title='bbox 312 1627 370 1674; x_wconf 87' lang='lat' dir='ltr'>cit,</span> <span class='ocrx_word' id='word_1_179' title='bbox 393 1627 430 1664; x_wconf 90' lang='lat' dir='ltr'>in</span> <span class='ocrx_word' id='word_1_180' title='bbox 455 1628 490 1664; x_wconf 93' lang='lat' dir='ltr'>V</span> <span class='ocrx_word' id='word_1_181' title='bbox 508 1629 652 1665; x_wconf 89' lang='lat' dir='ltr'>Moral.</span> <span class='ocrx_word' id='word_1_182' title='bbox 674 1627 705 1675; x_wconf 70' lang='lat'>²¹⁸,</span> <span class='ocrx_word' id='word_1_183' title='bbox 728 1640 923 1676; x_wconf 84' lang='lat' dir='ltr'>exponens</span> <span class='ocrx_word' id='word_1_184' title='bbox 944 1627 1035 1664; x_wconf 94' lang='lat' dir='ltr'>illud</span> <span class='ocrx_word' id='word_1_185' title='bbox 1054 1627 1124 1663; x_wconf 89' lang='lat' dir='ltr'>Iob</span> <span class='ocrx_word' id='word_1_186' title='bbox 1145 1638 1180 1662; x_wconf 82' lang='lat' dir='ltr'>lv</span> <span class='ocrx_word' id='word_1_187' title='bbox 1198 1625 1249 1669; x_wconf 62' lang='lat'>*³¹2</span> <span class='ocrx_word' id='word_1_188' title='bbox 1285 1626 1380 1662; x_wconf 91' lang='lat' dir='ltr'>Cum</span> 
     </span>
    </p>
   </div>
   <div class='ocr_carea' id='block_1_15' title="bbox 71 1663 215 1713">
    <p class='ocr_par' dir='ltr' id='par_1_25' title="bbox 71 1663 215 1713">
     <span class='ocr_line' id='line_1_30' title="bbox 71 1663 197 1680; baseline 0 0"><span class='ocrx_word' id='word_1_189' title='bbox 71 1663 114 1680; x_wconf 88' lang='lat' dir='ltr'>vet.</span> <span class='ocrx_word' id='word_1_190' title='bbox 130 1665 197 1680; x_wconf 79' lang='lat' dir='ltr'>xxiii.</span> 
     </span>
     <span class='ocr_line' id='line_1_31' title="bbox 71 1685 215 1713; baseline 0.007 -7"><span class='ocrx_word' id='word_1_191' title='bbox 71 1687 92 1696; x_wconf 73' lang='lat'>⁸⁴</span> <span class='ocrx_word' id='word_1_192' title='bbox 106 1685 171 1707; x_wconf 84' lang='lat' dir='ltr'>Vers.</span> <span class='ocrx_word' id='word_1_193' title='bbox 188 1691 215 1713; x_wconf 81' lang='lat'>¹5·</span> 
     </span>
    </p>
   </div>
   <div class='ocr_carea' id='block_1_16' title="bbox 66 1732 1379 2583">
    <p class='ocr_par' dir='ltr' id='par_1_26' title="bbox 308 1732 1379 1931">
     <span class='ocr_line' id='line_1_32' title="bbox 311 1732 1378 1782; baseline -0.003 -12"><span class='ocrx_word' id='word_1_194' title='bbox 311 1734 405 1782; x_wconf 89' lang='lat' dir='ltr'>quit,</span> <span class='ocrx_word' id='word_1_195' title='bbox 435 1734 757 1782; x_wconf 84' lang='lat' dir='ltr'>contemplationis</span> <span class='ocrx_word' id='word_1_196' title='bbox 785 1734 939 1771; x_wconf 89' lang='lat' dir='ltr'>intimae</span> <span class='ocrx_word' id='word_1_197' title='bbox 966 1745 1041 1769; x_wconf 92' lang='lat' dir='ltr'>non</span> <span class='ocrx_word' id='word_1_198' title='bbox 1070 1733 1133 1769; x_wconf 82' lang='lat' dir='ltr'>diu</span> <span class='ocrx_word' id='word_1_199' title='bbox 1162 1744 1267 1769; x_wconf 89' lang='lat' dir='ltr'>mens</span> <span class='ocrx_word' id='word_1_200' title='bbox 1283 1732 1378 1781; x_wconf 81' lang='lat' dir='ltr'>figi-</span> 
     </span>
     <span class='ocr_line' id='line_1_33' title="bbox 309 1785 1379 1836; baseline -0.003 -13"><span class='ocrx_word' id='word_1_201' title='bbox 309 1793 388 1823; x_wconf 89' lang='lat' dir='ltr'>tur:</span> <span class='ocrx_word' id='word_1_202' title='bbox 417 1787 505 1835; x_wconf 88' lang='lat' dir='ltr'>quia</span> <span class='ocrx_word' id='word_1_203' title='bbox 524 1788 576 1824; x_wconf 86' lang='lat' dir='ltr'>ad</span> <span class='ocrx_word' id='word_1_204' title='bbox 591 1788 840 1836; x_wconf 84' lang='lat' dir='ltr'>semetipsam,</span> <span class='ocrx_word' id='word_1_205' title='bbox 862 1788 942 1835; x_wconf 89' lang='lat' dir='ltr'>ipsa</span> <span class='ocrx_word' id='word_1_206' title='bbox 962 1786 1209 1823; x_wconf 87' lang='lat' dir='ltr'>immensitate</span> <span class='ocrx_word' id='word_1_207' title='bbox 1227 1785 1379 1821; x_wconf 84' lang='lat' dir='ltr'>luminis</span> 
     </span>
     <span class='ocr_line' id='line_1_34' title="bbox 308 1838 1378 1888; baseline -0.002 -12"><span class='ocrx_word' id='word_1_208' title='bbox 308 1841 561 1886; x_wconf 77' lang='lat' dir='ltr'>reverberata,</span> <span class='ocrx_word' id='word_1_209' title='bbox 592 1847 804 1878; x_wconf 77' lang='lat' dir='ltr'>revocatur.</span> <span class='ocrx_word' id='word_1_210' title='bbox 842 1841 944 1888; x_wconf 88' lang='lat' dir='ltr'>Ergo</span> <span class='ocrx_word' id='word_1_211' title='bbox 973 1840 1051 1876; x_wconf 90' lang='lat' dir='ltr'>vita</span> <span class='ocrx_word' id='word_1_212' title='bbox 1081 1838 1378 1887; x_wconf 89' lang='lat' dir='ltr'>contemplativa</span> 
     </span>
     <span class='ocr_line' id='line_1_35' title="bbox 308 1894 678 1931; baseline 0.003 -1"><span class='ocrx_word' id='word_1_213' title='bbox 308 1906 387 1930; x_wconf 93' lang='lat' dir='ltr'>non</span> <span class='ocrx_word' id='word_1_214' title='bbox 416 1901 471 1930; x_wconf 90' lang='lat' dir='ltr'>est</span> <span class='ocrx_word' id='word_1_215' title='bbox 491 1894 678 1931; x_wconf 90' lang='lat' dir='ltr'>diuturna.</span> 
     </span>
    </p>

    <p class='ocr_par' dir='ltr' id='par_1_27' title="bbox 307 1944 1377 2103">
     <span class='ocr_line' id='line_1_36' title="bbox 363 1944 1377 1996; baseline -0.003 -12"><span class='ocrx_word' id='word_1_216' title='bbox 363 1949 396 1984; x_wconf 85' lang='lat'>3.</span> <span class='ocrx_word' id='word_1_217' title='bbox 419 1949 654 1994; x_wconf 77' lang='lat' dir='ltr'>PRAETEREA,</span> <span class='ocrx_word' id='word_1_218' title='bbox 685 1947 775 1984; x_wconf 91' lang='lat' dir='ltr'>illud</span> <span class='ocrx_word' id='word_1_219' title='bbox 804 1946 909 1996; x_wconf 92' lang='lat' dir='ltr'>quod</span> <span class='ocrx_word' id='word_1_220' title='bbox 938 1958 1016 1983; x_wconf 92' lang='lat' dir='ltr'>non</span> <span class='ocrx_word' id='word_1_221' title='bbox 1038 1953 1094 1982; x_wconf 93' lang='lat' dir='ltr'>est</span> <span class='ocrx_word' id='word_1_222' title='bbox 1119 1944 1267 1982; x_wconf 91' lang='lat' dir='ltr'>homini</span> <span class='ocrx_word' id='word_1_223' title='bbox 1287 1957 1377 1982; x_wconf 91' lang='lat' dir='ltr'>con-</span> 
     </span>
     <span class='ocr_line' id='line_1_37' title="bbox 307 1999 1375 2050; baseline -0.003 -13"><span class='ocrx_word' id='word_1_224' title='bbox 307 2002 487 2047; x_wconf 79' lang='lat' dir='ltr'>naturale,</span> <span class='ocrx_word' id='word_1_225' title='bbox 509 2013 588 2037; x_wconf 93' lang='lat' dir='ltr'>non</span> <span class='ocrx_word' id='word_1_226' title='bbox 616 2008 741 2050; x_wconf 91' lang='lat' dir='ltr'>potest</span> <span class='ocrx_word' id='word_1_227' title='bbox 761 2012 844 2037; x_wconf 88' lang='lat' dir='ltr'>esse</span> <span class='ocrx_word' id='word_1_228' title='bbox 874 1999 1106 2037; x_wconf 90' lang='lat' dir='ltr'>diuturnum.</span> <span class='ocrx_word' id='word_1_229' title='bbox 1135 1999 1222 2035; x_wconf 90' lang='lat' dir='ltr'>Vita</span> <span class='ocrx_word' id='word_1_230' title='bbox 1246 2006 1375 2035; x_wconf 91' lang='lat' dir='ltr'>autem</span> 
     </span>
     <span class='ocr_line' id='line_1_38' title="bbox 307 2053 1375 2103; baseline -0.002 -13"><span class='ocrx_word' id='word_1_231' title='bbox 307 2054 604 2103; x_wconf 88' lang='lat' dir='ltr'>contemplativa</span> <span class='ocrx_word' id='word_1_232' title='bbox 633 2063 689 2090; x_wconf 89' lang='lat' dir='ltr'>est</span> <span class='ocrx_word' id='word_1_233' title='bbox 717 2054 851 2091; x_wconf 90' lang='lat' dir='ltr'>melior</span> <span class='ocrx_word' id='word_1_234' title='bbox 878 2065 993 2102; x_wconf 86' lang='lat' dir='ltr'>quam</span> <span class='ocrx_word' id='word_1_235' title='bbox 1021 2053 1228 2089; x_wconf 86' lang='lat' dir='ltr'>secundum</span> <span class='ocrx_word' id='word_1_236' title='bbox 1256 2053 1375 2089; x_wconf 90' lang='lat' dir='ltr'>homi—</span> 
     </span>
    </p>

    <p class='ocr_par' dir='ltr' id='par_1_28' title="bbox 66 2104 1375 2477">
     <span class='ocr_line' id='line_1_39' title="bbox 66 2104 1374 2159; baseline -0.002 -14"><span class='ocrx_word' id='word_1_237' title='bbox 66 2111 277 2159; x_wconf 32' lang='lat' dir='ltr'>’S-Cffitgggssg·</span> <span class='ocrx_word' id='word_1_238' title='bbox 306 2119 413 2144; x_wconf 86' lang='lat' dir='ltr'>nem:</span> <span class='ocrx_word' id='word_1_239' title='bbox 441 2116 482 2145; x_wconf 90' lang='lat' dir='ltr'>ut</span> <span class='ocrx_word' id='word_1_240' title='bbox 511 2107 770 2156; x_wconf 89' lang='lat' dir='ltr'>Philosophus</span> <span class='ocrx_word' id='word_1_241' title='bbox 804 2106 913 2154; x_wconf 88' lang='lat' dir='ltr'>dicit,</span> <span class='ocrx_word' id='word_1_242' title='bbox 944 2106 983 2143; x_wconf 92' lang='lat' dir='ltr'>in</span> <span class='ocrx_word' id='word_1_243' title='bbox 1020 2107 1054 2143; x_wconf 93' lang='lat' dir='ltr'>X</span> <span class='ocrx_word' id='word_1_244' title='bbox 1084 2106 1203 2143; x_wconf 86' lang='lat' dir='ltr'>Ethic.</span> <span class='ocrx_word' id='word_1_245' title='bbox 1224 2104 1244 2126; x_wconf 70' lang='lat'>²⁸</span> <span class='ocrx_word' id='word_1_246' title='bbox 1272 2106 1374 2154; x_wconf 90' lang='lat' dir='ltr'>Ergo</span> 
     </span>
     <span class='ocr_line' id='line_1_40' title="bbox 305 2158 1374 2210; baseline -0.003 -12"><span class='ocrx_word' id='word_1_247' title='bbox 305 2161 456 2198; x_wconf 90' lang='lat' dir='ltr'>videtur</span> <span class='ocrx_word' id='word_1_248' title='bbox 483 2161 589 2210; x_wconf 89' lang='lat' dir='ltr'>quod</span> <span class='ocrx_word' id='word_1_249' title='bbox 608 2162 687 2198; x_wconf 89' lang='lat' dir='ltr'>vita</span> <span class='ocrx_word' id='word_1_250' title='bbox 708 2160 1005 2209; x_wconf 88' lang='lat' dir='ltr'>contemplativa</span> <span class='ocrx_word' id='word_1_251' title='bbox 1024 2172 1101 2196; x_wconf 90' lang='lat' dir='ltr'>non</span> <span class='ocrx_word' id='word_1_252' title='bbox 1123 2159 1168 2196; x_wconf 90' lang='lat' dir='ltr'>sit</span> <span class='ocrx_word' id='word_1_253' title='bbox 1187 2158 1374 2196; x_wconf 89' lang='lat' dir='ltr'>diuturna.</span> 
     </span>
     <span class='ocr_line' id='line_1_41' title="bbox 360 2212 1373 2263; baseline -0.001 -12"><span class='ocrx_word' id='word_1_254' title='bbox 360 2215 435 2251; x_wconf 76' lang='lat' dir='ltr'>SED</span> <span class='ocrx_word' id='word_1_255' title='bbox 464 2226 611 2252; x_wconf 80' lang='lat' dir='ltr'>CONTRA</span> <span class='ocrx_word' id='word_1_256' title='bbox 630 2226 696 2252; x_wconf 82' lang='lat' dir='ltr'>EST</span> <span class='ocrx_word' id='word_1_257' title='bbox 721 2214 826 2263; x_wconf 92' lang='lat' dir='ltr'>quod</span> <span class='ocrx_word' id='word_1_258' title='bbox 850 2213 1042 2251; x_wconf 91' lang='lat' dir='ltr'>Dominus</span> <span class='ocrx_word' id='word_1_259' title='bbox 1063 2213 1162 2259; x_wconf 88' lang='lat' dir='ltr'>dicit,</span> <span class='ocrx_word' id='word_1_260' title='bbox 1183 2213 1277 2249; x_wconf 91' lang='lat' dir='ltr'>Luc.</span> <span class='ocrx_word' id='word_1_261' title='bbox 1298 2224 1322 2249; x_wconf 85' lang='lat' dir='ltr'>x</span> <span class='ocrx_word' id='word_1_262' title='bbox 1335 2212 1373 2250; x_wconf 77' lang='grc' dir='ltr'>*ε</span> 
     </span>
     <span class='ocr_line' id='line_1_42' title="bbox 306 2267 1375 2317; baseline -0.002 -13"><span class='ocrx_word' id='word_1_263' title='bbox 306 2268 439 2305; x_wconf 75' lang='grc' dir='ltr'><em>Μανία</em></span> <span class='ocrx_word' id='word_1_264' title='bbox 468 2269 648 2316; x_wconf 89' lang='lat' dir='ltr'>optimam</span> <span class='ocrx_word' id='word_1_265' title='bbox 671 2274 823 2316; x_wconf 88' lang='lat' dir='ltr'>partem</span> <span class='ocrx_word' id='word_1_266' title='bbox 852 2267 976 2317; x_wconf 81' lang='lat' dir='ltr'>elegit,</span> <span class='ocrx_word' id='word_1_267' title='bbox 1005 2278 1103 2315; x_wconf 84' lang='lat' dir='ltr'>quae</span> <span class='ocrx_word' id='word_1_268' title='bbox 1130 2278 1205 2303; x_wconf 90' lang='lat' dir='ltr'>non</span> <span class='ocrx_word' id='word_1_269' title='bbox 1226 2267 1375 2314; x_wconf 89' lang='lat' dir='ltr'>aufere-</span> 
     </span>
     <span class='ocr_line' id='line_1_43' title="bbox 66 2318 1373 2375; baseline -0.002 -17"><span class='ocrx_word' id='word_1_270' title='bbox 66 2326 277 2375; x_wconf 48' lang='lat' dir='ltr'>sifflssssfigggqff·</span> <span class='ocrx_word' id='word_1_271' title='bbox 306 2327 368 2358; x_wconf 90' lang='lat' dir='ltr'>tur</span> <span class='ocrx_word' id='word_1_272' title='bbox 385 2322 434 2358; x_wconf 87' lang='lat' dir='ltr'>ab</span> <span class='ocrx_word' id='word_1_273' title='bbox 454 2333 510 2358; x_wconf 91' lang='lat' dir='ltr'>ea.</span> <span class='ocrx_word' id='word_1_274' title='bbox 533 2321 645 2368; x_wconf 86' lang='lat' dir='ltr'>Quia,</span> <span class='ocrx_word' id='word_1_275' title='bbox 661 2328 702 2357; x_wconf 92' lang='lat' dir='ltr'>ut</span> <span class='ocrx_word' id='word_1_276' title='bbox 717 2320 924 2368; x_wconf 86' lang='lat' dir='ltr'>Gregorius</span> <span class='ocrx_word' id='word_1_277' title='bbox 945 2320 1044 2366; x_wconf 88' lang='lat' dir='ltr'>dicit,</span> <span class='ocrx_word' id='word_1_278' title='bbox 1060 2330 1174 2367; x_wconf 89' lang='lat' dir='ltr'>super</span> <span class='ocrx_word' id='word_1_279' title='bbox 1191 2320 1325 2367; x_wconf 70' lang='lat' dir='ltr'>Ezech.</span> <span class='ocrx_word' id='word_1_280' title='bbox 1342 2318 1373 2366; x_wconf 83' lang='grc'>*,</span> 
     </span>
     <span class='ocr_line' id='line_1_44' title="bbox 101 2369 1374 2423; baseline -0.001 -12"><span class='ocrx_word' id='word_1_281' title='bbox 101 2370 105 2374; x_wconf 78' lang='grc'><strong>’</strong></span> <span class='ocrx_word' id='word_1_282' title='bbox 140 2369 145 2379; x_wconf 82' lang='grc'>’</span> <span class='ocrx_word' id='word_1_283' title='bbox 236 2370 241 2375; x_wconf 81' lang='lat'>&#39;</span> <span class='ocrx_word' id='word_1_284' title='bbox 273 2371 278 2376; x_wconf 78' lang='grc'><strong>’</strong></span> <span class='ocrx_word' id='word_1_285' title='bbox 307 2374 594 2423; x_wconf 83' lang='lat' dir='ltr'>contemplativa</span> <span class='ocrx_word' id='word_1_286' title='bbox 621 2375 682 2411; x_wconf 89' lang='lat' dir='ltr'>hic</span> <span class='ocrx_word' id='word_1_287' title='bbox 709 2374 904 2422; x_wconf 87' lang='lat' dir='ltr'>incipitur,</span> <span class='ocrx_word' id='word_1_288' title='bbox 935 2379 975 2410; x_wconf 91' lang='lat' dir='ltr'>ut</span> <span class='ocrx_word' id='word_1_289' title='bbox 1002 2373 1039 2410; x_wconf 90' lang='lat' dir='ltr'>in</span> <span class='ocrx_word' id='word_1_290' title='bbox 1066 2372 1216 2410; x_wconf 89' lang='lat' dir='ltr'>caelesti</span> <span class='ocrx_word' id='word_1_291' title='bbox 1246 2372 1374 2420; x_wconf 86' lang='lat' dir='ltr'>patria</span> 
     </span>
     <span class='ocr_line' id='line_1_45' title="bbox 300 2428 535 2477; baseline -0.009 -11"><span class='ocrx_word' id='word_1_292' title='bbox 300 2428 535 2477; x_wconf 86' lang='lat' dir='ltr'>perficiatur.</span> 
     </span>
    </p>

    <p class='ocr_par' dir='ltr' id='par_1_29' title="bbox 361 2477 1375 2528">
     <span class='ocr_line' id='line_1_46' title="bbox 361 2477 1375 2528; baseline -0.004 -10"><span class='ocrx_word' id='word_1_293' title='bbox 361 2483 587 2518; x_wconf 61' lang='lat' dir='ltr'>Rasaonmzo</span> <span class='ocrx_word' id='word_1_294' title='bbox 617 2492 802 2518; x_wconf 63' lang='lat' dir='ltr'>mesanum</span> <span class='ocrx_word' id='word_1_295' title='bbox 832 2480 937 2528; x_wconf 90' lang='lat' dir='ltr'>quod</span> <span class='ocrx_word' id='word_1_296' title='bbox 972 2478 1112 2528; x_wconf 90' lang='lat' dir='ltr'>aliquid</span> <span class='ocrx_word' id='word_1_297' title='bbox 1149 2486 1275 2528; x_wconf 87' lang='lat' dir='ltr'>potest</span> <span class='ocrx_word' id='word_1_298' title='bbox 1303 2477 1375 2515; x_wconf 91' lang='lat' dir='ltr'>dici</span> 
     </span>
    </p>

    <p class='ocr_par' dir='ltr' id='par_1_30' title="bbox 307 2532 1375 2583">
     <span class='ocr_line' id='line_1_47' title="bbox 307 2532 1375 2583; baseline -0.003 -12"><span class='ocrx_word' id='word_1_299' title='bbox 307 2535 528 2572; x_wconf 89' lang='lat' dir='ltr'>diuturnum</span> <span class='ocrx_word' id='word_1_300' title='bbox 546 2534 760 2583; x_wconf 86' lang='lat' dir='ltr'>dupliciter:</span> <span class='ocrx_word' id='word_1_301' title='bbox 782 2546 861 2570; x_wconf 87' lang='lat' dir='ltr'>uno</span> <span class='ocrx_word' id='word_1_302' title='bbox 882 2532 1014 2579; x_wconf 88' lang='lat' dir='ltr'>modo,</span> <span class='ocrx_word' id='word_1_303' title='bbox 1032 2533 1244 2569; x_wconf 91' lang='lat' dir='ltr'>secundum</span> <span class='ocrx_word' id='word_1_304' title='bbox 1266 2544 1375 2568; x_wconf 91' lang='lat' dir='ltr'>suam</span> 
     </span>
    </p>
   </div>
   <div class='ocr_carea' id='block_1_17' title="bbox 69 2215 207 2244">
    <p class='ocr_par' dir='ltr' id='par_1_31' title="bbox 69 2215 207 2244">
     <span class='ocr_line' id='line_1_48' title="bbox 69 2215 207 2244; baseline 0.014 -8"><span class='ocrx_word' id='word_1_305' title='bbox 69 2216 79 2225; x_wconf 79' lang='lat'>⁸</span> <span class='ocrx_word' id='word_1_306' title='bbox 92 2215 156 2238; x_wconf 72' lang='lat' dir='ltr'>Vera.</span> <span class='ocrx_word' id='word_1_307' title='bbox 171 2222 207 2244; x_wconf 84' lang='lat'>4²-</span> 
     </span>
    </p>
   </div>
   <div class='ocr_carea' id='block_1_18' title="bbox 306 2585 1405 2690">
    <p class='ocr_par' dir='ltr' id='par_1_32' title="bbox 306 2585 1405 2690">
     <span class='ocr_line' id='line_1_49' title="bbox 306 2585 1403 2636; baseline -0.003 -12"><span class='ocrx_word' id='word_1_308' title='bbox 306 2596 499 2633; x_wconf 86' lang='lat' dir='ltr'>naturam;</span> <span class='ocrx_word' id='word_1_309' title='bbox 530 2588 602 2624; x_wconf 90' lang='lat' dir='ltr'>alio</span> <span class='ocrx_word' id='word_1_310' title='bbox 632 2587 771 2634; x_wconf 85' lang='lat' dir='ltr'>modo,</span> <span class='ocrx_word' id='word_1_311' title='bbox 802 2586 932 2636; x_wconf 89' lang='lat' dir='ltr'>quoad</span> <span class='ocrx_word' id='word_1_312' title='bbox 966 2598 1049 2623; x_wconf 91' lang='lat' dir='ltr'>nos.</span> <span class='ocrx_word' id='word_1_313' title='bbox 1081 2585 1304 2622; x_wconf 90' lang='lat' dir='ltr'>Secundum</span> <span class='ocrx_word' id='word_1_314' title='bbox 1335 2597 1376 2621; x_wconf 92' lang='lat' dir='ltr'>se</span> <span class='ocrx_word' id='word_1_315' title='bbox 1402 2615 1403 2626; x_wconf 20' lang='grc' dir='ltr'>ἶ</span> 
     </span>
     <span class='ocr_line' id='line_1_50' title="bbox 306 2638 1405 2690; baseline -0.004 -12"><span class='ocrx_word' id='word_1_316' title='bbox 306 2642 460 2690; x_wconf 89' lang='lat' dir='ltr'>quidem</span> <span class='ocrx_word' id='word_1_317' title='bbox 489 2641 732 2678; x_wconf 86' lang='lat' dir='ltr'>manifestum</span> <span class='ocrx_word' id='word_1_318' title='bbox 764 2648 819 2677; x_wconf 93' lang='lat' dir='ltr'>est</span> <span class='ocrx_word' id='word_1_319' title='bbox 846 2639 952 2688; x_wconf 92' lang='lat' dir='ltr'>quod</span> <span class='ocrx_word' id='word_1_320' title='bbox 980 2639 1059 2677; x_wconf 89' lang='lat' dir='ltr'>vita</span> <span class='ocrx_word' id='word_1_321' title='bbox 1080 2638 1377 2688; x_wconf 89' lang='lat' dir='ltr'>contemplativa</span> <span class='ocrx_word' id='word_1_322' title='bbox 1402 2658 1405 2672; x_wconf 67' lang='grc' dir='ltr'>ι</span> 
     </span>
    </p>
   </div>
   <div class='ocr_carea' id='block_1_19' title="bbox 358 2755 1216 2825">
    <p class='ocr_par' dir='ltr' id='par_1_33' title="bbox 358 2755 1216 2825">
     <span class='ocr_line' id='line_1_51' title="bbox 358 2755 890 2789; baseline -0.002 -8"><span class='ocrx_word' id='word_1_323' title='bbox 358 2758 385 2789; x_wconf 86' lang='grc' dir='ltr'>α)</span> <span class='ocrx_word' id='word_1_324' title='bbox 405 2759 576 2782; x_wconf 79' lang='lat' dir='ltr'>evacuantur.</span> <span class='ocrx_word' id='word_1_325' title='bbox 588 2770 607 2775; x_wconf 91' lang='lat'><em>-</em></span> <span class='ocrx_word' id='word_1_326' title='bbox 625 2756 825 2781; x_wconf 74' lang='lat' dir='ltr'>evacuabuntur</span> <span class='ocrx_word' id='word_1_327' title='bbox 844 2755 890 2781; x_wconf 80' lang='lat' dir='ltr'>Pa.</span> 
     </span>
     <span class='ocr_line' id='line_1_52' title="bbox 360 2790 1216 2825; baseline -0.004 -7"><span class='ocrx_word' id='word_1_328' title='bbox 360 2792 384 2825; x_wconf 85' lang='grc' dir='ltr'>β)</span> <span class='ocrx_word' id='word_1_329' title='bbox 401 2795 632 2824; x_wconf 80' lang='lat' dir='ltr'>pertranseunter.</span> <span class='ocrx_word' id='word_1_330' title='bbox 645 2806 664 2811; x_wconf 95' lang='lat'><em>-</em></span> <span class='ocrx_word' id='word_1_331' title='bbox 677 2791 896 2824; x_wconf 83' lang='lat' dir='ltr'>pertranseundo</span> <span class='ocrx_word' id='word_1_332' title='bbox 915 2790 963 2820; x_wconf 84' lang='lat' dir='ltr'>Pa,</span> <span class='ocrx_word' id='word_1_333' title='bbox 979 2790 1166 2823; x_wconf 81' lang='lat' dir='ltr'>pertransiens</span> <span class='ocrx_word' id='word_1_334' title='bbox 1185 2790 1216 2815; x_wconf 90' lang='lat' dir='ltr'>K.</span> 
     </span>
    </p>
   </div>
   <div class='ocr_carea' id='block_1_20' title="bbox 424 977 1413 1036">
    <p class='ocr_par' dir='ltr' id='par_1_34' title="bbox 424 977 1413 1036">
     <span class='ocr_line' id='line_1_53' title="bbox 424 977 1413 1036; baseline -0.001 -14"><span class='ocrx_word' id='word_1_335' title='bbox 424 977 464 1016; x_wconf 55' lang='lat' dir='ltr'>5ss</span> <span class='ocrx_word' id='word_1_336' title='bbox 486 978 591 1023; x_wconf 48' lang='lat' dir='ltr'>&amp;stit</span> <span class='ocrx_word' id='word_1_337' title='bbox 609 986 647 1022; x_wconf 91' lang='lat' dir='ltr'>in</span> <span class='ocrx_word' id='word_1_338' title='bbox 666 986 723 1023; x_wconf 91' lang='lat' dir='ltr'>his</span> <span class='ocrx_word' id='word_1_339' title='bbox 744 999 843 1034; x_wconf 91' lang='lat' dir='ltr'>quae</span> <span class='ocrx_word' id='word_1_340' title='bbox 865 986 913 1023; x_wconf 91' lang='lat' dir='ltr'>ad</span> <span class='ocrx_word' id='word_1_341' title='bbox 933 986 1164 1023; x_wconf 90' lang='lat' dir='ltr'>intellectum</span> <span class='ocrx_word' id='word_1_342' title='bbox 1184 985 1382 1034; x_wconf 91' lang='lat' dir='ltr'>pertinent.</span> <span class='ocrx_word' id='word_1_343' title='bbox 1410 1005 1413 1036; x_wconf 55' lang='grc' dir='ltr'><strong><em>ἰ</em></strong></span> 
     </span>
    </p>
   </div>
   <div class='ocr_carea' id='block_1_21' title="bbox 308 1678 1407 1729">
    <p class='ocr_par' dir='ltr' id='par_1_35' title="bbox 308 1678 1407 1729">
     <span class='ocr_line' id='line_1_54' title="bbox 308 1678 1407 1729; baseline -0.003 -13"><span class='ocrx_word' id='word_1_344' title='bbox 308 1681 458 1729; x_wconf 86' lang='lat' dir='ltr'>spiritus</span> <span class='ocrx_word' id='word_1_345' title='bbox 486 1693 546 1718; x_wconf 89' lang='lat' dir='ltr'>me</span> <span class='ocrx_word' id='word_1_346' title='bbox 568 1687 767 1729; x_wconf 85' lang='lat' dir='ltr'>praesente</span> <span class='ocrx_word' id='word_1_347' title='bbox 794 1681 992 1718; x_wconf 85' lang='lat' dir='ltr'>transiret:</span> <span class='ocrx_word' id='word_1_348' title='bbox 1022 1681 1068 1716; x_wconf 90' lang='lat' dir='ltr'>In</span> <span class='ocrx_word' id='word_1_349' title='bbox 1097 1679 1294 1725; x_wconf 79' lang='lat' dir='ltr'>suavitate,</span> <span class='ocrx_word' id='word_1_350' title='bbox 1325 1678 1380 1715; x_wconf 90' lang='lat' dir='ltr'>in-</span> <span class='ocrx_word' id='word_1_351' title='bbox 1406 1697 1407 1712; x_wconf 54' lang='grc' dir='ltr'>ι</span> 
     </span>
    </p>
   </div>
   <div class='ocr_carea' id='block_1_22' title="bbox 1402 827 1415 2650">
    <p class='ocr_par' dir='ltr' id='par_1_36' title="bbox 1402 827 1415 2650">
     <span class='ocr_line' id='line_1_55' title="bbox 1402 827 1415 2650; baseline 0 0"><span class='ocrx_word' id='word_1_352' title='bbox 1402 827 1415 2650; x_wconf 95' lang='lat' dir='ltr'> </span> 
     </span>
    </p>
   </div>
   <div class='ocr_carea' id='block_1_23' title="bbox 1437 822 2511 1302">
    <p class='ocr_par' dir='ltr' id='par_1_37' title="bbox 1438 822 2511 1088">
     <span class='ocr_line' id='line_1_56' title="bbox 1441 822 2508 877; baseline 0.007 -18"><span class='ocrx_word' id='word_1_353' title='bbox 1441 822 1617 860; x_wconf 89' lang='lat' dir='ltr'>diuturna</span> <span class='ocrx_word' id='word_1_354' title='bbox 1638 831 1706 870; x_wconf 89' lang='lat' dir='ltr'>est,</span> <span class='ocrx_word' id='word_1_355' title='bbox 1727 824 1936 873; x_wconf 92' lang='lat' dir='ltr'>dupliciter.</span> <span class='ocrx_word' id='word_1_356' title='bbox 1967 825 2054 863; x_wconf 93' lang='lat' dir='ltr'>Uno</span> <span class='ocrx_word' id='word_1_357' title='bbox 2078 827 2211 875; x_wconf 91' lang='lat' dir='ltr'>modo,</span> <span class='ocrx_word' id='word_1_358' title='bbox 2233 840 2279 865; x_wconf 93' lang='lat' dir='ltr'>eo</span> <span class='ocrx_word' id='word_1_359' title='bbox 2300 829 2405 877; x_wconf 93' lang='lat' dir='ltr'>quod</span> <span class='ocrx_word' id='word_1_360' title='bbox 2423 841 2508 866; x_wconf 90' lang='lat' dir='ltr'>ver-</span> 
     </span>
     <span class='ocr_line' id='line_1_57' title="bbox 1440 877 2509 927; baseline 0.007 -14"><span class='ocrx_word' id='word_1_361' title='bbox 1440 884 1543 913; x_wconf 90' lang='lat' dir='ltr'>satur</span> <span class='ocrx_word' id='word_1_362' title='bbox 1563 877 1662 914; x_wconf 91' lang='lat' dir='ltr'>circa</span> <span class='ocrx_word' id='word_1_363' title='bbox 1690 877 1988 927; x_wconf 92' lang='lat' dir='ltr'>incorruptibilia</span> <span class='ocrx_word' id='word_1_364' title='bbox 2008 887 2044 916; x_wconf 91' lang='lat' dir='ltr'>et</span> <span class='ocrx_word' id='word_1_365' title='bbox 2064 879 2286 919; x_wconf 86' lang='lat' dir='ltr'>immobilia.</span> <span class='ocrx_word' id='word_1_366' title='bbox 2315 882 2401 919; x_wconf 92' lang='lat' dir='ltr'>Alio</span> <span class='ocrx_word' id='word_1_367' title='bbox 2425 894 2509 920; x_wconf 89' lang='lat' dir='ltr'>mo-</span> 
     </span>
     <span class='ocr_line' id='line_1_58' title="bbox 1440 930 2511 978; baseline 0.007 -12"><span class='ocrx_word' id='word_1_368' title='bbox 1440 930 1503 977; x_wconf 90' lang='lat' dir='ltr'>do,</span> <span class='ocrx_word' id='word_1_369' title='bbox 1533 930 1623 978; x_wconf 91' lang='lat' dir='ltr'>quia</span> <span class='ocrx_word' id='word_1_370' title='bbox 1651 943 1731 967; x_wconf 92' lang='lat' dir='ltr'>non</span> <span class='ocrx_word' id='word_1_371' title='bbox 1760 932 1876 968; x_wconf 90' lang='lat' dir='ltr'>habet</span> <span class='ocrx_word' id='word_1_372' title='bbox 1910 933 2236 971; x_wconf 88' lang='lat' dir='ltr'>contrarietatem:</span> <span class='ocrx_word' id='word_1_373' title='bbox 2275 935 2511 973; x_wconf 84' lang='lat' dir='ltr'>delectationi</span> 
     </span>
     <span class='ocr_line' id='line_1_59' title="bbox 1440 984 2509 1034; baseline 0.007 -15"><span class='ocrx_word' id='word_1_374' title='bbox 1440 984 1542 1020; x_wconf 91' lang='lat' dir='ltr'>enim</span> <span class='ocrx_word' id='word_1_375' title='bbox 1571 995 1669 1032; x_wconf 88' lang='lat' dir='ltr'>quae</span> <span class='ocrx_word' id='word_1_376' title='bbox 1696 990 1750 1020; x_wconf 88' lang='lat' dir='ltr'>est</span> <span class='ocrx_word' id='word_1_377' title='bbox 1776 985 1814 1022; x_wconf 91' lang='lat' dir='ltr'>in</span> <span class='ocrx_word' id='word_1_378' title='bbox 1842 986 2128 1034; x_wconf 86' lang='lat' dir='ltr'>considerando,</span> <span class='ocrx_word' id='word_1_379' title='bbox 2158 988 2251 1024; x_wconf 85' lang='lat' dir='ltr'>nihil</span> <span class='ocrx_word' id='word_1_380' title='bbox 2276 994 2330 1025; x_wconf 86' lang='lat' dir='ltr'>est</span> <span class='ocrx_word' id='word_1_381' title='bbox 2360 995 2509 1027; x_wconf 90' lang='lat' dir='ltr'>contra-</span> 
     </span>
     <span class='ocr_line' id='line_1_60' title="bbox 1438 1037 2098 1088; baseline 0.006 -15"><span class='ocrx_word' id='word_1_382' title='bbox 1438 1037 1551 1083; x_wconf 90' lang='lat' dir='ltr'>rium,</span> <span class='ocrx_word' id='word_1_383' title='bbox 1582 1045 1623 1074; x_wconf 91' lang='lat' dir='ltr'>ut</span> <span class='ocrx_word' id='word_1_384' title='bbox 1651 1037 1786 1075; x_wconf 91' lang='lat' dir='ltr'>dicitur</span> <span class='ocrx_word' id='word_1_385' title='bbox 1814 1038 1851 1075; x_wconf 89' lang='lat' dir='ltr'>in</span> <span class='ocrx_word' id='word_1_386' title='bbox 1882 1040 1895 1075; x_wconf 92' lang='lat'>1</span> <span class='ocrx_word' id='word_1_387' title='bbox 1930 1040 2057 1088; x_wconf 86' lang='lat' dir='ltr'>Topic.</span> <span class='ocrx_word' id='word_1_388' title='bbox 2078 1040 2098 1062; x_wconf 84' lang='lat'>*</span> 
     </span>
    </p>

    <p class='ocr_par' dir='ltr' id='par_1_38' title="bbox 1437 1090 2508 1302">
     <span class='ocr_line' id='line_1_61' title="bbox 1492 1090 2506 1142; baseline 0.006 -16"><span class='ocrx_word' id='word_1_389' title='bbox 1492 1090 1570 1127; x_wconf 91' lang='lat' dir='ltr'>Sed</span> <span class='ocrx_word' id='word_1_390' title='bbox 1599 1091 1728 1139; x_wconf 91' lang='lat' dir='ltr'>quoad</span> <span class='ocrx_word' id='word_1_391' title='bbox 1759 1103 1830 1128; x_wconf 90' lang='lat' dir='ltr'>nos</span> <span class='ocrx_word' id='word_1_392' title='bbox 1860 1092 1973 1130; x_wconf 90' lang='lat' dir='ltr'>etiam</span> <span class='ocrx_word' id='word_1_393' title='bbox 1991 1093 2070 1130; x_wconf 90' lang='lat' dir='ltr'>vita</span> <span class='ocrx_word' id='word_1_394' title='bbox 2099 1094 2397 1142; x_wconf 89' lang='lat' dir='ltr'>contemplativa</span> <span class='ocrx_word' id='word_1_395' title='bbox 2425 1095 2506 1132; x_wconf 89' lang='lat' dir='ltr'>diu-</span> 
     </span>
     <span class='ocr_line' id='line_1_62' title="bbox 1437 1145 2507 1195; baseline 0.007 -16"><span class='ocrx_word' id='word_1_396' title='bbox 1437 1151 1548 1180; x_wconf 90' lang='lat' dir='ltr'>turna</span> <span class='ocrx_word' id='word_1_397' title='bbox 1578 1152 1644 1181; x_wconf 89' lang='lat' dir='ltr'>est.</span> <span class='ocrx_word' id='word_1_398' title='bbox 1684 1145 1788 1181; x_wconf 93' lang='lat' dir='ltr'>Tum</span> <span class='ocrx_word' id='word_1_399' title='bbox 1819 1146 1908 1194; x_wconf 89' lang='lat' dir='ltr'>quia</span> <span class='ocrx_word' id='word_1_400' title='bbox 1937 1147 2120 1195; x_wconf 90' lang='lat' dir='ltr'>competit</span> <span class='ocrx_word' id='word_1_401' title='bbox 2147 1147 2259 1184; x_wconf 92' lang='lat' dir='ltr'>nobis</span> <span class='ocrx_word' id='word_1_402' title='bbox 2292 1149 2507 1186; x_wconf 91' lang='lat' dir='ltr'>secundum</span> 
     </span>
     <span class='ocr_line' id='line_1_63' title="bbox 1437 1197 2508 1248; baseline 0.006 -15"><span class='ocrx_word' id='word_1_403' title='bbox 1437 1197 1627 1234; x_wconf 90' lang='lat' dir='ltr'>actionem</span> <span class='ocrx_word' id='word_1_404' title='bbox 1647 1197 1942 1247; x_wconf 90' lang='lat' dir='ltr'>incorruptibilis</span> <span class='ocrx_word' id='word_1_405' title='bbox 1960 1200 2077 1248; x_wconf 90' lang='lat' dir='ltr'>partis</span> <span class='ocrx_word' id='word_1_406' title='bbox 2097 1200 2261 1247; x_wconf 88' lang='lat' dir='ltr'>animae,</span> <span class='ocrx_word' id='word_1_407' title='bbox 2282 1200 2423 1238; x_wconf 90' lang='lat' dir='ltr'>scilicet</span> <span class='ocrx_word' id='word_1_408' title='bbox 2450 1214 2508 1239; x_wconf 92' lang='lat' dir='ltr'>se-</span> 
     </span>
     <span class='ocr_line' id='line_1_64' title="bbox 1437 1251 2507 1302; baseline 0.005 -15"><span class='ocrx_word' id='word_1_409' title='bbox 1437 1251 1607 1288; x_wconf 92' lang='lat' dir='ltr'>cundum</span> <span class='ocrx_word' id='word_1_410' title='bbox 1637 1251 1890 1290; x_wconf 89' lang='lat' dir='ltr'>intellectum:</span> <span class='ocrx_word' id='word_1_411' title='bbox 1925 1253 2028 1290; x_wconf 89' lang='lat' dir='ltr'>unde</span> <span class='ocrx_word' id='word_1_412' title='bbox 2056 1261 2183 1302; x_wconf 88' lang='lat' dir='ltr'>potest</span> <span class='ocrx_word' id='word_1_413' title='bbox 2209 1261 2297 1302; x_wconf 93' lang='lat' dir='ltr'>post</span> <span class='ocrx_word' id='word_1_414' title='bbox 2324 1255 2424 1292; x_wconf 89' lang='lat' dir='ltr'>hanc</span> <span class='ocrx_word' id='word_1_415' title='bbox 2451 1254 2507 1293; x_wconf 90' lang='lat' dir='ltr'>vi-</span> 
     </span>
    </p>
   </div>
   <div class='ocr_carea' id='block_1_24' title="bbox 2535 1043 2749 1074">
    <p class='ocr_par' dir='ltr' id='par_1_39' title="bbox 2535 1043 2749 1074">
     <span class='ocr_line' id='line_1_65' title="bbox 2535 1043 2749 1074; baseline 0.005 -8"><span class='ocrx_word' id='word_1_416' title='bbox 2535 1044 2546 1055; x_wconf 82' lang='lat'><strong>·</strong></span> <span class='ocrx_word' id='word_1_417' title='bbox 2559 1043 2617 1072; x_wconf 80' lang='lat' dir='ltr'>Cap.</span> <span class='ocrx_word' id='word_1_418' title='bbox 2632 1049 2685 1074; x_wconf 71' lang='lat' dir='ltr'>xm,</span> <span class='ocrx_word' id='word_1_419' title='bbox 2694 1050 2749 1073; x_wconf 68' lang='grc' dir='ltr'>ιι.5ρ</span> 
     </span>
    </p>
   </div>
   <div class='ocr_carea' id='block_1_25' title="bbox 1426 1305 2747 1942">
    <p class='ocr_par' dir='ltr' id='par_1_40' title="bbox 1435 1305 2507 1356">
     <span class='ocr_line' id='line_1_66' title="bbox 1435 1305 2507 1356; baseline 0.006 -16"><span class='ocrx_word' id='word_1_420' title='bbox 1435 1311 1514 1341; x_wconf 90' lang='lat' dir='ltr'>tam</span> <span class='ocrx_word' id='word_1_421' title='bbox 1545 1305 1695 1342; x_wconf 91' lang='lat' dir='ltr'>durare.</span> <span class='ocrx_word' id='word_1_422' title='bbox 1733 1305 1820 1342; x_wconf 93' lang='lat' dir='ltr'>Alio</span> <span class='ocrx_word' id='word_1_423' title='bbox 1849 1306 1982 1354; x_wconf 87' lang='lat' dir='ltr'>modo,</span> <span class='ocrx_word' id='word_1_424' title='bbox 2013 1307 2100 1355; x_wconf 90' lang='lat' dir='ltr'>quia</span> <span class='ocrx_word' id='word_1_425' title='bbox 2129 1307 2167 1344; x_wconf 90' lang='lat' dir='ltr'>in</span> <span class='ocrx_word' id='word_1_426' title='bbox 2205 1307 2387 1356; x_wconf 88' lang='lat' dir='ltr'>operibus</span> <span class='ocrx_word' id='word_1_427' title='bbox 2415 1320 2507 1346; x_wconf 89' lang='lat' dir='ltr'>con-</span> 
     </span>
    </p>

    <p class='ocr_par' dir='ltr' id='par_1_41' title="bbox 1435 1358 2506 1408">
     <span class='ocr_line' id='line_1_67' title="bbox 1435 1358 2506 1408; baseline 0.005 -14"><span class='ocrx_word' id='word_1_428' title='bbox 1435 1358 1680 1407; x_wconf 90' lang='lat' dir='ltr'>templativae</span> <span class='ocrx_word' id='word_1_429' title='bbox 1724 1359 1970 1408; x_wconf 88' lang='lat' dir='ltr'>corporaliter</span> <span class='ocrx_word' id='word_1_430' title='bbox 2005 1372 2084 1397; x_wconf 91' lang='lat' dir='ltr'>non</span> <span class='ocrx_word' id='word_1_431' title='bbox 2121 1361 2363 1398; x_wconf 91' lang='lat' dir='ltr'>laboramus:</span> <span class='ocrx_word' id='word_1_432' title='bbox 2401 1363 2506 1400; x_wconf 90' lang='lat' dir='ltr'>unde</span> 
     </span>
    </p>

    <p class='ocr_par' dir='ltr' id='par_1_42' title="bbox 1436 1411 2506 1463">
     <span class='ocr_line' id='line_1_68' title="bbox 1436 1411 2506 1463; baseline 0.005 -15"><span class='ocrx_word' id='word_1_433' title='bbox 1436 1411 1556 1459; x_wconf 87' lang='lat' dir='ltr'>magis</span> <span class='ocrx_word' id='word_1_434' title='bbox 1584 1411 1624 1448; x_wconf 93' lang='lat' dir='ltr'>in</span> <span class='ocrx_word' id='word_1_435' title='bbox 1650 1411 1873 1450; x_wconf 89' lang='lat' dir='ltr'>huiusmodi</span> <span class='ocrx_word' id='word_1_436' title='bbox 1893 1413 2075 1463; x_wconf 90' lang='lat' dir='ltr'>operibus</span> <span class='ocrx_word' id='word_1_437' title='bbox 2097 1413 2276 1452; x_wconf 89' lang='lat' dir='ltr'>continue</span> <span class='ocrx_word' id='word_1_438' title='bbox 2304 1414 2506 1460; x_wconf 83' lang='lat' dir='ltr'>persistere</span> 
     </span>
    </p>

    <p class='ocr_par' dir='ltr' id='par_1_43' title="bbox 1436 1465 2747 1568">
     <span class='ocr_line' id='line_1_69' title="bbox 1436 1465 2747 1526; baseline 0.005 -25"><span class='ocrx_word' id='word_1_439' title='bbox 1436 1476 1655 1513; x_wconf 85' lang='lat' dir='ltr'>possumus,</span> <span class='ocrx_word' id='word_1_440' title='bbox 1686 1465 1781 1503; x_wconf 90' lang='lat' dir='ltr'>sicut</span> <span class='ocrx_word' id='word_1_441' title='bbox 1807 1466 2066 1516; x_wconf 89' lang='lat' dir='ltr'>Philosophus</span> <span class='ocrx_word' id='word_1_442' title='bbox 2095 1467 2195 1514; x_wconf 89' lang='lat' dir='ltr'>dicit,</span> <span class='ocrx_word' id='word_1_443' title='bbox 2225 1467 2263 1505; x_wconf 89' lang='lat' dir='ltr'>in</span> <span class='ocrx_word' id='word_1_444' title='bbox 2291 1468 2328 1504; x_wconf 93' lang='lat' dir='ltr'>X</span> <span class='ocrx_word' id='word_1_445' title='bbox 2344 1468 2466 1507; x_wconf 88' lang='lat' dir='ltr'>Ethic.</span> <span class='ocrx_word' id='word_1_446' title='bbox 2486 1468 2507 1490; x_wconf 75' lang='lat'>&#39;⁸</span> <span class='ocrx_word' id='word_1_447' title='bbox 2531 1474 2747 1526; x_wconf 43' lang='grc' dir='ltr'>’θὴς-*ὕψι-</span> 
     </span>
     <span class='ocr_line' id='line_1_70' title="bbox 1487 1509 2720 1568; baseline 0.006 -14"><span class='ocrx_word' id='word_1_448' title='bbox 1487 1520 1546 1555; x_wconf 85' lang='grc' dir='ltr'>Αι)</span> <span class='ocrx_word' id='word_1_449' title='bbox 1567 1530 1706 1555; x_wconf 79' lang='lat' dir='ltr'>PRIMUM</span> <span class='ocrx_word' id='word_1_450' title='bbox 1723 1531 1822 1557; x_wconf 82' lang='lat' dir='ltr'>ERGO</span> <span class='ocrx_word' id='word_1_451' title='bbox 1838 1532 2025 1558; x_wconf 78' lang='lat' dir='ltr'>mci-:noun</span> <span class='ocrx_word' id='word_1_452' title='bbox 2045 1521 2153 1568; x_wconf 91' lang='lat' dir='ltr'>quod</span> <span class='ocrx_word' id='word_1_453' title='bbox 2173 1521 2314 1559; x_wconf 88' lang='lat' dir='ltr'>modus</span> <span class='ocrx_word' id='word_1_454' title='bbox 2334 1529 2506 1560; x_wconf 88' lang='lat' dir='ltr'>contem·</span> <span class='ocrx_word' id='word_1_455' title='bbox 2551 1518 2556 1524; x_wconf 80' lang='grc'><em>“</em></span> <span class='ocrx_word' id='word_1_456' title='bbox 2610 1517 2616 1524; x_wconf 79' lang='grc'><strong>’</strong></span> <span class='ocrx_word' id='word_1_457' title='bbox 2677 1509 2720 1525; x_wconf 70' lang='lat'>&#39;¹&#39;</span> 
     </span>
    </p>

    <p class='ocr_par' dir='ltr' id='par_1_44' title="bbox 1433 1572 2506 1623">
     <span class='ocr_line' id='line_1_71' title="bbox 1433 1572 2506 1623; baseline 0.005 -15"><span class='ocrx_word' id='word_1_458' title='bbox 1433 1572 1566 1620; x_wconf 88' lang='lat' dir='ltr'>piandi</span> <span class='ocrx_word' id='word_1_459' title='bbox 1601 1584 1679 1609; x_wconf 92' lang='lat' dir='ltr'>non</span> <span class='ocrx_word' id='word_1_460' title='bbox 1709 1581 1765 1609; x_wconf 89' lang='lat' dir='ltr'>est</span> <span class='ocrx_word' id='word_1_461' title='bbox 1792 1573 1895 1610; x_wconf 91' lang='lat' dir='ltr'>idem</span> <span class='ocrx_word' id='word_1_462' title='bbox 1929 1574 1991 1610; x_wconf 88' lang='lat' dir='ltr'>hic</span> <span class='ocrx_word' id='word_1_463' title='bbox 2024 1582 2060 1611; x_wconf 90' lang='lat' dir='ltr'>et</span> <span class='ocrx_word' id='word_1_464' title='bbox 2088 1574 2127 1611; x_wconf 92' lang='lat' dir='ltr'>in</span> <span class='ocrx_word' id='word_1_465' title='bbox 2154 1575 2292 1623; x_wconf 89' lang='lat' dir='ltr'>patria;</span> <span class='ocrx_word' id='word_1_466' title='bbox 2326 1575 2393 1612; x_wconf 91' lang='lat' dir='ltr'>sed</span> <span class='ocrx_word' id='word_1_467' title='bbox 2425 1575 2506 1613; x_wconf 84' lang='lat' dir='ltr'>vita</span> 
     </span>
    </p>

    <p class='ocr_par' dir='ltr' id='par_1_45' title="bbox 1435 1625 2505 1676">
     <span class='ocr_line' id='line_1_72' title="bbox 1435 1625 2505 1676; baseline 0.006 -15"><span class='ocrx_word' id='word_1_468' title='bbox 1435 1625 1732 1674; x_wconf 88' lang='lat' dir='ltr'>contemplativa</span> <span class='ocrx_word' id='word_1_469' title='bbox 1761 1626 1897 1663; x_wconf 89' lang='lat' dir='ltr'>dicitur</span> <span class='ocrx_word' id='word_1_470' title='bbox 1915 1639 2071 1664; x_wconf 89' lang='lat' dir='ltr'>manere</span> <span class='ocrx_word' id='word_1_471' title='bbox 2101 1627 2245 1665; x_wconf 91' lang='lat' dir='ltr'>ratione</span> <span class='ocrx_word' id='word_1_472' title='bbox 2273 1628 2445 1676; x_wconf 83' lang='lat' dir='ltr'>caritatis,</span> <span class='ocrx_word' id='word_1_473' title='bbox 2465 1628 2505 1667; x_wconf 84' lang='lat' dir='ltr'>in</span> 
     </span>
    </p>

    <p class='ocr_par' dir='ltr' id='par_1_46' title="bbox 1434 1679 2505 1729">
     <span class='ocr_line' id='line_1_73' title="bbox 1434 1679 2505 1729; baseline 0.006 -16"><span class='ocrx_word' id='word_1_474' title='bbox 1434 1690 1511 1726; x_wconf 91' lang='lat' dir='ltr'>qua</span> <span class='ocrx_word' id='word_1_475' title='bbox 1545 1679 1662 1715; x_wconf 90' lang='lat' dir='ltr'>habet</span> <span class='ocrx_word' id='word_1_476' title='bbox 1700 1687 1737 1716; x_wconf 91' lang='lat' dir='ltr'>et</span> <span class='ocrx_word' id='word_1_477' title='bbox 1764 1679 1992 1729; x_wconf 89' lang='lat' dir='ltr'>principium</span> <span class='ocrx_word' id='word_1_478' title='bbox 2023 1687 2059 1717; x_wconf 89' lang='lat' dir='ltr'>et</span> <span class='ocrx_word' id='word_1_479' title='bbox 2091 1680 2224 1718; x_wconf 88' lang='lat' dir='ltr'>finem.</span> <span class='ocrx_word' id='word_1_480' title='bbox 2263 1682 2313 1718; x_wconf 91' lang='lat' dir='ltr'>Et</span> <span class='ocrx_word' id='word_1_481' title='bbox 2345 1682 2419 1719; x_wconf 89' lang='lat' dir='ltr'>hoc</span> <span class='ocrx_word' id='word_1_482' title='bbox 2449 1688 2505 1719; x_wconf 88' lang='lat' dir='ltr'>est</span> 
     </span>
    </p>

    <p class='ocr_par' dir='ltr' id='par_1_47' title="bbox 1433 1731 2745 1782">
     <span class='ocr_line' id='line_1_74' title="bbox 1433 1731 2745 1782; baseline 0.003 -15"><span class='ocrx_word' id='word_1_483' title='bbox 1433 1731 1540 1778; x_wconf 87' lang='lat' dir='ltr'>quod</span> <span class='ocrx_word' id='word_1_484' title='bbox 1570 1732 1776 1779; x_wconf 87' lang='lat' dir='ltr'>Gregorius</span> <span class='ocrx_word' id='word_1_485' title='bbox 1809 1733 1917 1779; x_wconf 91' lang='lat' dir='ltr'>dicit,</span> <span class='ocrx_word' id='word_1_486' title='bbox 1946 1745 2060 1782; x_wconf 89' lang='lat' dir='ltr'>super</span> <span class='ocrx_word' id='word_1_487' title='bbox 2091 1735 2227 1782; x_wconf 57' lang='lat' dir='ltr'>Erech.</span> <span class='ocrx_word' id='word_1_488' title='bbox 2254 1733 2291 1771; x_wconf 75' lang='grc' dir='ltr'>*ε</span> <span class='ocrx_word' id='word_1_489' title='bbox 2331 1735 2504 1772; x_wconf 87' lang='lat' dir='ltr'>Contem-</span> <span class='ocrx_word' id='word_1_490' title='bbox 2530 1746 2745 1777; x_wconf 56' lang='lat' dir='ltr'>moenai-ug.</span> 
     </span>
    </p>

    <p class='ocr_par' dir='ltr' id='par_1_48' title="bbox 1426 1773 2651 1836">
     <span class='ocr_line' id='line_1_75' title="bbox 1426 1773 2651 1836; baseline 0.006 -16"><span class='ocrx_word' id='word_1_491' title='bbox 1426 1783 1572 1831; x_wconf 77' lang='lat' dir='ltr'>platiua</span> <span class='ocrx_word' id='word_1_492' title='bbox 1591 1785 1653 1821; x_wconf 85' lang='lat' dir='ltr'>hic</span> <span class='ocrx_word' id='word_1_493' title='bbox 1671 1785 1810 1835; x_wconf 87' lang='lat' dir='ltr'>incipit,</span> <span class='ocrx_word' id='word_1_494' title='bbox 1832 1792 1873 1823; x_wconf 92' lang='lat' dir='ltr'>ut</span> <span class='ocrx_word' id='word_1_495' title='bbox 1899 1786 1936 1823; x_wconf 90' lang='lat' dir='ltr'>in</span> <span class='ocrx_word' id='word_1_496' title='bbox 1957 1787 2107 1824; x_wconf 89' lang='lat' dir='ltr'>caelesti</span> <span class='ocrx_word' id='word_1_497' title='bbox 2117 1788 2248 1836; x_wconf 87' lang='lat' dir='ltr'>patria</span> <span class='ocrx_word' id='word_1_498' title='bbox 2260 1788 2503 1836; x_wconf 85' lang='lat' dir='ltr'>perficiatur:</span> <span class='ocrx_word' id='word_1_499' title='bbox 2528 1773 2579 1796; x_wconf 55' lang='lat' dir='ltr'>Sd</span> <span class='ocrx_word' id='word_1_500' title='bbox 2589 1776 2651 1797; x_wconf 55' lang='grc' dir='ltr'>Μ’</span> 
     </span>
    </p>

    <p class='ocr_par' dir='ltr' id='par_1_49' title="bbox 1431 1837 2503 1888">
     <span class='ocr_line' id='line_1_76' title="bbox 1431 1837 2503 1888; baseline 0.006 -15"><span class='ocrx_word' id='word_1_501' title='bbox 1431 1837 1521 1885; x_wconf 85' lang='lat' dir='ltr'>quia</span> <span class='ocrx_word' id='word_1_502' title='bbox 1558 1838 1702 1874; x_wconf 91' lang='lat' dir='ltr'>amoris</span> <span class='ocrx_word' id='word_1_503' title='bbox 1730 1839 1847 1888; x_wconf 79' lang='lat' dir='ltr'>ignis,</span> <span class='ocrx_word' id='word_1_504' title='bbox 1877 1839 1944 1888; x_wconf 87' lang='lat' dir='ltr'>qui</span> <span class='ocrx_word' id='word_1_505' title='bbox 1967 1840 2029 1876; x_wconf 90' lang='lat' dir='ltr'>hic</span> <span class='ocrx_word' id='word_1_506' title='bbox 2056 1841 2194 1877; x_wconf 87' lang='lat' dir='ltr'>ardere</span> <span class='ocrx_word' id='word_1_507' title='bbox 2219 1841 2386 1888; x_wconf 81' lang='lat' dir='ltr'>inchoat,</span> <span class='ocrx_word' id='word_1_508' title='bbox 2415 1853 2503 1879; x_wconf 89' lang='lat' dir='ltr'>cum</span> 
     </span>
    </p>

    <p class='ocr_par' dir='ltr' id='par_1_50' title="bbox 1431 1891 2504 1942">
     <span class='ocr_line' id='line_1_77' title="bbox 1431 1891 2504 1942; baseline 0.005 -16"><span class='ocrx_word' id='word_1_509' title='bbox 1431 1891 1553 1938; x_wconf 89' lang='lat' dir='ltr'>ipsum</span> <span class='ocrx_word' id='word_1_510' title='bbox 1582 1902 1694 1939; x_wconf 84' lang='lat' dir='ltr'>quem</span> <span class='ocrx_word' id='word_1_511' title='bbox 1727 1897 1835 1929; x_wconf 88' lang='lat' dir='ltr'>amat</span> <span class='ocrx_word' id='word_1_512' title='bbox 1859 1893 2013 1939; x_wconf 75' lang='lat' dir='ltr'>viderit,</span> <span class='ocrx_word' id='word_1_513' title='bbox 2044 1893 2081 1930; x_wconf 88' lang='lat' dir='ltr'>in</span> <span class='ocrx_word' id='word_1_514' title='bbox 2110 1905 2244 1931; x_wconf 90' lang='lat' dir='ltr'>amore</span> <span class='ocrx_word' id='word_1_515' title='bbox 2271 1894 2386 1942; x_wconf 87' lang='lat' dir='ltr'>ipsius</span> <span class='ocrx_word' id='word_1_516' title='bbox 2421 1906 2504 1932; x_wconf 90' lang='lat' dir='ltr'>am-</span> 
     </span>
    </p>
   </div>
   <div class='ocr_carea' id='block_1_26' title="bbox 1403 1944 1723 1994">
    <p class='ocr_par' dir='ltr' id='par_1_51' title="bbox 1403 1944 1723 1994">
     <span class='ocr_line' id='line_1_78' title="bbox 1403 1944 1723 1994; baseline -0.003 -12"><span class='ocrx_word' id='word_1_517' title='bbox 1403 1975 1404 1982; x_wconf 68' lang='grc'>,</span> <span class='ocrx_word' id='word_1_518' title='bbox 1425 1944 1527 1993; x_wconf 86' lang='lat' dir='ltr'>plius</span> <span class='ocrx_word' id='word_1_519' title='bbox 1555 1944 1723 1994; x_wconf 80' lang='lat' dir='ltr'>ignescit.</span> 
     </span>
    </p>
   </div>
   <div class='ocr_carea' id='block_1_27' title="bbox 1428 1999 2741 2687">
    <p class='ocr_par' dir='ltr' id='par_1_52' title="bbox 1428 1999 2741 2368">
     <span class='ocr_line' id='line_1_79' title="bbox 1483 1999 2504 2049; baseline 0.004 -15"><span class='ocrx_word' id='word_1_520' title='bbox 1483 1999 1542 2034; x_wconf 81' lang='lat' dir='ltr'>An</span> <span class='ocrx_word' id='word_1_521' title='bbox 1562 2009 1755 2035; x_wconf 76' lang='lat' dir='ltr'>SECUNDUM</span> <span class='ocrx_word' id='word_1_522' title='bbox 1780 2010 1967 2036; x_wconf 72' lang='lat' dir='ltr'>mcunnun</span> <span class='ocrx_word' id='word_1_523' title='bbox 1986 1999 2092 2047; x_wconf 93' lang='lat' dir='ltr'>quod</span> <span class='ocrx_word' id='word_1_524' title='bbox 2121 2000 2224 2037; x_wconf 89' lang='lat' dir='ltr'>nulla</span> <span class='ocrx_word' id='word_1_525' title='bbox 2252 1999 2350 2037; x_wconf 88' lang='lat' dir='ltr'>actio</span> <span class='ocrx_word' id='word_1_526' title='bbox 2377 2007 2504 2049; x_wconf 81' lang='lat' dir='ltr'>potest</span> 
     </span>
     <span class='ocr_line' id='line_1_80' title="bbox 1431 2050 2502 2092; baseline 0.004 -5"><span class='ocrx_word' id='word_1_527' title='bbox 1431 2051 1495 2088; x_wconf 92' lang='lat' dir='ltr'>diu</span> <span class='ocrx_word' id='word_1_528' title='bbox 1526 2050 1662 2088; x_wconf 92' lang='lat' dir='ltr'>durare</span> <span class='ocrx_word' id='word_1_529' title='bbox 1683 2051 1721 2088; x_wconf 94' lang='lat' dir='ltr'>in</span> <span class='ocrx_word' id='word_1_530' title='bbox 1741 2051 1800 2088; x_wconf 91' lang='lat' dir='ltr'>sui</span> <span class='ocrx_word' id='word_1_531' title='bbox 1819 2064 1987 2090; x_wconf 78' lang='lat' dir='ltr'>summo·</span> <span class='ocrx_word' id='word_1_532' title='bbox 2019 2053 2227 2090; x_wconf 89' lang='lat' dir='ltr'>Summum</span> <span class='ocrx_word' id='word_1_533' title='bbox 2255 2060 2385 2090; x_wconf 89' lang='lat' dir='ltr'>autem</span> <span class='ocrx_word' id='word_1_534' title='bbox 2411 2065 2502 2092; x_wconf 91' lang='lat' dir='ltr'>con-</span> 
     </span>
     <span class='ocr_line' id='line_1_81' title="bbox 1429 2104 2501 2154; baseline 0.003 -13"><span class='ocrx_word' id='word_1_535' title='bbox 1429 2104 1686 2153; x_wconf 91' lang='lat' dir='ltr'>templationis</span> <span class='ocrx_word' id='word_1_536' title='bbox 1707 2113 1762 2142; x_wconf 90' lang='lat' dir='ltr'>est</span> <span class='ocrx_word' id='word_1_537' title='bbox 1779 2113 1820 2141; x_wconf 92' lang='lat' dir='ltr'>ut</span> <span class='ocrx_word' id='word_1_538' title='bbox 1840 2105 1995 2154; x_wconf 87' lang='lat' dir='ltr'>attingat</span> <span class='ocrx_word' id='word_1_539' title='bbox 2013 2106 2062 2143; x_wconf 89' lang='lat' dir='ltr'>ad</span> <span class='ocrx_word' id='word_1_540' title='bbox 2082 2106 2383 2144; x_wconf 84' lang='lat' dir='ltr'>uniformitatem</span> <span class='ocrx_word' id='word_1_541' title='bbox 2407 2106 2501 2145; x_wconf 84' lang='lat' dir='ltr'>divi-</span> 
     </span>
     <span class='ocr_line' id='line_1_82' title="bbox 1429 2158 2502 2209; baseline 0.004 -15"><span class='ocrx_word' id='word_1_542' title='bbox 1429 2170 1502 2195; x_wconf 91' lang='lat' dir='ltr'>nae</span> <span class='ocrx_word' id='word_1_543' title='bbox 1531 2158 1876 2207; x_wconf 90' lang='lat' dir='ltr'>contemplationis,</span> <span class='ocrx_word' id='word_1_544' title='bbox 1896 2167 1938 2196; x_wconf 91' lang='lat' dir='ltr'>ut</span> <span class='ocrx_word' id='word_1_545' title='bbox 1962 2158 2051 2196; x_wconf 91' lang='lat' dir='ltr'>dicit</span> <span class='ocrx_word' id='word_1_546' title='bbox 2069 2159 2298 2209; x_wconf 87' lang='lat' dir='ltr'>Dionysius,</span> <span class='ocrx_word' id='word_1_547' title='bbox 2325 2159 2421 2198; x_wconf 86' lang='lat' dir='ltr'>sicut</span> <span class='ocrx_word' id='word_1_548' title='bbox 2439 2172 2502 2198; x_wconf 84' lang='lat' dir='ltr'>su·</span> 
     </span>
     <span class='ocr_line' id='line_1_83' title="bbox 1429 2211 2741 2274; baseline -0.001 -27"><span class='ocrx_word' id='word_1_549' title='bbox 1429 2223 1498 2260; x_wconf 89' lang='lat' dir='ltr'>pra</span> <span class='ocrx_word' id='word_1_550' title='bbox 1511 2211 1532 2233; x_wconf 63' lang='lat'>³³</span> <span class='ocrx_word' id='word_1_551' title='bbox 1555 2211 1722 2260; x_wconf 92' lang='lat' dir='ltr'>positum</span> <span class='ocrx_word' id='word_1_552' title='bbox 1744 2219 1810 2248; x_wconf 87' lang='lat' dir='ltr'>est.</span> <span class='ocrx_word' id='word_1_553' title='bbox 1841 2212 1952 2250; x_wconf 90' lang='lat' dir='ltr'>Unde</span> <span class='ocrx_word' id='word_1_554' title='bbox 1969 2212 2037 2250; x_wconf 90' lang='lat' dir='ltr'>etsi</span> <span class='ocrx_word' id='word_1_555' title='bbox 2057 2221 2242 2262; x_wconf 89' lang='lat' dir='ltr'>quantum</span> <span class='ocrx_word' id='word_1_556' title='bbox 2258 2214 2307 2252; x_wconf 89' lang='lat' dir='ltr'>ad</span> <span class='ocrx_word' id='word_1_557' title='bbox 2321 2213 2397 2252; x_wconf 87' lang='lat' dir='ltr'>hoc</span> <span class='ocrx_word' id='word_1_558' title='bbox 2411 2225 2502 2253; x_wconf 88' lang='lat' dir='ltr'>con·</span> <span class='ocrx_word' id='word_1_559' title='bbox 2527 2223 2538 2235; x_wconf 77' lang='lat'>⁸</span> <span class='ocrx_word' id='word_1_560' title='bbox 2550 2223 2684 2274; x_wconf 49' lang='lat' dir='ltr'>maffia</span> <span class='ocrx_word' id='word_1_561' title='bbox 2696 2229 2741 2247; x_wconf 73' lang='lat'>2.-</span> 
     </span>
     <span class='ocr_line' id='line_1_84' title="bbox 1428 2249 2741 2317; baseline 0.002 -16"><span class='ocrx_word' id='word_1_562' title='bbox 1428 2265 1622 2314; x_wconf 88' lang='lat' dir='ltr'>templatio</span> <span class='ocrx_word' id='word_1_563' title='bbox 1647 2265 1712 2302; x_wconf 86' lang='lat' dir='ltr'>diu</span> <span class='ocrx_word' id='word_1_564' title='bbox 1733 2265 1870 2302; x_wconf 90' lang='lat' dir='ltr'>durare</span> <span class='ocrx_word' id='word_1_565' title='bbox 1899 2278 1977 2303; x_wconf 91' lang='lat' dir='ltr'>non</span> <span class='ocrx_word' id='word_1_566' title='bbox 2005 2266 2136 2315; x_wconf 89' lang='lat' dir='ltr'>possit,</span> <span class='ocrx_word' id='word_1_567' title='bbox 2158 2274 2288 2304; x_wconf 88' lang='lat' dir='ltr'>tamen</span> <span class='ocrx_word' id='word_1_568' title='bbox 2315 2274 2501 2317; x_wconf 83' lang='lat' dir='ltr'>quantum</span> <span class='ocrx_word' id='word_1_569' title='bbox 2526 2249 2578 2305; x_wconf 61' lang='lat' dir='ltr'>gi»-</span> <span class='ocrx_word' id='word_1_570' title='bbox 2593 2282 2640 2303; x_wconf 48' lang='lat' dir='ltr'>m..</span> <span class='ocrx_word' id='word_1_571' title='bbox 2662 2250 2741 2279; x_wconf 49' lang='grc' dir='ltr'>Μ’</span> 
     </span>
     <span class='ocr_line' id='line_1_85' title="bbox 1429 2317 2499 2368; baseline 0.005 -14"><span class='ocrx_word' id='word_1_572' title='bbox 1429 2318 1479 2355; x_wconf 88' lang='lat' dir='ltr'>ad</span> <span class='ocrx_word' id='word_1_573' title='bbox 1507 2318 1601 2355; x_wconf 89' lang='lat' dir='ltr'>alios</span> <span class='ocrx_word' id='word_1_574' title='bbox 1622 2317 1955 2367; x_wconf 89' lang='lat' dir='ltr'>contemplationis</span> <span class='ocrx_word' id='word_1_575' title='bbox 1974 2327 2081 2356; x_wconf 89' lang='lat' dir='ltr'>actus</span> <span class='ocrx_word' id='word_1_576' title='bbox 2108 2327 2235 2368; x_wconf 92' lang='lat' dir='ltr'>potest</span> <span class='ocrx_word' id='word_1_577' title='bbox 2262 2319 2326 2358; x_wconf 91' lang='lat' dir='ltr'>diu</span> <span class='ocrx_word' id='word_1_578' title='bbox 2350 2321 2499 2360; x_wconf 79' lang='lat' dir='ltr'>durare.</span> 
     </span>
    </p>

    <p class='ocr_par' dir='ltr' id='par_1_53' title="bbox 1428 2373 2740 2687">
     <span class='ocr_line' id='line_1_86' title="bbox 1483 2373 2502 2422; baseline 0.004 -15"><span class='ocrx_word' id='word_1_579' title='bbox 1483 2373 1542 2408; x_wconf 82' lang='lat' dir='ltr'>Ab</span> <span class='ocrx_word' id='word_1_580' title='bbox 1575 2382 1736 2408; x_wconf 72' lang='grc' dir='ltr'>τεκτιυΜ</span> <span class='ocrx_word' id='word_1_581' title='bbox 1770 2383 1956 2410; x_wconf 71' lang='lat' dir='ltr'>mci-:unum</span> <span class='ocrx_word' id='word_1_582' title='bbox 1989 2373 2095 2422; x_wconf 90' lang='lat' dir='ltr'>quod</span> <span class='ocrx_word' id='word_1_583' title='bbox 2124 2373 2382 2422; x_wconf 88' lang='lat' dir='ltr'>Philosophus</span> <span class='ocrx_word' id='word_1_584' title='bbox 2412 2373 2502 2412; x_wconf 86' lang='lat' dir='ltr'>dicit</span> 
     </span>
     <span class='ocr_line' id='line_1_87' title="bbox 1428 2424 2501 2476; baseline 0.003 -15"><span class='ocrx_word' id='word_1_585' title='bbox 1428 2424 1546 2462; x_wconf 87' lang='lat' dir='ltr'>vitam</span> <span class='ocrx_word' id='word_1_586' title='bbox 1567 2425 1906 2474; x_wconf 87' lang='lat' dir='ltr'>contemplativam</span> <span class='ocrx_word' id='word_1_587' title='bbox 1927 2437 2011 2463; x_wconf 92' lang='lat' dir='ltr'>esse</span> <span class='ocrx_word' id='word_1_588' title='bbox 2032 2438 2149 2476; x_wconf 85' lang='lat' dir='ltr'>supra</span> <span class='ocrx_word' id='word_1_589' title='bbox 2176 2426 2390 2474; x_wconf 83' lang='lat' dir='ltr'>hominem,</span> <span class='ocrx_word' id='word_1_590' title='bbox 2410 2426 2501 2476; x_wconf 86' lang='lat' dir='ltr'>quia</span> 
     </span>
     <span class='ocr_line' id='line_1_88' title="bbox 1430 2478 2500 2529; baseline 0.003 -15"><span class='ocrx_word' id='word_1_591' title='bbox 1430 2478 1612 2527; x_wconf 90' lang='lat' dir='ltr'>competit</span> <span class='ocrx_word' id='word_1_592' title='bbox 1640 2478 1751 2515; x_wconf 91' lang='lat' dir='ltr'>nobis</span> <span class='ocrx_word' id='word_1_593' title='bbox 1778 2479 1984 2516; x_wconf 88' lang='lat' dir='ltr'>secundum</span> <span class='ocrx_word' id='word_1_594' title='bbox 2012 2480 2084 2516; x_wconf 92' lang='lat' dir='ltr'>hoc</span> <span class='ocrx_word' id='word_1_595' title='bbox 2111 2481 2213 2528; x_wconf 83' lang='lat' dir='ltr'>quod</span> <span class='ocrx_word' id='word_1_596' title='bbox 2237 2479 2382 2529; x_wconf 82' lang='lat' dir='ltr'>aliquid</span> <span class='ocrx_word' id='word_1_597' title='bbox 2407 2479 2500 2518; x_wconf 78' lang='lat' dir='ltr'>divi-</span> 
     </span>
     <span class='ocr_line' id='line_1_89' title="bbox 1430 2531 2740 2580; baseline 0.002 -12"><span class='ocrx_word' id='word_1_598' title='bbox 1430 2544 1520 2568; x_wconf 91' lang='lat' dir='ltr'>num</span> <span class='ocrx_word' id='word_1_599' title='bbox 1541 2537 1595 2568; x_wconf 88' lang='lat' dir='ltr'>est</span> <span class='ocrx_word' id='word_1_600' title='bbox 1612 2531 1648 2568; x_wconf 89' lang='lat' dir='ltr'>in</span> <span class='ocrx_word' id='word_1_601' title='bbox 1674 2532 1780 2568; x_wconf 87' lang='lat' dir='ltr'>nobis</span> <span class='ocrx_word' id='word_1_602' title='bbox 1798 2531 1834 2579; x_wconf 82' lang='lat'>*,</span> <span class='ocrx_word' id='word_1_603' title='bbox 1855 2532 1995 2569; x_wconf 88' lang='lat' dir='ltr'>scilicet</span> <span class='ocrx_word' id='word_1_604' title='bbox 2022 2532 2242 2570; x_wconf 90' lang='lat' dir='ltr'>intellectus.</span> <span class='ocrx_word' id='word_1_605' title='bbox 2264 2533 2341 2580; x_wconf 86' lang='lat' dir='ltr'>Qui</span> <span class='ocrx_word' id='word_1_606' title='bbox 2362 2540 2418 2570; x_wconf 88' lang='lat' dir='ltr'>est</span> <span class='ocrx_word' id='word_1_607' title='bbox 2444 2533 2500 2571; x_wconf 90' lang='lat' dir='ltr'>in—</span> <span class='ocrx_word' id='word_1_608' title='bbox 2525 2541 2537 2554; x_wconf 89' lang='grc'><em>·</em></span> <span class='ocrx_word' id='word_1_609' title='bbox 2550 2541 2645 2566; x_wconf 67' lang='lat'><strong>&lt;1¹0⁶-</strong></span> <span class='ocrx_word' id='word_1_610' title='bbox 2661 2542 2700 2566; x_wconf 62' lang='lat' dir='ltr'>dt</span> <span class='ocrx_word' id='word_1_611' title='bbox 2714 2542 2740 2565; x_wconf 76' lang='lat'>1·</span> 
     </span>
     <span class='ocr_line' id='line_1_90' title="bbox 1429 2574 2573 2634; baseline 0.003 -13"><span class='ocrx_word' id='word_1_612' title='bbox 1429 2584 1682 2634; x_wconf 86' lang='lat' dir='ltr'>corruptibilis</span> <span class='ocrx_word' id='word_1_613' title='bbox 1703 2592 1740 2621; x_wconf 92' lang='lat' dir='ltr'>et</span> <span class='ocrx_word' id='word_1_614' title='bbox 1767 2585 2008 2634; x_wconf 89' lang='lat' dir='ltr'>impassibilis</span> <span class='ocrx_word' id='word_1_615' title='bbox 2029 2587 2242 2624; x_wconf 92' lang='lat' dir='ltr'>secundum</span> <span class='ocrx_word' id='word_1_616' title='bbox 2263 2598 2326 2623; x_wconf 88' lang='lat' dir='ltr'>se:</span> <span class='ocrx_word' id='word_1_617' title='bbox 2356 2594 2393 2623; x_wconf 90' lang='lat' dir='ltr'>et</span> <span class='ocrx_word' id='word_1_618' title='bbox 2411 2586 2499 2624; x_wconf 87' lang='lat' dir='ltr'>ideo</span> <span class='ocrx_word' id='word_1_619' title='bbox 2523 2574 2573 2598; x_wconf 53' lang='grc' dir='ltr'>ἠ’</span> 
     </span>
     <span class='ocr_line' id='line_1_91' title="bbox 1429 2638 2149 2687; baseline 0.003 -12"><span class='ocrx_word' id='word_1_620' title='bbox 1429 2638 1527 2675; x_wconf 88' lang='lat' dir='ltr'>actio</span> <span class='ocrx_word' id='word_1_621' title='bbox 1558 2638 1638 2675; x_wconf 90' lang='lat' dir='ltr'>eius</span> <span class='ocrx_word' id='word_1_622' title='bbox 1658 2646 1783 2687; x_wconf 92' lang='lat' dir='ltr'>potest</span> <span class='ocrx_word' id='word_1_623' title='bbox 1812 2651 1894 2676; x_wconf 92' lang='lat' dir='ltr'>esse</span> <span class='ocrx_word' id='word_1_624' title='bbox 1925 2638 2149 2677; x_wconf 87' lang='lat' dir='ltr'>diuturnior.</span> 
     </span>
    </p>
   </div>
   <div class='ocr_carea' id='block_1_28' title="bbox 1425 2753 2498 2819">
    <p class='ocr_par' dir='ltr' id='par_1_54' title="bbox 1425 2753 2498 2819">
     <span class='ocr_line' id='line_1_92' title="bbox 1477 2753 2498 2787; baseline 0 -8"><span class='ocrx_word' id='word_1_625' title='bbox 1477 2755 1505 2787; x_wconf 88' lang='grc' dir='ltr'>γ)</span> <span class='ocrx_word' id='word_1_626' title='bbox 1525 2754 1699 2780; x_wconf 77' lang='lat' dir='ltr'>introrsus.-</span> <span class='ocrx_word' id='word_1_627' title='bbox 1717 2754 1789 2780; x_wconf 81' lang='lat' dir='ltr'>intus</span> <span class='ocrx_word' id='word_1_628' title='bbox 1813 2754 1884 2780; x_wconf 72' lang='lat' dir='ltr'>risus</span> <span class='ocrx_word' id='word_1_629' title='bbox 1908 2754 2136 2787; x_wconf 71' lang='lat' dir='ltr'>ADEFLpBKsc,</span> <span class='ocrx_word' id='word_1_630' title='bbox 2156 2754 2184 2780; x_wconf 77' lang='lat' dir='ltr'>in</span> <span class='ocrx_word' id='word_1_631' title='bbox 2207 2753 2284 2780; x_wconf 77' lang='lat' dir='ltr'>cuius</span> <span class='ocrx_word' id='word_1_632' title='bbox 2308 2753 2380 2780; x_wconf 75' lang='lat' dir='ltr'>risus</span> <span class='ocrx_word' id='word_1_633' title='bbox 2403 2753 2451 2787; x_wconf 83' lang='lat' dir='ltr'>pc,</span> <span class='ocrx_word' id='word_1_634' title='bbox 2471 2753 2498 2780; x_wconf 79' lang='lat' dir='ltr'>in</span> 
     </span>
     <span class='ocr_line' id='line_1_93' title="bbox 1425 2790 1760 2819; baseline 0.003 -5"><span class='ocrx_word' id='word_1_635' title='bbox 1425 2790 1501 2815; x_wconf 86' lang='lat' dir='ltr'>cuius</span> <span class='ocrx_word' id='word_1_636' title='bbox 1520 2797 1568 2815; x_wconf 80' lang='lat' dir='ltr'>usu</span> <span class='ocrx_word' id='word_1_637' title='bbox 1589 2790 1634 2819; x_wconf 81' lang='lat' dir='ltr'>sK.</span> <span class='ocrx_word' id='word_1_638' title='bbox 1654 2798 1707 2815; x_wconf 87' lang='lat' dir='ltr'>om.</span> <span class='ocrx_word' id='word_1_639' title='bbox 1727 2790 1760 2815; x_wconf 80' lang='lat' dir='ltr'>H..</span> 
     </span>
    </p>
   </div>
   <div class='ocr_carea' id='block_1_29' title="bbox 982 2859 1815 2894">
    <p class='ocr_par' dir='ltr' id='par_1_55' title="bbox 982 2859 1815 2894">
     <span class='ocr_line' id='line_1_94' title="bbox 982 2859 1815 2894; baseline -0.001 0"><span class='ocrx_word' id='word_1_640' title='bbox 982 2861 1316 2894; x_wconf 79' lang='lat' dir='ltr'>Commentaria</span> <span class='ocrx_word' id='word_1_641' title='bbox 1339 2859 1459 2893; x_wconf 73' lang='lat' dir='ltr'>Car-d</span> <span class='ocrx_word' id='word_1_642' title='bbox 1465 2861 1591 2893; x_wconf 77' lang='lat' dir='ltr'>inalis</span> <span class='ocrx_word' id='word_1_643' title='bbox 1613 2860 1815 2893; x_wconf 75' lang='lat' dir='ltr'>Caietam</span> 
     </span>
    </p>
   </div>
   <div class='ocr_carea' id='block_1_30' title="bbox 311 2931 1399 3008">
    <p class='ocr_par' dir='ltr' id='par_1_56' title="bbox 311 2931 1399 3008">
     <span class='ocr_line' id='line_1_95' title="bbox 311 2931 1399 3008; baseline -0.001 -44"><span class='ocrx_word' id='word_1_644' title='bbox 311 2945 357 3008; x_wconf 74' lang='lat' dir='ltr'>In</span> <span class='ocrx_word' id='word_1_645' title='bbox 382 2933 514 2964; x_wconf 82' lang='lat' dir='ltr'>articulo</span> <span class='ocrx_word' id='word_1_646' title='bbox 539 2940 652 2964; x_wconf 88' lang='lat' dir='ltr'>octavo</span> <span class='ocrx_word' id='word_1_647' title='bbox 670 2933 812 2964; x_wconf 88' lang='lat' dir='ltr'>eiusdem</span> <span class='ocrx_word' id='word_1_648' title='bbox 837 2932 1042 2974; x_wconf 83' lang='lat' dir='ltr'>quaestionis,</span> <span class='ocrx_word' id='word_1_649' title='bbox 1060 2932 1117 2963; x_wconf 87' lang='lat' dir='ltr'>tria</span> <span class='ocrx_word' id='word_1_650' title='bbox 1133 2939 1207 2962; x_wconf 90' lang='lat' dir='ltr'>sunt</span> <span class='ocrx_word' id='word_1_651' title='bbox 1223 2932 1371 2963; x_wconf 84' lang='lat' dir='ltr'>notanda.</span> <span class='ocrx_word' id='word_1_652' title='bbox 1397 2931 1399 2969; x_wconf 62' lang='lat' dir='ltr'>*ff</span> 
     </span>
    </p>
   </div>
   <div class='ocr_carea' id='block_1_31' title="bbox 71 2977 1375 3550">
    <p class='ocr_par' dir='ltr' id='par_1_57' title="bbox 302 2977 1375 3462">
     <span class='ocr_line' id='line_1_96' title="bbox 338 2977 1371 3018; baseline -0.001 -10"><span class='ocrx_word' id='word_1_653' title='bbox 338 2978 490 3010; x_wconf 88' lang='lat' dir='ltr'>Primum.</span> <span class='ocrx_word' id='word_1_654' title='bbox 516 2977 602 3010; x_wconf 89' lang='lat' dir='ltr'>Cum</span> <span class='ocrx_word' id='word_1_655' title='bbox 626 2977 749 3013; x_wconf 86' lang='lat' dir='ltr'>dicitur,</span> <span class='ocrx_word' id='word_1_656' title='bbox 774 2977 813 3008; x_wconf 90' lang='lat' dir='ltr'>In</span> <span class='ocrx_word' id='word_1_657' title='bbox 838 2977 987 3017; x_wconf 81' lang='lat' dir='ltr'>operibus</span> <span class='ocrx_word' id='word_1_658' title='bbox 1014 2977 1279 3018; x_wconf 83' lang='lat' dir='ltr'>contemplativae</span> <span class='ocrx_word' id='word_1_659' title='bbox 1302 2986 1371 3007; x_wconf 87' lang='lat' dir='ltr'>cor·</span> 
     </span>
     <span class='ocr_line' id='line_1_97' title="bbox 302 3021 1374 3063; baseline -0.002 -10"><span class='ocrx_word' id='word_1_660' title='bbox 302 3024 461 3063; x_wconf 83' lang='lat' dir='ltr'>poraliter</span> <span class='ocrx_word' id='word_1_661' title='bbox 485 3032 547 3053; x_wconf 88' lang='lat' dir='ltr'>non</span> <span class='ocrx_word' id='word_1_662' title='bbox 572 3022 768 3059; x_wconf 84' lang='lat' dir='ltr'>laboramus,</span> <span class='ocrx_word' id='word_1_663' title='bbox 794 3022 825 3063; x_wconf 92' lang='lat' dir='ltr'>ly</span> <span class='ocrx_word' id='word_1_664' title='bbox 849 3023 1062 3062; x_wconf 84' lang='lat' dir='ltr'>corporaliter</span> <span class='ocrx_word' id='word_1_665' title='bbox 1085 3031 1149 3052; x_wconf 90' lang='lat' dir='ltr'>non</span> <span class='ocrx_word' id='word_1_666' title='bbox 1178 3021 1315 3052; x_wconf 88' lang='lat' dir='ltr'>sumitur</span> <span class='ocrx_word' id='word_1_667' title='bbox 1338 3027 1374 3052; x_wconf 90' lang='lat' dir='ltr'>ut</span> 
     </span>
     <span class='ocr_line' id='line_1_98' title="bbox 307 3066 1374 3107; baseline -0.001 -10"><span class='ocrx_word' id='word_1_668' title='bbox 307 3068 509 3105; x_wconf 73' lang='lat' dir='ltr'>distinguitur</span> <span class='ocrx_word' id='word_1_669' title='bbox 540 3073 649 3098; x_wconf 90' lang='lat' dir='ltr'>contra</span> <span class='ocrx_word' id='word_1_670' title='bbox 675 3067 904 3107; x_wconf 83' lang='lat' dir='ltr'>spiritualiter,</span> <span class='ocrx_word' id='word_1_671' title='bbox 931 3066 992 3096; x_wconf 88' lang='lat' dir='ltr'>hoc</span> <span class='ocrx_word' id='word_1_672' title='bbox 1020 3073 1075 3102; x_wconf 88' lang='lat' dir='ltr'>est,</span> <span class='ocrx_word' id='word_1_673' title='bbox 1101 3066 1374 3096; x_wconf 86' lang='lat' dir='ltr'>immaterialiter:</span> 
     </span>
     <span class='ocr_line' id='line_1_99' title="bbox 307 3110 1372 3152; baseline -0.002 -10"><span class='ocrx_word' id='word_1_674' title='bbox 307 3112 461 3152; x_wconf 86' lang='lat' dir='ltr'>quoniam</span> <span class='ocrx_word' id='word_1_675' title='bbox 496 3118 619 3142; x_wconf 88' lang='lat' dir='ltr'>constat</span> <span class='ocrx_word' id='word_1_676' title='bbox 647 3111 691 3142; x_wconf 91' lang='lat' dir='ltr'>sic</span> <span class='ocrx_word' id='word_1_677' title='bbox 723 3111 928 3151; x_wconf 83' lang='lat' dir='ltr'>corporaliter</span> <span class='ocrx_word' id='word_1_678' title='bbox 963 3120 1021 3141; x_wconf 91' lang='lat' dir='ltr'>nos</span> <span class='ocrx_word' id='word_1_679' title='bbox 1055 3110 1199 3141; x_wconf 86' lang='lat' dir='ltr'>laborare</span> <span class='ocrx_word' id='word_1_680' title='bbox 1231 3117 1372 3141; x_wconf 86' lang='lat' dir='ltr'>contem-</span> 
     </span>
     <span class='ocr_line' id='line_1_100' title="bbox 307 3154 1373 3196; baseline -0.001 -10"><span class='ocrx_word' id='word_1_681' title='bbox 307 3157 424 3196; x_wconf 91' lang='lat' dir='ltr'>plando</span> <span class='ocrx_word' id='word_1_682' title='bbox 448 3156 480 3186; x_wconf 89' lang='lat' dir='ltr'>in</span> <span class='ocrx_word' id='word_1_683' title='bbox 504 3163 591 3196; x_wconf 87' lang='lat' dir='ltr'>parte</span> <span class='ocrx_word' id='word_1_684' title='bbox 615 3155 762 3186; x_wconf 85' lang='lat' dir='ltr'>sensitiva</span> <span class='ocrx_word' id='word_1_685' title='bbox 785 3155 982 3186; x_wconf 81' lang='lat' dir='ltr'>ministrante</span> <span class='ocrx_word' id='word_1_686' title='bbox 1006 3155 1189 3186; x_wconf 91' lang='lat' dir='ltr'>intellectui.</span> <span class='ocrx_word' id='word_1_687' title='bbox 1214 3154 1316 3186; x_wconf 86' lang='lat' dir='ltr'>Cuius</span> <span class='ocrx_word' id='word_1_688' title='bbox 1333 3154 1373 3185; x_wconf 92' lang='lat' dir='ltr'>si-</span> 
     </span>
     <span class='ocr_line' id='line_1_101' title="bbox 307 3199 1373 3240; baseline 0 -10"><span class='ocrx_word' id='word_1_689' title='bbox 307 3210 407 3240; x_wconf 86' lang='lat' dir='ltr'>gnum</span> <span class='ocrx_word' id='word_1_690' title='bbox 430 3208 477 3232; x_wconf 88' lang='lat' dir='ltr'>est</span> <span class='ocrx_word' id='word_1_691' title='bbox 501 3199 642 3240; x_wconf 81' lang='lat' dir='ltr'>fatigatio</span> <span class='ocrx_word' id='word_1_692' title='bbox 665 3200 697 3230; x_wconf 87' lang='lat' dir='ltr'>in</span> <span class='ocrx_word' id='word_1_693' title='bbox 721 3199 950 3236; x_wconf 84' lang='lat' dir='ltr'>continuando,</span> <span class='ocrx_word' id='word_1_694' title='bbox 967 3209 1041 3230; x_wconf 88' lang='lat' dir='ltr'>cum</span> <span class='ocrx_word' id='word_1_695' title='bbox 1059 3199 1270 3231; x_wconf 79' lang='lat' dir='ltr'>exinanitione</span> <span class='ocrx_word' id='word_1_696' title='bbox 1293 3209 1373 3240; x_wconf 91' lang='lat' dir='ltr'>quo-</span> 
     </span>
     <span class='ocr_line' id='line_1_102' title="bbox 308 3243 1374 3286; baseline -0.001 -11"><span class='ocrx_word' id='word_1_697' title='bbox 308 3245 482 3275; x_wconf 89' lang='lat' dir='ltr'>dammodo</span> <span class='ocrx_word' id='word_1_698' title='bbox 506 3244 612 3275; x_wconf 88' lang='lat' dir='ltr'>relicta</span> <span class='ocrx_word' id='word_1_699' title='bbox 635 3244 815 3286; x_wconf 87' lang='lat' dir='ltr'>spirituum.</span> <span class='ocrx_word' id='word_1_700' title='bbox 844 3244 906 3275; x_wconf 91' lang='lat' dir='ltr'>Sed</span> <span class='ocrx_word' id='word_1_701' title='bbox 929 3243 1081 3284; x_wconf 82' lang='lat' dir='ltr'>accipitur</span> <span class='ocrx_word' id='word_1_702' title='bbox 1104 3244 1316 3285; x_wconf 83' lang='lat' dir='ltr'>corporaliter</span> <span class='ocrx_word' id='word_1_703' title='bbox 1339 3250 1374 3275; x_wconf 88' lang='lat' dir='ltr'>ut</span> 
     </span>
     <span class='ocr_line' id='line_1_103' title="bbox 309 3288 1375 3328; baseline 0 -10"><span class='ocrx_word' id='word_1_704' title='bbox 309 3288 509 3328; x_wconf 85' lang='lat' dir='ltr'>distinguitur</span> <span class='ocrx_word' id='word_1_705' title='bbox 539 3295 648 3320; x_wconf 88' lang='lat' dir='ltr'>contra</span> <span class='ocrx_word' id='word_1_706' title='bbox 675 3289 879 3319; x_wconf 88' lang='lat' dir='ltr'>animaliter:</span> <span class='ocrx_word' id='word_1_707' title='bbox 914 3289 995 3319; x_wconf 87' lang='lat' dir='ltr'>sicut</span> <span class='ocrx_word' id='word_1_708' title='bbox 1025 3298 1140 3328; x_wconf 87' lang='lat' dir='ltr'>corpus</span> <span class='ocrx_word' id='word_1_709' title='bbox 1171 3288 1375 3328; x_wconf 86' lang='lat' dir='ltr'>distinguitur</span> 
     </span>
     <span class='ocr_line' id='line_1_104' title="bbox 310 3332 1373 3374; baseline 0.001 -12"><span class='ocrx_word' id='word_1_710' title='bbox 310 3339 417 3363; x_wconf 86' lang='lat' dir='ltr'>contra</span> <span class='ocrx_word' id='word_1_711' title='bbox 440 3333 588 3364; x_wconf 88' lang='lat' dir='ltr'>animam.</span> <span class='ocrx_word' id='word_1_712' title='bbox 613 3333 664 3364; x_wconf 90' lang='lat' dir='ltr'>Sic</span> <span class='ocrx_word' id='word_1_713' title='bbox 687 3333 771 3364; x_wconf 89' lang='lat' dir='ltr'>enim</span> <span class='ocrx_word' id='word_1_714' title='bbox 797 3333 902 3363; x_wconf 90' lang='lat' dir='ltr'>solum</span> <span class='ocrx_word' id='word_1_715' title='bbox 928 3333 1132 3373; x_wconf 86' lang='lat' dir='ltr'>corporaliter</span> <span class='ocrx_word' id='word_1_716' title='bbox 1147 3333 1292 3364; x_wconf 84' lang='lat' dir='ltr'>laborant</span> <span class='ocrx_word' id='word_1_717' title='bbox 1318 3332 1373 3374; x_wconf 92' lang='lat' dir='ltr'>qui</span> 
     </span>
     <span class='ocr_line' id='line_1_105' title="bbox 309 3377 1373 3418; baseline 0 -11"><span class='ocrx_word' id='word_1_718' title='bbox 309 3377 459 3407; x_wconf 86' lang='lat' dir='ltr'>membris</span> <span class='ocrx_word' id='word_1_719' title='bbox 482 3377 699 3417; x_wconf 85' lang='lat' dir='ltr'>corporalibus</span> <span class='ocrx_word' id='word_1_720' title='bbox 723 3378 885 3418; x_wconf 87' lang='lat' dir='ltr'>operando</span> <span class='ocrx_word' id='word_1_721' title='bbox 911 3384 1053 3413; x_wconf 87' lang='lat' dir='ltr'>utuntur,</span> <span class='ocrx_word' id='word_1_722' title='bbox 1078 3385 1113 3409; x_wconf 93' lang='lat' dir='ltr'>ut</span> <span class='ocrx_word' id='word_1_723' title='bbox 1136 3377 1278 3414; x_wconf 82' lang='lat' dir='ltr'>artifices,</span> <span class='ocrx_word' id='word_1_724' title='bbox 1295 3377 1373 3417; x_wconf 85' lang='lat' dir='ltr'>agri-</span> 
     </span>
     <span class='ocr_line' id='line_1_106' title="bbox 310 3420 1375 3462; baseline 0.001 -11"><span class='ocrx_word' id='word_1_725' title='bbox 310 3420 397 3451; x_wconf 85' lang='lat' dir='ltr'>colae</span> <span class='ocrx_word' id='word_1_726' title='bbox 425 3427 454 3451; x_wconf 90' lang='lat' dir='ltr'>et</span> <span class='ocrx_word' id='word_1_727' title='bbox 483 3421 677 3452; x_wconf 86' lang='lat' dir='ltr'>huiusmodi.</span> <span class='ocrx_word' id='word_1_728' title='bbox 711 3421 950 3462; x_wconf 83' lang='lat' dir='ltr'>Contemplatio</span> <span class='ocrx_word' id='word_1_729' title='bbox 982 3429 1089 3452; x_wconf 88' lang='lat' dir='ltr'>autem</span> <span class='ocrx_word' id='word_1_730' title='bbox 1119 3420 1154 3452; x_wconf 89' lang='lat' dir='ltr'>fit</span> <span class='ocrx_word' id='word_1_731' title='bbox 1183 3421 1321 3453; x_wconf 84' lang='lat' dir='ltr'>sedendo</span> <span class='ocrx_word' id='word_1_732' title='bbox 1344 3427 1375 3452; x_wconf 85' lang='lat' dir='ltr'>et</span> 
     </span>
    </p>

    <p class='ocr_par' dir='ltr' id='par_1_58' title="bbox 71 3464 1375 3550">
     <span class='ocr_line' id='line_1_107' title="bbox 71 3464 1371 3506; baseline 0 -9"><span class='ocrx_word' id='word_1_733' title='bbox 71 3468 284 3500; x_wconf 62' lang='grc' dir='ltr'>’(Ξὶᾼτὶιῑοῑ-ΡΙΨ·</span> <span class='ocrx_word' id='word_1_734' title='bbox 309 3464 497 3506; x_wconf 81' lang='lat' dir='ltr'>quiescendo</span> <span class='ocrx_word' id='word_1_735' title='bbox 512 3464 539 3498; x_wconf 88' lang='lat'>*.</span> <span class='ocrx_word' id='word_1_736' title='bbox 564 3465 603 3495; x_wconf 91' lang='lat' dir='ltr'>Et</span> <span class='ocrx_word' id='word_1_737' title='bbox 619 3465 691 3496; x_wconf 89' lang='lat' dir='ltr'>ideo</span> <span class='ocrx_word' id='word_1_738' title='bbox 716 3467 835 3506; x_wconf 85' lang='lat' dir='ltr'>absque</span> <span class='ocrx_word' id='word_1_739' title='bbox 859 3466 1016 3506; x_wconf 88' lang='lat' dir='ltr'>corporali</span> <span class='ocrx_word' id='word_1_740' title='bbox 1041 3466 1148 3496; x_wconf 87' lang='lat' dir='ltr'>labore</span> <span class='ocrx_word' id='word_1_741' title='bbox 1165 3464 1231 3496; x_wconf 84' lang='lat' dir='ltr'>fieri</span> <span class='ocrx_word' id='word_1_742' title='bbox 1249 3465 1371 3497; x_wconf 88' lang='lat' dir='ltr'>dicitur.</span> 
     </span>
     <span class='ocr_line' id='line_1_108' title="bbox 71 3495 1375 3550; baseline 0.001 -11"><span class='ocrx_word' id='word_1_743' title='bbox 71 3497 112 3550; x_wconf 60' lang='lat'>1⁸:¹1⁶,</span> <span class='ocrx_word' id='word_1_744' title='bbox 121 3495 223 3550; x_wconf 45' lang='grc' dir='ltr'>ζ’,δῇἵιειῖ</span> <span class='ocrx_word' id='word_1_745' title='bbox 232 3501 282 3544; x_wconf 53' lang='lat' dir='ltr'>“i-fi]</span> <span class='ocrx_word' id='word_1_746' title='bbox 366 3509 549 3540; x_wconf 88' lang='lat' dir='ltr'>Secundum</span> <span class='ocrx_word' id='word_1_747' title='bbox 566 3515 611 3539; x_wconf 87' lang='lat' dir='ltr'>est</span> <span class='ocrx_word' id='word_1_748' title='bbox 634 3510 733 3549; x_wconf 88' lang='lat' dir='ltr'>quod,</span> <span class='ocrx_word' id='word_1_749' title='bbox 751 3511 828 3540; x_wconf 90' lang='lat' dir='ltr'>dum</span> <span class='ocrx_word' id='word_1_750' title='bbox 852 3510 970 3541; x_wconf 90' lang='lat' dir='ltr'>ibidem</span> <span class='ocrx_word' id='word_1_751' title='bbox 989 3510 1144 3546; x_wconf 82' lang='lat' dir='ltr'>subditur,</span> <span class='ocrx_word' id='word_1_752' title='bbox 1161 3510 1246 3541; x_wconf 85' lang='lat' dir='ltr'>unde</span> <span class='ocrx_word' id='word_1_753' title='bbox 1269 3510 1375 3550; x_wconf 79' lang='lat' dir='ltr'>magis</span> 
     </span>
    </p>
   </div>
   <div class='ocr_carea' id='block_1_32' title="bbox 1395 2971 1404 3619">
    <p class='ocr_par' dir='ltr' id='par_1_59' title="bbox 1395 2971 1404 3619">
     <span class='ocr_line' id='line_1_109' title="bbox 1395 2971 1404 3619; baseline 0 0"><span class='ocrx_word' id='word_1_754' title='bbox 1395 2971 1404 3619; x_wconf 95' lang='lat' dir='ltr'> </span> 
     </span>
    </p>
   </div>
   <div class='ocr_carea' id='block_1_33' title="bbox 71 3553 1373 3594">
    <p class='ocr_par' dir='ltr' id='par_1_60' title="bbox 71 3553 1373 3594">
     <span class='ocr_line' id='line_1_110' title="bbox 71 3553 1373 3594; baseline 0 -10"><span class='ocrx_word' id='word_1_755' title='bbox 71 3553 113 3572; x_wconf 67' lang='lat'>⁶0¹·</span> <span class='ocrx_word' id='word_1_756' title='bbox 130 3555 161 3571; x_wconf 46' lang='grc' dir='ltr'>γ’·</span> <span class='ocrx_word' id='word_1_757' title='bbox 311 3554 460 3584; x_wconf 87' lang='lat' dir='ltr'>continue</span> <span class='ocrx_word' id='word_1_758' title='bbox 490 3553 520 3583; x_wconf 88' lang='lat' dir='ltr'>in</span> <span class='ocrx_word' id='word_1_759' title='bbox 551 3553 733 3584; x_wconf 83' lang='lat' dir='ltr'>huiusmodi</span> <span class='ocrx_word' id='word_1_760' title='bbox 755 3554 902 3594; x_wconf 83' lang='lat' dir='ltr'>operibus</span> <span class='ocrx_word' id='word_1_761' title='bbox 921 3555 1094 3594; x_wconf 84' lang='lat' dir='ltr'>persistere</span> <span class='ocrx_word' id='word_1_762' title='bbox 1115 3563 1300 3594; x_wconf 80' lang='lat' dir='ltr'>possumus,</span> <span class='ocrx_word' id='word_1_763' title='bbox 1325 3553 1373 3584; x_wconf 91' lang='lat' dir='ltr'>in-</span> 
     </span>
    </p>
   </div>
   <div class='ocr_carea' id='block_1_34' title="bbox 311 3597 1401 3638">
    <p class='ocr_par' dir='ltr' id='par_1_61' title="bbox 311 3597 1401 3638">
     <span class='ocr_line' id='line_1_111' title="bbox 311 3597 1401 3638; baseline 0.001 -10"><span class='ocrx_word' id='word_1_764' title='bbox 311 3597 517 3637; x_wconf 88' lang='lat' dir='ltr'>telligendum</span> <span class='ocrx_word' id='word_1_765' title='bbox 541 3603 606 3632; x_wconf 85' lang='lat' dir='ltr'>est,</span> <span class='ocrx_word' id='word_1_766' title='bbox 639 3607 704 3628; x_wconf 92' lang='lat' dir='ltr'>non</span> <span class='ocrx_word' id='word_1_767' title='bbox 736 3598 889 3633; x_wconf 87' lang='lat' dir='ltr'>totaliter,</span> <span class='ocrx_word' id='word_1_768' title='bbox 914 3598 968 3628; x_wconf 92' lang='lat' dir='ltr'>sed</span> <span class='ocrx_word' id='word_1_769' title='bbox 998 3598 1087 3638; x_wconf 92' lang='lat' dir='ltr'>quod</span> <span class='ocrx_word' id='word_1_770' title='bbox 1117 3608 1154 3628; x_wconf 88' lang='lat' dir='ltr'>ex</span> <span class='ocrx_word' id='word_1_771' title='bbox 1185 3597 1243 3628; x_wconf 88' lang='lat' dir='ltr'>hac</span> <span class='ocrx_word' id='word_1_772' title='bbox 1267 3597 1374 3628; x_wconf 88' lang='lat' dir='ltr'>condi·</span> <span class='ocrx_word' id='word_1_773' title='bbox 1400 3622 1401 3630; x_wconf 66' lang='grc'>,</span> 
     </span>
    </p>
   </div>
   <div class='ocr_carea' id='block_1_35' title="bbox 1426 2931 2496 3061">
    <p class='ocr_par' dir='ltr' id='par_1_62' title="bbox 1426 2931 2496 3061">
     <span class='ocr_line' id='line_1_112' title="bbox 1426 2931 2496 2972; baseline 0.001 -10"><span class='ocrx_word' id='word_1_774' title='bbox 1426 2932 1512 2962; x_wconf 92' lang='lat' dir='ltr'>tione</span> <span class='ocrx_word' id='word_1_775' title='bbox 1537 2932 1669 2962; x_wconf 87' lang='lat' dir='ltr'>habetur</span> <span class='ocrx_word' id='word_1_776' title='bbox 1685 2932 1840 2963; x_wconf 90' lang='lat' dir='ltr'>nonnulla</span> <span class='ocrx_word' id='word_1_777' title='bbox 1855 2932 1934 2962; x_wconf 87' lang='lat' dir='ltr'>ratio</span> <span class='ocrx_word' id='word_1_778' title='bbox 1959 2931 2173 2963; x_wconf 85' lang='lat' dir='ltr'>diuturnitatis</span> <span class='ocrx_word' id='word_1_779' title='bbox 2188 2931 2221 2962; x_wconf 90' lang='lat' dir='ltr'>in</span> <span class='ocrx_word' id='word_1_780' title='bbox 2237 2931 2496 2972; x_wconf 85' lang='lat' dir='ltr'>contemplando.</span> 
     </span>
     <span class='ocr_line' id='line_1_113' title="bbox 1427 2976 2496 3017; baseline 0 -10"><span class='ocrx_word' id='word_1_781' title='bbox 1427 2977 1471 3007; x_wconf 91' lang='lat' dir='ltr'>Ita</span> <span class='ocrx_word' id='word_1_782' title='bbox 1494 2977 1603 3017; x_wconf 89' lang='lat' dir='ltr'>quod,</span> <span class='ocrx_word' id='word_1_783' title='bbox 1628 2987 1703 3008; x_wconf 91' lang='lat' dir='ltr'>cum</span> <span class='ocrx_word' id='word_1_784' title='bbox 1726 2976 1765 3008; x_wconf 89' lang='lat' dir='ltr'>sit</span> <span class='ocrx_word' id='word_1_785' title='bbox 1789 2976 1839 3007; x_wconf 90' lang='lat' dir='ltr'>hic</span> <span class='ocrx_word' id='word_1_786' title='bbox 1866 2986 1971 3007; x_wconf 87' lang='lat' dir='ltr'>sermo</span> <span class='ocrx_word' id='word_1_787' title='bbox 1996 2977 2035 3008; x_wconf 93' lang='lat' dir='ltr'>de</span> <span class='ocrx_word' id='word_1_788' title='bbox 2057 2976 2263 3008; x_wconf 83' lang='lat' dir='ltr'>diuturnitate</span> <span class='ocrx_word' id='word_1_789' title='bbox 2293 2976 2401 3017; x_wconf 88' lang='lat' dir='ltr'>quoad</span> <span class='ocrx_word' id='word_1_790' title='bbox 2426 2986 2496 3014; x_wconf 71' lang='lat' dir='ltr'>nos,</span> 
     </span>
     <span class='ocr_line' id='line_1_114' title="bbox 1427 3020 2496 3061; baseline 0.001 -9"><span class='ocrx_word' id='word_1_791' title='bbox 1427 3031 1492 3051; x_wconf 90' lang='lat' dir='ltr'>non</span> <span class='ocrx_word' id='word_1_792' title='bbox 1516 3029 1562 3052; x_wconf 89' lang='lat' dir='ltr'>est</span> <span class='ocrx_word' id='word_1_793' title='bbox 1580 3021 1766 3052; x_wconf 85' lang='lat' dir='ltr'>intentionis</span> <span class='ocrx_word' id='word_1_794' title='bbox 1782 3020 1953 3061; x_wconf 82' lang='lat' dir='ltr'>praesentis</span> <span class='ocrx_word' id='word_1_795' title='bbox 1968 3020 2090 3052; x_wconf 83' lang='lat' dir='ltr'>litterae</span> <span class='ocrx_word' id='word_1_796' title='bbox 2113 3020 2215 3052; x_wconf 83' lang='lat' dir='ltr'>dicere</span> <span class='ocrx_word' id='word_1_797' title='bbox 2234 3021 2324 3061; x_wconf 91' lang='lat' dir='ltr'>quod</span> <span class='ocrx_word' id='word_1_798' title='bbox 2339 3020 2402 3052; x_wconf 85' lang='lat' dir='ltr'>vita</span> <span class='ocrx_word' id='word_1_799' title='bbox 2419 3031 2496 3053; x_wconf 86' lang='lat' dir='ltr'>con-</span> 
     </span>
    </p>
   </div>
   <div class='ocr_carea' id='block_1_36' title="bbox 1398 3064 2497 3107">
    <p class='ocr_par' dir='ltr' id='par_1_63' title="bbox 1398 3064 2497 3107">
     <span class='ocr_line' id='line_1_115' title="bbox 1398 3064 2497 3107; baseline 0.003 -11"><span class='ocrx_word' id='word_1_800' title='bbox 1398 3065 1400 3077; x_wconf 78' lang='lat'><em>&#39;</em></span> <span class='ocrx_word' id='word_1_801' title='bbox 1426 3065 1610 3106; x_wconf 85' lang='lat' dir='ltr'>templativa</span> <span class='ocrx_word' id='word_1_802' title='bbox 1633 3076 1668 3097; x_wconf 84' lang='lat' dir='ltr'>ex</span> <span class='ocrx_word' id='word_1_803' title='bbox 1693 3074 1781 3107; x_wconf 86' lang='lat' dir='ltr'>parte</span> <span class='ocrx_word' id='word_1_804' title='bbox 1810 3065 1910 3097; x_wconf 85' lang='lat' dir='ltr'>nostri</span> <span class='ocrx_word' id='word_1_805' title='bbox 1941 3065 1981 3097; x_wconf 87' lang='lat' dir='ltr'>sit</span> <span class='ocrx_word' id='word_1_806' title='bbox 2003 3064 2140 3097; x_wconf 83' lang='lat' dir='ltr'>totaliter</span> <span class='ocrx_word' id='word_1_807' title='bbox 2162 3064 2328 3102; x_wconf 90' lang='lat' dir='ltr'>diuturna,</span> <span class='ocrx_word' id='word_1_808' title='bbox 2353 3075 2393 3096; x_wconf 90' lang='lat' dir='ltr'>eo</span> <span class='ocrx_word' id='word_1_809' title='bbox 2420 3065 2497 3107; x_wconf 74' lang='lat' dir='ltr'>quin</span> 
     </span>
    </p>
   </div>
   <div class='ocr_carea' id='block_1_37' title="bbox 1427 3108 2731 3638">
    <p class='ocr_par' dir='ltr' id='par_1_64' title="bbox 1427 3108 2731 3638">
     <span class='ocr_line' id='line_1_116' title="bbox 1427 3108 2495 3151; baseline 0 -9"><span class='ocrx_word' id='word_1_810' title='bbox 1427 3121 1493 3142; x_wconf 91' lang='lat' dir='ltr'>non</span> <span class='ocrx_word' id='word_1_811' title='bbox 1517 3117 1563 3141; x_wconf 89' lang='lat' dir='ltr'>est</span> <span class='ocrx_word' id='word_1_812' title='bbox 1586 3110 1629 3141; x_wconf 91' lang='lat' dir='ltr'>ibi</span> <span class='ocrx_word' id='word_1_813' title='bbox 1652 3111 1743 3142; x_wconf 87' lang='lat' dir='ltr'>labor</span> <span class='ocrx_word' id='word_1_814' title='bbox 1766 3109 1956 3151; x_wconf 80' lang='lat' dir='ltr'>corporalis:</span> <span class='ocrx_word' id='word_1_815' title='bbox 1980 3108 2135 3150; x_wconf 85' lang='lat' dir='ltr'>quoniam</span> <span class='ocrx_word' id='word_1_816' title='bbox 2157 3109 2254 3140; x_wconf 89' lang='lat' dir='ltr'>etiam</span> <span class='ocrx_word' id='word_1_817' title='bbox 2273 3119 2310 3140; x_wconf 89' lang='lat' dir='ltr'>ex</span> <span class='ocrx_word' id='word_1_818' title='bbox 2326 3116 2414 3150; x_wconf 88' lang='lat' dir='ltr'>parte</span> <span class='ocrx_word' id='word_1_819' title='bbox 2437 3118 2495 3142; x_wconf 88' lang='lat' dir='ltr'>no-</span> 
     </span>
     <span class='ocr_line' id='line_1_117' title="bbox 1427 3153 2496 3195; baseline 0.001 -9"><span class='ocrx_word' id='word_1_820' title='bbox 1427 3155 1480 3186; x_wconf 88' lang='lat' dir='ltr'>stri</span> <span class='ocrx_word' id='word_1_821' title='bbox 1505 3155 1612 3186; x_wconf 87' lang='lat' dir='ltr'>minus</span> <span class='ocrx_word' id='word_1_822' title='bbox 1637 3154 1787 3186; x_wconf 89' lang='lat' dir='ltr'>diuturna</span> <span class='ocrx_word' id='word_1_823' title='bbox 1820 3153 1992 3190; x_wconf 87' lang='lat' dir='ltr'>invenitur,</span> <span class='ocrx_word' id='word_1_824' title='bbox 2015 3153 2095 3184; x_wconf 85' lang='lat' dir='ltr'>dum</span> <span class='ocrx_word' id='word_1_825' title='bbox 2119 3163 2156 3184; x_wconf 85' lang='lat' dir='ltr'>ex</span> <span class='ocrx_word' id='word_1_826' title='bbox 2179 3154 2322 3194; x_wconf 86' lang='lat' dir='ltr'>corporis</span> <span class='ocrx_word' id='word_1_827' title='bbox 2345 3154 2496 3195; x_wconf 81' lang='lat' dir='ltr'>gravitate</span> 
     </span>
     <span class='ocr_line' id='line_1_118' title="bbox 1427 3197 2496 3240; baseline 0.001 -10"><span class='ocrx_word' id='word_1_828' title='bbox 1427 3199 1617 3230; x_wconf 77' lang='lat' dir='ltr'>retrahimur</span> <span class='ocrx_word' id='word_1_829' title='bbox 1632 3200 1671 3230; x_wconf 87' lang='lat' dir='ltr'>ab</span> <span class='ocrx_word' id='word_1_830' title='bbox 1694 3198 1860 3230; x_wconf 85' lang='lat' dir='ltr'>altitudine</span> <span class='ocrx_word' id='word_1_831' title='bbox 1875 3197 2163 3238; x_wconf 84' lang='lat' dir='ltr'>contemplationis,</span> <span class='ocrx_word' id='word_1_832' title='bbox 2181 3205 2216 3229; x_wconf 92' lang='lat' dir='ltr'>ut</span> <span class='ocrx_word' id='word_1_833' title='bbox 2239 3198 2270 3229; x_wconf 89' lang='lat' dir='ltr'>in</span> <span class='ocrx_word' id='word_1_834' title='bbox 2296 3199 2380 3230; x_wconf 84' lang='lat' dir='ltr'>calce</span> <span class='ocrx_word' id='word_1_835' title='bbox 2398 3207 2496 3240; x_wconf 52' lang='lat' dir='ltr'>quae*</span> 
     </span>
     <span class='ocr_line' id='line_1_119' title="bbox 1427 3241 2710 3284; baseline -0.001 -10"><span class='ocrx_word' id='word_1_836' title='bbox 1427 3244 1538 3275; x_wconf 85' lang='lat' dir='ltr'>stionis</span> <span class='ocrx_word' id='word_1_837' title='bbox 1563 3243 1724 3284; x_wconf 86' lang='lat' dir='ltr'>sequentis</span> <span class='ocrx_word' id='word_1_838' title='bbox 1738 3243 1756 3263; x_wconf 78' lang='lat'>³⁸¹</span> <span class='ocrx_word' id='word_1_839' title='bbox 1778 3244 1901 3274; x_wconf 85' lang='lat' dir='ltr'>Auctor</span> <span class='ocrx_word' id='word_1_840' title='bbox 1923 3251 1960 3273; x_wconf 87' lang='lat' dir='ltr'>ex</span> <span class='ocrx_word' id='word_1_841' title='bbox 1983 3241 2139 3282; x_wconf 83' lang='lat' dir='ltr'>Gregorio</span> <span class='ocrx_word' id='word_1_842' title='bbox 2163 3242 2247 3274; x_wconf 89' lang='lat' dir='ltr'>dicit.</span> <span class='ocrx_word' id='word_1_843' title='bbox 2275 3242 2338 3274; x_wconf 86' lang='lat' dir='ltr'>Sed</span> <span class='ocrx_word' id='word_1_844' title='bbox 2361 3243 2496 3275; x_wconf 83' lang='lat' dir='ltr'>intendit</span> <span class='ocrx_word' id='word_1_845' title='bbox 2519 3249 2595 3273; x_wconf 76' lang='lat' dir='ltr'>⁸An.</span> <span class='ocrx_word' id='word_1_846' title='bbox 2608 3256 2634 3278; x_wconf 75' lang='lat'>4.</span> <span class='ocrx_word' id='word_1_847' title='bbox 2647 3249 2677 3273; x_wconf 69' lang='lat' dir='ltr'>aa</span> <span class='ocrx_word' id='word_1_848' title='bbox 2689 3255 2710 3279; x_wconf 73' lang='lat'>3.</span> 
     </span>
     <span class='ocr_line' id='line_1_120' title="bbox 1427 3285 2494 3329; baseline -0.001 -10"><span class='ocrx_word' id='word_1_849' title='bbox 1427 3289 1516 3329; x_wconf 93' lang='lat' dir='ltr'>quod</span> <span class='ocrx_word' id='word_1_850' title='bbox 1540 3298 1577 3320; x_wconf 85' lang='lat' dir='ltr'>ex</span> <span class='ocrx_word' id='word_1_851' title='bbox 1600 3288 1661 3319; x_wconf 92' lang='lat' dir='ltr'>hoc</span> <span class='ocrx_word' id='word_1_852' title='bbox 1685 3287 1756 3328; x_wconf 83' lang='lat' dir='ltr'>ipso</span> <span class='ocrx_word' id='word_1_853' title='bbox 1779 3285 2007 3326; x_wconf 80' lang='lat' dir='ltr'>contemplatio</span> <span class='ocrx_word' id='word_1_854' title='bbox 2031 3295 2068 3317; x_wconf 87' lang='lat' dir='ltr'>ex</span> <span class='ocrx_word' id='word_1_855' title='bbox 2091 3293 2178 3326; x_wconf 87' lang='lat' dir='ltr'>parte</span> <span class='ocrx_word' id='word_1_856' title='bbox 2201 3286 2300 3319; x_wconf 86' lang='lat' dir='ltr'>nostri</span> <span class='ocrx_word' id='word_1_857' title='bbox 2324 3294 2371 3319; x_wconf 85' lang='lat' dir='ltr'>est</span> <span class='ocrx_word' id='word_1_858' title='bbox 2393 3287 2494 3328; x_wconf 75' lang='lat' dir='ltr'>magia</span> 
     </span>
     <span class='ocr_line' id='line_1_121' title="bbox 1428 3330 2493 3373; baseline -0.001 -9"><span class='ocrx_word' id='word_1_859' title='bbox 1428 3333 1589 3369; x_wconf 86' lang='lat' dir='ltr'>continua,</span> <span class='ocrx_word' id='word_1_860' title='bbox 1606 3332 1668 3363; x_wconf 89' lang='lat' dir='ltr'>hoc</span> <span class='ocrx_word' id='word_1_861' title='bbox 1691 3338 1747 3368; x_wconf 86' lang='lat' dir='ltr'>est,</span> <span class='ocrx_word' id='word_1_862' title='bbox 1763 3330 1863 3371; x_wconf 82' lang='lat' dir='ltr'>magis</span> <span class='ocrx_word' id='word_1_863' title='bbox 1886 3340 1922 3361; x_wconf 89' lang='lat' dir='ltr'>ac</span> <span class='ocrx_word' id='word_1_864' title='bbox 1945 3330 2045 3370; x_wconf 80' lang='lat' dir='ltr'>magis</span> <span class='ocrx_word' id='word_1_865' title='bbox 2068 3331 2245 3362; x_wconf 86' lang='lat' dir='ltr'>continuari</span> <span class='ocrx_word' id='word_1_866' title='bbox 2268 3338 2383 3372; x_wconf 81' lang='lat' dir='ltr'>potest,</span> <span class='ocrx_word' id='word_1_867' title='bbox 2403 3332 2493 3373; x_wconf 85' lang='lat' dir='ltr'>quod</span> 
     </span>
     <span class='ocr_line' id='line_1_122' title="bbox 1427 3373 2493 3417; baseline -0.001 -9"><span class='ocrx_word' id='word_1_868' title='bbox 1427 3376 1600 3417; x_wconf 84' lang='lat' dir='ltr'>corporalis</span> <span class='ocrx_word' id='word_1_869' title='bbox 1617 3376 1706 3407; x_wconf 86' lang='lat' dir='ltr'>labor</span> <span class='ocrx_word' id='word_1_870' title='bbox 1720 3374 1763 3406; x_wconf 90' lang='lat' dir='ltr'>ibi</span> <span class='ocrx_word' id='word_1_871' title='bbox 1780 3384 1845 3405; x_wconf 91' lang='lat' dir='ltr'>non</span> <span class='ocrx_word' id='word_1_872' title='bbox 1858 3373 2033 3406; x_wconf 89' lang='lat' dir='ltr'>intervenit.</span> <span class='ocrx_word' id='word_1_873' title='bbox 2051 3375 2138 3406; x_wconf 88' lang='lat' dir='ltr'>Haec</span> <span class='ocrx_word' id='word_1_874' title='bbox 2155 3375 2239 3406; x_wconf 89' lang='lat' dir='ltr'>enim</span> <span class='ocrx_word' id='word_1_875' title='bbox 2253 3375 2378 3416; x_wconf 81' lang='lat' dir='ltr'>negatio</span> <span class='ocrx_word' id='word_1_876' title='bbox 2393 3375 2493 3416; x_wconf 83' lang='lat' dir='ltr'>impe—</span> 
     </span>
     <span class='ocr_line' id='line_1_123' title="bbox 1428 3418 2492 3453; baseline 0.001 -1"><span class='ocrx_word' id='word_1_877' title='bbox 1428 3421 1540 3452; x_wconf 85' lang='lat' dir='ltr'>dientis</span> <span class='ocrx_word' id='word_1_878' title='bbox 1556 3419 1672 3451; x_wconf 84' lang='lat' dir='ltr'>laboris</span> <span class='ocrx_word' id='word_1_879' title='bbox 1688 3418 1851 3449; x_wconf 86' lang='lat' dir='ltr'>manifeste</span> <span class='ocrx_word' id='word_1_880' title='bbox 1868 3419 1906 3449; x_wconf 87' lang='lat' dir='ltr'>ad</span> <span class='ocrx_word' id='word_1_881' title='bbox 1927 3418 2081 3450; x_wconf 84' lang='lat' dir='ltr'>maiorem</span> <span class='ocrx_word' id='word_1_882' title='bbox 2097 3419 2338 3452; x_wconf 86' lang='lat' dir='ltr'>continuitatem</span> <span class='ocrx_word' id='word_1_883' title='bbox 2360 3420 2492 3453; x_wconf 84' lang='lat' dir='ltr'>confert.</span> 
     </span>
     <span class='ocr_line' id='line_1_124' title="bbox 1483 3463 2492 3502; baseline 0.001 -7"><span class='ocrx_word' id='word_1_884' title='bbox 1483 3464 1629 3495; x_wconf 87' lang='lat' dir='ltr'>Tertium</span> <span class='ocrx_word' id='word_1_885' title='bbox 1652 3470 1698 3494; x_wconf 89' lang='lat' dir='ltr'>est</span> <span class='ocrx_word' id='word_1_886' title='bbox 1721 3463 1753 3493; x_wconf 89' lang='lat' dir='ltr'>in</span> <span class='ocrx_word' id='word_1_887' title='bbox 1785 3463 1991 3502; x_wconf 88' lang='lat' dir='ltr'>responsione</span> <span class='ocrx_word' id='word_1_888' title='bbox 2021 3464 2060 3494; x_wconf 84' lang='lat' dir='ltr'>ad</span> <span class='ocrx_word' id='word_1_889' title='bbox 2084 3465 2277 3501; x_wconf 88' lang='lat' dir='ltr'>secundum,</span> <span class='ocrx_word' id='word_1_890' title='bbox 2303 3464 2357 3496; x_wconf 90' lang='lat' dir='ltr'>ubi</span> <span class='ocrx_word' id='word_1_891' title='bbox 2390 3464 2492 3496; x_wconf 82' lang='lat' dir='ltr'>mani-</span> 
     </span>
     <span class='ocr_line' id='line_1_125' title="bbox 1428 3507 2731 3560; baseline -0.002 -20"><span class='ocrx_word' id='word_1_892' title='bbox 1428 3509 1505 3540; x_wconf 78' lang='lat' dir='ltr'>feste</span> <span class='ocrx_word' id='word_1_893' title='bbox 1527 3508 1623 3538; x_wconf 84' lang='lat' dir='ltr'>habes</span> <span class='ocrx_word' id='word_1_894' title='bbox 1647 3507 1735 3548; x_wconf 88' lang='lat' dir='ltr'>quod</span> <span class='ocrx_word' id='word_1_895' title='bbox 1759 3507 1904 3547; x_wconf 84' lang='lat' dir='ltr'>superius</span> <span class='ocrx_word' id='word_1_896' title='bbox 1919 3507 1936 3527; x_wconf 84' lang='lat'>*</span> <span class='ocrx_word' id='word_1_897' title='bbox 1959 3507 2095 3539; x_wconf 87' lang='lat' dir='ltr'>diximus</span> <span class='ocrx_word' id='word_1_898' title='bbox 2119 3509 2158 3540; x_wconf 85' lang='lat' dir='ltr'>de</span> <span class='ocrx_word' id='word_1_899' title='bbox 2181 3515 2273 3540; x_wconf 87' lang='lat' dir='ltr'>motu</span> <span class='ocrx_word' id='word_1_900' title='bbox 2297 3508 2439 3540; x_wconf 87' lang='lat' dir='ltr'>circulari</span> <span class='ocrx_word' id='word_1_901' title='bbox 2458 3508 2491 3539; x_wconf 91' lang='lat' dir='ltr'>in</span> <span class='ocrx_word' id='word_1_902' title='bbox 2517 3510 2528 3522; x_wconf 80' lang='lat'>⁸</span> <span class='ocrx_word' id='word_1_903' title='bbox 2541 3510 2597 3560; x_wconf 52' lang='lat'>‘³⁸02&#39;</span> <span class='ocrx_word' id='word_1_904' title='bbox 2615 3510 2638 3538; x_wconf 72' lang='lat'>⁶,</span> <span class='ocrx_word' id='word_1_905' title='bbox 2659 3510 2731 3560; x_wconf 47' lang='lat' dir='ltr'>Can·</span> 
     </span>
     <span class='ocr_line' id='line_1_126' title="bbox 1428 3543 2712 3594; baseline 0.001 -11"><span class='ocrx_word' id='word_1_906' title='bbox 1428 3553 1486 3583; x_wconf 87' lang='lat' dir='ltr'>hac</span> <span class='ocrx_word' id='word_1_907' title='bbox 1513 3551 1590 3588; x_wconf 81' lang='lat' dir='ltr'>vita,</span> <span class='ocrx_word' id='word_1_908' title='bbox 1614 3551 1676 3583; x_wconf 90' lang='lat' dir='ltr'>hoc</span> <span class='ocrx_word' id='word_1_909' title='bbox 1704 3558 1763 3588; x_wconf 87' lang='lat' dir='ltr'>est,</span> <span class='ocrx_word' id='word_1_910' title='bbox 1788 3562 1913 3582; x_wconf 84' lang='lat' dir='ltr'>summa</span> <span class='ocrx_word' id='word_1_911' title='bbox 1944 3552 2002 3583; x_wconf 91' lang='lat' dir='ltr'>Dei</span> <span class='ocrx_word' id='word_1_912' title='bbox 2031 3553 2316 3594; x_wconf 82' lang='lat' dir='ltr'>contemplatione:</span> <span class='ocrx_word' id='word_1_913' title='bbox 2348 3559 2379 3584; x_wconf 90' lang='lat' dir='ltr'>et</span> <span class='ocrx_word' id='word_1_914' title='bbox 2401 3553 2489 3594; x_wconf 87' lang='lat' dir='ltr'>quod</span> <span class='ocrx_word' id='word_1_915' title='bbox 2517 3543 2540 3560; x_wconf 78' lang='lat'>¹¹²</span> <span class='ocrx_word' id='word_1_916' title='bbox 2601 3543 2665 3560; x_wconf 63' lang='grc' dir='ltr'>’ω’</span> <span class='ocrx_word' id='word_1_917' title='bbox 2705 3554 2712 3560; x_wconf 85' lang='grc'><strong>”</strong></span> 
     </span>
     <span class='ocr_line' id='line_1_127' title="bbox 1428 3595 2345 3638; baseline 0.001 -11"><span class='ocrx_word' id='word_1_918' title='bbox 1428 3595 1595 3638; x_wconf 86' lang='lat' dir='ltr'>possibilis,</span> <span class='ocrx_word' id='word_1_919' title='bbox 1620 3602 1650 3626; x_wconf 93' lang='lat' dir='ltr'>et</span> <span class='ocrx_word' id='word_1_920' title='bbox 1672 3596 1761 3637; x_wconf 92' lang='lat' dir='ltr'>quod</span> <span class='ocrx_word' id='word_1_921' title='bbox 1784 3595 1898 3633; x_wconf 83' lang='lat' dir='ltr'>divina,</span> <span class='ocrx_word' id='word_1_922' title='bbox 1923 3603 1954 3627; x_wconf 86' lang='lat' dir='ltr'>et</span> <span class='ocrx_word' id='word_1_923' title='bbox 1977 3597 2065 3638; x_wconf 89' lang='lat' dir='ltr'>quod</span> <span class='ocrx_word' id='word_1_924' title='bbox 2089 3597 2266 3629; x_wconf 86' lang='lat' dir='ltr'>transitoria</span> <span class='ocrx_word' id='word_1_925' title='bbox 2290 3604 2345 3628; x_wconf 85' lang='lat' dir='ltr'>est.</span> 
     </span>
    </p>
   </div>
  </div>
 </body>
</html>
