2768 4198
29 728 42 741 ⁸
55 730 91 752 Cf.
106 735 175 760 num.
186 737 215 752 iv.

945 257 1213 303 QUAEsrio
1244 256 1416 303 CLXVI,
1446 256 1745 295 ARTICULUS
1776 257 1804 292 11

274 343 378 376 patet,
406 336 493 366 nulla
523 335 654 366 moralis
677 335 775 366 virtus
807 335 950 365 ordinata
974 335 1112 375 praecise
1142 336 1181 365 ad
1206 335 1346 365 naturale
1400 342 1508 366 autern
1532 335 1564 365 in
1590 334 1839 375 concupiscibili,
1857 334 1938 364 sicut
1961 334 2000 364 de
2017 333 2164 373 superbia
2189 334 2308 364 dictum
2329 334 2420 365 fuit*
2436 346 2472 366 ex
2500 342 2509 352 ·

274 382 396 411 bonum
421 380 574 415 habentis,
600 386 646 410 est
669 380 701 409 in
725 379 906 409 voluntate:
941 379 1016 420 quia
1041 379 1188 409 voluntas
1213 389 1249 409 ex
1274 389 1345 419 pro-

273 424 339 465 pria
363 431 474 454 natura
498 423 668 454 inclinatur
684 424 715 453 in
740 424 917 454 secundum
934 423 1089 453 rationem
1109 423 1275 463 proprium
1292 423 1345 453 ha-

2396 258 2468 303 343

1400 380 1495 409 simili
1520 379 1652 410 ratione.

1455 424 1495 454 Et
1511 434 1567 464 per
1581 423 1643 454 hoc
1667 430 1752 463 patet
1768 423 1888 453 solutio
1904 422 2092 453 obiectionis
2108 421 2140 452 in
2159 423 2356 463 oppositum.
2381 424 2470 460 Quo⁶

272 467 373 498 bentis
390 468 523 503 bonum,
541 477 606 497 non
625 467 873 507 supernaturale.
900 467 1035 498 Constat
1050 475 1157 498 autem
1174 469 1262 508 quod
1281 474 1345 498 stu·
1370 482 1373 519 ἱ
1400 467 1485 497 niam
1510 478 1547 498 ex
1571 468 1632 498 hoc
1656 468 1744 508 quod
1769 467 1951 510 studiositas
1967 467 2006 497 ad
2031 468 2154 497 bonum
2173 467 2313 497 hominis
2338 477 2403 497 non
2421 478 2470 497 so-

272 511 400 542 diositas
424 511 589 542 ordinatur
604 521 660 552 per
683 521 716 541 se
740 511 845 551 primo
862 519 892 542 et
917 512 1031 542 directe
1051 512 1083 542 in
1107 512 1274 552 proprium
1290 511 1344 542 ha-
1371 526 1372 533 1
1398 511 1467 541 lum
1491 519 1634 552 respectu
1660 512 1863 548 naturalium,
1879 512 1933 541 sed
1957 521 2053 551 super
2072 519 2102 541 et
2124 518 2246 551 praeter
2266 512 2469 547 naturalium,

271 556 373 586 bentis
404 557 544 592 bonum,
576 556 692 586 scilicet
720 555 752 585 in
786 555 1007 586 rectitudinem
1036 556 1195 596 appetitus
1227 566 1344 596 cogno-

271 600 394 636 scendi;
419 607 450 631 et
472 610 539 630 non
563 600 812 640 supernaturale,
837 600 911 640 quia
936 600 996 630 hoc
1021 601 1177 630 rationem
1195 600 1344 630 naturalis

270 644 401 675 luminis
425 654 491 674 non
521 645 650 675 excedit.
683 644 780 683 Igitur
803 654 861 674 nec
885 644 1068 675 studiositas
1099 655 1155 675 nec
1180 645 1344 675 curiositas

271 696 317 719 est
340 688 373 719 in
395 689 569 719 voluntate.

326 733 364 764 11.
381 733 562 763 Secundum
578 733 605 770 *‚
623 732 661 762 de
685 732 877 773 proprietate
900 732 1040 763 virtutis:
1065 743 1104 762 an
1134 733 1252 763 scilicet
1276 739 1342 763 stu-

270 777 399 807 diositas
423 777 463 807 sit
485 777 613 817 proprie
629 778 737 807 virtus.
762 777 802 807 Et
826 785 872 807 est
895 777 974 807 ratio
997 777 1084 807 dubii
1108 777 1182 817 quia
1207 787 1244 807 ex
1268 787 1342 807 con·
1368 781 1369 819 J

269 821 390 852 ditione
414 821 562 851 materiae
585 828 715 862 apparet
738 822 827 862 quod
853 831 917 852 non
940 822 979 851 sit
1003 820 1117 852 virtus.
1137 822 1220 851 Nam
1245 829 1342 852 mate-

269 866 313 895 ria
337 865 404 896 eius
425 866 538 896 dicitur
554 876 621 896 esse
646 866 797 905 cognitio,
815 876 870 896 seu
895 866 980 896 illius
996 866 1165 906 appetituS.
1190 865 1342 906 Cognitio

269 918 377 941 autem
401 910 517 946 omnis,
534 917 600 941 tam
624 910 844 941 intellectualis
875 921 971 951 quam
997 910 1161 946 sensitiva,
1185 911 1270 940 bona
1294 921 1342 940 se—

269 954 412 985 cundum
436 965 468 984 se
493 961 554 984 est:
580 961 611 985 et
634 955 793 995 appetitus
816 955 884 985 eius
909 963 1139 996 consequenter
1158 955 1263 985 bonus
1285 965 1342 995 per

269 1009 301 1029 se
326 1005 382 1030 est.
408 998 545 1030 Constat
568 1006 676 1029 autem
700 1000 789 1040 quod
818 999 948 1030 materia
972 999 1101 1039 propria
1125 999 1247 1030 virtutis
1272 1009 1340 1029 mo-

268 1043 340 1074 ralis
364 1053 431 1074 non
455 1050 502 1074 est
525 1045 703 1074 secundum
720 1053 753 1073 se
777 1044 872 1079 bona,
897 1044 951 1074 sed
975 1053 1031 1083 per
1054 1053 1086 1073 se
1110 1043 1230 1082 indiget
1253 1053 1342 1083 regu-

266 1087 387 1118 latione
410 1089 450 1118 ad
473 1088 535 1118 hoc
559 1095 595 1118 ut
619 1087 658 1118 sit
682 1089 782 1118 bona:
808 1088 832 1118 si
857 1088 942 1118 enim
966 1088 1086 1123 timere,
1109 1088 1234 1123 audere,
1258 1088 1340 1118 dele·
1366 1091 1368 1108 ³

268 1132 354 1168 ctari,
371 1139 441 1169 etc„
459 1139 562 1162 essent
586 1142 642 1172 per
665 1143 696 1162 se
720 1133 823 1168 bona,
848 1142 914 1162 non
938 1139 1019 1162 esset
1042 1141 1124 1171 opus
1149 1132 1255 1172 aliqua
1278 1131 1339 1161 vir·
1366 1159 1367 1170 2

1366 1176 1367 1188 ¹
1393 1182 1510 1214 peccat,
1528 1175 1571 1205 ita
1594 1182 1686 1205 utens
1709 1174 1870 1204 intellectu
1891 1175 1930 1204 ad
1954 1176 2127 1206 videndum
2152 1176 2331 1206 excedentia
2347 1184 2465 1216 peccat.

267 1183 334 1208 tute
357 1177 471 1207 morali
494 1175 650 1207 firmativa
672 1176 806 1211 timoris,
824 1183 878 1206 aut
902 1175 1098 1206 moderativa
1121 1177 1270 1206 audaciae
1290 1176 1340 1206 vel

267 1220 494 1251 delectationi&
519 1220 605 1251 Cum
629 1220 724 1260 igitur
739 1229 942 1260 cognoscere,
960 1227 995 1250 ut
1019 1220 1072 1255 sic,
1090 1226 1153 1250 tam
1171 1230 1227 1259 per
1250 1220 1340 1250 intel·
1366 1259 1367 1263 Ἰ

265 1265 385 1295 lectum
401 1275 506 1305 quam,
516 1274 572 1304 per
594 1274 735 1301 sensum,
752 1264 791 1294 sit
808 1274 863 1304 per
882 1274 914 1294 se
930 1265 1069 1299 bonum;
1094 1270 1125 1293 et
1141 1274 1340 1304 consequen-

250 1308 494 1350 -ter‘appetitus
519 1309 732 1348 cognoscendi
757 1308 796 1339 sit
820 1318 876 1348 per
899 1319 931 1338 se
955 1309 1070 1343 bonus,
1091 1314 1203 1348 utpote
1226 1308 1257 1338 in
1283 1309 1338 1338 bo-

22 1531 238 1582 :me-uman-

20 1708 33 1720 ⁴
47 1706 119 1731 Nan.
134 1713 151 1730 ι.

22 2655 34 2666 ·
49 2653 88 2678 Ct.
100 2652 179 2677 fflic-
192 2653 234 2676 lib.

22 2681 56 2731 hb
97 2685 234 2709 .xm,n.13;

58 2723 64 2730 .
136 2713 187 2735 ap.
203 2712 235 2734 iv,

22 2739 235 2784 3·'.2‚³³‚?!¹'s.'1¹·¹1}⁷

22 2787 65 2810 ab.
86 2777 97 2810 i
125 2787 176 2809 ιοα.
190 2792 234 2811 xx:

22 2813 63 2837 m».
78 2803 122 2840 li,
137 2814 189 2835 leet.
204 2819 236 2840 xv,

23 2845 98 2890 ²¹‘As-t.
112 2866 219 2895 praeced.

28 3081 238 3110 ⁸Qn.xr.m‚m.9.

265 1362 346 1384 num
369 1353 532 1384 obiectum
554 1363 591 1383 ac
614 1352 712 1383 finem
735 1353 834 1383 latus:
860 1362 1058 1393 consequens
1089 1359 1136 1382 est
1160 1360 1195 1383 ut
1218 1352 1340 1382 studio-

264 1397 350 1434 sitas,
366 1407 449 1438 quae
473 1397 668 1428 moderativa
691 1397 823 1437 ponitur
845 1397 1005 1436 appetitus
1029 1396 1251 1436 cognoscendi,
1273 1407 1338 1427 non
1365 1427 1367 1442 :

264 1441 305 1473 sit
327 1442 455 1483 proprie
479 1441 595 1478 virtus,
620 1448 732 1482 utpote
755 1441 885 1482 propria
907 1440 1031 1471 virtutis
1056 1451 1164 1471 carens
1192 1441 1338 1477 materia,

264 1486 383 1518 scilicet
405 1486 566 1527 indigente
586 1489 646 1526 ‘per
669 1496 702 1516 se
725 1485 814 1527 quod
838 1486 1009 1525 reguletur.

322 1530 363 1562 Et
393 1530 608 1562 confirmatur.
643 1530 727 1568 Quia
751 1539 863 1560 omnes
894 1529 1110 1560 deformitates
1141 1529 1174 1559 in
1205 1529 1340 1560 littera*

264 1582 466 1606 enumeratae
490 1575 569 1606 circa
593 1575 770 1615 appetitum
795 1573 1018 1614 cognoscendi,
1035 1573 1240 1604 inveniuntur
1263 1584 1339 1604 con-

263 1619 372 1650 sistere
395 1619 427 1650 in
457 1620 566 1660 aliquo
590 1629 647 1660 per
678 1619 838 1650 accidens:
863 1626 943 1659 puta
969 1619 1002 1649 in
1038 1613 1243 1659 appositiofie,
1263 1619 1339 1649 mali

263 1663 346 1701 finis,
362 1664 395 1694 in
419 1664 608 1704 praestando
633 1664 902 1704 impedimentum
926 1663 1033 1694 debito
1057 1664 1156 1699 bono,
1174 1670 1232 1694 etc.

321 1708 373 1739 111.
390 1709 441 1739 Ad
459 1709 605 1749 primum
630 1708 760 1739 dubium
776 1708 794 1727 *
817 1708 932 1738 dicitnr
955 1708 1054 1749 quod,
1077 1707 1152 1748 quia
1175 1707 1338 1737 obiectum

263 1753 472 1784 studiositatis
496 1760 543 1783 est
566 1753 660 1783 altius
677 1753 754 1794 quid
779 1762 878 1793 quam
902 1752 963 1782 sint
980 1751 1137 1782 sensibilia
1162 1759 1192 1782 et
1216 1758 1340 1782 natura·

261 1797 313 1834 lia,
331 1797 486 1838 quoniam
511 1798 650 1828 extendit
666 1808 698 1828 se
722 1798 763 1828 ad
787 1797 1005 1837 cognitionem
1025 1803 1090 1827 tam
1113 1796 1338 1826 intellectivam
1363 1804 1364 1839 j

262 1851 360 1883 quam
384 1841 584 1878 sensitivam,
610 1849 675 1872 tam
706 1841 880 1872 naturalem
913 1851 1011 1882 quarn
1036 1851 1131 1881 super
1161 1847 1191 1870 et
1215 1847 1337 1880 praeter
1362 1878 1364 1880 Ι

261 1886 450 1922 naturalem,
469 1893 504 1917 ut
528 1893 613 1926 patet
637 1897 673 1916 ex
697 1886 759 1916 hoc
783 1886 871 1926 quod
901 1885 1091 1916 curiositatis
1119 1885 1232 1915 vitium
1257 1884 1337 1914 circa

261 1930 340 1961 haec
370 1930 479 1961 omnia
511 1930 628 1961 versari
651 1930 827 1971 ponitur*;
853 1940 1052 1970 consequens
1076 1937 1122 1960 est
1152 1936 1188 1959 ut
1214 1929 1335 1959 studio-

261 1974 336 2005 sitas
366 1975 538 2005 subiective
567 1975 600 2005 in
633 1974 798 2005 voluntate
822 1974 862 2005 sit
891 1974 1119 2014 principaliter,
1149 1973 1336 2004 secundario
1362 1997 1364 2000 .

1031 2127 1352 2169 ARTICULUS

1398 557 1571 592 ordinatur,
1589 566 1655 587 non
1680 556 1865 595 prohibetur
1888 555 1966 595 poni
1990 555 2021 586 in
2046 556 2220 586 voluntate.

1453 601 1506 631 lV.
1524 601 1574 630 Ad
1589 601 1763 631 secundum
1780 601 1910 630 dubium
1927 600 1944 619 *
1967 600 2081 630 dicitur
2106 601 2194 640 quod
2220 600 2350 630 materia
2366 600 2470 640 proxi-

1398 654 1449 674 ma
1466 645 1673 675 studiositatis
1698 655 1762 674 non
1781 651 1827 674 est
1843 644 1995 684 cogniti0,
2013 645 2067 674 sed
2084 645 2227 675 studium
2244 645 2468 685 cognoscendi,

1368 700 1370 727 j
1397 696 1432 719 ut
1448 696 1533 728 patet
1548 689 1580 719 in
1597 689 1699 719 littera
1713 690 1739 719 *.
1765 689 1915 719 Studium
1932 697 2038 719 autem
2056 688 2269 728 cognoscendi
2286 698 2359 719 cum
2377 689 2470 729 signi-

1395 732 1467 763 ficet
1482 733 1703 764 vehementem
1719 733 1966 773 applicationem
1982 733 2121 763 hominis
2138 734 2177 763 ad
2190 734 2469 773 cognoscendum;

1395 784 1425 807 et
1441 777 1621 817 applicatio,
1639 784 1673 807 ut
1688 787 1724 807 ex
1737 777 1934 817 praecedenti
1950 785 2036 818 patet
2048 777 2144 808 Libro
2157 778 2182 814 *‚
2197 777 2350 818 significet
2361 784 2468 808 actum

1394 822 1568 852 voluntatis
1585 821 1640 862 qui
1657 828 1703 852 est
1720 822 1785 852 uti.-
1809 829 1935 861 oportet
1953 829 1986 852 ut
2002 822 2132 852 materia
2147 822 2354 852 studiositatis
2371 829 2402 852 et
2418 832 2469 852 cu-

1395 866 1543 896 riositatis
1564 866 1603 896 sit
1626 866 1688 896 hoc
1703 866 1792 906 quod
1816 866 1898 902 dico,
1916 868 1963 896 uti
1978 867 2124 906 potentia
2144 868 2371 907 cognoscitiva.
2396 867 2468 897 Hoc

1367 920 1368 936 1
1395 917 1503 940 autem
1533 911 1622 951 quod
1646 917 1692 940 est
1716 910 1762 940 uti
1793 910 1936 950 potentia
1964 910 2179 950 cognoscitiva
2209 911 2249 940 ad
2273 921 2467 951 cognoscen-

1395 954 1483 990 dum,
1502 965 1566 984 non
1592 961 1639 984 est
1663 961 1751 984 actus
1775 954 1938 984 moraliter
1962 955 2065 984 bonus
2094 954 2154 985 nisi
2179 954 2218 984 sit
2242 956 2274 985 in
2298 955 2468 986 medietate

1395 1000 1585 1029 constitutus
1602 1003 1703 1039 prout
1725 999 1854 1038 sapiens
1869 999 2092 1029 determinabit
2106 999 2132 1029 *.
2151 999 2238 1029 Turn
2263 999 2337 1039 quia
2362 1007 2468 1040 potest

1367 1042 1368 1046 ’
1394 1043 1504 1073 cadere
1528 1052 1622 1082 super
1645 1042 1784 1072 indebita
1809 1043 1948 1078 materia,
1973 1050 2008 1073 ut
2031 1043 2056 1072 si
2080 1043 2151 1083 quis
2182 1043 2318 1083 applicet
2345 1043 2466 1075 intelle-

1394 1094 1481 1118 ctum
1505 1087 1545 1116 ad
1576 1086 1832 1127 perspiciendum
1864 1087 2132 1126 supernaturalia:
2164 1097 2237 1117 nam
2271 1088 2352 1119 sicut
2376 1094 2467 1119 utens

1394 1131 1544 1161 membris
1577 1130 1763 1170 generativis
1788 1130 1867 1160 circa
1900 1131 2065 1161 materiam
2094 1141 2159 1161 non
2190 1132 2466 1171 proportionatam

1393 1220 1481 1249 Tum
1507 1227 1635 1260 propter
1652 1218 1918 1248 circumstantias:
1944 1227 2032 1258 puta,
2048 1220 2177 1260 quando
2199 1227 2326 1260 oportet
2350 1221 2396 1251 uti
2420 1221 2466 1251 in-

1393 1264 1519 1293 tellectu
1543 1263 1594 1293 vel
1618 1273 1722 1298 sensu,
1740 1270 1770 1292 et
1793 1263 1924 1303 quando
1948 1272 2031 1299 non;
2056 1271 2087 1294 et
2110 1271 2239 1304 propter
2269 1265 2346 1305 quid
2370 1275 2465 1306 opor-

1393 1314 1446 1343 tet,
1465 1315 1500 1338 ut
1523 1307 1639 1337 scilicet
1664 1307 1763 1337 homo
1789 1317 1854 1337 non
1883 1314 1990 1337 utatur
2020 1308 2179 1338 intellectu
2204 1309 2243 1338 ad
2275 1318 2467 1349 cognoscen-

1394 1352 1482 1387 dum,
1499 1351 1559 1381 nisi
1583 1352 1623 1381 ad
1648 1351 1791 1381 debiturn
1815 1350 1922 1381 finem.

1449 1396 1496 1426 Ex
1513 1395 1685 1425 differentia
1708 1395 1804 1434 igitur
1819 1395 1900 1425 inter
1914 1396 2015 1436 ipsam
2039 1396 2257 1435 cognitionem
2273 1403 2303 1427 et
2323 1397 2465 1428 studium

1393 1440 1616 1480 cognoscendi,
1634 1447 1765 1479 apparet
1780 1439 1899 1470 solutio
1924 1439 2022 1470 dubii.
2049 1439 2200 1480 Cognitio
2218 1440 2375 1481 siquidem
2399 1451 2465 1472 non

1393 1492 1440 1515 est
1463 1484 1593 1515 materia
1616 1483 1761 1524 proxima
1785 1484 1914 1514 moralis
1937 1483 2076 1514 virtutis:
2103 1485 2158 1514 sed
2182 1494 2219 1514 ex
2237 1484 2351 1515 virtute
2375 1485 2465 1516 intel-

1392 1529 1528 1565 lectuali,
1546 1535 1601 1558 aut
1625 1528 1759 1558 naturali
1782 1528 1815 1558 in
1844 1535 1932 1568 parte
1959 1528 2122 1565 sensitiva,
2150 1529 2230 1558 bene
2253 1529 2303 1559 vel
2326 1529 2409 1560 male
2433 1540 2465 1560 se

1392 1573 1495 1604 habet.
1521 1572 1670 1603 Studium
1695 1579 1802 1603 autem
1822 1573 2046 1612 cognoscendi,
2064 1573 2152 1613 quod
2177 1579 2223 1603 est
2239 1581 2327 1604 actus
2351 1574 2465 1604 volun-

1391 1617 1462 1649 tatis
1487 1617 1608 1658 passive
1632 1617 1664 1647 in
1682 1617 1832 1657 potentiis
1856 1617 2079 1657 cognoscitivis
2103 1617 2246 1653 existens,
2267 1618 2395 1657 propria
2419 1625 2466 1649 est

1364 1666 1366 1706 ζ
1391 1662 1521 1693 materia
1537 1662 1696 1702 appetitus
1720 1672 1818 1702 quem
1836 1662 1994 1692 moderari
2014 1668 2140 1702 oportet
2162 1672 2218 1701 per
2233 1661 2380 1692 virtutem
2398 1670 2464 1693 stu-

1392 1706 1566 1737 diositatis:
1591 1713 1621 1736 et
1645 1706 1810 1736 manifeste
1834 1706 1954 1745 indiget
1976 1706 2173 1746 regulatione
2201 1707 2240 1736 ad
2263 1706 2326 1737 hoc
2350 1714 2386 1737 ut
2409 1708 2464 1737 bo-

1391 1761 1469 1781 num
1494 1750 1656 1781 moraliter
1679 1750 1727 1781 sit.

1446 1795 1539 1826 Unde
1563 1805 1599 1825 ea
1622 1804 1704 1835 quae
1728 1805 1784 1835 per
1807 1794 1950 1825 accidens
1975 1805 2008 1824 se
2032 1794 2148 1825 habent
2171 1796 2209 1824 ad
2235 1795 2462 1835 cognitionem,

1391 1846 1467 1880 puta
1491 1839 1562 1869 finis
1586 1839 1698 1873 malus,
1716 1839 1883 1878 impeditio
1901 1838 2006 1875 debiti,
2025 1847 2054 1870 et
2079 1839 2103 1868 si
2127 1839 2205 1879 quid
2229 1846 2275 1869 est
2293 1839 2462 1876 eiusmodi,

1391 1894 1447 1924 per
1470 1894 1502 1914 se
1527 1883 1643 1914 habent
1666 1894 1698 1913 se
1722 1884 1761 1913 ad
1785 1883 1928 1914 studium
1953 1883 2175 1922 cognoscendi,
2192 1884 2280 1923 quod
2305 1890 2393 1914 actus
2417 1892 2463 1915 est

1389 1927 1572 1964 voluntatis,
1590 1928 1640 1958 cui
1657 1928 1743 1958 nulla
1760 1928 1840 1958 boni
1860 1935 1891 1958 et
1906 1927 1981 1958 mali
2005 1927 2135 1958 moralis
2152 1927 2324 1958 differentia
2345 1935 2392 1958 est
2407 1938 2464 1968 per

1390 1973 1545 2008 accidens,
1562 1973 1716 2012 quoniam
1740 1979 1841 2002 totam
1865 1972 1949 2002 illius
1973 1971 2174 2002 latitudinem
2191 1981 2247 2012 per
2270 1982 2302 2002 se
2326 1973 2460 2012 respicit.

1391 2126 1693 2169 SECUNDUS

837 2222 994 2252 UTRUM
1018 2221 1303 2252 STUDIOSITAS
1327 2220 1394 2251 SIT
1417 2220 1758 2250 TEMPERANTIAE
1783 2219 1888 2250 PARS

1190 2300 1282 2332 Supra,
1302 2306 1348 2331 qu.
1367 2306 1424 2328 cu,
1444 2304 1490 2324 art.
1511 2306 1534 2323 2.

455 2484 668 2525 studiosus
688 2489 789 2525 enim
810 2488 946 2525 dicitur
960 2487 1095 2535 aliquis
1116 2487 1330 2524 secundum

316 2567 321 2574 -.
373 2565 399 2575 a
451 2542 764 2579 studiositatem.
803 2542 879 2579 Sed
913 2541 1178 2578 universaliter
1206 2540 1333 2577 omnis

261 2595 457 2630 virtuosus
471 2603 632 2632 vocatur
651 2595 860 2632 studiosus:
889 2603 931 2631 ut
950 2602 1053 2643 patet
1071 2607 1140 2643 per
1158 2593 1332 2631 Philoso-

262 2647 396 2696 phum,
418 2649 482 2694 qui
506 2649 723 2697 frequenter
742 2649 795 2685 sic
815 2648 930 2685 utitur
949 2648 1105 2685 nomine
1126 2647 1285 2684 studiosi
1298 2646 1330 2684 ²¹².

263 2702 365 2749 Ergo
394 2702 611 2738 studiositas
641 2709 695 2738 est
722 2702 907 2750 generalis
935 2701 1075 2748 virtus,
1107 2708 1142 2737 et
1170 2713 1247 2738 non
1278 2708 1333 2737 est

262 2766 350 2803 pars
379 2755 664 2804 temperantiae.
1233 2769 1242 2774 ²

318 2819 353 2844 2.
384 2809 623 2856 PRAETEREA,
654 2808 888 2854 studiositas,
919 2808 1014 2844 sicut
1043 2807 1186 2844 dictum
1217 2806 1330 2854 est*,

263 2861 311 2898 ad
341 2862 597 2909 cognitionem
627 2861 798 2910 pertinet.
837 2862 913 2898 Sed
943 2861 1106 2908 cognitio
1141 2873 1219 2897 non
1249 2873 1333 2909 per-

263 2914 355 2951 tinet
383 2916 431 2952 ad
459 2915 618 2952 virtutes
646 2916 822 2961 morales,
844 2927 943 2962 quae
964 2922 1050 2951 sunt
1069 2914 1106 2951 in
1126 2914 1332 2963 appetitiva

263 2968 414 3005 animae
443 2976 561 3018 parte,
591 2969 659 3005 sed
688 2968 809 3016 magis
838 2968 887 3004 ad
917 2968 1202 3014 intellectuales,
1233 2980 1331 3016 quae

264 3029 351 3058 sunt
385 3022 423 3058 in
455 3030 562 3070 parte
596 3022 876 3070 cognoscitiva:
915 3021 1017 3058 unde
1054 3029 1089 3057 et
1118 3021 1332 3058 sollicitudo

265 3082 320 3110 est
339 3083 445 3112 actus
465 3076 700 3124 prudentiae,
721 3083 762 3111 ut
781 3074 925 3123 supra*
948 3074 1120 3111 habitum
1142 3082 1208 3111 est.
1230 3075 1331 3122 Ergo

265 3127 480 3165 studiositas
509 3141 588 3166 non
618 3137 672 3166 est
700 3141 788 3177 pars
817 3127 1103 3176 temperantiae.

321 3181 355 3217 3.
376 3181 610 3228 PRAETEREA,
631 3182 749 3219 virtus
778 3194 876 3231 quae
896 3181 1050 3230 ponitur
1068 3193 1155 3229 pars
1175 3181 1333 3217 alicuius

266 3232 480 3282 principalis
514 3235 680 3281 virtutis,
722 3234 950 3272 assimilatur
988 3234 1020 3271 ei
1059 3242 1245 3283 quantum
1284 3234 1332 3270 ad

267 3285 443 3324 modurn.
474 3287 550 3324 Sed
577 3288 794 3326 studiositas
822 3300 902 3325 non
930 3287 1159 3325 assimilatur
1186 3295 1332 3335 tempe·
1358 3307 1360 3311 ·

268 3338 409 3375 rantiae
438 3347 623 3386 quantum
652 3342 700 3378 ad
725 3343 900 3379 modum.
931 3341 1032 3388 Quia
1060 3340 1332 3389 temperantiae

268 3404 413 3428 nomen
451 3392 611 3430 sumitur
645 3405 690 3430 ex
721 3395 889 3443 quadam
918 3394 1190 3431 refrenatione:
1230 3393 1332 3430 unde

268 3444 389 3493 magis
418 3445 623 3494 opponitur
649 3446 741 3483 vitio
771 3447 875 3495 quod
904 3455 959 3484 est
986 3447 1024 3484 in
1054 3459 1221 3483 excessu.
1252 3447 1334 3483 No-

322 3583 350 3616 α)
369 3583 474 3609 studiis.
486 3597 505 3602 -
522 3584 607 3608 studii
626 3584 658 3609 H.

1387 2391 1478 2416 men
1513 2386 1640 2415 autem
1677 2378 1921 2415 studiositatis
1955 2378 2117 2415 sumitur
2146 2391 2166 2415 e
2195 2379 2383 2415 contrario
2415 2392 2460 2416 ex

1386 2432 1641 2481 applicatione
1670 2432 1822 2468 animae
1852 2431 1900 2468 ad
1929 2432 2089 2480 aliquid:
2124 2432 2226 2469 unde
2255 2433 2375 2480 magis
2404 2433 2459 2469 vi-

1387 2487 1497 2523 detur
1531 2485 1677 2534 opponi
1705 2485 1798 2521 vitio
1832 2487 1936 2534 quod
1968 2493 2023 2522 est
2051 2485 2089 2522 in
2119 2486 2288 2532 defectu,
2319 2486 2460 2522 scilicet

1385 2539 1634 2588 negligentiae
1672 2539 1869 2584 studendi,
1908 2550 2023 2586 quam
2057 2539 2150 2575 vitio
2188 2540 2291 2587 quod
2329 2547 2384 2575 est
2420 2539 2456 2575 in

1386 2605 1555 2639 excessu,
1578 2593 1718 2629 scilicet
1738 2591 1954 2628 curiositati.
1985 2592 2107 2638 Unde,
2134 2599 2288 2639 propter
2316 2592 2455 2629 horum

1386 2646 1683 2691 similitudinem,
1715 2645 1803 2682 dicit
1832 2645 2015 2691 Isidorus,
2046 2645 2084 2682 in
2112 2645 2207 2681 libro
2236 2645 2403 2692 Etymol.
2424 2645 2455 2688 ³¹⁶,

1387 2700 1492 2749 quod
1527 2700 1713 2736 studiosus
1749 2698 1883 2735 dicitur
1920 2699 2030 2746 quasi
2061 2698 2190 2734 studiis
2219 2703 2236 2718 ‘²
2272 2699 2454 2735 curiosus.

1387 2755 1489 2802 Ergo
1519 2752 1735 2790 studiositas
1763 2765 1841 2788 non
1872 2759 1928 2788 est
1956 2764 2043 2799 pars
2072 2750 2359 2799 temperantiae.

1441 2808 1515 2844 SED
1532 2818 1679 2843 CONTRA
1693 2817 1760 2842 EST
1775 2805 1879 2854 quod
1908 2805 2142 2852 Augustinus
2162 2803 2262 2850 dicit,
2291 2803 2329 2840 in
2359 2803 2454 2840 libro

1386 2862 1432 2897 de
1464 2861 1642 2897 Moribus
1669 2858 1792 2895 Eccle.
1819 2858 1856 2895 *ε
1898 2859 2047 2895 Curiosi
2078 2870 2157 2894 esse
2184 2857 2455 2905 prohibemur:

1387 2915 1489 2962 quod
1520 2924 1688 2963 magnae
1715 2912 1985 2960 temperantiae
2012 2923 2150 2948 munus
2177 2916 2240 2947 est.
2281 2911 2357 2946 Sed
2392 2923 2455 2946 cu-

1387 2967 1534 3004 riositas
1562 2966 1787 3015 prohibetur
1814 2978 1883 3014 per
1906 2964 2181 3001 studiositatem
2202 2964 2453 3000 moderatam.

1386 3022 1488 3068 Ergo
1518 3019 1734 3057 studiositas
1763 3027 1818 3055 est
1846 3031 1933 3067 pars
1961 3017 2245 3066 temperantiae.

1441 3075 1667 3111 Responmzo
1687 3084 1872 3110 mcENDUM
1892 3071 2008 3120 quod,
2033 3071 2126 3107 sicut
2145 3081 2259 3118 supra
2273 3068 2292 3090 '¹‘
2312 3068 2453 3105 dictum

1388 3135 1460 3173 est,
1491 3127 1540 3163 ad
1573 3125 1866 3174 temperantiam
1895 3124 2057 3173 pertinet
2083 3122 2273 3160 moderari
2302 3129 2453 3159 motum

1387 3180 1587 3229 appetitus,
1618 3192 1666 3216 ne
1695 3178 1891 3226 superflue
1919 3178 2050 3214 tendat
2077 3177 2115 3214 in
2143 3176 2182 3213 id
2211 3175 2317 3223 quod
2346 3183 2454 3212 natu-

1386 3233 1510 3270 raliter
1527 3232 1816 3280 concupiscitur.
1835 3231 1939 3267 Sicut
1954 3238 2081 3267 autem
2098 3228 2314 3265 naturaliter
2332 3228 2452 3265 homo

1387 3286 1620 3334 concupiscit
1647 3284 1915 3322 delectationes
1944 3283 2118 3319 ciborum
2140 3289 2175 3318 et
2195 3293 2453 3318 venereorum

1386 3339 1598 3376 secundum
1637 3346 1810 3374 naturam
1851 3337 2112 3384 corporalem,
2153 3335 2204 3371 ita
2241 3334 2453 3371 secundum

1387 3393 1556 3429 animam
1587 3390 1805 3427 naturaliter
1825 3389 2013 3426 desiderat
2038 3399 2269 3436 cognoscere
2289 3387 2451 3436 aliquid:

1387 3446 1489 3482 unde
1519 3452 1554 3481 et
1573 3444 1829 3492 Philosophus
1849 3442 1948 3489 dicit,
1970 3442 2008 3479 in
2029 3443 2042 3478 I
2060 3442 2277 3490 Metaphys.
2293 3440 2324 3488 ³¹⁸,
2346 3441 2452 3489 quod

2546 347 2567 362 u.
2583 346 2653 367 ccxii,
2669 345 2711 363 art.

2498 374 2532 396 3.-
2558 368 2572 388 f.
2581 368 2712 389 Commeat.

2499 400 2562 416 num.
2578 400 2612 415 ιιι.

2500 616 2510 626 ·
2523 615 2593 637 Num.
2608 621 2634 637 ιι.

2498 700 2507 709 ’
2514 699 2561 726 Qu.
2568 700 2711 725 cuman-22⁶

2497 725 2525 746 ad
2535 731 2557 751 2;
2573 731 2612 752 qu.
2628 731 2710 751 cnxvn,

2497 756 2539 773 art.
2555 758 2571 773 1.

2498 789 2507 797 ·
2521 786 2569 814 Qu.
2582 793 2630 813 xvi,
2641 791 2682 808 art.
2694 793 2710 808 1.

2496 1008 2505 1017 ⁴
2519 1006 2618 1028 Ariston
2631 1006 2708 1029 Ethic.

2495 1033 2534 1055 lib.
2545 1033 2566 1055 11
2585 1039 2611 1054 ca
2631 1040 2675 1059 Ji,
2686 1040 2710 1055 n.

2493 1066 2545 1108 ιςιὶ-
2560 1050 2584 1082 s.
2618 1060 2640 1081 n.
2656 1061 2708 1082 ieet.

2483 2649 2555 2697 :5¹³²
2566 2648 2594 2676 x,
2610 2648 2639 2669 aa
2654 2649 2698 2670 titt.

2582 2712 2599 2728 α

2484 2867 2493 2877 “
2508 2866 2564 2894 Cap.
2579 2873 2628 2888 xxi.

2577 3434 2597 3455 1,
2613 3434 2636 3449 n.
2651 3433 2667 3449 1.
2682 3438 2694 3444 -

2579 3455 2630 3476 lect.
2645 3460 2662 3476 ι.

2480 3428 2564 3477 §.ct-i:
