2768 4198
76 809 85 818 ·
107 808 155 828 Lib.
178 807 212 832 v,
235 812 283 833 cap.

75 840 137 855 xva
155 845 164 849 -
180 833 214 854 Cf.
235 839 283 854 can.

75 860 109 881 Ra
126 862 175 886 tus,
216 859 283 881 Caus.

75 886 94 907 X
120 886 168 913 vn,
183 892 220 913 qu.
237 892 261 907 n.

73 1179 86 1208 ἰ
95 1177 201 1208 Append.
222 1176 280 1198 Gra-

71 1208 125 1252 }ffign
138 1203 165 1224 ad
175 1209 222 1224 can.
234 1203 282 1224 Lex

70 1610 81 1621 ⁸
95 1609 159 1630 Vers.
175 1615 195 1630 2.

170 1660 184 1693 β

72 1767 84 1795 ⁸·
92 1765 167 1812 Cap-ft.
177 1765 281 1786 Carolin.

71 1792 128 1840 'Ibe-f.
145 1792 283 1844 03'521522232

71 1851 151 1898 (ἆτῗιιῆιεᾝΔ
167 1844 266 1866 XXXVI
276 1862 281 1871 ,

74 2462 83 2470 ·
97 2461 130 2482 Cf.
152 2467 197 2488 arg.
214 2467 227 2482 ι.

319 305 395 350 234

975 298 1241 346 QUAEsTio
1273 295 1408 343 cmv,

1438 295 1738 332 ARTICULUS
1767 294 1834 331 V11

1095 413 1414 456 ARTICULUS
1450 412 1719 454 SEPTIMUS

716 502 869 533 UTRUM
894 499 1060 530 RAPTus
1085 498 1151 528 sn*
1175 496 1345 528 SPECIES
1369 496 1590 527 LuxumAE
1613 496 1848 527 DlSTINCTA
1872 499 1901 527 A
1926 496 2096 528 STUPRo

811 572 901 603 Supra,
922 574 968 594 art.
992 576 1018 598 1;
1036 568 1068 592 1v
1089 567 1171 596 Sent„
1193 567 1250 591 dist.
1269 574 1319 597 xm,
1339 572 1386 591 art.
1405 574 1430 598 4,
1451 566 1500 598 qu·
1525 574 1545 595 1,
1567 573 1597 596 2;
1618 567 1659 591 De
1678 566 1765 596 Ma1o,
1786 575 1831 600 qu.
1850 575 1890 598 xv,
1911 573 1957 592 art.
1979 567 2002 592 3.

525 657 547 682 D
563 655 740 681 SEPT1MUM
761 653 813 678 sm
834 651 1073 677 PROCEDFrUR.
1095 639 1253 676 Videtur
1272 639 1376 686 quod
1405 639 1407 682 3

346 681 504 757 &Qus
525 705 652 745 raptus
682 708 758 731 non
775 694 821 730 sit
840 694 986 743 species
1006 692 1175 729 luxuriae
1206 692 1379 728 distincta
1404 707 1406 735 l

330 733 444 801 ‘fluv
460 737 545 802 'frisa
574 757 716 797 stupro,
747 747 845 783 Dicit
874 747 973 782 enim
1005 745 1183 792 Isidorus,
1215 745 1251 781 in
1281 745 1377 781 libro

328 782 345 813 Ξ
367 780 686 850 κζ’ἓίῗύΧΕί-γητοί.
707 800 738 847 *,
765 800 869 848 quod
897 805 1080 848 stuprum,
1106 799 1199 835 idest
1225 804 1377 846 raptus,

307 857 462 907 proprie
489 861 542 892 est
568 855 713 891 illicitus
741 854 869 899 coitus,
890 865 914 890 a
939 852 1215 900 corrumpendo
1242 852 1379 888 dictus.-

313 911 408 947 unde
436 915 470 945 et
496 909 562 956 qui
587 913 696 956 raptu
717 912 733 928 α
757 907 916 956 potitur,
945 911 1073 954 stupro
1082 906 1244 954 fruitur.
1277 906 1378 953 Ergo

311 963 458 1000 videtur
487 961 591 1010 quod
621 969 750 1009 raptus
774 973 854 996 non
883 960 1020 997 debeat
1039 959 1130 1008 poni
1160 958 1305 1007 species
1325 960 1380 995 lu-

309 1016 436 1052 xuriae
466 1014 637 1051 distincta
666 1026 687 1050 a
716 1022 859 1062 stupro,

365 1081 397 1105 2.
421 1069 655 1115 PRAETEREA,
677 1075 805 1116 raptus
834 1067 986 1103 videtur
1008 1066 1203 1114 quandam
1233 1065 1378 1102 violen-

310 1122 399 1159 tiam
421 1122 645 1170 importare:
677 1120 810 1157 dicitur
831 1121 933 1157 enim
955 1120 992 1156 in
1012 1119 1195 1165 Decretis,
1217 1119 1375 1155 XXXVI

310 1176 437 1221 Caus.,
455 1187 519 1222 qu.
543 1174 593 1221 1*,
615 1174 721 1222 quod
741 1180 870 1222 raptus
889 1173 1131 1210 committitur
1149 1184 1235 1209 cum
1251 1172 1379 1220 puella
1405 1173 1407 1206 ἶ

308 1229 489 1265 violenter
507 1240 530 1264 a
551 1228 662 1264 domo
676 1228 799 1275 patris
826 1227 1036 1272 abducitur,
1058 1232 1107 1272 ut,
1129 1231 1319 1274 corrupta,
1340 1226 1378 1262 in

310 1294 469 1318 uxorem
498 1282 691 1318 habeatur.
724 1281 799 1317 Sed
830 1281 904 1317 hoc
933 1280 1038 1328 quod
1058 1279 1239 1316 violentia
1268 1279 1379 1316 alicui

310 1335 499 1381 inferatur,
520 1347 589 1383 per
609 1334 785 1370 accidens
805 1346 844 1370 se
864 1334 980 1370 habet
995 1333 1043 1370 ad
1064 1332 1263 1379 luxuriam,
1280 1345 1378 1381 quae

309 1401 377 1437 per
406 1401 446 1424 se
484 1387 634 1437 respicit
671 1387 963 1424 delectationem
1002 1386 1237 1423 concubitus.
1276 1387 1408 1433 Ergov

309 1442 460 1479 videtur
489 1441 594 1490 quod
632 1449 759 1489 raptus
799 1453 876 1477 non
906 1440 1044 1477 debeat
1071 1439 1163 1488 poni
1202 1439 1378 1476 determi—

310 1503 398 1532 nata
427 1495 572 1544 species
601 1494 780 1530 luxuriae.

366 1550 399 1585 3.
431 1549 671 1594 ΡΒΑΕΤΕΚΕΑ,
706 1554 906 1596 peccatum
941 1546 1110 1582 luxuriae
1148 1557 1216 1595 per
1253 1546 1379 1582 matri-

311 1602 484 1638 monium
517 1601 731 1638 cohibetur:
762 1600 897 1637 dicitur
917 1599 1019 1636 enirn
1050 1600 1062 1635 I
1093 1599 1144 1636 ad
1167 1600 1253 1636 Cor.
1274 1598 1378 1636 vi1*:
1406 1603 1407 1607 ’

309 1655 469 1703 Propter
493 1654 813 1703 fornicationem,
844 1653 1097 1701 unusquisque
1131 1664 1240 1689 suam
1266 1650 1280 1681 β
1313 1653 1379 1689 ha-

311 1709 404 1745 beat.
437 1708 513 1745 Sed
542 1715 671 1755 raptus
691 1706 849 1755 impedit
877 1706 1165 1742 matrimonium
1195 1717 1376 1754 sequens:
1405 1714 1407 1723 ’

312 1762 445 1798 dicitur
470 1761 569 1797 enim
591 1761 627 1796 in
650 1759 822 1796 Concilio
843 1758 1030 1795 Meldensi
1049 1758 1088 1794 *ε
1117 1758 1265 1795 Placuit
1283 1764 1323 1794 ut
1340 1759 1380 1794 hi

311 1815 376 1863 qui
410 1815 562 1863 rapiunt
577 1813 768 1862 feminas,
800 1813 859 1848 vel
879 1813 1064 1859 furantur
1092 1811 1152 1847 vel
1183 1811 1375 1858 seducunt,
1405 1811 1406 1828 ³

310 1880 373 1904 eas
402 1867 611 1904 nullatenus
630 1867 793 1902 habeant
820 1877 970 1911 uxores,
992 1865 1164 1913 quamvis
1192 1876 1255 1900 eas
1276 1870 1378 1913 post-

310 1921 462 1957 modum
492 1919 704 1967 nuptialiter
735 1931 820 1955 cum
849 1930 1030 1955 consensu
1061 1923 1266 1966 parentum
1293 1930 1377 1954 suo-

310 1986 395 2010 rum
424 1973 662 2021 susceperint.
702 1973 803 2020 Ergo
843 1980 971 2020 raptus
1008 1983 1087 2007 non
1116 1979 1172 2007 est
1200 1971 1377 2008 determi—

309 2035 396 2064 nata
426 2026 569 2075 species
598 2025 766 2062 luxuriae
796 2037 817 2061 a
847 2033 978 2074 stupro
1008 2024 1181 2062 distincta
1200 2029 1227 2060 Υ.

362 2093 399 2127 4.
430 2081 663 2126 PRAETEREA‚
689 2078 822 2127 aliquis
851 2086 975 2127 potest
1005 2089 1236 2126 cognoscere
1266 2090 1376 2115 suam

310 2145 491 2182 sponsam
529 2134 673 2181 absque
711 2139 869 2181 peccato
910 2131 1091 2168 luxuriae.
1137 2131 1213 2168 Sed
1250 2139 1379 2180 raptus

309 2195 433 2236 potest
453 2185 639 2223 committi
659 2186 688 2222 si
709 2185 843 2234 aliquis
858 2185 1044 2222 violenter
1065 2196 1247 2233 sponsam
1267 2197 1377 2221 suam

311 2241 455 2277 auferat
483 2240 531 2276 de
552 2239 671 2275 domo
691 2246 892 2287 parentum
915 2246 950 2274 et
980 2250 1065 2274 eam
1092 2237 1289 2274 carnaliter
1317 2249 1380 2274 co-

310 2300 478 2341 gnoscat.
518 2293 619 2339 Ergo
658 2299 786 2340 raptus
816 2303 894 2328 non
931 2291 1044 2327 debet
1080 2291 1172 2340 poni
1203 2291 1379 2327 determi-

312 2353 399 2383 nata
429 2345 574 2394 species
603 2345 783 2381 luxuriae.

366 2400 439 2436 SED
459 2410 606 2435 CONTRA
630 2409 696 2434 EST
715 2398 819 2446 quod
849 2403 978 2445 raptus
1004 2403 1058 2433 est
1075 2397 1222 2433 illicitus
1249 2397 1379 2443 coitus,
1405 2400 1407 2439 ξ

312 2460 352 2490 ut
377 2452 543 2489 Isidorus
573 2451 660 2488 dicit
675 2450 705 2487 ²¹².
737 2450 813 2487 Sed
833 2451 908 2486 hoc
927 2450 1090 2499 pertinet
1110 2450 1158 2487 ad
1178 2458 1379 2499 peccatum
1405 2445 1407 2464 ³

311 2506 491 2543 luxuriae.
523 2505 624 2552 Ergo
655 2512 783 2553 raptus
814 2511 868 2540 est
896 2504 1042 2552 species
1072 2504 1253 2540 luxuriae.

365 2560 591 2596 RESPONDEO
621 2569 803 2594 mCENDUM
833 2557 939 2605 quod
968 2564 1109 2606 raptus,
1137 2565 1251 2606 prout
1279 2568 1381 2593 nunc

312 2613 358 2649 de
388 2625 434 2649 eo
464 2612 676 2660 loquimur,
708 2618 763 2647 est
791 2610 935 2660 species
963 2610 1143 2647 luxuriae.
1181 2611 1229 2647 Et
1261 2622 1380 2658 quan-

312 2666 438 2714 doque
474 2664 629 2714 quidem
665 2664 702 2700 in
739 2664 841 2701 idem
879 2664 1069 2700 concurrit
1099 2676 1186 2700 cum
1227 2671 1378 2712 stupro;

311 2719 544 2768 quandoque
573 2725 700 2755 autem
741 2717 931 2754 invenitur
961 2725 1088 2766 raptus
1122 2717 1202 2754 sine
1231 2725 1379 2766 stupr03

311 2772 545 2821 quandoque
564 2784 658 2808 vero
684 2779 857 2819 stuprum
879 2771 960 2807 sine
987 2779 1107 2819 raptu.
1139 2770 1382 2807 Concurrunt

312 2826 467 2875 quidem
498 2825 534 2862 in
565 2825 679 2869 idem,
702 2825 856 2873 quando
877 2824 1009 2872 aliquis
1028 2823 1248 2861 violentiam
1273 2825 1381 2861 infert

312 2880 358 2916 ad
388 2879 574 2926 virginem
604 2877 725 2914 illicite
755 2878 1030 2914 deflorandam.
1076 2877 1187 2924 Quae
1222 2878 1379 2927 quidem

311 2932 491 2970 violentia
530 2933 761 2980 quandoque
788 2929 801 2952 δ
830 2931 986 2968 infertur
1022 2938 1100 2967 tam
1136 2930 1205 2980 ipsi
1246 2931 1380 2979 virgini

314 2998 428 3035 quam
450 2985 565 3034 patri:
597 2984 827 3033 quandoque
849 2992 977 3021 autern
1008 2985 1164 3021 infertur
1183 2985 1291 3033 patri,
1313 2986 1380 3022 sed

314 3051 391 3075 non
419 3038 565 3086 virgini,
595 3045 685 3086 puta
715 3049 803 3074 cum
833 3038 913 3087 ipsa
939 3038 1125 3075 consentit
1152 3046 1193 3074 ut
1211 3050 1279 3086 per
1297 3039 1379 3075 vio—

314 3092 465 3129 lentiam
488 3092 535 3128 de
556 3092 675 3128 domo
695 3091 811 3140 patris
830 3092 1078 3128 abstrahatur.
1110 3091 1247 3128 Differt
1266 3092 1378 3129 etiam

314 3145 493 3182 violentia
529 3153 656 3194 raptus
684 3149 696 3165 ⁸
732 3144 804 3181 alio
841 3145 983 3181 modo:
1021 3144 1109 3193 quia
1147 3145 1379 3195 quandoque

315 3199 437 3247 puella
465 3199 651 3235 violenter
679 3197 878 3235 abducitur
907 3211 928 3235 a
959 3198 1077 3235 domo
1111 3207 1312 3247 parentum
1346 3207 1382 3236 et

316 3252 500 3288 violenter
541 3251 813 3299 corrumpitur;
853 3253 1085 3300 quandoque
1123 3260 1272 3299 autem,
1313 3253 1380 3290 etsi

316 3304 500 3341 violenter
533 3305 761 3350 abducatur,
798 3317 875 3341 non
913 3313 1040 3341 tamen
1077 3305 1262 3342 violenter
1299 3319 1380 3343 cor-

340 663 357 713 Ι)
400 668 406 679 ι

373 3420 398 3448 2)
420 3421 538 3449 raptu.—
556 3422 634 3450 rapta
654 3419 706 3443 DL.

374 3451 397 3484 β)
417 3460 500 3477 suam.
514 3467 531 3471 -
550 3461 663 3478 uxorem
682 3461 757 3478 suam
778 3456 821 3483 sA,
841 3462 916 3479 suam
937 3463 1050 3480 uxorem
1072 3456 1126 3481 PH.

372 3489 397 3520 γ)
417 3495 433 3511 α
450 3491 542 3519 stupro
562 3489 695 3514 distincta.
707 3502 727 3508 —
745 3490 804 3514 Om.
826 3490 886 3522 PpG
907 3496 931 3515 et
949 3498 975 3516 a.

373 3522 397 3555 δ)
417 3523 581 3555 quandoque.
594 3537 612 3542 —
631 3524 735 3555 quidem
756 3525 852 3550 addunt
871 3526 996 3551 AFHlsC.

374 3559 394 3589 ε)
416 3562 517 3590 raptus.
531 3573 546 3576 -
565 3562 591 3582 et
611 3562 702 3590 raptus
724 3559 806 3584 l'Hla.

373 3593 397 3623 ζ)
414 3594 533 3625 periculo
552 3601 579 3617 se
599 3594 713 3618 iniicere.
729 3608 747 3613 —
760 3595 881 3625 pericula
901 3603 927 3620 se
943 3596 1051 3621 iniicere
1070 3597 1207 3629 ABEFpK.
1222 3598 1247 3622 in
1259 3598 1381 3630 pericuIa
1407 3589 1409 3591 ¹

320 3636 347 3653 se
367 3629 474 3654 iniicere
493 3629 510 3658 Ι,
525 3629 647 3660 pericula
666 3636 693 3653 se
713 3630 858 3654 immiscere
878 3631 907 3659 L,
924 3631 1074 3662 periculose
1099 3632 1207 3658 iniicere
1229 3641 1257 3658 se
1282 3633 1317 3663 D,
1334 3640 1381 3666 pe·
1408 3651 1409 3657 1

1434 638 1633 687 rumpitur,
1654 639 1722 675 sed
1751 640 1798 676 de
1827 640 2024 676 voluntate
2044 641 2212 688 virginis,
2234 641 2314 679 sive
2336 654 2506 678 corrum-

1433 699 1545 741 patur
1586 691 1789 729 fornicario
1834 693 2061 741 concubitu,
2101 694 2182 731 sive
2225 694 2505 732 matrimoniali.

1435 745 1775 794 Qualitercumque
1819 746 1920 782 enim
1957 747 2137 783 violentia
2183 747 2301 795 adsit,
2341 749 2508 785 salvatur

1434 799 1528 835 ratio
1558 807 1700 847 raptus.
1731 820 1755 826 -
1786 799 1981 836 Invenitur
2010 807 2137 837 autem
2167 809 2297 849 raptus
2321 801 2402 839 sine
2431 811 2507 838 stu-

1433 864 1523 901 pro:
1558 859 1650 901 puta
1679 852 1708 888 si
1739 851 1874 901 aliquis
1909 852 2030 900 rapiat
2057 853 2216 890 viduam
2245 855 2307 891 vel
2341 856 2508 904 puellam

1435 914 1666 955 corruptam.
1698 905 1809 942 Unde
1840 906 2099 954 Symmachus
2120 907 2226 955 Papa
2255 907 2344 945 dicit
2361 908 2402 945 ²¹⁶:
2431 910 2508 946 Ra-

1428 965 1557 1007 ptores
1586 959 1788 996 viduarum
1817 958 1878 995 vel
1912 959 2129 1009 virginum,
2160 961 2207 997 ob
2235 961 2507 999 immanitatem

1422 1013 1615 1061 facinoris
1643 1013 1747 1059 tanti,
1768 1013 2006 1049 detestamur.
2038 1034 2061 1040 -
2092 1013 2274 1062 Stuprum
2304 1026 2398 1052 vero
2427 1016 2507 1053 sine

1435 1074 1544 1115 raptu
1573 1066 1775 1112 invenitur,
1797 1065 1952 1114 quando
1981 1065 2118 1115 aliquis
2138 1067 2283 1115 absque
2302 1067 2507 1106 violentiae

1433 1119 1599 1157 illatione
1628 1119 1815 1167 virginem
1845 1118 1968 1156 illicite
1997 1119 2170 1156 deflorat.

1487 1176 1546 1210 Ao
1576 1185 1713 1210 prunum
1742 1183 1841 1210 ERGO
1879 1184 2064 1210 mei-:unum
2099 1173 2224 1221 quod,
2254 1173 2343 1221 quia
2380 1183 2509 1224 raptus

1433 1227 1661 1275 plerumque
1691 1238 1779 1263 curn
1818 1234 1949 1275 stupro
1979 1226 2017 1263 in
2046 1226 2149 1263 idem
2180 1228 2390 1274 concurrit,
2420 1228 2508 1266 ideo

1434 1282 1669 1329 quandoque
1698 1291 1817 1316 unum
1847 1292 1918 1328 pro
1948 1280 2022 1316 alio
2051 1280 2216 1328 ponitur.

1488 1336 1547 1371 An
1571 1345 1764 1371 SECUNDUM
1793 1345 1979 1370 morannum
2011 1335 2115 1382 quod
2154 1333 2269 1370 illatio
2304 1333 2508 1372 violentiae

1434 1387 1585 1424 videtur
1612 1387 1821 1436 procedere
1858 1399 1903 1423 ex
1939 1386 2200 1435 magnitudine
2235 1388 2508 1436 concupiscen-

1433 1441 1520 1487 tiae,
1547 1453 1593 1477 ex
1621 1453 1697 1489 qua
1727 1439 1860 1489 aliquis
1889 1453 1967 1477 non
1998 1440 2131 1488 refugit
2159 1441 2329 1489 periculo
2358 1453 2398 1478 se
2427 1441 2508 1478 inii-

1435 1507 1520 1531 cere
1540 1493 1552 1517 ζ
1581 1494 1785 1531 violentiae
1815 1493 2049 1530 inferendae.
2635 1494 2651 1525 ζ

1486 1549 1545 1584 AD
1561 1559 1722 1585 ”rem-lum
1742 1559 1928 1584 DiCENnUM
1949 1547 2054 1595 quod
2083 1547 2190 1583 aliter
2214 1554 2270 1584 est
2299 1547 2507 1586 dicendum

1434 1601 1471 1637 in
1494 1606 1512 1628 η
1541 1609 1650 1650 raptu
1678 1601 1893 1650 puellarum
1914 1612 2013 1649 quae
2034 1608 2120 1637 sunt
2140 1599 2220 1637 aliis
2240 1601 2506 1650 desponsatae,
2633 1605 2649 1629 ’¹

2537 914 2752 964 'cssfiifflzssk‘

2536 974 2586 990 can.
2617 968 2653 990 Ra
2670 969 2749 995 mres,

2536 1001 2616 1050 32⁸..
2660 993 2749 1021 *Μ’

1405 1702 1407 1704 ¹
1435 1662 1471 1690 et
1499 1654 1606 1690 aliter
1625 1654 1672 1691 de
1694 1661 1803 1703 raptu
1824 1654 1972 1690 illarum
2002 1665 2101 1701 quae
2122 1665 2200 1690 non
2229 1662 2317 1691 sunt
2340 1654 2422 1691 aliis
2443 1655 2508 1692 de-

1434 1715 1650 1756 sponsatae.
1689 1708 1775 1743 lllae
1805 1707 1907 1743 enim
1936 1719 2036 1754 quae
2066 1715 2153 1743 sunt
2181 1707 2262 1744 aliis
2299 1708 2508 1756 desponsa-

1405 1798 1406 1802 ,
1433 1768 1505 1807 tae,
1528 1760 1781 1797 restituendae
1811 1768 1898 1796 sunt
1927 1760 2090 1808 sponsis,
2111 1760 2176 1808 qui
2205 1760 2243 1797 in
2274 1761 2326 1798 eis
2356 1773 2401 1797 ex
2425 1761 2508 1811 ipsa

1434 1813 1730 1863 desponsatione
1760 1813 1818 1849 ius
1842 1814 1995 1850 habent.
2027 1814 2115 1850 Illae
2144 1820 2272 1850 autem
2302 1826 2399 1863 quae
2429 1827 2508 1852 non

1433 1874 1521 1903 sunt
1555 1866 1635 1903 aliis
1671 1866 1941 1914 desponsatae,
1973 1865 2226 1903 restituendae
2256 1875 2344 1904 sunt
2380 1867 2507 1916 primo

1432 1919 1575 1969 patriae
1596 1919 1789 1968 potestati:
1820 1927 1857 1956 et
1875 1927 1977 1965 tunc,
1999 1919 2045 1955 de
2074 1920 2270 1956 voluntate
2290 1929 2507 1969 parentum,

1432 1973 1530 2010 licite
1559 1980 1720 2021 possunt
1758 1984 1822 2009 eas
1850 1972 1889 2008 in
1917 1983 2057 2008 uxores
2085 1972 2270 2021 accipere.
2303 1973 2343 2010 Si
2378 1982 2509 2012 tamen

1433 2026 1538 2063 aliter
1566 2026 1653 2073 fiat,
1683 2025 1807 2062 illicite
1846 2025 2136 2062 matrimonium
2171 2026 2426 2064 contrahitur:
2455 2035 2508 2065 te-

1432 2087 1542 2117 netur
1562 2081 1665 2116 enim
1687 2079 1922 2128 quicumque
1942 2078 1955 2100 ⁰
1984 2091 2066 2116 rem
2096 2079 2204 2128 rapit,
2225 2079 2273 2117 ad
2303 2079 2384 2117 eius
2403 2080 2508 2118 resti·
2636 2086 2650 2112 ⁰

1432 2133 1632 2170 tutionem.
1657 2133 1742 2169 Nec
1761 2140 1892 2169 tamen
1912 2140 2042 2181 raptus
2058 2131 2198 2169 dirimit
2217 2133 2508 2174 matrimonium

1432 2187 1508 2223 iam
1529 2194 1779 2232 contractum,
1801 2185 1869 2222 etsi
1888 2185 2072 2234 impediat
2100 2186 2417 2225 contrahendum.

1487 2240 1604 2286 Quod
1634 2247 1762 2276 autern
1793 2238 1928 2275 dicitur
1957 2239 1995 2276 in
2024 2239 2221 2287 praedicto
2245 2240 2432 2287 Concilio,
2453 2241 2507 2279 di-

1434 2300 1536 2329 ctum
1568 2300 1623 2329 est
1652 2293 1689 2329 in
1719 2292 2010 2329 detestationem
2041 2292 2139 2329 illius
2168 2292 2356 2341 criminis,
2387 2301 2424 2331 et
2453 2302 2509 2332 est

1434 2347 1659 2394 abrogatum
1675 2351 1695 2382 ‘.
1725 2345 1836 2383 Unde
1868 2344 2162 2393 Hieronymus*
2191 2347 2426 2384 eontrarium
2453 2347 2507 2386 di·
2533 2380 2545 2392 „
2587 2353 2647 2402 ω*
2689 2379 2735 2401 τ.

1434 2399 1494 2436 cit.
1539 2399 1641 2444 Tria,
1670 2398 1802 2446 inquit,
1831 2398 1999 2448 legitima
2027 2399 2207 2449 coniugia
2236 2399 2274 2436 in
2303 2400 2507 2449 Scripturis
2534 2396 2655 2455 §5¹31ss
2678 2385 2749 2455 ξεῖ

1434 2453 1623 2502 leguntur.
1657 2453 1829 2489 Primum
1858 2457 1922 2497 est,
1950 2453 2063 2501 virgo
2091 2457 2194 2489 casta
2223 2453 2261 2489 in
2290 2454 2508 2503 virginitate
2635 2439 2700 2462 ’q'
2742 2449 2748 2454 '

1433 2507 1516 2543 viro
1545 2507 1632 2543 data
1662 2505 1836 2555 legitime.
1874 2506 2088 2542 Secundum
2117 2511 2180 2551 est,
2210 2506 2322 2556 virgo
2351 2507 2388 2543 in
2416 2507 2506 2544 civi—

1434 2565 1508 2596 tate
1535 2560 1764 2608 deprehensa
1793 2570 1817 2595 a
1845 2559 1928 2595 viro
1957 2564 1992 2595 et
2020 2558 2074 2595 illi
2094 2571 2168 2608 per
2194 2559 2270 2596 vim
2309 2561 2506 2609 copulata.-

1432 2613 1467 2649 si
1493 2613 1655 2650 voluerit
1673 2618 1787 2661 pater
1814 2612 1904 2658 eius,
1933 2612 2075 2649 dotabit
2101 2624 2186 2649 eam
2215 2613 2282 2649 iste
2300 2613 2361 2650 vir
2387 2625 2506 2663 quan-

1405 2681 1407 2707 ς
1434 2672 1511 2703 tum
1542 2666 1764 2703 iudicaverit
1782 2671 1906 2714 pater,
1927 2671 1962 2702 et
1988 2666 2093 2703 dabit
2113 2666 2278 2715 pretium
2301 2667 2508 2715 pudicitiae

1433 2721 1523 2756 eius.
1565 2719 1731 2756 Tertium
1768 2725 1894 2756 autem
1923 2725 1995 2765 est,
2026 2720 2177 2768 quando
2210 2721 2385 2768 aufertur
2411 2722 2448 2758 ei
2473 2727 2508 2758 et

1433 2773 1542 2810 alteri
1574 2773 1735 2810 traditur
1762 2773 1807 2809 de
1837 2772 2027 2809 voluntate
2055 2773 2190 2821 patris.
2220 2794 2245 2802 -
2273 2773 2343 2810 Vel
2381 2782 2507 2822 potest

1434 2826 1586 2874 intelligi
1617 2828 1662 2862 de
1693 2826 1762 2862 illis
1791 2838 1890 2875 quae
1925 2833 2013 2863 sunt
2041 2826 2122 2863 aliis
2155 2826 2430 2876 desponsatae:
2469 2836 2506 2865 et

1433 2879 1600 2917 maxime
1628 2892 1697 2929 per
1724 2880 1844 2916 verba
1874 2879 1920 2916 de
1950 2880 2151 2929 praesenti.

1487 2935 1544 2970 AD
1583 2945 1757 2976 QUARTUM
1795 2945 1980 2971 montinum
2009 2933 2116 2982 quod
2152 2945 2316 2983 sponsus
2349 2945 2395 2971 ex
2423 2934 2504 2982 ipsa

1434 2986 1730 3035 desponsatione
1768 2987 1884 3023 habet
1911 2986 2064 3034 aliquod
2095 2987 2152 3024 ius
2185 2986 2223 3023 in
2252 2999 2320 3024 sua
2349 2999 2502 3035 sponsa.

1435 3041 1483 3077 Et
1512 3040 1616 3086 ideo,
1645 3039 1823 3089 quamvis
1861 3048 1995 3089 peccet
2030 3039 2253 3076 violentiam
2292 3040 2503 3086 inferendo,

1435 3101 1635 3130 excusatur
1670 3101 1800 3130 tamen
1830 3106 1852 3130 a
1882 3093 2038 3130 crimine
2074 3100 2215 3142 raptus.
2252 3093 2363 3130 Unde
2392 3093 2504 3131 Gela-

1435 3147 1511 3184 sius
1541 3148 1647 3196 Papa
1676 3146 1764 3184 dicit
1782 3146 1818 3183 *ε
1847 3147 1934 3183 Lex
1961 3146 2024 3183 illa
2047 3146 2340 3195 praeteritorum
2359 3147 2504 3185 Princi-
2532 3151 2609 3200 2⁸2?-
2627 3150 2745 3200 “affl'’

1430 3212 1524 3249 pum
1540 3206 1556 3222 ἰ
1576 3200 1629 3237 ibi
1645 3205 1795 3248 raptum
1815 3200 1912 3236 dixit
1928 3211 2006 3237 esse
2024 3199 2277 3246 commissum,
2300 3200 2364 3237 ubi
2375 3200 2504 3249 puella
2532 3194 2639 3253 3¹53,-
2655 3194 2744 3260 quffifff

1435 3254 1481 3290 de
1508 3254 1614 3290 cuius
1638 3253 1775 3302 nuptiis
1802 3252 1895 3289 nihil
1912 3258 2037 3289 actum
2053 3253 2193 3300 fuerat,
2215 3253 2412 3291 videbatur
2438 3255 2504 3291 ab·
2630 3247 2646 3284 ¹’t
2688 3247 2694 3253 ⁸

1435 3308 1557 3344 ducta.

1435 3421 1550 3446 riculo-se
1571 3428 1600 3446 se
1623 3420 1767 3445 immittere
1791 3420 1831 3444 ed.
1851 3427 1877 3449 a,
1892 3419 2044 3451 periculose
2071 3420 2214 3446 immittere
2237 3428 2265 3446 se
2290 3421 2321 3451 G.
2338 3422 2459 3453 periculo
2477 3429 2505 3447 se

1435 3457 1579 3481 immittere
1599 3456 1627 3480 P.

1489 3492 1515 3523 η)
1536 3492 1572 3516 in.
1584 3505 1603 3510 —
1621 3491 1654 3515 de
1673 3491 1767 3515 PHLa.

1488 3525 1512 3558 Θ)
1532 3527 1728 3559 quicumque.-
1745 3525 1791 3558 qui
1808 3532 2000 3558 quamcumque
2019 3526 2166 3552 ABCEHL.

1490 3562 1508 3594 ι)
1528 3562 1729 3594 abrogatum.·-
1747 3561 1903 3594 ebregatum
1924 3561 1998 3592 ABF,
2020 3561 2180 3595 abrogatum
2200 3562 2271 3595 pCK.

1489 3598 1514 3629 κ)
1535 3596 1699 3629 Prt‘ncipum.
1713 3610 1730 3615 —
1744 3596 1909 3629 principium
1930 3597 2030 3626 BFHK.
2046 3598 2222 3630 praecipuum
2242 3599 2273 3623 L.
