<?xml version="1.0" encoding="UTF-8"?>
<!DOCTYPE html PUBLIC "-//W3C//DTD XHTML 1.0 Transitional//EN"
    "http://www.w3.org/TR/xhtml1/DTD/xhtml1-transitional.dtd">
<html xmlns="http://www.w3.org/1999/xhtml" xml:lang="en" lang="en">
 <head>
  <title>
</title>
<meta http-equiv="Content-Type" content="text/html;charset=utf-8" />
  <meta name='ocr-system' content='tesseract 3.04.00' />
  <meta name='ocr-capabilities' content='ocr_page ocr_carea ocr_par ocr_line ocrx_word'/>
</head>
<body>
  <div class='ocr_page' id='page_1' title='image "./operaomniaiussui10thom_0499.png"; bbox 0 0 2768 4198; ppageno 0'>
   <div class='ocr_carea' id='block_1_1' title="bbox 32 388 160 410">
    <p class='ocr_par' dir='ltr' id='par_1_1' title="bbox 32 388 160 410">
     <span class='ocr_line' id='line_1_1' title="bbox 32 388 160 410; baseline -0.008 0"><span class='ocrx_word' id='word_1_1' title='bbox 32 389 42 398; x_wconf 80' lang='lat'>⁸</span> <span class='ocrx_word' id='word_1_2' title='bbox 56 388 122 410; x_wconf 70' lang='lat' dir='ltr'><strong><em>Vere.</em></strong></span> <span class='ocrx_word' id='word_1_3' title='bbox 137 388 160 410; x_wconf 88' lang='lat'><strong><em>6.</em></strong></span> 
     </span>
    </p>
   </div>
   <div class='ocr_carea' id='block_1_2' title="bbox 272 298 1851 431">
    <p class='ocr_par' dir='ltr' id='par_1_2' title="bbox 272 298 1851 431">
     <span class='ocr_line' id='line_1_2' title="bbox 891 298 1851 346; baseline 0.001 -12"><span class='ocrx_word' id='word_1_4' title='bbox 891 298 1160 345; x_wconf 89' lang='lat' dir='ltr'><strong>QUAESTIO</strong></span> <span class='ocrx_word' id='word_1_5' title='bbox 1191 298 1444 346; x_wconf 87' lang='lat' dir='ltr'>CLXXXIV,</span> <span class='ocrx_word' id='word_1_6' title='bbox 1474 298 1771 335; x_wconf 91' lang='lat' dir='ltr'><strong>ARTICULUS</strong></span> <span class='ocrx_word' id='word_1_7' title='bbox 1800 299 1851 335; x_wconf 94' lang='lat' dir='ltr'><strong><em>VI</em></strong></span> 
     </span>
     <span class='ocr_line' id='line_1_3' title="bbox 272 377 1374 431; baseline -0.003 -13"><span class='ocrx_word' id='word_1_8' title='bbox 272 381 338 418; x_wconf 93' lang='lat' dir='ltr'><strong><em>lud</em></strong></span> <span class='ocrx_word' id='word_1_9' title='bbox 367 382 399 417; x_wconf 92' lang='grc' dir='ltr'><strong><em>ΙΙ</em></strong></span> <span class='ocrx_word' id='word_1_10' title='bbox 427 380 480 417; x_wconf 85' lang='lat' dir='ltr'><strong><em>ad</em></strong></span> <span class='ocrx_word' id='word_1_11' title='bbox 510 380 606 417; x_wconf 90' lang='lat' dir='ltr'><strong><em>Tim.</em></strong></span> <span class='ocrx_word' id='word_1_12' title='bbox 637 378 699 426; x_wconf 70' lang='lat'><strong><em>1²¹⁶,</em></strong></span> <span class='ocrx_word' id='word_1_13' title='bbox 719 377 929 415; x_wconf 87' lang='lat' dir='ltr'><strong><em>Resuscites</em></strong></span> <span class='ocrx_word' id='word_1_14' title='bbox 955 378 1123 427; x_wconf 84' lang='lat' dir='ltr'><em>gratiam</em></span> <span class='ocrx_word' id='word_1_15' title='bbox 1152 378 1227 414; x_wconf 90' lang='lat' dir='ltr'><strong><em>Dei</em></strong></span> <span class='ocrx_word' id='word_1_16' title='bbox 1246 390 1344 426; x_wconf 85' lang='lat' dir='ltr'><strong><em>quae</em></strong></span> <span class='ocrx_word' id='word_1_17' title='bbox 1372 379 1374 431; x_wconf 62' lang='grc' dir='ltr'>Ι</span> 
     </span>
    </p>
   </div>
   <div class='ocr_carea' id='block_1_3' title="bbox 1452 301 2467 427">
    <p class='ocr_par' dir='ltr' id='par_1_3' title="bbox 1452 301 2467 427">
     <span class='ocr_line' id='line_1_4' title="bbox 2387 301 2464 347; baseline 0.013 -1"><span class='ocrx_word' id='word_1_18' title='bbox 2387 301 2464 347; x_wconf 84' lang='grc'><strong><em>457</em></strong></span> 
     </span>
     <span class='ocr_line' id='line_1_5' title="bbox 1452 378 2467 427; baseline 0.001 -12"><span class='ocrx_word' id='word_1_19' title='bbox 1452 380 1512 415; x_wconf 83' lang='lat' dir='ltr'><strong><em>An</em></strong></span> <span class='ocrx_word' id='word_1_20' title='bbox 1549 390 1742 415; x_wconf 78' lang='lat' dir='ltr'>SECUNDUM</span> <span class='ocrx_word' id='word_1_21' title='bbox 1771 390 1956 415; x_wconf 79' lang='lat' dir='ltr'><strong><em>moi-:NDUM</em></strong></span> <span class='ocrx_word' id='word_1_22' title='bbox 1990 378 2095 427; x_wconf 92' lang='lat' dir='ltr'><strong><em>quod</em></strong></span> <span class='ocrx_word' id='word_1_23' title='bbox 2123 379 2299 416; x_wconf 90' lang='lat' dir='ltr'><strong><em>homines</em></strong></span> <span class='ocrx_word' id='word_1_24' title='bbox 2329 387 2467 416; x_wconf 89' lang='lat' dir='ltr'><strong><em>statum</em></strong></span> 
     </span>
    </p>
   </div>
   <div class='ocr_carea' id='block_1_4' title="bbox 223 431 2467 487">
    <p class='ocr_par' dir='ltr' id='par_1_4' title="bbox 223 431 2467 487">
     <span class='ocr_line' id='line_1_6' title="bbox 223 431 2467 487; baseline -0.001 -16"><span class='ocrx_word' id='word_1_25' title='bbox 223 483 229 487; x_wconf 35' lang='grc' dir='ltr'>Ι</span> <span class='ocrx_word' id='word_1_26' title='bbox 274 440 328 471; x_wconf 87' lang='lat' dir='ltr'><strong><em>est</em></strong></span> <span class='ocrx_word' id='word_1_27' title='bbox 344 435 382 470; x_wconf 91' lang='lat' dir='ltr'><strong><em>in</em></strong></span> <span class='ocrx_word' id='word_1_28' title='bbox 402 439 437 470; x_wconf 88' lang='lat' dir='ltr'><strong><em>te</em></strong></span> <span class='ocrx_word' id='word_1_29' title='bbox 450 445 524 482; x_wconf 87' lang='lat' dir='ltr'><strong><em>per</em></strong></span> <span class='ocrx_word' id='word_1_30' title='bbox 542 433 815 482; x_wconf 80' lang='lat' dir='ltr'><strong><em>impositionem</em></strong></span> <span class='ocrx_word' id='word_1_31' title='bbox 831 442 1015 467; x_wconf 91' lang='lat' dir='ltr'><strong><em>manuum</em></strong></span> <span class='ocrx_word' id='word_1_32' title='bbox 1035 443 1221 477; x_wconf 86' lang='lat' dir='ltr'><strong><em>mearum,</em></strong></span> <span class='ocrx_word' id='word_1_33' title='bbox 1239 431 1343 480; x_wconf 93' lang='lat' dir='ltr'><strong><em>quod</em></strong></span> <span class='ocrx_word' id='word_1_34' title='bbox 1367 435 1373 482; x_wconf 31' lang='grc' dir='ltr'><strong><em>Ὗ]</em></strong></span> <span class='ocrx_word' id='word_1_35' title='bbox 1399 432 1642 480; x_wconf 89' lang='lat' dir='ltr'><strong><em>perfectionis</em></strong></span> <span class='ocrx_word' id='word_1_36' title='bbox 1678 440 1896 479; x_wconf 82' lang='lat' dir='ltr'><strong><em>assumunt,</em></strong></span> <span class='ocrx_word' id='word_1_37' title='bbox 1927 444 2006 469; x_wconf 90' lang='lat' dir='ltr'><strong><em>non</em></strong></span> <span class='ocrx_word' id='word_1_38' title='bbox 2035 432 2141 481; x_wconf 90' lang='lat' dir='ltr'><strong><em>quasi</em></strong></span> <span class='ocrx_word' id='word_1_39' title='bbox 2177 433 2399 481; x_wconf 90' lang='lat' dir='ltr'><strong><em>profitentes</em></strong></span> <span class='ocrx_word' id='word_1_40' title='bbox 2428 446 2467 469; x_wconf 86' lang='lat' dir='ltr'><strong><em>se</em></strong></span> 
     </span>
    </p>
   </div>
   <div class='ocr_carea' id='block_1_5' title="bbox 32 497 158 519">
    <p class='ocr_par' dir='ltr' id='par_1_5' title="bbox 32 497 158 519">
     <span class='ocr_line' id='line_1_7' title="bbox 32 497 158 519; baseline 0 0"><span class='ocrx_word' id='word_1_41' title='bbox 32 498 43 509; x_wconf 72' lang='lat'>⁴</span> <span class='ocrx_word' id='word_1_42' title='bbox 55 497 158 519; x_wconf 69' lang='lat' dir='ltr'><strong><em>lmen-lin.</em></strong></span> 
     </span>
    </p>
   </div>
   <div class='ocr_carea' id='block_1_6' title="bbox 125 2231 243 2287">
    <p class='ocr_par' dir='ltr' id='par_1_6' title="bbox 125 2231 243 2287">
     <span class='ocr_line' id='line_1_8' title="bbox 125 2231 243 2287; textangle 90"><span class='ocrx_word' id='word_1_43' title='bbox 125 2231 243 2287; x_wconf 58' lang='grc' dir='ltr'><strong><em>ἐξ</em></strong></span> 
     </span>
    </p>
   </div>
   <div class='ocr_carea' id='block_1_7' title="bbox 54 2259 242 2336">
    <p class='ocr_par' dir='ltr' id='par_1_7' title="bbox 54 2259 242 2336">
     <span class='ocr_line' id='line_1_9' title="bbox 54 2259 242 2336; textangle 90"><span class='ocrx_word' id='word_1_44' title='bbox 54 2259 242 2336; x_wconf 58' lang='lat' dir='ltr'><strong><em>{J</em></strong></span> 
     </span>
    </p>
   </div>
   <div class='ocr_carea' id='block_1_8' title="bbox 6 3465 269 3494">
    <p class='ocr_par' dir='ltr' id='par_1_8' title="bbox 6 3465 269 3494">
     <span class='ocr_line' id='line_1_10' title="bbox 6 3465 269 3494; baseline -0.008 -6"><span class='ocrx_word' id='word_1_45' title='bbox 6 3465 11 3484; x_wconf 72' lang='lat'><strong><em>2-</em></strong></span> <span class='ocrx_word' id='word_1_46' title='bbox 55 3466 67 3478; x_wconf 72' lang='lat'>⁸</span> <span class='ocrx_word' id='word_1_47' title='bbox 80 3465 137 3494; x_wconf 66' lang='lat' dir='ltr'><strong><em>Cap.</em></strong></span> <span class='ocrx_word' id='word_1_48' title='bbox 152 3471 169 3493; x_wconf 82' lang='lat'><strong><em>1,</em></strong></span> <span class='ocrx_word' id='word_1_49' title='bbox 179 3471 238 3487; x_wconf 73' lang='lat' dir='ltr'><strong><em>vers.</em></strong></span> <span class='ocrx_word' id='word_1_50' title='bbox 249 3471 269 3494; x_wconf 86' lang='lat'><strong><em>5.</em></strong></span> 
     </span>
    </p>
   </div>
   <div class='ocr_carea' id='block_1_9' title="bbox 0 3580 9 3697">
    <p class='ocr_par' dir='ltr' id='par_1_9' title="bbox 0 3580 9 3697">
     <span class='ocr_line' id='line_1_11' title="bbox 0 3580 9 3697; textangle 90"><span class='ocrx_word' id='word_1_51' title='bbox 0 3580 9 3697; x_wconf 51' lang='lat' dir='ltr'><strong><em>2-—-wy-&lt;</em></strong></span> 
     </span>
    </p>
   </div>
   <div class='ocr_carea' id='block_1_10' title="bbox 271 484 2474 1178">
    <p class='ocr_par' dir='ltr' id='par_1_10' title="bbox 271 484 2474 1178">
     <span class='ocr_line' id='line_1_12' title="bbox 274 484 2469 544; baseline -0.001 -20"><span class='ocrx_word' id='word_1_52' title='bbox 274 487 414 524; x_wconf 91' lang='lat' dir='ltr'><strong><em>Glossa</em></strong></span> <span class='ocrx_word' id='word_1_53' title='bbox 431 486 452 509; x_wconf 79' lang='lat'><strong><em>&#39;¹‘</em></strong></span> <span class='ocrx_word' id='word_1_54' title='bbox 481 486 636 535; x_wconf 87' lang='lat' dir='ltr'>exponit</span> <span class='ocrx_word' id='word_1_55' title='bbox 655 485 702 522; x_wconf 92' lang='lat' dir='ltr'><strong><em>de</em></strong></span> <span class='ocrx_word' id='word_1_56' title='bbox 729 484 859 534; x_wconf 79' lang='lat' dir='ltr'><strong><em>gratia</em></strong></span> <span class='ocrx_word' id='word_1_57' title='bbox 887 484 1099 533; x_wconf 86' lang='lat' dir='ltr'><strong><em>episcopali.</em></strong></span> <span class='ocrx_word' id='word_1_58' title='bbox 1126 485 1174 521; x_wconf 90' lang='lat' dir='ltr'><strong><em>Et</em></strong></span> <span class='ocrx_word' id='word_1_59' title='bbox 1202 485 1345 533; x_wconf 92' lang='lat' dir='ltr'><strong><em>Diony·</em></strong></span> <span class='ocrx_word' id='word_1_60' title='bbox 1372 512 1373 544; x_wconf 35' lang='grc' dir='ltr'>ἢ</span> <span class='ocrx_word' id='word_1_61' title='bbox 1400 497 1482 521; x_wconf 90' lang='lat' dir='ltr'><strong><em>esse</em></strong></span> <span class='ocrx_word' id='word_1_62' title='bbox 1511 486 1718 534; x_wconf 87' lang='lat' dir='ltr'><strong><em>perfectos,</em></strong></span> <span class='ocrx_word' id='word_1_63' title='bbox 1749 486 1816 523; x_wconf 88' lang='lat' dir='ltr'><strong><em>sed</em></strong></span> <span class='ocrx_word' id='word_1_64' title='bbox 1847 486 1955 534; x_wconf 89' lang='lat' dir='ltr'>quasi</span> <span class='ocrx_word' id='word_1_65' title='bbox 1984 486 2206 534; x_wconf 91' lang='lat' dir='ltr'><strong><em>profitentes</em></strong></span> <span class='ocrx_word' id='word_1_66' title='bbox 2242 498 2282 522; x_wconf 92' lang='lat' dir='ltr'><strong><em>se</em></strong></span> <span class='ocrx_word' id='word_1_67' title='bbox 2311 487 2360 523; x_wconf 85' lang='lat' dir='ltr'><strong><em>ad</em></strong></span> <span class='ocrx_word' id='word_1_68' title='bbox 2388 499 2469 535; x_wconf 89' lang='lat' dir='ltr'><strong><em>per-</em></strong></span> 
     </span>
     <span class='ocr_line' id='line_1_13' title="bbox 274 537 2469 588; baseline -0 -11"><span class='ocrx_word' id='word_1_69' title='bbox 274 541 351 577; x_wconf 88' lang='lat' dir='ltr'><strong>sius</strong></span> <span class='ocrx_word' id='word_1_70' title='bbox 380 540 480 587; x_wconf 86' lang='lat' dir='ltr'><strong><em>dicit,</em></strong></span> <span class='ocrx_word' id='word_1_71' title='bbox 499 551 524 576; x_wconf 94' lang='lat' dir='ltr'><strong><em>v</em></strong></span> <span class='ocrx_word' id='word_1_72' title='bbox 543 551 626 587; x_wconf 87' lang='lat' dir='ltr'><strong><em>cap.</em></strong></span> <span class='ocrx_word' id='word_1_73' title='bbox 656 538 798 575; x_wconf 87' lang='lat' dir='ltr'><strong><em>Eccles.</em></strong></span> <span class='ocrx_word' id='word_1_74' title='bbox 819 537 945 584; x_wconf 66' lang='lat' dir='ltr'><strong><em>Hier„</em></strong></span> <span class='ocrx_word' id='word_1_75' title='bbox 966 538 1070 586; x_wconf 92' lang='lat' dir='ltr'><strong><em>quod</em></strong></span> <span class='ocrx_word' id='word_1_76' title='bbox 1098 550 1268 575; x_wconf 89' lang='lat' dir='ltr'><strong><em>summus</em></strong></span> <span class='ocrx_word' id='word_1_77' title='bbox 1286 550 1345 575; x_wconf 83' lang='lat' dir='ltr'><strong><em>sa·</em></strong></span> <span class='ocrx_word' id='word_1_78' title='bbox 1372 552 1373 588; x_wconf 49' lang='lat' dir='ltr'><strong><em>l</em></strong></span> <span class='ocrx_word' id='word_1_79' title='bbox 1400 538 1604 575; x_wconf 80' lang='lat' dir='ltr'>sectionem</span> <span class='ocrx_word' id='word_1_80' title='bbox 1635 539 1802 576; x_wconf 90' lang='lat' dir='ltr'><strong><em>tendere.</em></strong></span> <span class='ocrx_word' id='word_1_81' title='bbox 1838 539 1950 577; x_wconf 88' lang='lat' dir='ltr'>Unde</span> <span class='ocrx_word' id='word_1_82' title='bbox 1979 547 2016 576; x_wconf 90' lang='lat' dir='ltr'><strong><em>et</em></strong></span> <span class='ocrx_word' id='word_1_83' title='bbox 2043 541 2252 588; x_wconf 88' lang='lat' dir='ltr'>Apostolus</span> <span class='ocrx_word' id='word_1_84' title='bbox 2282 539 2390 587; x_wconf 84' lang='lat' dir='ltr'><strong><em>dicit,</em></strong></span> <span class='ocrx_word' id='word_1_85' title='bbox 2421 540 2469 576; x_wconf 90' lang='lat' dir='ltr'><strong><em>ad</em></strong></span> 
     </span>
     <span class='ocr_line' id='line_1_14' title="bbox 273 590 2472 641; baseline -0 -11"><span class='ocrx_word' id='word_1_86' title='bbox 273 594 417 638; x_wconf 63' lang='lat' dir='ltr'><strong><em>cemos,</em></strong></span> <span class='ocrx_word' id='word_1_87' title='bbox 447 593 544 629; x_wconf 91' lang='lat' dir='ltr'><strong><em>idest</em></strong></span> <span class='ocrx_word' id='word_1_88' title='bbox 573 592 787 640; x_wconf 86' lang='lat' dir='ltr'><strong><em>episcopus,</em></strong></span> <span class='ocrx_word' id='word_1_89' title='bbox 818 591 855 627; x_wconf 91' lang='lat' dir='ltr'><strong><em>in</em></strong></span> <span class='ocrx_word' id='word_1_90' title='bbox 884 603 953 628; x_wconf 87' lang='lat' dir='ltr'><strong><em>sua</em></strong></span> <span class='ocrx_word' id='word_1_91' title='bbox 982 592 1218 628; x_wconf 85' lang='lat' dir='ltr'><strong><em>ordinatione</em></strong></span> <span class='ocrx_word' id='word_1_92' title='bbox 1236 593 1347 628; x_wconf 85' lang='lat' dir='ltr'><strong><em>hahet</em></strong></span> <span class='ocrx_word' id='word_1_93' title='bbox 1372 590 1374 636; x_wconf 66' lang='lat' dir='ltr'><strong><em>i</em></strong></span> <span class='ocrx_word' id='word_1_94' title='bbox 1399 592 1557 640; x_wconf 82' lang='lat' dir='ltr'><em>Philipp.</em></span> <span class='ocrx_word' id='word_1_95' title='bbox 1580 604 1614 628; x_wconf 92' lang='lat'><strong><em>111</em></strong></span> <span class='ocrx_word' id='word_1_96' title='bbox 1630 592 1667 628; x_wconf 71' lang='grc' dir='ltr'><strong><em>*ε</em></strong></span> <span class='ocrx_word' id='word_1_97' title='bbox 1697 593 1787 629; x_wconf 83' lang='grc' dir='ltr'><strong><em>Νοη</em></strong></span> <span class='ocrx_word' id='word_1_98' title='bbox 1809 593 1911 641; x_wconf 84' lang='lat' dir='ltr'><strong><em>quod</em></strong></span> <span class='ocrx_word' id='word_1_99' title='bbox 1928 593 2004 629; x_wconf 86' lang='lat' dir='ltr'><strong><em>iam</em></strong></span> <span class='ocrx_word' id='word_1_100' title='bbox 2025 593 2385 641; x_wconf 83' lang='lat' dir='ltr'><strong><em>comprehenderim,</em></strong></span> <span class='ocrx_word' id='word_1_101' title='bbox 2405 599 2472 629; x_wconf 91' lang='lat' dir='ltr'><strong><em>aut</em></strong></span> 
     </span>
     <span class='ocr_line' id='line_1_15' title="bbox 273 644 2470 695; baseline 0 -12"><span class='ocrx_word' id='word_1_102' title='bbox 273 646 510 694; x_wconf 87' lang='lat' dir='ltr'><strong><em>eloquiorum</em></strong></span> <span class='ocrx_word' id='word_1_103' title='bbox 538 657 653 695; x_wconf 89' lang='lat' dir='ltr'><strong><em>super</em></strong></span> <span class='ocrx_word' id='word_1_104' title='bbox 685 650 797 694; x_wconf 87' lang='lat' dir='ltr'><strong><em>caput</em></strong></span> <span class='ocrx_word' id='word_1_105' title='bbox 824 645 1098 682; x_wconf 83' lang='lat' dir='ltr'><strong><em>sanctissimam</em></strong></span> <span class='ocrx_word' id='word_1_106' title='bbox 1135 645 1345 694; x_wconf 86' lang='lat' dir='ltr'><strong><em>superposi-</em></strong></span> <span class='ocrx_word' id='word_1_107' title='bbox 1373 656 1374 684; x_wconf 61' lang='grc' dir='ltr'>ἕ</span> <span class='ocrx_word' id='word_1_108' title='bbox 1396 646 1585 694; x_wconf 78' lang='lat' dir='ltr'><strong><em>perfectus</em></strong></span> <span class='ocrx_word' id='word_1_109' title='bbox 1601 646 1689 682; x_wconf 81' lang='lat' dir='ltr'><strong><em>sim.-</em></strong></span> <span class='ocrx_word' id='word_1_110' title='bbox 1708 644 1867 694; x_wconf 72' lang='lat' dir='ltr'><strong><em>sequor0</em></strong></span> <span class='ocrx_word' id='word_1_111' title='bbox 1883 652 2021 692; x_wconf 86' lang='lat' dir='ltr'><strong><em>autem,</em></strong></span> <span class='ocrx_word' id='word_1_112' title='bbox 2037 647 2071 683; x_wconf 91' lang='lat' dir='ltr'><strong><em>si</em></strong></span> <span class='ocrx_word' id='word_1_113' title='bbox 2083 658 2156 695; x_wconf 88' lang='lat' dir='ltr'><strong><em>quo</em></strong></span> <span class='ocrx_word' id='word_1_114' title='bbox 2177 647 2288 683; x_wconf 88' lang='lat' dir='ltr'><strong><em>modo</em></strong></span> <span class='ocrx_word' id='word_1_115' title='bbox 2304 658 2470 695; x_wconf 89' lang='lat' dir='ltr'><strong><em>compre-</em></strong></span> 
     </span>
     <span class='ocr_line' id='line_1_16' title="bbox 274 694 2470 754; baseline 0 -18"><span class='ocrx_word' id='word_1_116' title='bbox 274 700 435 744; x_wconf 86' lang='lat' dir='ltr'><strong><em>tionem,</em></strong></span> <span class='ocrx_word' id='word_1_117' title='bbox 466 705 506 735; x_wconf 89' lang='lat' dir='ltr'><strong><em>ut</em></strong></span> <span class='ocrx_word' id='word_1_118' title='bbox 531 699 767 749; x_wconf 78' lang='lat' dir='ltr'><strong><em>significetur</em></strong></span> <span class='ocrx_word' id='word_1_119' title='bbox 803 699 904 747; x_wconf 85' lang='lat' dir='ltr'><strong><em>quod</em></strong></span> <span class='ocrx_word' id='word_1_120' title='bbox 931 699 1008 747; x_wconf 87' lang='lat' dir='ltr'><strong><em>ipse</em></strong></span> <span class='ocrx_word' id='word_1_121' title='bbox 1041 704 1096 735; x_wconf 91' lang='lat' dir='ltr'><strong><em>est</em></strong></span> <span class='ocrx_word' id='word_1_122' title='bbox 1115 699 1346 747; x_wconf 89' lang='lat' dir='ltr'><strong><em>participati-</em></strong></span> <span class='ocrx_word' id='word_1_123' title='bbox 1373 694 1375 754; x_wconf 51' lang='grc' dir='ltr'>ᾗ</span> <span class='ocrx_word' id='word_1_124' title='bbox 1400 700 1575 736; x_wconf 84' lang='lat' dir='ltr'><strong><em>hendam.</em></strong></span> <span class='ocrx_word' id='word_1_125' title='bbox 1597 700 1646 736; x_wconf 90' lang='lat' dir='ltr'><strong><em>Et</em></strong></span> <span class='ocrx_word' id='word_1_126' title='bbox 1664 707 1799 748; x_wconf 90' lang='lat' dir='ltr'><strong><em>postea</em></strong></span> <span class='ocrx_word' id='word_1_127' title='bbox 1818 699 1838 721; x_wconf 62' lang='lat'><strong><em>&#39;³‘</em></strong></span> <span class='ocrx_word' id='word_1_128' title='bbox 1853 700 1997 737; x_wconf 88' lang='lat' dir='ltr'><strong><em>subdit:</em></strong></span> <span class='ocrx_word' id='word_1_129' title='bbox 2023 701 2257 749; x_wconf 84' lang='lat' dir='ltr'><strong><em>Quicumque</em></strong></span> <span class='ocrx_word' id='word_1_130' title='bbox 2276 712 2370 750; x_wconf 81' lang='lat' dir='ltr'><strong><em>ergo</em></strong></span> <span class='ocrx_word' id='word_1_131' title='bbox 2384 712 2470 748; x_wconf 89' lang='lat' dir='ltr'><strong><em>per-</em></strong></span> 
     </span>
     <span class='ocr_line' id='line_1_17' title="bbox 273 751 2472 802; baseline 0 -13"><span class='ocrx_word' id='word_1_132' title='bbox 273 764 343 790; x_wconf 91' lang='lat' dir='ltr'><strong><em>vus</em></strong></span> <span class='ocrx_word' id='word_1_133' title='bbox 362 751 375 777; x_wconf 78' lang='lat' dir='ltr'><strong><em>t</em></strong></span> <span class='ocrx_word' id='word_1_134' title='bbox 403 752 550 802; x_wconf 80' lang='lat' dir='ltr'><strong><em>integre</em></strong></span> <span class='ocrx_word' id='word_1_135' title='bbox 578 753 688 789; x_wconf 89' lang='lat' dir='ltr'><strong><em>totius</em></strong></span> <span class='ocrx_word' id='word_1_136' title='bbox 724 753 963 789; x_wconf 85' lang='lat' dir='ltr'><strong><em>hierarchiae</em></strong></span> <span class='ocrx_word' id='word_1_137' title='bbox 996 753 1155 798; x_wconf 79' lang='lat' dir='ltr'><strong><em>virtutis,</em></strong></span> <span class='ocrx_word' id='word_1_138' title='bbox 1185 758 1220 789; x_wconf 94' lang='lat' dir='ltr'><strong><em>et</em></strong></span> <span class='ocrx_word' id='word_1_139' title='bbox 1246 752 1348 801; x_wconf 82' lang='lat' dir='ltr'><strong><em>quod</em></strong></span> <span class='ocrx_word' id='word_1_140' title='bbox 1374 774 1375 777; x_wconf 64' lang='lat'><em>=</em></span> <span class='ocrx_word' id='word_1_141' title='bbox 1395 753 1491 800; x_wconf 86' lang='lat' dir='ltr'><strong><em>fecti</em></strong></span> <span class='ocrx_word' id='word_1_142' title='bbox 1515 765 1666 798; x_wconf 87' lang='lat' dir='ltr'><strong><em>sumus,</em></strong></span> <span class='ocrx_word' id='word_1_143' title='bbox 1695 754 1767 790; x_wconf 91' lang='lat' dir='ltr'><strong><em>hoc</em></strong></span> <span class='ocrx_word' id='word_1_144' title='bbox 1785 753 2000 790; x_wconf 87' lang='lat' dir='ltr'><strong><em>sentiamus.</em></strong></span> <span class='ocrx_word' id='word_1_145' title='bbox 2031 754 2142 791; x_wconf 88' lang='lat' dir='ltr'><strong><em>Unde</em></strong></span> <span class='ocrx_word' id='word_1_146' title='bbox 2163 766 2241 791; x_wconf 91' lang='lat' dir='ltr'><strong><em>non</em></strong></span> <span class='ocrx_word' id='word_1_147' title='bbox 2271 754 2472 790; x_wconf 88' lang='lat' dir='ltr'><strong><em>committit</em></strong></span> 
     </span>
     <span class='ocr_line' id='line_1_18' title="bbox 274 806 2471 855; baseline 0.001 -13"><span class='ocrx_word' id='word_1_148' title='bbox 274 807 352 855; x_wconf 89' lang='lat' dir='ltr'><strong><em>ipse</em></strong></span> <span class='ocrx_word' id='word_1_149' title='bbox 393 817 469 842; x_wconf 89' lang='lat' dir='ltr'><strong><em>non</em></strong></span> <span class='ocrx_word' id='word_1_150' title='bbox 510 807 634 843; x_wconf 89' lang='lat' dir='ltr'><strong><em>solum</em></strong></span> <span class='ocrx_word' id='word_1_151' title='bbox 661 806 709 842; x_wconf 90' lang='lat' dir='ltr'><strong><em>sit</em></strong></span> <span class='ocrx_word' id='word_1_152' title='bbox 735 806 1006 842; x_wconf 82' lang='lat' dir='ltr'><strong><em>illuminativus</em></strong></span> <span class='ocrx_word' id='word_1_153' title='bbox 1047 806 1216 843; x_wconf 90' lang='lat' dir='ltr'><strong><em>omnium</em></strong></span> <span class='ocrx_word' id='word_1_154' title='bbox 1250 817 1348 854; x_wconf 85' lang='lat' dir='ltr'><strong><em>quae</em></strong></span> <span class='ocrx_word' id='word_1_155' title='bbox 1403 806 1536 855; x_wconf 84' lang='lat' dir='ltr'><strong><em>aliquis</em></strong></span> <span class='ocrx_word' id='word_1_156' title='bbox 1556 807 1803 844; x_wconf 83' lang='lat' dir='ltr'><strong><em>mendacium</em></strong></span> <span class='ocrx_word' id='word_1_157' title='bbox 1822 808 1884 844; x_wconf 88' lang='lat' dir='ltr'><strong><em>vel</em></strong></span> <span class='ocrx_word' id='word_1_158' title='bbox 1904 807 2185 844; x_wconf 87' lang='lat' dir='ltr'><strong><em>simulationem</em></strong></span> <span class='ocrx_word' id='word_1_159' title='bbox 2206 820 2251 844; x_wconf 90' lang='lat' dir='ltr'><strong><em>ex</em></strong></span> <span class='ocrx_word' id='word_1_160' title='bbox 2271 807 2346 844; x_wconf 89' lang='lat' dir='ltr'><strong><em>hoc</em></strong></span> <span class='ocrx_word' id='word_1_161' title='bbox 2365 808 2471 855; x_wconf 87' lang='lat' dir='ltr'><strong><em>quod</em></strong></span> 
     </span>
     <span class='ocr_line' id='line_1_19' title="bbox 271 859 2471 909; baseline 0 -13"><span class='ocrx_word' id='word_1_162' title='bbox 271 859 459 908; x_wconf 85' lang='lat' dir='ltr'><strong><em>pertinent</em></strong></span> <span class='ocrx_word' id='word_1_163' title='bbox 479 865 497 887; x_wconf 70' lang='grc' dir='ltr'>η</span> <span class='ocrx_word' id='word_1_164' title='bbox 526 861 576 897; x_wconf 85' lang='lat' dir='ltr'><strong><em>ad</em></strong></span> <span class='ocrx_word' id='word_1_165' title='bbox 603 865 753 896; x_wconf 88' lang='lat' dir='ltr'><strong><em>sanctas</em></strong></span> <span class='ocrx_word' id='word_1_166' title='bbox 781 859 985 896; x_wconf 89' lang='lat' dir='ltr'><strong><em>locutiones</em></strong></span> <span class='ocrx_word' id='word_1_167' title='bbox 1012 865 1049 896; x_wconf 90' lang='lat' dir='ltr'><strong><em>et</em></strong></span> <span class='ocrx_word' id='word_1_168' title='bbox 1073 860 1254 905; x_wconf 80' lang='lat' dir='ltr'><strong><em>actiones,</em></strong></span> <span class='ocrx_word' id='word_1_169' title='bbox 1283 859 1349 896; x_wconf 86' lang='lat' dir='ltr'><strong><em>sed</em></strong></span> <span class='ocrx_word' id='word_1_170' title='bbox 1375 880 1376 888; x_wconf 33' lang='grc' dir='ltr'><strong>κ</strong></span> <span class='ocrx_word' id='word_1_171' title='bbox 1403 865 1509 896; x_wconf 85' lang='lat' dir='ltr'><strong><em>non‘</em></strong></span> <span class='ocrx_word' id='word_1_172' title='bbox 1540 868 1594 896; x_wconf 90' lang='lat' dir='ltr'><strong><em>est</em></strong></span> <span class='ocrx_word' id='word_1_173' title='bbox 1622 861 1812 908; x_wconf 88' lang='lat' dir='ltr'><strong><em>perfectus</em></strong></span> <span class='ocrx_word' id='word_1_174' title='bbox 1841 861 1907 909; x_wconf 91' lang='lat' dir='ltr'><strong><em>qui</em></strong></span> <span class='ocrx_word' id='word_1_175' title='bbox 1935 868 2073 897; x_wconf 89' lang='lat' dir='ltr'><strong><em>statum</em></strong></span> <span class='ocrx_word' id='word_1_176' title='bbox 2102 861 2344 909; x_wconf 87' lang='lat' dir='ltr'><strong><em>perfectionis</em></strong></span> <span class='ocrx_word' id='word_1_177' title='bbox 2367 873 2471 897; x_wconf 90' lang='lat' dir='ltr'><strong><em>assu·</em></strong></span> 
     </span>
     <span class='ocr_line' id='line_1_20' title="bbox 275 913 2472 963; baseline 0 -13"><span class='ocrx_word' id='word_1_178' title='bbox 275 913 377 962; x_wconf 82' lang='lat' dir='ltr'><strong><em>quod</em></strong></span> <span class='ocrx_word' id='word_1_179' title='bbox 403 913 516 950; x_wconf 90' lang='lat' dir='ltr'><strong><em>etiam</em></strong></span> <span class='ocrx_word' id='word_1_180' title='bbox 545 914 639 950; x_wconf 89' lang='lat' dir='ltr'><strong><em>haec</em></strong></span> <span class='ocrx_word' id='word_1_181' title='bbox 666 913 750 950; x_wconf 89' lang='lat' dir='ltr'><strong><em>aliis</em></strong></span> <span class='ocrx_word' id='word_1_182' title='bbox 779 914 914 950; x_wconf 88' lang='lat' dir='ltr'><strong><em>tradat.</em></strong></span> <span class='ocrx_word' id='word_1_183' title='bbox 1375 928 1377 962; x_wconf 71' lang='lat'>3</span> <span class='ocrx_word' id='word_1_184' title='bbox 1404 913 1492 949; x_wconf 85' lang='lat' dir='ltr'><strong><em>mit:</em></strong></span> <span class='ocrx_word' id='word_1_185' title='bbox 1529 913 1596 950; x_wconf 90' lang='lat' dir='ltr'><strong><em>sed</em></strong></span> <span class='ocrx_word' id='word_1_186' title='bbox 1631 925 1675 949; x_wconf 83' lang='lat' dir='ltr'><strong><em>ex</em></strong></span> <span class='ocrx_word' id='word_1_187' title='bbox 1704 926 1751 950; x_wconf 89' lang='lat' dir='ltr'><strong><em>eo</em></strong></span> <span class='ocrx_word' id='word_1_188' title='bbox 1781 914 1886 961; x_wconf 90' lang='lat' dir='ltr'><strong><em>quod</em></strong></span> <span class='ocrx_word' id='word_1_189' title='bbox 1916 914 1964 950; x_wconf 92' lang='lat' dir='ltr'><strong><em>ab</em></strong></span> <span class='ocrx_word' id='word_1_190' title='bbox 1993 914 2201 950; x_wconf 90' lang='lat' dir='ltr'><strong><em>intentione</em></strong></span> <span class='ocrx_word' id='word_1_191' title='bbox 2230 914 2472 963; x_wconf 88' lang='lat' dir='ltr'><strong><em>perfectionis</em></strong></span> 
     </span>
     <span class='ocr_line' id='line_1_21' title="bbox 329 965 1777 1022; baseline 0.001 -19"><span class='ocrx_word' id='word_1_192' title='bbox 329 969 388 1003; x_wconf 86' lang='lat' dir='ltr'><strong><em>At&gt;</em></strong></span> <span class='ocrx_word' id='word_1_193' title='bbox 425 978 565 1004; x_wconf 74' lang='lat' dir='ltr'><strong><em>ptumum</em></strong></span> <span class='ocrx_word' id='word_1_194' title='bbox 602 978 700 1004; x_wconf 84' lang='lat' dir='ltr'>ERGO</span> <span class='ocrx_word' id='word_1_195' title='bbox 739 978 925 1003; x_wconf 76' lang='lat' dir='ltr'><strong><em>mcaNDuM</em></strong></span> <span class='ocrx_word' id='word_1_196' title='bbox 954 965 1060 1014; x_wconf 92' lang='lat' dir='ltr'><strong><em>quod</em></strong></span> <span class='ocrx_word' id='word_1_197' title='bbox 1093 965 1283 1003; x_wconf 87' lang='lat' dir='ltr'><strong><em>inchoatio</em></strong></span> <span class='ocrx_word' id='word_1_198' title='bbox 1313 973 1350 1002; x_wconf 90' lang='lat' dir='ltr'><strong><em>et</em></strong></span> <span class='ocrx_word' id='word_1_199' title='bbox 1375 976 1377 1022; x_wconf 46' lang='lat' dir='ltr'><strong><em>l</em></strong></span> <span class='ocrx_word' id='word_1_200' title='bbox 1405 966 1578 1003; x_wconf 91' lang='lat' dir='ltr'><strong><em>animum</em></strong></span> <span class='ocrx_word' id='word_1_201' title='bbox 1608 975 1777 1004; x_wconf 86' lang='lat' dir='ltr'><strong><em>revocat.</em></strong></span> 
     </span>
     <span class='ocr_line' id='line_1_22' title="bbox 276 1019 2473 1068; baseline -0 -11"><span class='ocrx_word' id='word_1_202' title='bbox 276 1028 524 1067; x_wconf 86' lang='lat' dir='ltr'><strong><em>augmentum</em></strong></span> <span class='ocrx_word' id='word_1_203' title='bbox 555 1032 633 1057; x_wconf 92' lang='lat' dir='ltr'><strong><em>non</em></strong></span> <span class='ocrx_word' id='word_1_204' title='bbox 662 1020 856 1068; x_wconf 90' lang='lat' dir='ltr'><strong><em>quaeritur</em></strong></span> <span class='ocrx_word' id='word_1_205' title='bbox 888 1027 1045 1068; x_wconf 88' lang='lat' dir='ltr'><strong><em>propter</em></strong></span> <span class='ocrx_word' id='word_1_206' title='bbox 1073 1032 1135 1066; x_wconf 78' lang='lat' dir='ltr'><strong><em>se,</em></strong></span> <span class='ocrx_word' id='word_1_207' title='bbox 1165 1019 1232 1056; x_wconf 90' lang='lat' dir='ltr'><strong><em>sed</em></strong></span> <span class='ocrx_word' id='word_1_208' title='bbox 1266 1032 1350 1068; x_wconf 91' lang='lat' dir='ltr'><strong><em>pro·</em></strong></span> <span class='ocrx_word' id='word_1_209' title='bbox 1376 1023 1377 1028; x_wconf 76' lang='grc'>’</span> <span class='ocrx_word' id='word_1_210' title='bbox 1458 1022 1517 1056; x_wconf 86' lang='lat' dir='ltr'><strong><em>AD</em></strong></span> <span class='ocrx_word' id='word_1_211' title='bbox 1546 1031 1707 1057; x_wconf 73' lang='lat' dir='ltr'><strong><em>TERTmM</em></strong></span> <span class='ocrx_word' id='word_1_212' title='bbox 1727 1032 1912 1057; x_wconf 86' lang='lat' dir='ltr'>D1CENDUM</span> <span class='ocrx_word' id='word_1_213' title='bbox 1941 1021 2047 1068; x_wconf 90' lang='lat' dir='ltr'><strong><em>quod</em></strong></span> <span class='ocrx_word' id='word_1_214' title='bbox 2067 1020 2292 1068; x_wconf 89' lang='lat' dir='ltr'><strong><em>martyrium</em></strong></span> <span class='ocrx_word' id='word_1_215' title='bbox 2319 1020 2356 1057; x_wconf 91' lang='lat' dir='ltr'><strong><em>in</em></strong></span> <span class='ocrx_word' id='word_1_216' title='bbox 2386 1027 2473 1057; x_wconf 90' lang='lat' dir='ltr'><strong><em>actu</em></strong></span> 
     </span>
     <span class='ocr_line' id='line_1_23' title="bbox 276 1071 2474 1122; baseline 0 -12"><span class='ocrx_word' id='word_1_217' title='bbox 276 1080 361 1122; x_wconf 92' lang='lat' dir='ltr'><strong><em>pter</em></strong></span> <span class='ocrx_word' id='word_1_218' title='bbox 380 1074 669 1122; x_wconf 89' lang='lat' dir='ltr'><strong><em>perfectionem.</em></strong></span> <span class='ocrx_word' id='word_1_219' title='bbox 699 1074 749 1110; x_wconf 92' lang='lat' dir='ltr'><strong><em>Et</em></strong></span> <span class='ocrx_word' id='word_1_220' title='bbox 768 1073 855 1110; x_wconf 90' lang='lat' dir='ltr'><strong><em>ideo</em></strong></span> <span class='ocrx_word' id='word_1_221' title='bbox 885 1074 933 1110; x_wconf 90' lang='lat' dir='ltr'><strong><em>ad</em></strong></span> <span class='ocrx_word' id='word_1_222' title='bbox 954 1073 1079 1109; x_wconf 90' lang='lat' dir='ltr'><strong><em>solum</em></strong></span> <span class='ocrx_word' id='word_1_223' title='bbox 1109 1073 1350 1120; x_wconf 90' lang='lat' dir='ltr'><strong><em>perfectionis</em></strong></span> <span class='ocrx_word' id='word_1_224' title='bbox 1376 1071 1378 1088; x_wconf 75' lang='lat'>³</span> <span class='ocrx_word' id='word_1_225' title='bbox 1404 1073 1679 1122; x_wconf 88' lang='lat' dir='ltr'><strong><em>perfectissimo</em></strong></span> <span class='ocrx_word' id='word_1_226' title='bbox 1709 1073 1869 1110; x_wconf 91' lang='lat' dir='ltr'><strong><em>caritatis</em></strong></span> <span class='ocrx_word' id='word_1_227' title='bbox 1899 1074 2076 1110; x_wconf 88' lang='lat' dir='ltr'><strong><em>consistit.</em></strong></span> <span class='ocrx_word' id='word_1_228' title='bbox 2107 1076 2225 1110; x_wconf 91' lang='lat' dir='ltr'><strong><em>Actus</em></strong></span> <span class='ocrx_word' id='word_1_229' title='bbox 2244 1081 2372 1110; x_wconf 90' lang='lat' dir='ltr'><strong><em>autem</em></strong></span> <span class='ocrx_word' id='word_1_230' title='bbox 2392 1086 2474 1122; x_wconf 92' lang='lat' dir='ltr'><strong><em>per-</em></strong></span> 
     </span>
     <span class='ocr_line' id='line_1_24' title="bbox 277 1126 2474 1178; baseline -0.001 -14"><span class='ocrx_word' id='word_1_231' title='bbox 277 1134 419 1164; x_wconf 88' lang='lat' dir='ltr'><strong><em>statum</em></strong></span> <span class='ocrx_word' id='word_1_232' title='bbox 447 1127 563 1176; x_wconf 86' lang='lat' dir='ltr'><strong><em>aliqui</em></strong></span> <span class='ocrx_word' id='word_1_233' title='bbox 591 1127 887 1164; x_wconf 75' lang='lat' dir='ltr'><strong><em>hominescum</em></strong></span> <span class='ocrx_word' id='word_1_234' title='bbox 917 1127 1084 1174; x_wconf 86' lang='lat' dir='ltr'><strong><em>quadam</em></strong></span> <span class='ocrx_word' id='word_1_235' title='bbox 1119 1126 1350 1174; x_wconf 85' lang='lat' dir='ltr'><strong><em>obligatione</em></strong></span> <span class='ocrx_word' id='word_1_236' title='bbox 1377 1166 1378 1178; x_wconf 29' lang='lat'>1</span> <span class='ocrx_word' id='word_1_237' title='bbox 1404 1126 1577 1163; x_wconf 85' lang='lat' dir='ltr'><strong><em>fectionis</em></strong></span> <span class='ocrx_word' id='word_1_238' title='bbox 1607 1139 1685 1163; x_wconf 92' lang='lat' dir='ltr'><strong><em>non</em></strong></span> <span class='ocrx_word' id='word_1_239' title='bbox 1707 1127 1846 1164; x_wconf 89' lang='lat' dir='ltr'><strong><em>sufficit</em></strong></span> <span class='ocrx_word' id='word_1_240' title='bbox 1865 1128 1914 1164; x_wconf 89' lang='lat' dir='ltr'><strong><em>ad</em></strong></span> <span class='ocrx_word' id='word_1_241' title='bbox 1943 1135 2083 1164; x_wconf 87' lang='lat' dir='ltr'><strong><em>statum</em></strong></span> <span class='ocrx_word' id='word_1_242' title='bbox 2112 1127 2340 1174; x_wconf 88' lang='lat' dir='ltr'><strong><em>faciendum,</em></strong></span> <span class='ocrx_word' id='word_1_243' title='bbox 2361 1134 2403 1163; x_wconf 91' lang='lat' dir='ltr'><strong><em>ut</em></strong></span> <span class='ocrx_word' id='word_1_244' title='bbox 2423 1126 2474 1163; x_wconf 91' lang='lat' dir='ltr'><strong><em>di-</em></strong></span> 
     </span>
    </p>
   </div>
   <div class='ocr_carea' id='block_1_11' title="bbox 278 1180 870 1218">
    <p class='ocr_par' dir='ltr' id='par_1_11' title="bbox 278 1180 870 1218">
     <span class='ocr_line' id='line_1_25' title="bbox 278 1180 870 1218; baseline -0.002 -1"><span class='ocrx_word' id='word_1_245' title='bbox 278 1188 315 1217; x_wconf 89' lang='lat' dir='ltr'><strong><em>et</em></strong></span> <span class='ocrx_word' id='word_1_246' title='bbox 342 1180 581 1218; x_wconf 87' lang='lat' dir='ltr'><strong><em>solemnitate</em></strong></span> <span class='ocrx_word' id='word_1_247' title='bbox 610 1187 870 1217; x_wconf 85' lang='lat' dir='ltr'><strong><em>assumuntur.</em></strong></span> 
     </span>
    </p>
   </div>
   <div class='ocr_carea' id='block_1_12' title="bbox 1377 1179 1644 1226">
    <p class='ocr_par' dir='ltr' id='par_1_12' title="bbox 1377 1179 1644 1226">
     <span class='ocr_line' id='line_1_26' title="bbox 1377 1179 1644 1226; baseline 0 -10"><span class='ocrx_word' id='word_1_248' title='bbox 1377 1179 1379 1226; x_wconf 69' lang='grc' dir='ltr'><em>ξ</em></span> <span class='ocrx_word' id='word_1_249' title='bbox 1405 1187 1509 1216; x_wconf 91' lang='lat' dir='ltr'><strong><em>ctum</em></strong></span> <span class='ocrx_word' id='word_1_250' title='bbox 1540 1187 1595 1216; x_wconf 90' lang='lat' dir='ltr'><strong><em>est</em></strong></span> <span class='ocrx_word' id='word_1_251' title='bbox 1613 1179 1644 1216; x_wconf 66' lang='lat'><strong><em>³⁸.</em></strong></span> 
     </span>
    </p>
   </div>
   <div class='ocr_carea' id='block_1_13' title="bbox 330 1293 1350 1328">
    <p class='ocr_par' dir='ltr' id='par_1_13' title="bbox 330 1293 1350 1328">
     <span class='ocr_line' id='line_1_27' title="bbox 330 1293 1350 1328; baseline -0.001 -9"><span class='ocrx_word' id='word_1_252' title='bbox 330 1294 356 1327; x_wconf 81' lang='grc' dir='ltr'><strong><em>ζ)</em></strong></span> <span class='ocrx_word' id='word_1_253' title='bbox 372 1294 591 1328; x_wconf 57' lang='lat' dir='ltr'><strong><em>participativus.</em></strong></span> <span class='ocrx_word' id='word_1_254' title='bbox 603 1308 623 1314; x_wconf 91' lang='lat'>-</span> <span class='ocrx_word' id='word_1_255' title='bbox 636 1294 856 1327; x_wconf 81' lang='lat' dir='ltr'><strong><em>participaturus</em></strong></span> <span class='ocrx_word' id='word_1_256' title='bbox 874 1294 977 1319; x_wconf 87' lang='lat' dir='ltr'><strong><em>codices</em></strong></span> <span class='ocrx_word' id='word_1_257' title='bbox 1000 1298 1026 1318; x_wconf 88' lang='lat' dir='ltr'><strong><em>et</em></strong></span> <span class='ocrx_word' id='word_1_258' title='bbox 1043 1301 1060 1318; x_wconf 88' lang='lat' dir='ltr'><strong><em>a</em></strong></span> <span class='ocrx_word' id='word_1_259' title='bbox 1067 1301 1076 1323; x_wconf 91' lang='lat'><em>;</em></span> <span class='ocrx_word' id='word_1_260' title='bbox 1099 1301 1146 1326; x_wconf 88' lang='lat' dir='ltr'><strong><em>pro</em></strong></span> <span class='ocrx_word' id='word_1_261' title='bbox 1166 1293 1350 1323; x_wconf 83' lang='lat' dir='ltr'><strong><em>hierarchiae,</em></strong></span> 
     </span>
    </p>
   </div>
   <div class='ocr_carea' id='block_1_14' title="bbox 263 1329 1208 1362">
    <p class='ocr_par' dir='ltr' id='par_1_14' title="bbox 263 1329 1208 1362">
     <span class='ocr_line' id='line_1_28' title="bbox 263 1329 1208 1362; baseline -0.002 -7"><span class='ocrx_word' id='word_1_262' title='bbox 263 1329 460 1355; x_wconf 10' lang='lat' dir='ltr'><strong><em>cumr-unicae</em></strong></span> <span class='ocrx_word' id='word_1_263' title='bbox 479 1330 517 1361; x_wconf 86' lang='lat' dir='ltr'><strong><em>D;</em></strong></span> <span class='ocrx_word' id='word_1_264' title='bbox 536 1338 584 1362; x_wconf 86' lang='lat' dir='ltr'><strong><em>pro</em></strong></span> <span class='ocrx_word' id='word_1_265' title='bbox 604 1330 808 1360; x_wconf 78' lang='lat' dir='ltr'><strong><em>illuminativus,</em></strong></span> <span class='ocrx_word' id='word_1_266' title='bbox 829 1330 998 1355; x_wconf 79' lang='lat' dir='ltr'><strong><em>illuminatus</em></strong></span> <span class='ocrx_word' id='word_1_267' title='bbox 1017 1330 1119 1354; x_wconf 86' lang='lat' dir='ltr'><strong><em>codices</em></strong></span> <span class='ocrx_word' id='word_1_268' title='bbox 1139 1334 1164 1353; x_wconf 88' lang='lat' dir='ltr'><strong><em>et</em></strong></span> <span class='ocrx_word' id='word_1_269' title='bbox 1182 1335 1208 1354; x_wconf 85' lang='lat' dir='ltr'><strong><em>a.</em></strong></span> 
     </span>
    </p>
   </div>
   <div class='ocr_carea' id='block_1_15' title="bbox 277 1364 1351 1426">
    <p class='ocr_par' dir='ltr' id='par_1_15' title="bbox 277 1364 1351 1426">
     <span class='ocr_line' id='line_1_29' title="bbox 277 1364 1351 1426; baseline -0.003 -35"><span class='ocrx_word' id='word_1_270' title='bbox 277 1401 294 1426; x_wconf 62' lang='lat' dir='ltr'><strong><em>h</em></strong></span> <span class='ocrx_word' id='word_1_271' title='bbox 330 1366 364 1425; x_wconf 59' lang='lat' dir='ltr'><strong><em>nl)&gt;</em></strong></span> <span class='ocrx_word' id='word_1_272' title='bbox 367 1372 447 1425; x_wconf 46' lang='lat' dir='ltr'>311«oe</span> <span class='ocrx_word' id='word_1_273' title='bbox 467 1365 613 1397; x_wconf 75' lang='lat' dir='ltr'><strong><em>pertinent.</em></strong></span> <span class='ocrx_word' id='word_1_274' title='bbox 625 1379 644 1386; x_wconf 90' lang='lat'><em>-</em></span> <span class='ocrx_word' id='word_1_275' title='bbox 663 1366 735 1398; x_wconf 86' lang='lat' dir='ltr'><strong><em>quod</em></strong></span> <span class='ocrx_word' id='word_1_276' title='bbox 753 1366 876 1398; x_wconf 78' lang='lat' dir='ltr'><strong><em>pertinet</em></strong></span> <span class='ocrx_word' id='word_1_277' title='bbox 893 1366 940 1396; x_wconf 82' lang='lat' dir='ltr'><strong><em>Pa,</em></strong></span> <span class='ocrx_word' id='word_1_278' title='bbox 958 1370 988 1390; x_wconf 90' lang='lat' dir='ltr'><strong><em>ut</em></strong></span> <span class='ocrx_word' id='word_1_279' title='bbox 1005 1365 1109 1390; x_wconf 91' lang='lat' dir='ltr'><strong><em>codices</em></strong></span> <span class='ocrx_word' id='word_1_280' title='bbox 1128 1364 1160 1389; x_wconf 93' lang='lat' dir='ltr'><strong><em>G.</em></strong></span> <span class='ocrx_word' id='word_1_281' title='bbox 1173 1378 1191 1384; x_wconf 83' lang='lat'><strong><em>·-</em></strong></span> <span class='ocrx_word' id='word_1_282' title='bbox 1210 1365 1261 1389; x_wconf 79' lang='lat' dir='ltr'><strong><em>Pro</em></strong></span> <span class='ocrx_word' id='word_1_283' title='bbox 1279 1364 1351 1393; x_wconf 86' lang='lat' dir='ltr'><strong><em>haec,</em></strong></span> 
     </span>
     <span class='ocr_line' id='line_1_30' title="bbox 295 1407 1298 1426; baseline -0.003 0"><span class='ocrx_word' id='word_1_284' title='bbox 295 1408 327 1426; x_wconf 83' lang='lat' dir='ltr'><strong><em>oc</em></strong></span> <span class='ocrx_word' id='word_1_285' title='bbox 402 1408 427 1426; x_wconf 88' lang='lat' dir='ltr'><strong><em>a.</em></strong></span> <span class='ocrx_word' id='word_1_286' title='bbox 1293 1407 1298 1411; x_wconf 90' lang='lat'>·</span> 
     </span>
    </p>
   </div>
   <div class='ocr_carea' id='block_1_16' title="bbox 1459 1293 2040 1363">
    <p class='ocr_par' dir='ltr' id='par_1_16' title="bbox 1459 1293 2040 1363">
     <span class='ocr_line' id='line_1_31' title="bbox 1459 1293 2040 1327; baseline 0.002 -9"><span class='ocrx_word' id='word_1_287' title='bbox 1459 1293 1484 1326; x_wconf 83' lang='lat'><strong><em>0)</em></strong></span> <span class='ocrx_word' id='word_1_288' title='bbox 1503 1302 1608 1327; x_wconf 83' lang='lat' dir='ltr'><strong><em>sequor.</em></strong></span> <span class='ocrx_word' id='word_1_289' title='bbox 1620 1309 1640 1314; x_wconf 93' lang='lat'><em>-</em></span> <span class='ocrx_word' id='word_1_290' title='bbox 1658 1302 1756 1327; x_wconf 84' lang='lat' dir='ltr'><strong><em>sequar</em></strong></span> <span class='ocrx_word' id='word_1_291' title='bbox 1775 1295 1952 1327; x_wconf 84' lang='lat' dir='ltr'><strong><em>ABEFKLpC</em></strong></span> <span class='ocrx_word' id='word_1_292' title='bbox 1972 1301 1997 1319; x_wconf 91' lang='lat' dir='ltr'><strong><em>et</em></strong></span> <span class='ocrx_word' id='word_1_293' title='bbox 2015 1302 2040 1320; x_wconf 86' lang='lat' dir='ltr'><strong><em>a.</em></strong></span> 
     </span>
     <span class='ocr_line' id='line_1_32' title="bbox 1461 1331 1844 1363; baseline 0.005 -9"><span class='ocrx_word' id='word_1_294' title='bbox 1461 1331 1479 1363; x_wconf 89' lang='grc' dir='ltr'><strong><em>ι)</em></strong></span> <span class='ocrx_word' id='word_1_295' title='bbox 1499 1338 1560 1356; x_wconf 86' lang='lat' dir='ltr'><strong><em>non.</em></strong></span> <span class='ocrx_word' id='word_1_296' title='bbox 1574 1345 1592 1349; x_wconf 89' lang='lat'>—</span> <span class='ocrx_word' id='word_1_297' title='bbox 1610 1331 1707 1363; x_wconf 82' lang='lat' dir='ltr'><strong><em>aliquis</em></strong></span> <span class='ocrx_word' id='word_1_298' title='bbox 1727 1339 1778 1356; x_wconf 86' lang='lat' dir='ltr'><strong><em>non</em></strong></span> <span class='ocrx_word' id='word_1_299' title='bbox 1798 1331 1844 1356; x_wconf 80' lang='lat' dir='ltr'><strong><em>Pa.</em></strong></span> 
     </span>
    </p>
   </div>
   <div class='ocr_carea' id='block_1_17' title="bbox 962 1482 1808 1516">
    <p class='ocr_par' dir='ltr' id='par_1_17' title="bbox 962 1482 1808 1516">
     <span class='ocr_line' id='line_1_33' title="bbox 962 1482 1808 1516; baseline -0.002 -1"><span class='ocrx_word' id='word_1_300' title='bbox 962 1482 1302 1515; x_wconf 72' lang='lat' dir='ltr'><strong><em>Commentaria</em></strong></span> <span class='ocrx_word' id='word_1_301' title='bbox 1324 1482 1580 1516; x_wconf 77' lang='lat' dir='ltr'><strong><em>cardinalis</em></strong></span> <span class='ocrx_word' id='word_1_302' title='bbox 1604 1482 1808 1515; x_wconf 73' lang='lat' dir='ltr'><strong><em>Caietam</em></strong></span> 
     </span>
    </p>
   </div>
   <div class='ocr_carea' id='block_1_18' title="bbox 281 1559 1355 1633">
    <p class='ocr_par' dir='ltr' id='par_1_18' title="bbox 281 1559 1355 1633">
     <span class='ocr_line' id='line_1_34' title="bbox 281 1559 1355 1633; baseline 0.004 -43"><span class='ocrx_word' id='word_1_303' title='bbox 281 1570 328 1633; x_wconf 71' lang='lat' dir='ltr'><strong><em>In</em></strong></span> <span class='ocrx_word' id='word_1_304' title='bbox 346 1559 479 1590; x_wconf 86' lang='lat' dir='ltr'><strong><em>articulo</em></strong></span> <span class='ocrx_word' id='word_1_305' title='bbox 496 1560 610 1600; x_wconf 91' lang='lat' dir='ltr'><strong><em>quinto</em></strong></span> <span class='ocrx_word' id='word_1_306' title='bbox 634 1560 776 1591; x_wconf 90' lang='lat' dir='ltr'><strong><em>eiusdem</em></strong></span> <span class='ocrx_word' id='word_1_307' title='bbox 797 1561 1003 1601; x_wconf 81' lang='lat' dir='ltr'><strong><em>quaestionis,</em></strong></span> <span class='ocrx_word' id='word_1_308' title='bbox 1026 1562 1107 1593; x_wconf 87' lang='lat' dir='ltr'><strong><em>circa</em></strong></span> <span class='ocrx_word' id='word_1_309' title='bbox 1123 1563 1155 1593; x_wconf 91' lang='lat' dir='ltr'><strong><em>id</em></strong></span> <span class='ocrx_word' id='word_1_310' title='bbox 1171 1563 1262 1604; x_wconf 91' lang='lat' dir='ltr'><strong><em>quod</em></strong></span> <span class='ocrx_word' id='word_1_311' title='bbox 1278 1563 1355 1594; x_wconf 88' lang='lat' dir='ltr'><strong><em>dici-</em></strong></span> 
     </span>
    </p>
   </div>
   <div class='ocr_carea' id='block_1_19' title="bbox 1408 1561 2480 1604">
    <p class='ocr_par' dir='ltr' id='par_1_19' title="bbox 1408 1561 2480 1604">
     <span class='ocr_line' id='line_1_35' title="bbox 1408 1561 2480 1604; baseline -0.002 -11"><span class='ocrx_word' id='word_1_312' title='bbox 1408 1563 1503 1593; x_wconf 88' lang='lat' dir='ltr'><strong><em>Extra</em></strong></span> <span class='ocrx_word' id='word_1_313' title='bbox 1527 1573 1668 1604; x_wconf 88' lang='lat' dir='ltr'><strong><em>quoque,</em></strong></span> <span class='ocrx_word' id='word_1_314' title='bbox 1693 1562 1733 1592; x_wconf 89' lang='lat' dir='ltr'><strong><em>de</em></strong></span> <span class='ocrx_word' id='word_1_315' title='bbox 1755 1562 1908 1598; x_wconf 90' lang='lat' dir='ltr'><strong><em>Renunt.,</em></strong></span> <span class='ocrx_word' id='word_1_316' title='bbox 1927 1571 1994 1601; x_wconf 86' lang='lat' dir='ltr'><strong><em>cap.</em></strong></span> <span class='ocrx_word' id='word_1_317' title='bbox 2018 1562 2091 1592; x_wconf 89' lang='lat' dir='ltr'><strong><em>Nisi</em></strong></span> <span class='ocrx_word' id='word_1_318' title='bbox 2114 1571 2185 1592; x_wconf 86' lang='lat' dir='ltr'><strong><em>cum</em></strong></span> <span class='ocrx_word' id='word_1_319' title='bbox 2204 1561 2345 1601; x_wconf 86' lang='lat' dir='ltr'><strong><em>pridem,</em></strong></span> <span class='ocrx_word' id='word_1_320' title='bbox 2367 1561 2480 1592; x_wconf 89' lang='lat' dir='ltr'><strong><em>dicitur</em></strong></span> 
     </span>
    </p>
   </div>
   <div class='ocr_carea' id='block_1_20' title="bbox 309 1604 2478 1653">
    <p class='ocr_par' dir='ltr' id='par_1_20' title="bbox 309 1604 2478 1653">
     <span class='ocr_line' id='line_1_36' title="bbox 309 1604 2478 1653; baseline -0 -17"><span class='ocrx_word' id='word_1_321' title='bbox 309 1611 371 1642; x_wconf 82' lang='lat' dir='ltr'><strong><em>tur,</em></strong></span> <span class='ocrx_word' id='word_1_322' title='bbox 387 1604 477 1646; x_wconf 93' lang='lat' dir='ltr'><strong><em>quod</em></strong></span> <span class='ocrx_word' id='word_1_323' title='bbox 493 1604 644 1645; x_wconf 83' lang='lat' dir='ltr'><strong><em>Episcopi</em></strong></span> <span class='ocrx_word' id='word_1_324' title='bbox 659 1605 806 1646; x_wconf 81' lang='lat' dir='ltr'><strong><em>obligant</em></strong></span> <span class='ocrx_word' id='word_1_325' title='bbox 824 1615 860 1636; x_wconf 87' lang='lat' dir='ltr'><strong><em>se</em></strong></span> <span class='ocrx_word' id='word_1_326' title='bbox 881 1606 926 1636; x_wconf 87' lang='lat' dir='ltr'><strong><em>ad</em></strong></span> <span class='ocrx_word' id='word_1_327' title='bbox 941 1615 979 1637; x_wconf 83' lang='lat' dir='ltr'><strong><em>ea</em></strong></span> <span class='ocrx_word' id='word_1_328' title='bbox 995 1616 1079 1647; x_wconf 85' lang='lat' dir='ltr'><strong><em>quae</em></strong></span> <span class='ocrx_word' id='word_1_329' title='bbox 1093 1613 1170 1638; x_wconf 85' lang='lat' dir='ltr'><strong><em>sunt</em></strong></span> <span class='ocrx_word' id='word_1_330' title='bbox 1179 1608 1354 1650; x_wconf 86' lang='lat' dir='ltr'><strong><em>perfectio·</em></strong></span> <span class='ocrx_word' id='word_1_331' title='bbox 1380 1648 1381 1653; x_wconf 17' lang='grc'>1</span> <span class='ocrx_word' id='word_1_332' title='bbox 1409 1607 1599 1648; x_wconf 89' lang='lat' dir='ltr'><strong><em>episcopum</em></strong></span> <span class='ocrx_word' id='word_1_333' title='bbox 1614 1607 1731 1638; x_wconf 87' lang='lat' dir='ltr'><strong><em>habere</em></strong></span> <span class='ocrx_word' id='word_1_334' title='bbox 1747 1606 1818 1637; x_wconf 90' lang='lat' dir='ltr'><strong><em>alas</em></strong></span> <span class='ocrx_word' id='word_1_335' title='bbox 1840 1605 1980 1643; x_wconf 82' lang='lat' dir='ltr'><strong><em>strictas,</em></strong></span> <span class='ocrx_word' id='word_1_336' title='bbox 1998 1615 2038 1636; x_wconf 90' lang='lat' dir='ltr'><strong><em>ne</em></strong></span> <span class='ocrx_word' id='word_1_337' title='bbox 2056 1606 2141 1636; x_wconf 90' lang='lat' dir='ltr'><strong><em>volet</em></strong></span> <span class='ocrx_word' id='word_1_338' title='bbox 2157 1606 2197 1635; x_wconf 86' lang='lat' dir='ltr'><strong><em>ad</em></strong></span> <span class='ocrx_word' id='word_1_339' title='bbox 2213 1605 2408 1645; x_wconf 84' lang='lat' dir='ltr'><strong><em>religionem,</em></strong></span> <span class='ocrx_word' id='word_1_340' title='bbox 2426 1616 2478 1636; x_wconf 87' lang='lat' dir='ltr'><strong><em>ne-</em></strong></span> 
     </span>
    </p>
   </div>
   <div class='ocr_carea' id='block_1_21' title="bbox 278 1649 1357 2135">
    <p class='ocr_par' dir='ltr' id='par_1_21' title="bbox 278 1649 1357 2004">
     <span class='ocr_line' id='line_1_37' title="bbox 278 1649 1353 1692; baseline 0.002 -11"><span class='ocrx_word' id='word_1_341' title='bbox 278 1650 340 1688; x_wconf 84' lang='lat' dir='ltr'><strong><em>nis‚</em></strong></span> <span class='ocrx_word' id='word_1_342' title='bbox 357 1649 484 1680; x_wconf 86' lang='lat' dir='ltr'><strong><em>adverte</em></strong></span> <span class='ocrx_word' id='word_1_343' title='bbox 499 1649 590 1689; x_wconf 91' lang='lat' dir='ltr'><strong><em>quod</em></strong></span> <span class='ocrx_word' id='word_1_344' title='bbox 606 1649 668 1680; x_wconf 92' lang='lat' dir='ltr'><strong><em>hoc</em></strong></span> <span class='ocrx_word' id='word_1_345' title='bbox 684 1649 854 1689; x_wconf 86' lang='lat' dir='ltr'><strong><em>dupliciter</em></strong></span> <span class='ocrx_word' id='word_1_346' title='bbox 869 1658 975 1691; x_wconf 89' lang='lat' dir='ltr'><strong><em>potest</em></strong></span> <span class='ocrx_word' id='word_1_347' title='bbox 990 1651 1135 1692; x_wconf 87' lang='lat' dir='ltr'><strong><em>intelligi.</em></strong></span> <span class='ocrx_word' id='word_1_348' title='bbox 1152 1653 1226 1683; x_wconf 91' lang='lat' dir='ltr'><strong><em>Uno</em></strong></span> <span class='ocrx_word' id='word_1_349' title='bbox 1242 1653 1353 1689; x_wconf 87' lang='lat' dir='ltr'><strong><em>modo,</em></strong></span> 
     </span>
     <span class='ocr_line' id='line_1_38' title="bbox 279 1693 1356 1738; baseline 0.004 -13"><span class='ocrx_word' id='word_1_350' title='bbox 279 1694 318 1725; x_wconf 84' lang='lat' dir='ltr'><strong><em>de</em></strong></span> <span class='ocrx_word' id='word_1_351' title='bbox 341 1693 537 1734; x_wconf 82' lang='lat' dir='ltr'><strong><em>obligatione</em></strong></span> <span class='ocrx_word' id='word_1_352' title='bbox 561 1694 715 1730; x_wconf 88' lang='lat' dir='ltr'><strong><em>naturali,</em></strong></span> <span class='ocrx_word' id='word_1_353' title='bbox 750 1694 812 1725; x_wconf 93' lang='lat' dir='ltr'><strong><em>hoc</em></strong></span> <span class='ocrx_word' id='word_1_354' title='bbox 843 1702 899 1732; x_wconf 91' lang='lat' dir='ltr'><strong><em>est,</em></strong></span> <span class='ocrx_word' id='word_1_355' title='bbox 925 1697 1109 1728; x_wconf 79' lang='lat' dir='ltr'><strong><em>naturaliter</em></strong></span> <span class='ocrx_word' id='word_1_356' title='bbox 1139 1704 1356 1738; x_wconf 86' lang='lat' dir='ltr'><strong><em>consequente</em></strong></span> 
     </span>
     <span class='ocr_line' id='line_1_39' title="bbox 279 1737 1356 1782; baseline 0.003 -12"><span class='ocrx_word' id='word_1_357' title='bbox 279 1747 336 1770; x_wconf 85' lang='lat' dir='ltr'><strong><em>seu</em></strong></span> <span class='ocrx_word' id='word_1_358' title='bbox 360 1744 522 1778; x_wconf 79' lang='lat' dir='ltr'><strong><em>spectante</em></strong></span> <span class='ocrx_word' id='word_1_359' title='bbox 545 1737 586 1768; x_wconf 85' lang='lat' dir='ltr'><strong><em>ad</em></strong></span> <span class='ocrx_word' id='word_1_360' title='bbox 609 1737 717 1779; x_wconf 87' lang='lat' dir='ltr'><strong><em>ipsum</em></strong></span> <span class='ocrx_word' id='word_1_361' title='bbox 742 1739 975 1780; x_wconf 87' lang='lat' dir='ltr'><strong><em>episcopatum.</em></strong></span> <span class='ocrx_word' id='word_1_362' title='bbox 1010 1741 1051 1772; x_wconf 93' lang='lat' dir='ltr'><strong><em>Et</em></strong></span> <span class='ocrx_word' id='word_1_363' title='bbox 1081 1741 1143 1772; x_wconf 93' lang='lat' dir='ltr'><strong><em>hoc</em></strong></span> <span class='ocrx_word' id='word_1_364' title='bbox 1167 1749 1214 1773; x_wconf 89' lang='lat' dir='ltr'><strong><em>est</em></strong></span> <span class='ocrx_word' id='word_1_365' title='bbox 1242 1742 1356 1782; x_wconf 91' lang='lat' dir='ltr'><strong><em>procul</em></strong></span> 
     </span>
     <span class='ocr_line' id='line_1_40' title="bbox 279 1782 1355 1834; baseline 0.004 -20"><span class='ocrx_word' id='word_1_366' title='bbox 279 1782 534 1834; x_wconf 44' lang='lat' dir='ltr'><strong><em>dubio-verum?</em></strong></span> <span class='ocrx_word' id='word_1_367' title='bbox 560 1782 636 1824; x_wconf 87' lang='lat' dir='ltr'><strong><em>quia</em></strong></span> <span class='ocrx_word' id='word_1_368' title='bbox 660 1793 697 1814; x_wconf 88' lang='lat' dir='ltr'><strong><em>ex</em></strong></span> <span class='ocrx_word' id='word_1_369' title='bbox 720 1783 783 1814; x_wconf 93' lang='lat' dir='ltr'><strong><em>hoc</em></strong></span> <span class='ocrx_word' id='word_1_370' title='bbox 799 1784 871 1824; x_wconf 89' lang='lat' dir='ltr'><strong><em>ipso</em></strong></span> <span class='ocrx_word' id='word_1_371' title='bbox 895 1785 985 1826; x_wconf 90' lang='lat' dir='ltr'><strong><em>quod</em></strong></span> <span class='ocrx_word' id='word_1_372' title='bbox 1000 1786 1115 1826; x_wconf 83' lang='lat' dir='ltr'><strong><em>aliquis</em></strong></span> <span class='ocrx_word' id='word_1_373' title='bbox 1132 1787 1355 1827; x_wconf 89' lang='lat' dir='ltr'><strong><em>episcopatum</em></strong></span> 
     </span>
     <span class='ocr_line' id='line_1_41' title="bbox 279 1827 1356 1870; baseline 0.003 -11"><span class='ocrx_word' id='word_1_374' title='bbox 279 1833 425 1867; x_wconf 73' lang='lat' dir='ltr'><strong><em>suscipit,</em></strong></span> <span class='ocrx_word' id='word_1_375' title='bbox 450 1827 583 1867; x_wconf 74' lang='lat' dir='ltr'><strong><em>suscipit</em></strong></span> <span class='ocrx_word' id='word_1_376' title='bbox 606 1827 702 1858; x_wconf 87' lang='lat' dir='ltr'><strong><em>etiam</em></strong></span> <span class='ocrx_word' id='word_1_377' title='bbox 725 1828 836 1859; x_wconf 88' lang='lat' dir='ltr'><strong><em>omnia</em></strong></span> <span class='ocrx_word' id='word_1_378' title='bbox 859 1839 916 1869; x_wconf 86' lang='lat' dir='ltr'><strong><em>per</em></strong></span> <span class='ocrx_word' id='word_1_379' title='bbox 939 1840 972 1860; x_wconf 90' lang='lat' dir='ltr'><strong><em>se</em></strong></span> <span class='ocrx_word' id='word_1_380' title='bbox 996 1831 1169 1870; x_wconf 81' lang='lat' dir='ltr'><strong><em>spectantia</em></strong></span> <span class='ocrx_word' id='word_1_381' title='bbox 1193 1838 1224 1862; x_wconf 89' lang='lat' dir='ltr'><strong><em>et</em></strong></span> <span class='ocrx_word' id='word_1_382' title='bbox 1247 1841 1356 1862; x_wconf 88' lang='lat' dir='ltr'><strong><em>conse-</em></strong></span> 
     </span>
     <span class='ocr_line' id='line_1_42' title="bbox 279 1871 1357 1914; baseline 0.003 -10"><span class='ocrx_word' id='word_1_383' title='bbox 279 1871 410 1914; x_wconf 84' lang='lat' dir='ltr'><strong><em>quentia</em></strong></span> <span class='ocrx_word' id='word_1_384' title='bbox 428 1872 469 1902; x_wconf 87' lang='lat' dir='ltr'><strong><em>ad</em></strong></span> <span class='ocrx_word' id='word_1_385' title='bbox 483 1871 601 1912; x_wconf 89' lang='lat' dir='ltr'><strong><em>ipsum,</em></strong></span> <span class='ocrx_word' id='word_1_386' title='bbox 619 1872 700 1903; x_wconf 90' lang='lat' dir='ltr'><strong><em>inter</em></strong></span> <span class='ocrx_word' id='word_1_387' title='bbox 719 1883 811 1913; x_wconf 89' lang='lat' dir='ltr'><strong><em>quae,</em></strong></span> <span class='ocrx_word' id='word_1_388' title='bbox 829 1873 1000 1905; x_wconf 88' lang='lat' dir='ltr'><strong><em>Dominica</em></strong></span> <span class='ocrx_word' id='word_1_389' title='bbox 1019 1875 1214 1912; x_wconf 88' lang='lat' dir='ltr'><strong><em>auctoritate,</em></strong></span> <span class='ocrx_word' id='word_1_390' title='bbox 1233 1883 1357 1907; x_wconf 83' lang='lat' dir='ltr'><strong><em>constat</em></strong></span> 
     </span>
     <span class='ocr_line' id='line_1_43' title="bbox 280 1918 1354 1958; baseline 0.003 -10"><span class='ocrx_word' id='word_1_391' title='bbox 280 1926 349 1948; x_wconf 88' lang='lat' dir='ltr'><strong><em>esse</em></strong></span> <span class='ocrx_word' id='word_1_392' title='bbox 375 1926 501 1957; x_wconf 87' lang='lat' dir='ltr'><strong><em>ponere</em></strong></span> <span class='ocrx_word' id='word_1_393' title='bbox 532 1918 677 1947; x_wconf 89' lang='lat' dir='ltr'><strong><em>animam</em></strong></span> <span class='ocrx_word' id='word_1_394' title='bbox 709 1927 803 1948; x_wconf 88' lang='lat' dir='ltr'><strong><em>suam</em></strong></span> <span class='ocrx_word' id='word_1_395' title='bbox 831 1928 895 1958; x_wconf 88' lang='lat' dir='ltr'><strong><em>pro</em></strong></span> <span class='ocrx_word' id='word_1_396' title='bbox 927 1920 1038 1950; x_wconf 80' lang='lat' dir='ltr'><strong><em>ovibus</em></strong></span> <span class='ocrx_word' id='word_1_397' title='bbox 1068 1921 1157 1958; x_wconf 88' lang='lat' dir='ltr'><strong><em>suis;</em></strong></span> <span class='ocrx_word' id='word_1_398' title='bbox 1186 1927 1216 1951; x_wconf 93' lang='lat' dir='ltr'><strong><em>et</em></strong></span> <span class='ocrx_word' id='word_1_399' title='bbox 1250 1920 1354 1951; x_wconf 91' lang='lat' dir='ltr'><strong><em>multo</em></strong></span> 
     </span>
     <span class='ocr_line' id='line_1_44' title="bbox 281 1961 1108 2004; baseline 0.004 -12"><span class='ocrx_word' id='word_1_400' title='bbox 281 1961 393 2001; x_wconf 87' lang='lat' dir='ltr'><strong><em>magis,</em></strong></span> <span class='ocrx_word' id='word_1_401' title='bbox 417 1961 542 1991; x_wconf 88' lang='lat' dir='ltr'><strong><em>labores</em></strong></span> <span class='ocrx_word' id='word_1_402' title='bbox 566 1971 643 1991; x_wconf 90' lang='lat' dir='ltr'><strong><em>suos</em></strong></span> <span class='ocrx_word' id='word_1_403' title='bbox 667 1968 697 1991; x_wconf 92' lang='lat' dir='ltr'><strong><em>et</em></strong></span> <span class='ocrx_word' id='word_1_404' title='bbox 720 1962 805 1992; x_wconf 87' lang='lat' dir='ltr'><strong><em>bona</em></strong></span> <span class='ocrx_word' id='word_1_405' title='bbox 829 1973 887 1993; x_wconf 89' lang='lat' dir='ltr'><strong><em>sua</em></strong></span> <span class='ocrx_word' id='word_1_406' title='bbox 910 1965 1108 2004; x_wconf 85' lang='lat' dir='ltr'><strong><em>temporalia.</em></strong></span> 
     </span>
    </p>

    <p class='ocr_par' dir='ltr' id='par_1_22' title="bbox 280 2005 1357 2135">
     <span class='ocr_line' id='line_1_45' title="bbox 337 2005 1356 2050; baseline 0.005 -15"><span class='ocrx_word' id='word_1_407' title='bbox 337 2005 412 2036; x_wconf 84' lang='lat' dir='ltr'><strong><em>Alio</em></strong></span> <span class='ocrx_word' id='word_1_408' title='bbox 437 2005 549 2042; x_wconf 88' lang='lat' dir='ltr'><strong><em>modo,</em></strong></span> <span class='ocrx_word' id='word_1_409' title='bbox 575 2005 770 2046; x_wconf 82' lang='lat' dir='ltr'><strong><em>obligatione</em></strong></span> <span class='ocrx_word' id='word_1_410' title='bbox 793 2007 915 2038; x_wconf 87' lang='lat' dir='ltr'><strong><em>votiva:</em></strong></span> <span class='ocrx_word' id='word_1_411' title='bbox 940 2008 983 2039; x_wconf 91' lang='lat' dir='ltr'><strong><em>ita</em></strong></span> <span class='ocrx_word' id='word_1_412' title='bbox 1006 2009 1095 2050; x_wconf 92' lang='lat' dir='ltr'><strong><em>quod</em></strong></span> <span class='ocrx_word' id='word_1_413' title='bbox 1120 2009 1291 2050; x_wconf 90' lang='lat' dir='ltr'><strong><em>episcopus</em></strong></span> <span class='ocrx_word' id='word_1_414' title='bbox 1307 2019 1356 2040; x_wconf 86' lang='lat' dir='ltr'><strong><em>ex-</em></strong></span> 
     </span>
     <span class='ocr_line' id='line_1_46' title="bbox 282 2049 1357 2094; baseline 0.005 -14"><span class='ocrx_word' id='word_1_415' title='bbox 282 2049 389 2091; x_wconf 89' lang='lat' dir='ltr'><strong><em>plicite</em></strong></span> <span class='ocrx_word' id='word_1_416' title='bbox 413 2049 463 2080; x_wconf 86' lang='lat' dir='ltr'><strong><em>vel</em></strong></span> <span class='ocrx_word' id='word_1_417' title='bbox 486 2049 639 2089; x_wconf 86' lang='lat' dir='ltr'><strong><em>implicite</em></strong></span> <span class='ocrx_word' id='word_1_418' title='bbox 663 2058 778 2082; x_wconf 82' lang='lat' dir='ltr'><strong><em>voveat</em></strong></span> <span class='ocrx_word' id='word_1_419' title='bbox 801 2061 837 2082; x_wconf 91' lang='lat' dir='ltr'><strong><em>ea</em></strong></span> <span class='ocrx_word' id='word_1_420' title='bbox 860 2062 943 2093; x_wconf 92' lang='lat' dir='ltr'><strong><em>quae</em></strong></span> <span class='ocrx_word' id='word_1_421' title='bbox 967 2060 1043 2084; x_wconf 90' lang='lat' dir='ltr'><strong><em>sunt</em></strong></span> <span class='ocrx_word' id='word_1_422' title='bbox 1065 2053 1278 2094; x_wconf 89' lang='lat' dir='ltr'><strong><em>perfectionis.</em></strong></span> <span class='ocrx_word' id='word_1_423' title='bbox 1316 2054 1357 2084; x_wconf 89' lang='lat' dir='ltr'><strong><em>Et</em></strong></span> 
     </span>
     <span class='ocr_line' id='line_1_47' title="bbox 280 2093 1356 2135; baseline 0.002 -9"><span class='ocrx_word' id='word_1_424' title='bbox 280 2094 354 2126; x_wconf 89' lang='lat' dir='ltr'><strong><em>licet</em></strong></span> <span class='ocrx_word' id='word_1_425' title='bbox 377 2093 471 2125; x_wconf 90' lang='lat' dir='ltr'><strong><em>multi</em></strong></span> <span class='ocrx_word' id='word_1_426' title='bbox 485 2094 530 2125; x_wconf 87' lang='lat' dir='ltr'><strong><em>sic</em></strong></span> <span class='ocrx_word' id='word_1_427' title='bbox 544 2093 718 2135; x_wconf 87' lang='lat' dir='ltr'><strong><em>intelligere</em></strong></span> <span class='ocrx_word' id='word_1_428' title='bbox 734 2095 901 2127; x_wconf 89' lang='lat' dir='ltr'><strong><em>videantur</em></strong></span> <span class='ocrx_word' id='word_1_429' title='bbox 916 2099 1102 2135; x_wconf 88' lang='lat' dir='ltr'><strong><em>Auctorem,</em></strong></span> <span class='ocrx_word' id='word_1_430' title='bbox 1120 2098 1152 2128; x_wconf 88' lang='lat' dir='ltr'><strong><em>id</em></strong></span> <span class='ocrx_word' id='word_1_431' title='bbox 1168 2105 1274 2129; x_wconf 89' lang='lat' dir='ltr'><strong><em>tamen</em></strong></span> <span class='ocrx_word' id='word_1_432' title='bbox 1289 2108 1356 2128; x_wconf 92' lang='lat' dir='ltr'><strong><em>non</em></strong></span> 
     </span>
    </p>
   </div>
   <div class='ocr_carea' id='block_1_22' title="bbox 281 2140 1383 2183">
    <p class='ocr_par' dir='ltr' id='par_1_23' title="bbox 281 2140 1383 2183">
     <span class='ocr_line' id='line_1_48' title="bbox 281 2140 1383 2183; baseline 0.004 -13"><span class='ocrx_word' id='word_1_433' title='bbox 281 2145 414 2180; x_wconf 84' lang='lat' dir='ltr'><strong><em>apparet</em></strong></span> <span class='ocrx_word' id='word_1_434' title='bbox 436 2148 504 2170; x_wconf 90' lang='lat' dir='ltr'><strong><em>esse</em></strong></span> <span class='ocrx_word' id='word_1_435' title='bbox 527 2149 651 2170; x_wconf 87' lang='lat' dir='ltr'><strong><em>verum.</em></strong></span> <span class='ocrx_word' id='word_1_436' title='bbox 675 2140 717 2170; x_wconf 91' lang='lat' dir='ltr'><strong><em>Et</em></strong></span> <span class='ocrx_word' id='word_1_437' title='bbox 739 2142 830 2181; x_wconf 90' lang='lat' dir='ltr'><strong><em>quod</em></strong></span> <span class='ocrx_word' id='word_1_438' title='bbox 853 2151 919 2172; x_wconf 90' lang='lat' dir='ltr'><strong><em>non</em></strong></span> <span class='ocrx_word' id='word_1_439' title='bbox 934 2149 1071 2174; x_wconf 89' lang='lat' dir='ltr'><strong><em>voveant</em></strong></span> <span class='ocrx_word' id='word_1_440' title='bbox 1093 2142 1257 2183; x_wconf 86' lang='lat' dir='ltr'><strong><em>implicite,</em></strong></span> <span class='ocrx_word' id='word_1_441' title='bbox 1276 2143 1358 2174; x_wconf 86' lang='lat' dir='ltr'><strong><em>sicut</em></strong></span> <span class='ocrx_word' id='word_1_442' title='bbox 1381 2154 1383 2166; x_wconf 75' lang='lat'><strong>⁴</strong></span> 
     </span>
    </p>
   </div>
   <div class='ocr_carea' id='block_1_23' title="bbox 281 2183 1358 2404">
    <p class='ocr_par' dir='ltr' id='par_1_24' title="bbox 281 2183 1358 2404">
     <span class='ocr_line' id='line_1_49' title="bbox 282 2183 1357 2224; baseline 0.003 -9"><span class='ocrx_word' id='word_1_443' title='bbox 282 2183 458 2224; x_wconf 86' lang='lat' dir='ltr'><strong><em>suscipiens</em></strong></span> <span class='ocrx_word' id='word_1_444' title='bbox 489 2183 636 2214; x_wconf 85' lang='lat' dir='ltr'><strong><em>ordinem</em></strong></span> <span class='ocrx_word' id='word_1_445' title='bbox 664 2194 791 2215; x_wconf 89' lang='lat' dir='ltr'><strong><em>sacrum</em></strong></span> <span class='ocrx_word' id='word_1_446' title='bbox 818 2185 852 2216; x_wconf 92' lang='lat' dir='ltr'><strong><em>in</em></strong></span> <span class='ocrx_word' id='word_1_447' title='bbox 875 2186 1016 2218; x_wconf 79' lang='lat' dir='ltr'><strong><em>Ecclesia</em></strong></span> <span class='ocrx_word' id='word_1_448' title='bbox 1039 2187 1236 2219; x_wconf 89' lang='lat' dir='ltr'><strong><em>Occidentali</em></strong></span> <span class='ocrx_word' id='word_1_449' title='bbox 1264 2187 1357 2218; x_wconf 91' lang='lat' dir='ltr'><strong><em>intel-</em></strong></span> 
     </span>
     <span class='ocr_line' id='line_1_50' title="bbox 281 2227 1357 2272; baseline 0.002 -12"><span class='ocrx_word' id='word_1_450' title='bbox 281 2227 389 2269; x_wconf 83' lang='lat' dir='ltr'><strong><em>ligitur</em></strong></span> <span class='ocrx_word' id='word_1_451' title='bbox 399 2237 516 2258; x_wconf 84' lang='lat' dir='ltr'><strong><em>vovere</em></strong></span> <span class='ocrx_word' id='word_1_452' title='bbox 527 2227 682 2268; x_wconf 88' lang='lat' dir='ltr'><strong><em>implicite</em></strong></span> <span class='ocrx_word' id='word_1_453' title='bbox 699 2229 874 2262; x_wconf 89' lang='lat' dir='ltr'><strong><em>castitatem</em></strong></span> <span class='ocrx_word' id='word_1_454' title='bbox 886 2231 913 2267; x_wconf 87' lang='grc'><strong><em>*,</em></strong></span> <span class='ocrx_word' id='word_1_455' title='bbox 927 2241 964 2262; x_wconf 88' lang='lat' dir='ltr'><strong><em>ex</em></strong></span> <span class='ocrx_word' id='word_1_456' title='bbox 980 2242 1019 2262; x_wconf 93' lang='lat' dir='ltr'><strong><em>eo</em></strong></span> <span class='ocrx_word' id='word_1_457' title='bbox 1036 2238 1122 2272; x_wconf 86' lang='lat' dir='ltr'><strong><em>patet</em></strong></span> <span class='ocrx_word' id='word_1_458' title='bbox 1137 2232 1227 2272; x_wconf 93' lang='lat' dir='ltr'><strong><em>quod</em></strong></span> <span class='ocrx_word' id='word_1_459' title='bbox 1244 2232 1357 2262; x_wconf 90' lang='lat' dir='ltr'><strong><em>nullibi</em></strong></span> 
     </span>
     <span class='ocr_line' id='line_1_51' title="bbox 282 2272 1356 2316; baseline 0.002 -12"><span class='ocrx_word' id='word_1_460' title='bbox 282 2274 316 2305; x_wconf 89' lang='lat' dir='ltr'><strong><em>in</em></strong></span> <span class='ocrx_word' id='word_1_461' title='bbox 331 2273 399 2303; x_wconf 91' lang='lat' dir='ltr'><strong><em>iure</em></strong></span> <span class='ocrx_word' id='word_1_462' title='bbox 416 2279 548 2303; x_wconf 87' lang='lat' dir='ltr'><strong><em>cautum</em></strong></span> <span class='ocrx_word' id='word_1_463' title='bbox 563 2272 723 2304; x_wconf 89' lang='lat' dir='ltr'><strong><em>invenitur</em></strong></span> <span class='ocrx_word' id='word_1_464' title='bbox 738 2275 827 2315; x_wconf 92' lang='lat' dir='ltr'><strong><em>quod</em></strong></span> <span class='ocrx_word' id='word_1_465' title='bbox 844 2275 987 2316; x_wconf 88' lang='lat' dir='ltr'><strong><em>episcopi</em></strong></span> <span class='ocrx_word' id='word_1_466' title='bbox 1002 2283 1140 2307; x_wconf 85' lang='lat' dir='ltr'><strong><em>voveant</em></strong></span> <span class='ocrx_word' id='word_1_467' title='bbox 1158 2276 1356 2307; x_wconf 89' lang='lat' dir='ltr'><strong><em>huiusmodi.</em></strong></span> 
     </span>
     <span class='ocr_line' id='line_1_52' title="bbox 283 2317 1358 2361; baseline 0.003 -14"><span class='ocrx_word' id='word_1_468' title='bbox 283 2317 382 2356; x_wconf 92' lang='lat' dir='ltr'><strong><em>Quod</em></strong></span> <span class='ocrx_word' id='word_1_469' title='bbox 405 2327 482 2348; x_wconf 88' lang='lat' dir='ltr'><strong><em>vero</em></strong></span> <span class='ocrx_word' id='word_1_470' title='bbox 512 2327 580 2347; x_wconf 91' lang='lat' dir='ltr'><strong><em>non</em></strong></span> <span class='ocrx_word' id='word_1_471' title='bbox 607 2325 746 2350; x_wconf 87' lang='lat' dir='ltr'><strong><em>voveant</em></strong></span> <span class='ocrx_word' id='word_1_472' title='bbox 772 2319 932 2359; x_wconf 86' lang='lat' dir='ltr'><strong><em>explicite,</em></strong></span> <span class='ocrx_word' id='word_1_473' title='bbox 965 2331 1002 2351; x_wconf 89' lang='lat' dir='ltr'><strong><em>ex</em></strong></span> <span class='ocrx_word' id='word_1_474' title='bbox 1026 2320 1087 2351; x_wconf 88' lang='lat' dir='ltr'><strong><em>ritu</em></strong></span> <span class='ocrx_word' id='word_1_475' title='bbox 1112 2328 1143 2352; x_wconf 88' lang='lat' dir='ltr'><strong><em>et</em></strong></span> <span class='ocrx_word' id='word_1_476' title='bbox 1166 2321 1268 2351; x_wconf 91' lang='lat' dir='ltr'><strong><em>verbis</em></strong></span> <span class='ocrx_word' id='word_1_477' title='bbox 1293 2321 1358 2361; x_wconf 90' lang='lat' dir='ltr'><strong><em>epi-</em></strong></span> 
     </span>
     <span class='ocr_line' id='line_1_53' title="bbox 283 2361 1357 2404; baseline 0.002 -10"><span class='ocrx_word' id='word_1_478' title='bbox 283 2361 419 2402; x_wconf 82' lang='lat' dir='ltr'><strong><em>scopalis</em></strong></span> <span class='ocrx_word' id='word_1_479' title='bbox 442 2361 653 2392; x_wconf 86' lang='lat' dir='ltr'><strong><em>ordinationis</em></strong></span> <span class='ocrx_word' id='word_1_480' title='bbox 676 2371 818 2404; x_wconf 85' lang='lat' dir='ltr'><strong><em>apparet.</em></strong></span> <span class='ocrx_word' id='word_1_481' title='bbox 842 2364 1007 2402; x_wconf 87' lang='lat' dir='ltr'><strong><em>Quoniam</em></strong></span> <span class='ocrx_word' id='word_1_482' title='bbox 1021 2365 1054 2395; x_wconf 90' lang='lat' dir='ltr'><strong><em>in</em></strong></span> <span class='ocrx_word' id='word_1_483' title='bbox 1071 2365 1273 2396; x_wconf 89' lang='lat' dir='ltr'><strong><em>ordinatione</em></strong></span> <span class='ocrx_word' id='word_1_484' title='bbox 1290 2375 1357 2402; x_wconf 81' lang='lat' dir='ltr'><strong><em>sua,</em></strong></span> 
     </span>
    </p>
   </div>
   <div class='ocr_carea' id='block_1_24' title="bbox 283 2405 1384 2451">
    <p class='ocr_par' dir='ltr' id='par_1_25' title="bbox 283 2405 1384 2451">
     <span class='ocr_line' id='line_1_54' title="bbox 283 2405 1384 2451; baseline 0.003 -13"><span class='ocrx_word' id='word_1_485' title='bbox 283 2407 323 2438; x_wconf 88' lang='lat' dir='ltr'><strong><em>de</em></strong></span> <span class='ocrx_word' id='word_1_486' title='bbox 347 2405 456 2437; x_wconf 88' lang='lat' dir='ltr'><strong><em>multis</em></strong></span> <span class='ocrx_word' id='word_1_487' title='bbox 479 2405 690 2446; x_wconf 84' lang='lat' dir='ltr'><strong><em>interrogatus</em></strong></span> <span class='ocrx_word' id='word_1_488' title='bbox 706 2408 903 2440; x_wconf 89' lang='lat' dir='ltr'><strong><em>ordinandus</em></strong></span> <span class='ocrx_word' id='word_1_489' title='bbox 918 2409 952 2440; x_wconf 86' lang='lat' dir='ltr'><strong><em>in</em></strong></span> <span class='ocrx_word' id='word_1_490' title='bbox 972 2410 1170 2451; x_wconf 85' lang='lat' dir='ltr'><strong><em>episcopum,</em></strong></span> <span class='ocrx_word' id='word_1_491' title='bbox 1187 2410 1360 2451; x_wconf 88' lang='lat' dir='ltr'><strong><em>respondet</em></strong></span> <span class='ocrx_word' id='word_1_492' title='bbox 1383 2415 1384 2419; x_wconf 78' lang='grc'>’</span> 
     </span>
    </p>
   </div>
   <div class='ocr_carea' id='block_1_25' title="bbox 1380 1650 2419 1692">
    <p class='ocr_par' dir='ltr' id='par_1_26' title="bbox 1380 1650 2419 1692">
     <span class='ocr_line' id='line_1_55' title="bbox 1380 1650 2419 1692; baseline -0.003 -9"><span class='ocrx_word' id='word_1_493' title='bbox 1380 1675 1381 1678; x_wconf 27' lang='lat'>¹</span> <span class='ocrx_word' id='word_1_494' title='bbox 1407 1652 1505 1683; x_wconf 81' lang='lat' dir='ltr'><strong><em>xibus</em></strong></span> <span class='ocrx_word' id='word_1_495' title='bbox 1522 1657 1791 1692; x_wconf 84' lang='lat' dir='ltr'><strong><em>praeceptorum:</em></strong></span> <span class='ocrx_word' id='word_1_496' title='bbox 1814 1658 1845 1681; x_wconf 92' lang='lat' dir='ltr'><strong><em>et</em></strong></span> <span class='ocrx_word' id='word_1_497' title='bbox 1863 1661 1929 1681; x_wconf 92' lang='lat' dir='ltr'><strong><em>non</em></strong></span> <span class='ocrx_word' id='word_1_498' title='bbox 1954 1650 2077 1687; x_wconf 89' lang='lat' dir='ltr'><strong><em>dicitur,</em></strong></span> <span class='ocrx_word' id='word_1_499' title='bbox 2103 1650 2237 1681; x_wconf 85' lang='lat' dir='ltr'><strong><em>nexibus</em></strong></span> <span class='ocrx_word' id='word_1_500' title='bbox 2264 1655 2419 1681; x_wconf 84' lang='lat' dir='ltr'><strong><em>votorum.</em></strong></span> 
     </span>
    </p>
   </div>
   <div class='ocr_carea' id='block_1_26' title="bbox 1409 1694 2482 2184">
    <p class='ocr_par' dir='ltr' id='par_1_27' title="bbox 1409 1694 2480 1960">
     <span class='ocr_line' id='line_1_56' title="bbox 1466 1694 2480 1737; baseline -0.004 -9"><span class='ocrx_word' id='word_1_501' title='bbox 1466 1696 1551 1728; x_wconf 88' lang='lat' dir='ltr'><strong><em>Cum</em></strong></span> <span class='ocrx_word' id='word_1_502' title='bbox 1576 1707 1651 1737; x_wconf 88' lang='lat' dir='ltr'><strong><em>ergo</em></strong></span> <span class='ocrx_word' id='word_1_503' title='bbox 1682 1695 1840 1726; x_wconf 90' lang='lat' dir='ltr'><strong><em>invenitur</em></strong></span> <span class='ocrx_word' id='word_1_504' title='bbox 1868 1695 2036 1735; x_wconf 89' lang='lat' dir='ltr'><strong><em>episcopos</em></strong></span> <span class='ocrx_word' id='word_1_505' title='bbox 2059 1705 2184 1731; x_wconf 90' lang='lat' dir='ltr'><strong><em>vovere,</em></strong></span> <span class='ocrx_word' id='word_1_506' title='bbox 2209 1705 2264 1725; x_wconf 91' lang='lat' dir='ltr'><strong><em>seu</em></strong></span> <span class='ocrx_word' id='word_1_507' title='bbox 2288 1701 2403 1725; x_wconf 90' lang='lat' dir='ltr'><strong><em>votum</em></strong></span> <span class='ocrx_word' id='word_1_508' title='bbox 2426 1694 2480 1724; x_wconf 87' lang='lat' dir='ltr'><strong><em>ha-</em></strong></span> 
     </span>
     <span class='ocr_line' id='line_1_57' title="bbox 1409 1739 2480 1782; baseline -0.004 -10"><span class='ocrx_word' id='word_1_509' title='bbox 1409 1742 1482 1772; x_wconf 91' lang='lat' dir='ltr'><strong><em>bere</em></strong></span> <span class='ocrx_word' id='word_1_510' title='bbox 1502 1742 1541 1771; x_wconf 83' lang='lat' dir='ltr'><strong><em>ad</em></strong></span> <span class='ocrx_word' id='word_1_511' title='bbox 1566 1751 1600 1771; x_wconf 86' lang='lat' dir='ltr'><strong><em>ea</em></strong></span> <span class='ocrx_word' id='word_1_512' title='bbox 1625 1750 1707 1782; x_wconf 88' lang='lat' dir='ltr'><strong><em>quae</em></strong></span> <span class='ocrx_word' id='word_1_513' title='bbox 1731 1747 1804 1771; x_wconf 90' lang='lat' dir='ltr'><strong><em>sunt</em></strong></span> <span class='ocrx_word' id='word_1_514' title='bbox 1828 1739 2040 1780; x_wconf 90' lang='lat' dir='ltr'><strong><em>perfectionis,</em></strong></span> <span class='ocrx_word' id='word_1_515' title='bbox 2057 1739 2196 1780; x_wconf 88' lang='lat' dir='ltr'><strong><em>intellige</em></strong></span> <span class='ocrx_word' id='word_1_516' title='bbox 2216 1739 2254 1770; x_wconf 92' lang='lat' dir='ltr'><strong><em>de</em></strong></span> <span class='ocrx_word' id='word_1_517' title='bbox 2271 1747 2348 1770; x_wconf 95' lang='lat' dir='ltr'><strong><em>voto</em></strong></span> <span class='ocrx_word' id='word_1_518' title='bbox 2372 1739 2480 1780; x_wconf 92' lang='lat' dir='ltr'><strong><em>quoad</em></strong></span> 
     </span>
     <span class='ocr_line' id='line_1_58' title="bbox 1410 1783 2479 1826; baseline -0.004 -9"><span class='ocrx_word' id='word_1_519' title='bbox 1410 1785 1567 1822; x_wconf 85' lang='lat' dir='ltr'><strong><em>effectum,</em></strong></span> <span class='ocrx_word' id='word_1_520' title='bbox 1593 1795 1659 1816; x_wconf 92' lang='lat' dir='ltr'><strong><em>non</em></strong></span> <span class='ocrx_word' id='word_1_521' title='bbox 1684 1785 1793 1826; x_wconf 82' lang='lat' dir='ltr'><strong><em>quoad</em></strong></span> <span class='ocrx_word' id='word_1_522' title='bbox 1817 1784 2001 1814; x_wconf 86' lang='lat' dir='ltr'><strong><em>essentiam:</em></strong></span> <span class='ocrx_word' id='word_1_523' title='bbox 2026 1784 2087 1814; x_wconf 92' lang='lat' dir='ltr'><strong><em>hoc</em></strong></span> <span class='ocrx_word' id='word_1_524' title='bbox 2104 1791 2159 1820; x_wconf 90' lang='lat' dir='ltr'><strong><em>est,</em></strong></span> <span class='ocrx_word' id='word_1_525' title='bbox 2177 1784 2266 1824; x_wconf 93' lang='lat' dir='ltr'><strong><em>quod</em></strong></span> <span class='ocrx_word' id='word_1_526' title='bbox 2282 1783 2400 1814; x_wconf 89' lang='lat' dir='ltr'><strong><em>habent</em></strong></span> <span class='ocrx_word' id='word_1_527' title='bbox 2423 1784 2479 1813; x_wconf 94' lang='lat' dir='ltr'><strong><em>ob-</em></strong></span> 
     </span>
     <span class='ocr_line' id='line_1_59' title="bbox 1409 1828 2479 1870; baseline -0.003 -9"><span class='ocrx_word' id='word_1_528' title='bbox 1409 1830 1594 1870; x_wconf 86' lang='lat' dir='ltr'><strong><em>ligationem</em></strong></span> <span class='ocrx_word' id='word_1_529' title='bbox 1625 1840 1661 1860; x_wconf 92' lang='lat' dir='ltr'><strong><em>ac</em></strong></span> <span class='ocrx_word' id='word_1_530' title='bbox 1684 1829 1709 1860; x_wconf 91' lang='lat' dir='ltr'><strong><em>si</em></strong></span> <span class='ocrx_word' id='word_1_531' title='bbox 1733 1828 1904 1865; x_wconf 88' lang='lat' dir='ltr'><strong><em>vovissent,</em></strong></span> <span class='ocrx_word' id='word_1_532' title='bbox 1929 1838 1995 1859; x_wconf 92' lang='lat' dir='ltr'><strong><em>non</em></strong></span> <span class='ocrx_word' id='word_1_533' title='bbox 2023 1835 2129 1859; x_wconf 87' lang='lat' dir='ltr'><strong><em>tamen</em></strong></span> <span class='ocrx_word' id='word_1_534' title='bbox 2160 1828 2335 1859; x_wconf 88' lang='lat' dir='ltr'><strong><em>formaliter</em></strong></span> <span class='ocrx_word' id='word_1_535' title='bbox 2362 1828 2479 1858; x_wconf 87' lang='lat' dir='ltr'><strong><em>habent</em></strong></span> 
     </span>
     <span class='ocr_line' id='line_1_60' title="bbox 1409 1872 2480 1915; baseline -0.004 -9"><span class='ocrx_word' id='word_1_536' title='bbox 1409 1882 1533 1906; x_wconf 88' lang='lat' dir='ltr'><strong><em>votum.</em></strong></span> <span class='ocrx_word' id='word_1_537' title='bbox 1552 1875 1592 1905; x_wconf 90' lang='lat' dir='ltr'><strong><em>Et</em></strong></span> <span class='ocrx_word' id='word_1_538' title='bbox 1609 1880 1776 1915; x_wconf 86' lang='lat' dir='ltr'><strong><em>propterea</em></strong></span> <span class='ocrx_word' id='word_1_539' title='bbox 1791 1873 2049 1913; x_wconf 83' lang='lat' dir='ltr'><strong><em>transgrediendo</em></strong></span> <span class='ocrx_word' id='word_1_540' title='bbox 2067 1883 2132 1903; x_wconf 93' lang='lat' dir='ltr'><strong><em>non</em></strong></span> <span class='ocrx_word' id='word_1_541' title='bbox 2149 1879 2224 1903; x_wconf 88' lang='lat' dir='ltr'><strong><em>sunt</em></strong></span> <span class='ocrx_word' id='word_1_542' title='bbox 2239 1872 2283 1903; x_wconf 90' lang='lat' dir='ltr'><strong><em>rei</em></strong></span> <span class='ocrx_word' id='word_1_543' title='bbox 2297 1872 2364 1903; x_wconf 89' lang='lat' dir='ltr'><strong><em>voti</em></strong></span> <span class='ocrx_word' id='word_1_544' title='bbox 2381 1872 2480 1908; x_wconf 83' lang='lat' dir='ltr'><strong><em>fracti,</em></strong></span> 
     </span>
     <span class='ocr_line' id='line_1_61' title="bbox 1410 1917 2071 1960; baseline -0.003 -10"><span class='ocrx_word' id='word_1_545' title='bbox 1410 1920 1464 1950; x_wconf 86' lang='lat' dir='ltr'><strong><em>sed</em></strong></span> <span class='ocrx_word' id='word_1_546' title='bbox 1490 1919 1648 1960; x_wconf 87' lang='lat' dir='ltr'><strong><em>praecepti</em></strong></span> <span class='ocrx_word' id='word_1_547' title='bbox 1672 1918 1809 1958; x_wconf 89' lang='lat' dir='ltr'><strong><em>suscepti</em></strong></span> <span class='ocrx_word' id='word_1_548' title='bbox 1834 1919 1872 1949; x_wconf 84' lang='lat' dir='ltr'><strong><em>ab</em></strong></span> <span class='ocrx_word' id='word_1_549' title='bbox 1897 1917 1967 1958; x_wconf 90' lang='lat' dir='ltr'><strong><em>ipso</em></strong></span> <span class='ocrx_word' id='word_1_550' title='bbox 1992 1918 2071 1948; x_wconf 88' lang='lat' dir='ltr'><strong><em>Deo.</em></strong></span> 
     </span>
    </p>

    <p class='ocr_par' dir='ltr' id='par_1_28' title="bbox 1409 1961 2482 2184">
     <span class='ocr_line' id='line_1_62' title="bbox 1466 1961 2479 2002; baseline -0.004 -8"><span class='ocrx_word' id='word_1_551' title='bbox 1466 1964 1503 1994; x_wconf 89' lang='lat'><strong><em>11.</em></strong></span> <span class='ocrx_word' id='word_1_552' title='bbox 1530 1964 1564 1994; x_wconf 89' lang='lat' dir='ltr'><strong><em>ln</em></strong></span> <span class='ocrx_word' id='word_1_553' title='bbox 1600 1963 1715 1994; x_wconf 87' lang='lat' dir='ltr'><strong><em>eodem</em></strong></span> <span class='ocrx_word' id='word_1_554' title='bbox 1747 1963 1899 1998; x_wconf 85' lang='lat' dir='ltr'><strong><em>articulo,</em></strong></span> <span class='ocrx_word' id='word_1_555' title='bbox 1928 1962 1961 1992; x_wconf 90' lang='lat' dir='ltr'><strong><em>in</em></strong></span> <span class='ocrx_word' id='word_1_556' title='bbox 1993 1961 2198 2002; x_wconf 90' lang='lat' dir='ltr'><strong><em>responsione</em></strong></span> <span class='ocrx_word' id='word_1_557' title='bbox 2223 1961 2261 1991; x_wconf 91' lang='lat' dir='ltr'><strong><em>ad</em></strong></span> <span class='ocrx_word' id='word_1_558' title='bbox 2286 1961 2479 1996; x_wconf 89' lang='lat' dir='ltr'><strong><em>secundum,</em></strong></span> 
     </span>
     <span class='ocr_line' id='line_1_63' title="bbox 1411 2005 2481 2048; baseline -0.004 -9"><span class='ocrx_word' id='word_1_559' title='bbox 1411 2009 1491 2039; x_wconf 87' lang='lat' dir='ltr'><strong><em>circa</em></strong></span> <span class='ocrx_word' id='word_1_560' title='bbox 1515 2008 1605 2045; x_wconf 91' lang='lat' dir='ltr'><strong><em>illud,</em></strong></span> <span class='ocrx_word' id='word_1_561' title='bbox 1630 2008 1694 2038; x_wconf 88' lang='lat' dir='ltr'><strong><em>Sed</em></strong></span> <span class='ocrx_word' id='word_1_562' title='bbox 1717 2017 1759 2039; x_wconf 85' lang='lat' dir='ltr'><strong><em>ex</em></strong></span> <span class='ocrx_word' id='word_1_563' title='bbox 1783 2017 1819 2038; x_wconf 89' lang='lat' dir='ltr'><strong><em>eo</em></strong></span> <span class='ocrx_word' id='word_1_564' title='bbox 1843 2007 1927 2048; x_wconf 83' lang='lat' dir='ltr'><strong><em>quod</em></strong></span> <span class='ocrx_word' id='word_1_565' title='bbox 1949 2007 1990 2037; x_wconf 86' lang='lat' dir='ltr'><strong><em>ab</em></strong></span> <span class='ocrx_word' id='word_1_566' title='bbox 2004 2007 2178 2037; x_wconf 83' lang='lat' dir='ltr'><strong><em>intentione</em></strong></span> <span class='ocrx_word' id='word_1_567' title='bbox 2186 2005 2398 2046; x_wconf 69' lang='lat' dir='ltr'><strong><em>perfectionis</em></strong></span> <span class='ocrx_word' id='word_1_568' title='bbox 2414 2005 2481 2035; x_wconf 90' lang='lat' dir='ltr'><strong><em>ani-</em></strong></span> 
     </span>
     <span class='ocr_line' id='line_1_64' title="bbox 1410 2049 2480 2092; baseline -0.005 -8"><span class='ocrx_word' id='word_1_569' title='bbox 1410 2064 1496 2084; x_wconf 91' lang='lat' dir='ltr'><strong><em>mum</em></strong></span> <span class='ocrx_word' id='word_1_570' title='bbox 1529 2058 1676 2090; x_wconf 88' lang='lat' dir='ltr'><strong><em>revocat,</em></strong></span> <span class='ocrx_word' id='word_1_571' title='bbox 1709 2053 1834 2082; x_wconf 86' lang='lat' dir='ltr'><strong><em>adverte</em></strong></span> <span class='ocrx_word' id='word_1_572' title='bbox 1862 2051 1951 2092; x_wconf 92' lang='lat' dir='ltr'><strong><em>quod</em></strong></span> <span class='ocrx_word' id='word_1_573' title='bbox 1975 2053 2097 2081; x_wconf 86' lang='lat' dir='ltr'><strong><em>Auctor</em></strong></span> <span class='ocrx_word' id='word_1_574' title='bbox 2126 2049 2253 2091; x_wconf 90' lang='lat' dir='ltr'><strong><em>proprie</em></strong></span> <span class='ocrx_word' id='word_1_575' title='bbox 2276 2049 2419 2090; x_wconf 92' lang='lat' dir='ltr'><strong><em>loquitur</em></strong></span> <span class='ocrx_word' id='word_1_576' title='bbox 2442 2050 2480 2079; x_wconf 90' lang='lat' dir='ltr'><strong><em>de</em></strong></span> 
     </span>
     <span class='ocr_line' id='line_1_65' title="bbox 1409 2093 2482 2135; baseline -0.003 -7"><span class='ocrx_word' id='word_1_577' title='bbox 1409 2098 1596 2134; x_wconf 83' lang='lat' dir='ltr'><strong><em>intentione,</em></strong></span> <span class='ocrx_word' id='word_1_578' title='bbox 1621 2104 1657 2127; x_wconf 93' lang='lat' dir='ltr'><strong><em>ut</em></strong></span> <span class='ocrx_word' id='word_1_579' title='bbox 1681 2096 1884 2135; x_wconf 85' lang='lat' dir='ltr'><strong><em>distinguitur</em></strong></span> <span class='ocrx_word' id='word_1_580' title='bbox 1906 2102 2015 2126; x_wconf 89' lang='lat' dir='ltr'><strong><em>contra</em></strong></span> <span class='ocrx_word' id='word_1_581' title='bbox 2030 2095 2260 2126; x_wconf 85' lang='lat' dir='ltr'><strong><em>executionem.</em></strong></span> <span class='ocrx_word' id='word_1_582' title='bbox 2285 2094 2326 2124; x_wconf 92' lang='lat' dir='ltr'><strong><em>Et</em></strong></span> <span class='ocrx_word' id='word_1_583' title='bbox 2347 2093 2482 2125; x_wconf 89' lang='lat' dir='ltr'><strong><em>intendit</em></strong></span> 
     </span>
     <span class='ocr_line' id='line_1_66' title="bbox 1410 2138 2481 2184; baseline -0.005 -11"><span class='ocrx_word' id='word_1_584' title='bbox 1410 2143 1501 2184; x_wconf 91' lang='lat' dir='ltr'><strong><em>quod</em></strong></span> <span class='ocrx_word' id='word_1_585' title='bbox 1525 2142 1694 2182; x_wconf 86' lang='lat' dir='ltr'><strong><em>dupliciter</em></strong></span> <span class='ocrx_word' id='word_1_586' title='bbox 1718 2140 1873 2181; x_wconf 86' lang='lat' dir='ltr'><strong><em>contingit</em></strong></span> <span class='ocrx_word' id='word_1_587' title='bbox 1896 2140 2060 2180; x_wconf 85' lang='lat' dir='ltr'><strong><em>religiosos</em></strong></span> <span class='ocrx_word' id='word_1_588' title='bbox 2085 2139 2133 2170; x_wconf 92' lang='lat' dir='ltr'><strong><em>vel</em></strong></span> <span class='ocrx_word' id='word_1_589' title='bbox 2156 2139 2324 2180; x_wconf 90' lang='lat' dir='ltr'><strong><em>episcopos</em></strong></span> <span class='ocrx_word' id='word_1_590' title='bbox 2350 2138 2481 2169; x_wconf 88' lang='lat' dir='ltr'><strong><em>deficere</em></strong></span> 
     </span>
    </p>
   </div>
   <div class='ocr_carea' id='block_1_27' title="bbox 1382 2183 2480 2228">
    <p class='ocr_par' dir='ltr' id='par_1_29' title="bbox 1382 2183 2480 2228">
     <span class='ocr_line' id='line_1_67' title="bbox 1382 2183 2480 2228; baseline -0.005 -10"><span class='ocrx_word' id='word_1_591' title='bbox 1382 2223 1383 2226; x_wconf 13' lang='grc' dir='ltr'><strong>Ἰ</strong></span> <span class='ocrx_word' id='word_1_592' title='bbox 1411 2198 1429 2218; x_wconf 88' lang='lat' dir='ltr'><strong><em>a</em></strong></span> <span class='ocrx_word' id='word_1_593' title='bbox 1452 2186 1647 2228; x_wconf 86' lang='lat' dir='ltr'><strong><em>perfectione</em></strong></span> <span class='ocrx_word' id='word_1_594' title='bbox 1675 2186 1714 2216; x_wconf 86' lang='lat' dir='ltr'><strong><em>ad</em></strong></span> <span class='ocrx_word' id='word_1_595' title='bbox 1743 2195 1842 2226; x_wconf 89' lang='lat' dir='ltr'><strong><em>quam</em></strong></span> <span class='ocrx_word' id='word_1_596' title='bbox 1870 2191 2026 2215; x_wconf 90' lang='lat' dir='ltr'><strong><em>tenentur.</em></strong></span> <span class='ocrx_word' id='word_1_597' title='bbox 2063 2184 2137 2215; x_wconf 92' lang='lat' dir='ltr'><strong><em>Uno</em></strong></span> <span class='ocrx_word' id='word_1_598' title='bbox 2168 2184 2278 2220; x_wconf 88' lang='lat' dir='ltr'><strong><em>modo,</em></strong></span> <span class='ocrx_word' id='word_1_599' title='bbox 2304 2183 2480 2214; x_wconf 86' lang='lat' dir='ltr'><strong><em>executive:</em></strong></span> 
     </span>
    </p>
   </div>
   <div class='ocr_carea' id='block_1_28' title="bbox 1412 2228 2484 2450">
    <p class='ocr_par' dir='ltr' id='par_1_30' title="bbox 1412 2228 2484 2450">
     <span class='ocr_line' id='line_1_68' title="bbox 1412 2228 2482 2273; baseline -0.005 -11"><span class='ocrx_word' id='word_1_600' title='bbox 1412 2232 1488 2273; x_wconf 88' lang='lat' dir='ltr'><strong><em>quia</em></strong></span> <span class='ocrx_word' id='word_1_601' title='bbox 1513 2231 1631 2262; x_wconf 92' lang='lat' dir='ltr'><strong><em>scilicet</em></strong></span> <span class='ocrx_word' id='word_1_602' title='bbox 1654 2241 1720 2261; x_wconf 89' lang='lat' dir='ltr'><strong><em>non</em></strong></span> <span class='ocrx_word' id='word_1_603' title='bbox 1745 2237 1946 2271; x_wconf 80' lang='lat' dir='ltr'><strong><em>exequuntur</em></strong></span> <span class='ocrx_word' id='word_1_604' title='bbox 1968 2229 2039 2259; x_wconf 90' lang='lat' dir='ltr'><strong><em>illos</em></strong></span> <span class='ocrx_word' id='word_1_605' title='bbox 2063 2228 2265 2269; x_wconf 89' lang='lat' dir='ltr'><strong><em>perfectionis</em></strong></span> <span class='ocrx_word' id='word_1_606' title='bbox 2289 2234 2376 2258; x_wconf 84' lang='lat' dir='ltr'><strong><em>actus</em></strong></span> <span class='ocrx_word' id='word_1_607' title='bbox 2399 2237 2482 2268; x_wconf 90' lang='lat' dir='ltr'><strong><em>quos</em></strong></span> 
     </span>
     <span class='ocr_line' id='line_1_69' title="bbox 1412 2272 2482 2313; baseline -0.006 -6"><span class='ocrx_word' id='word_1_608' title='bbox 1412 2277 1537 2307; x_wconf 90' lang='lat' dir='ltr'><strong><em>debent.</em></strong></span> <span class='ocrx_word' id='word_1_609' title='bbox 1563 2275 1603 2306; x_wconf 90' lang='lat' dir='ltr'><strong><em>Et</em></strong></span> <span class='ocrx_word' id='word_1_610' title='bbox 1627 2275 1703 2306; x_wconf 87' lang='lat' dir='ltr'><strong><em>tales</em></strong></span> <span class='ocrx_word' id='word_1_611' title='bbox 1728 2284 1795 2305; x_wconf 92' lang='lat' dir='ltr'><strong><em>non</em></strong></span> <span class='ocrx_word' id='word_1_612' title='bbox 1818 2281 1892 2305; x_wconf 87' lang='lat' dir='ltr'><strong><em>sunt</em></strong></span> <span class='ocrx_word' id='word_1_613' title='bbox 1912 2273 2112 2304; x_wconf 88' lang='lat' dir='ltr'><strong><em>simulatores</em></strong></span> <span class='ocrx_word' id='word_1_614' title='bbox 2132 2282 2236 2313; x_wconf 88' lang='lat' dir='ltr'><strong><em>neque</em></strong></span> <span class='ocrx_word' id='word_1_615' title='bbox 2259 2272 2436 2302; x_wconf 60' lang='lat' dir='ltr'><strong><em>mendaces</em></strong></span> <span class='ocrx_word' id='word_1_616' title='bbox 2461 2289 2482 2294; x_wconf 95' lang='lat'><em>-</em></span> 
     </span>
     <span class='ocr_line' id='line_1_70' title="bbox 1413 2316 2484 2358; baseline -0.005 -7"><span class='ocrx_word' id='word_1_617' title='bbox 1413 2321 1487 2351; x_wconf 85' lang='lat' dir='ltr'><strong><em>Alio</em></strong></span> <span class='ocrx_word' id='word_1_618' title='bbox 1512 2320 1623 2356; x_wconf 91' lang='lat' dir='ltr'><strong><em>modo,</em></strong></span> <span class='ocrx_word' id='word_1_619' title='bbox 1647 2319 1826 2350; x_wconf 89' lang='lat' dir='ltr'><strong><em>secundum</em></strong></span> <span class='ocrx_word' id='word_1_620' title='bbox 1845 2317 2069 2349; x_wconf 87' lang='lat' dir='ltr'><strong><em>intentionem:</em></strong></span> <span class='ocrx_word' id='word_1_621' title='bbox 2094 2317 2170 2358; x_wconf 88' lang='lat' dir='ltr'><strong><em>quia</em></strong></span> <span class='ocrx_word' id='word_1_622' title='bbox 2185 2316 2301 2347; x_wconf 88' lang='lat' dir='ltr'><strong><em>scilicet</em></strong></span> <span class='ocrx_word' id='word_1_623' title='bbox 2317 2316 2484 2356; x_wconf 89' lang='lat' dir='ltr'><strong><em>deponunt</em></strong></span> 
     </span>
     <span class='ocr_line' id='line_1_71' title="bbox 1413 2360 2484 2404; baseline -0.006 -8"><span class='ocrx_word' id='word_1_624' title='bbox 1413 2365 1623 2396; x_wconf 89' lang='lat' dir='ltr'><strong><em>intentionem</em></strong></span> <span class='ocrx_word' id='word_1_625' title='bbox 1653 2363 1883 2404; x_wconf 87' lang='lat' dir='ltr'><strong><em>perfectionem</em></strong></span> <span class='ocrx_word' id='word_1_626' title='bbox 1907 2361 2132 2403; x_wconf 91' lang='lat' dir='ltr'><strong><em>prosequendi.</em></strong></span> <span class='ocrx_word' id='word_1_627' title='bbox 2163 2362 2205 2392; x_wconf 93' lang='lat' dir='ltr'><strong><em>Et</em></strong></span> <span class='ocrx_word' id='word_1_628' title='bbox 2231 2361 2308 2392; x_wconf 88' lang='lat' dir='ltr'><strong><em>tales</em></strong></span> <span class='ocrx_word' id='word_1_629' title='bbox 2337 2360 2484 2391; x_wconf 88' lang='lat' dir='ltr'><strong><em>videntur</em></strong></span> 
     </span>
     <span class='ocr_line' id='line_1_72' title="bbox 1412 2405 2484 2450; baseline -0.005 -10"><span class='ocrx_word' id='word_1_630' title='bbox 1412 2410 1446 2440; x_wconf 91' lang='lat' dir='ltr'><strong><em>in</em></strong></span> <span class='ocrx_word' id='word_1_631' title='bbox 1469 2416 1552 2440; x_wconf 89' lang='lat' dir='ltr'><strong><em>statu</em></strong></span> <span class='ocrx_word' id='word_1_632' title='bbox 1577 2408 1696 2450; x_wconf 86' lang='lat' dir='ltr'><strong><em>peccati</em></strong></span> <span class='ocrx_word' id='word_1_633' title='bbox 1716 2407 1858 2438; x_wconf 85' lang='lat' dir='ltr'><strong><em>mortalis</em></strong></span> <span class='ocrx_word' id='word_1_634' title='bbox 1882 2407 1914 2437; x_wconf 87' lang='lat' dir='ltr'><strong><em>in</em></strong></span> <span class='ocrx_word' id='word_1_635' title='bbox 1931 2406 2033 2437; x_wconf 86' lang='lat' dir='ltr'><strong><em>littera</em></strong></span> <span class='ocrx_word' id='word_1_636' title='bbox 2047 2406 2105 2437; x_wconf 84' lang='lat' dir='ltr'><strong><em>hac</em></strong></span> <span class='ocrx_word' id='word_1_637' title='bbox 2121 2405 2209 2446; x_wconf 89' lang='lat' dir='ltr'><strong><em>poni,</em></strong></span> <span class='ocrx_word' id='word_1_638' title='bbox 2226 2412 2379 2446; x_wconf 87' lang='lat' dir='ltr'><strong><em>tanquam</em></strong></span> <span class='ocrx_word' id='word_1_639' title='bbox 2395 2415 2484 2435; x_wconf 90' lang='lat' dir='ltr'><strong><em>men-</em></strong></span> 
     </span>
    </p>
   </div>
   <div class='ocr_carea' id='block_1_29' title="bbox 282 2449 2486 2547">
    <p class='ocr_par' dir='ltr' id='par_1_31' title="bbox 282 2449 2486 2547">
     <span class='ocr_line' id='line_1_73' title="bbox 282 2449 2486 2528; baseline -0.001 -46"><span class='ocrx_word' id='word_1_640' title='bbox 282 2451 392 2528; x_wconf 45' lang='lat' dir='ltr'><strong><em>}uoad</em></strong></span> <span class='ocrx_word' id='word_1_641' title='bbox 409 2460 445 2481; x_wconf 92' lang='lat' dir='ltr'><strong><em>ea</em></strong></span> <span class='ocrx_word' id='word_1_642' title='bbox 464 2461 547 2492; x_wconf 83' lang='lat' dir='ltr'><strong><em>quae</em></strong></span> <span class='ocrx_word' id='word_1_643' title='bbox 564 2458 639 2482; x_wconf 90' lang='lat' dir='ltr'><strong><em>sunt</em></strong></span> <span class='ocrx_word' id='word_1_644' title='bbox 653 2451 737 2490; x_wconf 88' lang='lat' dir='ltr'><strong><em>fidei,</em></strong></span> <span class='ocrx_word' id='word_1_645' title='bbox 757 2453 874 2492; x_wconf 85' lang='lat' dir='ltr'><strong><em>Credo,</em></strong></span> <span class='ocrx_word' id='word_1_646' title='bbox 899 2455 1008 2496; x_wconf 92' lang='lat' dir='ltr'><strong><em>quoad</em></strong></span> <span class='ocrx_word' id='word_1_647' title='bbox 1024 2455 1145 2495; x_wconf 85' lang='lat' dir='ltr'><strong><em>agenda</em></strong></span> <span class='ocrx_word' id='word_1_648' title='bbox 1161 2465 1248 2492; x_wconf 86' lang='lat' dir='ltr'><strong><em>vero,</em></strong></span> <span class='ocrx_word' id='word_1_649' title='bbox 1273 2455 1358 2486; x_wconf 89' lang='lat' dir='ltr'><strong><em>Volo.</em></strong></span> <span class='ocrx_word' id='word_1_650' title='bbox 1383 2457 1385 2474; x_wconf 75' lang='lat'><em>³</em></span> <span class='ocrx_word' id='word_1_651' title='bbox 1413 2455 1505 2485; x_wconf 88' lang='lat' dir='ltr'><strong><em>daces</em></strong></span> <span class='ocrx_word' id='word_1_652' title='bbox 1529 2461 1560 2484; x_wconf 92' lang='lat' dir='ltr'><strong><em>et</em></strong></span> <span class='ocrx_word' id='word_1_653' title='bbox 1583 2453 1785 2484; x_wconf 90' lang='lat' dir='ltr'><strong><em>simulatores</em></strong></span> <span class='ocrx_word' id='word_1_654' title='bbox 1809 2452 1903 2483; x_wconf 80' lang='lat' dir='ltr'><strong><em>facto.</em></strong></span> <span class='ocrx_word' id='word_1_655' title='bbox 1940 2452 1980 2482; x_wconf 93' lang='lat' dir='ltr'><strong><em>Et</em></strong></span> <span class='ocrx_word' id='word_1_656' title='bbox 2008 2450 2088 2482; x_wconf 82' lang='lat' dir='ltr'><strong><em>ratio</em></strong></span> <span class='ocrx_word' id='word_1_657' title='bbox 2119 2450 2304 2481; x_wconf 89' lang='lat' dir='ltr'><strong><em>diversitatis</em></strong></span> <span class='ocrx_word' id='word_1_658' title='bbox 2333 2456 2380 2480; x_wconf 90' lang='lat' dir='ltr'><strong><em>est</em></strong></span> <span class='ocrx_word' id='word_1_659' title='bbox 2410 2449 2486 2489; x_wconf 90' lang='lat' dir='ltr'><strong><em>quia</em></strong></span> 
     </span>
     <span class='ocr_line' id='line_1_74' title="bbox 314 2484 2485 2547; baseline -0.002 -20"><span class='ocrx_word' id='word_1_660' title='bbox 314 2502 443 2527; x_wconf 89' lang='lat' dir='ltr'><strong><em>eutrum</em></strong></span> <span class='ocrx_word' id='word_1_661' title='bbox 473 2502 581 2526; x_wconf 83' lang='lat' dir='ltr'><strong><em>autem</em></strong></span> <span class='ocrx_word' id='word_1_662' title='bbox 611 2496 730 2528; x_wconf 86' lang='lat' dir='ltr'><strong><em>horum</em></strong></span> <span class='ocrx_word' id='word_1_663' title='bbox 752 2498 819 2528; x_wconf 90' lang='lat' dir='ltr'><strong><em>vim</em></strong></span> <span class='ocrx_word' id='word_1_664' title='bbox 841 2499 908 2530; x_wconf 90' lang='lat' dir='ltr'><strong><em>voti</em></strong></span> <span class='ocrx_word' id='word_1_665' title='bbox 938 2499 1051 2530; x_wconf 85' lang='lat' dir='ltr'><strong><em>habet:</em></strong></span> <span class='ocrx_word' id='word_1_666' title='bbox 1082 2499 1143 2530; x_wconf 91' lang='lat' dir='ltr'><strong><em>nisi</em></strong></span> <span class='ocrx_word' id='word_1_667' title='bbox 1170 2500 1242 2541; x_wconf 91' lang='lat' dir='ltr'><strong><em>quis</em></strong></span> <span class='ocrx_word' id='word_1_668' title='bbox 1278 2500 1358 2530; x_wconf 86' lang='lat' dir='ltr'><strong><em>adeo</em></strong></span> <span class='ocrx_word' id='word_1_669' title='bbox 1384 2484 1386 2547; x_wconf 45' lang='lat' dir='ltr'><strong><em>i</em></strong></span> <span class='ocrx_word' id='word_1_670' title='bbox 1414 2506 1513 2530; x_wconf 88' lang='lat' dir='ltr'><strong><em>status</em></strong></span> <span class='ocrx_word' id='word_1_671' title='bbox 1530 2498 1768 2533; x_wconf 83' lang='lat' dir='ltr'><strong><em>ecclesiasticus,</em></strong></span> <span class='ocrx_word' id='word_1_672' title='bbox 1786 2497 1841 2537; x_wconf 93' lang='lat' dir='ltr'><strong><em>qui</em></strong></span> <span class='ocrx_word' id='word_1_673' title='bbox 1858 2496 1992 2527; x_wconf 84' lang='lat' dir='ltr'><strong><em>exterior</em></strong></span> <span class='ocrx_word' id='word_1_674' title='bbox 2008 2502 2063 2532; x_wconf 88' lang='lat' dir='ltr'><strong><em>est,</em></strong></span> <span class='ocrx_word' id='word_1_675' title='bbox 2081 2494 2234 2535; x_wconf 87' lang='lat' dir='ltr'><strong><em>significat</em></strong></span> <span class='ocrx_word' id='word_1_676' title='bbox 2254 2494 2367 2525; x_wconf 89' lang='lat' dir='ltr'><strong><em>directe</em></strong></span> <span class='ocrx_word' id='word_1_677' title='bbox 2382 2494 2485 2533; x_wconf 87' lang='lat' dir='ltr'><strong><em>ipsam</em></strong></span> 
     </span>
    </p>
   </div>
   <div class='ocr_carea' id='block_1_30' title="bbox 284 2539 1360 2768">
    <p class='ocr_par' dir='ltr' id='par_1_32' title="bbox 284 2539 1360 2768">
     <span class='ocr_line' id='line_1_75' title="bbox 284 2539 1358 2585; baseline 0.003 -13"><span class='ocrx_word' id='word_1_678' title='bbox 284 2540 441 2580; x_wconf 81' lang='lat' dir='ltr'><strong><em>desiperet</em></strong></span> <span class='ocrx_word' id='word_1_679' title='bbox 460 2546 496 2570; x_wconf 94' lang='lat' dir='ltr'><strong><em>ut</em></strong></span> <span class='ocrx_word' id='word_1_680' title='bbox 512 2539 629 2572; x_wconf 89' lang='lat' dir='ltr'><strong><em>diceret</em></strong></span> <span class='ocrx_word' id='word_1_681' title='bbox 643 2542 734 2582; x_wconf 84' lang='lat' dir='ltr'><strong><em>quod</em></strong></span> <span class='ocrx_word' id='word_1_682' title='bbox 749 2543 973 2583; x_wconf 88' lang='lat' dir='ltr'><strong><em>responsiones</em></strong></span> <span class='ocrx_word' id='word_1_683' title='bbox 987 2543 1031 2574; x_wconf 93' lang='lat' dir='ltr'><strong><em>ibi</em></strong></span> <span class='ocrx_word' id='word_1_684' title='bbox 1048 2544 1170 2584; x_wconf 89' lang='lat' dir='ltr'><strong><em>positae</em></strong></span> <span class='ocrx_word' id='word_1_685' title='bbox 1194 2554 1250 2585; x_wconf 90' lang='lat' dir='ltr'><strong><em>per</em></strong></span> <span class='ocrx_word' id='word_1_686' title='bbox 1272 2544 1358 2583; x_wconf 91' lang='lat' dir='ltr'><strong><em>Volo,</em></strong></span> 
     </span>
     <span class='ocr_line' id='line_1_76' title="bbox 284 2583 1359 2629; baseline 0.003 -13"><span class='ocrx_word' id='word_1_687' title='bbox 284 2585 422 2616; x_wconf 83' lang='lat' dir='ltr'><strong><em>habeant</em></strong></span> <span class='ocrx_word' id='word_1_688' title='bbox 443 2583 511 2614; x_wconf 87' lang='lat' dir='ltr'><strong><em>vim</em></strong></span> <span class='ocrx_word' id='word_1_689' title='bbox 533 2585 611 2616; x_wconf 85' lang='lat' dir='ltr'><strong><em>voti.</em></strong></span> <span class='ocrx_word' id='word_1_690' title='bbox 636 2585 773 2617; x_wconf 88' lang='lat' dir='ltr'><strong><em>Constat</em></strong></span> <span class='ocrx_word' id='word_1_691' title='bbox 795 2597 936 2628; x_wconf 87' lang='lat' dir='ltr'><strong><em>namque</em></strong></span> <span class='ocrx_word' id='word_1_692' title='bbox 960 2589 1050 2629; x_wconf 93' lang='lat' dir='ltr'><strong><em>quod</em></strong></span> <span class='ocrx_word' id='word_1_693' title='bbox 1074 2595 1123 2619; x_wconf 92' lang='lat' dir='ltr'><strong><em>tot</em></strong></span> <span class='ocrx_word' id='word_1_694' title='bbox 1139 2588 1214 2619; x_wconf 90' lang='lat' dir='ltr'><strong><em>dicit</em></strong></span> <span class='ocrx_word' id='word_1_695' title='bbox 1229 2599 1262 2619; x_wconf 89' lang='lat' dir='ltr'><strong><em>se</em></strong></span> <span class='ocrx_word' id='word_1_696' title='bbox 1277 2589 1359 2620; x_wconf 88' lang='lat' dir='ltr'><strong><em>velle</em></strong></span> 
     </span>
     <span class='ocr_line' id='line_1_77' title="bbox 286 2630 1359 2673; baseline 0.004 -13"><span class='ocrx_word' id='word_1_697' title='bbox 286 2630 326 2660; x_wconf 81' lang='lat' dir='ltr'><strong><em>ad</em></strong></span> <span class='ocrx_word' id='word_1_698' title='bbox 349 2638 432 2670; x_wconf 80' lang='lat' dir='ltr'><strong><em>quae</em></strong></span> <span class='ocrx_word' id='word_1_699' title='bbox 455 2637 521 2659; x_wconf 87' lang='lat' dir='ltr'><strong><em>non</em></strong></span> <span class='ocrx_word' id='word_1_700' title='bbox 546 2637 655 2669; x_wconf 88' lang='lat' dir='ltr'><strong><em>posset</em></strong></span> <span class='ocrx_word' id='word_1_701' title='bbox 677 2641 711 2661; x_wconf 91' lang='lat' dir='ltr'><strong><em>se</em></strong></span> <span class='ocrx_word' id='word_1_702' title='bbox 733 2638 811 2662; x_wconf 83' lang='lat' dir='ltr'><strong><em>voto</em></strong></span> <span class='ocrx_word' id='word_1_703' title='bbox 834 2639 902 2663; x_wconf 92' lang='lat' dir='ltr'><strong><em>tute</em></strong></span> <span class='ocrx_word' id='word_1_704' title='bbox 925 2633 1075 2673; x_wconf 82' lang='lat' dir='ltr'><strong><em>obligare,</em></strong></span> <span class='ocrx_word' id='word_1_705' title='bbox 1097 2639 1133 2664; x_wconf 93' lang='lat' dir='ltr'><strong><em>ut</em></strong></span> <span class='ocrx_word' id='word_1_706' title='bbox 1155 2640 1243 2673; x_wconf 88' lang='lat' dir='ltr'><strong><em>patet</em></strong></span> <span class='ocrx_word' id='word_1_707' title='bbox 1266 2633 1319 2664; x_wconf 92' lang='lat' dir='ltr'><strong><em>ibi.</em></strong></span> <span class='ocrx_word' id='word_1_708' title='bbox 1337 2651 1359 2657; x_wconf 93' lang='lat'>—</span> 
     </span>
     <span class='ocr_line' id='line_1_78' title="bbox 286 2675 1359 2719; baseline 0.004 -14"><span class='ocrx_word' id='word_1_709' title='bbox 286 2676 429 2714; x_wconf 84' lang='lat' dir='ltr'><strong><em>Apparet</em></strong></span> <span class='ocrx_word' id='word_1_710' title='bbox 452 2682 584 2714; x_wconf 91' lang='lat' dir='ltr'><strong><em>quoque</em></strong></span> <span class='ocrx_word' id='word_1_711' title='bbox 607 2675 713 2712; x_wconf 86' lang='lat' dir='ltr'><strong><em>Extra,</em></strong></span> <span class='ocrx_word' id='word_1_712' title='bbox 736 2676 777 2707; x_wconf 82' lang='lat' dir='ltr'><strong><em>de</em></strong></span> <span class='ocrx_word' id='word_1_713' title='bbox 799 2676 1024 2715; x_wconf 68' lang='lat' dir='ltr'><strong><em>Iureiurand„</em></strong></span> <span class='ocrx_word' id='word_1_714' title='bbox 1048 2688 1117 2718; x_wconf 87' lang='lat' dir='ltr'><strong><em>cap.</em></strong></span> <span class='ocrx_word' id='word_1_715' title='bbox 1133 2678 1208 2719; x_wconf 83' lang='lat' dir='ltr'><strong><em>Ego</em></strong></span> <span class='ocrx_word' id='word_1_716' title='bbox 1231 2677 1273 2708; x_wconf 90' lang='lat' dir='ltr'><strong><em>N.</em></strong></span> <span class='ocrx_word' id='word_1_717' title='bbox 1294 2679 1359 2718; x_wconf 84' lang='lat' dir='ltr'><strong><em>epi-</em></strong></span> 
     </span>
     <span class='ocr_line' id='line_1_79' title="bbox 284 2721 1360 2768; baseline -0.001 -15"><span class='ocrx_word' id='word_1_718' title='bbox 284 2736 416 2768; x_wconf 63' lang='lat' dir='ltr'><strong><em>mpus,</em></strong></span> <span class='ocrx_word' id='word_1_719' title='bbox 441 2725 533 2768; x_wconf 90' lang='lat' dir='ltr'><strong><em>quod</em></strong></span> <span class='ocrx_word' id='word_1_720' title='bbox 551 2721 723 2762; x_wconf 88' lang='lat' dir='ltr'><strong><em>episcopus</em></strong></span> <span class='ocrx_word' id='word_1_721' title='bbox 746 2721 829 2752; x_wconf 84' lang='lat' dir='ltr'><strong><em>iurat</em></strong></span> <span class='ocrx_word' id='word_1_722' title='bbox 851 2722 1010 2762; x_wconf 83' lang='lat' dir='ltr'><strong><em>quaedam</em></strong></span> <span class='ocrx_word' id='word_1_723' title='bbox 1034 2722 1234 2762; x_wconf 85' lang='lat' dir='ltr'><strong><em>particularia</em></strong></span> <span class='ocrx_word' id='word_1_724' title='bbox 1257 2732 1290 2752; x_wconf 92' lang='lat' dir='ltr'><strong><em>se</em></strong></span> <span class='ocrx_word' id='word_1_725' title='bbox 1314 2722 1360 2752; x_wconf 87' lang='lat' dir='ltr'><strong><em>fa-</em></strong></span> 
     </span>
    </p>
   </div>
   <div class='ocr_carea' id='block_1_31' title="bbox 286 2766 1386 2848">
    <p class='ocr_par' dir='ltr' id='par_1_33' title="bbox 286 2766 1386 2848">
     <span class='ocr_line' id='line_1_80' title="bbox 287 2766 1386 2809; baseline -0.005 -5"><span class='ocrx_word' id='word_1_726' title='bbox 287 2778 415 2804; x_wconf 85' lang='lat' dir='ltr'><strong><em>cturum</em></strong></span> <span class='ocrx_word' id='word_1_727' title='bbox 437 2770 488 2800; x_wconf 90' lang='lat' dir='ltr'><strong><em>vel</em></strong></span> <span class='ocrx_word' id='word_1_728' title='bbox 516 2777 583 2799; x_wconf 89' lang='lat' dir='ltr'><strong><em>non</em></strong></span> <span class='ocrx_word' id='word_1_729' title='bbox 607 2767 786 2804; x_wconf 87' lang='lat' dir='ltr'><strong><em>facturum,</em></strong></span> <span class='ocrx_word' id='word_1_730' title='bbox 818 2773 849 2797; x_wconf 89' lang='lat' dir='ltr'><strong><em>et</em></strong></span> <span class='ocrx_word' id='word_1_731' title='bbox 871 2776 975 2797; x_wconf 90' lang='lat' dir='ltr'><strong><em>unum</em></strong></span> <span class='ocrx_word' id='word_1_732' title='bbox 997 2766 1189 2803; x_wconf 88' lang='lat' dir='ltr'><strong><em>universale,</em></strong></span> <span class='ocrx_word' id='word_1_733' title='bbox 1214 2766 1361 2798; x_wconf 91' lang='lat' dir='ltr'><strong><em>videlicet</em></strong></span> <span class='ocrx_word' id='word_1_734' title='bbox 1384 2794 1386 2809; x_wconf 60' lang='lat'><em>÷</em></span> 
     </span>
     <span class='ocr_line' id='line_1_81' title="bbox 286 2810 1386 2848; baseline -0.006 -1"><span class='ocrx_word' id='word_1_735' title='bbox 286 2815 472 2847; x_wconf 86' lang='lat' dir='ltr'><strong><em>fidelitatem</em></strong></span> <span class='ocrx_word' id='word_1_736' title='bbox 487 2814 638 2844; x_wconf 90' lang='lat' dir='ltr'><strong><em>Romano</em></strong></span> <span class='ocrx_word' id='word_1_737' title='bbox 650 2811 797 2843; x_wconf 87' lang='lat' dir='ltr'><strong><em>Pontifici</em></strong></span> <span class='ocrx_word' id='word_1_738' title='bbox 813 2821 849 2842; x_wconf 87' lang='lat' dir='ltr'><strong><em>ac</em></strong></span> <span class='ocrx_word' id='word_1_739' title='bbox 863 2810 1021 2842; x_wconf 83' lang='lat' dir='ltr'><strong><em>Ecclesiae</em></strong></span> <span class='ocrx_word' id='word_1_740' title='bbox 1038 2811 1203 2842; x_wconf 88' lang='lat' dir='ltr'><strong><em>Romanae</em></strong></span> <span class='ocrx_word' id='word_1_741' title='bbox 1220 2817 1252 2841; x_wconf 88' lang='lat' dir='ltr'><strong><em>et</em></strong></span> <span class='ocrx_word' id='word_1_742' title='bbox 1267 2811 1360 2842; x_wconf 91' lang='lat' dir='ltr'><strong><em>beato</em></strong></span> <span class='ocrx_word' id='word_1_743' title='bbox 1385 2842 1386 2848; x_wconf 13' lang='grc' dir='ltr'>ἵ</span> 
     </span>
    </p>
   </div>
   <div class='ocr_carea' id='block_1_32' title="bbox 1413 2538 2486 2851">
    <p class='ocr_par' dir='ltr' id='par_1_34' title="bbox 1413 2538 2486 2752">
     <span class='ocr_line' id='line_1_82' title="bbox 1413 2538 2485 2576; baseline -0.007 -2"><span class='ocrx_word' id='word_1_744' title='bbox 1413 2543 1626 2575; x_wconf 89' lang='lat' dir='ltr'><strong><em>intentionem</em></strong></span> <span class='ocrx_word' id='word_1_745' title='bbox 1643 2542 1845 2573; x_wconf 87' lang='lat' dir='ltr'><strong><em>existentium</em></strong></span> <span class='ocrx_word' id='word_1_746' title='bbox 1855 2541 1887 2571; x_wconf 92' lang='lat' dir='ltr'><strong><em>in</em></strong></span> <span class='ocrx_word' id='word_1_747' title='bbox 1901 2547 1993 2576; x_wconf 87' lang='lat' dir='ltr'><strong><em>statu,</em></strong></span> <span class='ocrx_word' id='word_1_748' title='bbox 2011 2546 2041 2570; x_wconf 94' lang='lat' dir='ltr'><strong><em>et</em></strong></span> <span class='ocrx_word' id='word_1_749' title='bbox 2054 2549 2118 2570; x_wconf 92' lang='lat' dir='ltr'><strong><em>non</em></strong></span> <span class='ocrx_word' id='word_1_750' title='bbox 2132 2538 2362 2569; x_wconf 84' lang='lat' dir='ltr'><strong><em>executionem.</em></strong></span> <span class='ocrx_word' id='word_1_751' title='bbox 2382 2538 2485 2569; x_wconf 92' lang='lat' dir='ltr'><strong><em>Cuius</em></strong></span> 
     </span>
     <span class='ocr_line' id='line_1_83' title="bbox 1414 2582 2483 2628; baseline -0.007 -9"><span class='ocrx_word' id='word_1_752' title='bbox 1414 2588 1542 2628; x_wconf 88' lang='lat' dir='ltr'><strong><em>signum</em></strong></span> <span class='ocrx_word' id='word_1_753' title='bbox 1567 2594 1614 2618; x_wconf 90' lang='lat' dir='ltr'><strong><em>est</em></strong></span> <span class='ocrx_word' id='word_1_754' title='bbox 1637 2586 1727 2628; x_wconf 92' lang='lat' dir='ltr'><strong><em>quod</em></strong></span> <span class='ocrx_word' id='word_1_755' title='bbox 1749 2585 1880 2626; x_wconf 85' lang='lat' dir='ltr'><strong><em>aliquis,</em></strong></span> <span class='ocrx_word' id='word_1_756' title='bbox 1906 2584 2012 2615; x_wconf 88' lang='lat' dir='ltr'><strong><em>statim</em></strong></span> <span class='ocrx_word' id='word_1_757' title='bbox 2035 2590 2071 2614; x_wconf 90' lang='lat' dir='ltr'><strong><em>ut</em></strong></span> <span class='ocrx_word' id='word_1_758' title='bbox 2093 2582 2129 2613; x_wconf 88' lang='lat' dir='ltr'><strong><em>fit</em></strong></span> <span class='ocrx_word' id='word_1_759' title='bbox 2151 2583 2315 2622; x_wconf 87' lang='lat' dir='ltr'><strong><em>religiosus</em></strong></span> <span class='ocrx_word' id='word_1_760' title='bbox 2339 2588 2394 2612; x_wconf 90' lang='lat' dir='ltr'><strong><em>aut</em></strong></span> <span class='ocrx_word' id='word_1_761' title='bbox 2417 2582 2483 2622; x_wconf 89' lang='lat' dir='ltr'><strong><em>epi-</em></strong></span> 
     </span>
     <span class='ocr_line' id='line_1_84' title="bbox 1414 2626 2483 2673; baseline -0.007 -10"><span class='ocrx_word' id='word_1_762' title='bbox 1414 2642 1541 2673; x_wconf 68' lang='lat' dir='ltr'><strong><em>scopm,</em></strong></span> <span class='ocrx_word' id='word_1_763' title='bbox 1567 2642 1604 2663; x_wconf 89' lang='lat' dir='ltr'><strong><em>ex</em></strong></span> <span class='ocrx_word' id='word_1_764' title='bbox 1628 2632 1695 2662; x_wconf 87' lang='lat' dir='ltr'><strong><em>sola</em></strong></span> <span class='ocrx_word' id='word_1_765' title='bbox 1715 2630 1891 2661; x_wconf 89' lang='lat' dir='ltr'><strong><em>intentione</em></strong></span> <span class='ocrx_word' id='word_1_766' title='bbox 1914 2628 2100 2669; x_wconf 90' lang='lat' dir='ltr'><strong><em>proficiendi</em></strong></span> <span class='ocrx_word' id='word_1_767' title='bbox 2115 2627 2265 2658; x_wconf 87' lang='lat' dir='ltr'><strong><em>veraciter</em></strong></span> <span class='ocrx_word' id='word_1_768' title='bbox 2280 2627 2312 2656; x_wconf 90' lang='lat' dir='ltr'><strong><em>in</em></strong></span> <span class='ocrx_word' id='word_1_769' title='bbox 2329 2633 2411 2657; x_wconf 89' lang='lat' dir='ltr'><strong><em>statu</em></strong></span> <span class='ocrx_word' id='word_1_770' title='bbox 2428 2626 2483 2656; x_wconf 91' lang='lat' dir='ltr'><strong><em>illo</em></strong></span> 
     </span>
     <span class='ocr_line' id='line_1_85' title="bbox 1414 2670 2486 2716; baseline -0.007 -8"><span class='ocrx_word' id='word_1_771' title='bbox 1414 2687 1482 2708; x_wconf 88' lang='lat' dir='ltr'><strong><em>esse</em></strong></span> <span class='ocrx_word' id='word_1_772' title='bbox 1513 2677 1645 2712; x_wconf 83' lang='lat' dir='ltr'><strong><em>dicitur,</em></strong></span> <span class='ocrx_word' id='word_1_773' title='bbox 1681 2676 1801 2716; x_wconf 84' lang='lat' dir='ltr'><strong><em>absque</em></strong></span> <span class='ocrx_word' id='word_1_774' title='bbox 1831 2673 2034 2704; x_wconf 88' lang='lat' dir='ltr'><strong><em>simulatione</em></strong></span> <span class='ocrx_word' id='word_1_775' title='bbox 2073 2681 2276 2713; x_wconf 90' lang='lat' dir='ltr'><strong><em>quacumque</em></strong></span> <span class='ocrx_word' id='word_1_776' title='bbox 2307 2671 2404 2701; x_wconf 89' lang='lat' dir='ltr'><strong><em>verbo</em></strong></span> <span class='ocrx_word' id='word_1_777' title='bbox 2433 2670 2486 2700; x_wconf 93' lang='lat' dir='ltr'><strong><em>vel</em></strong></span> 
     </span>
     <span class='ocr_line' id='line_1_86' title="bbox 1414 2721 1511 2752; baseline 0 0"><span class='ocrx_word' id='word_1_778' title='bbox 1414 2721 1511 2752; x_wconf 86' lang='lat' dir='ltr'><strong><em>facto.</em></strong></span> 
     </span>
    </p>

    <p class='ocr_par' dir='ltr' id='par_1_35' title="bbox 1414 2758 2484 2851">
     <span class='ocr_line' id='line_1_87' title="bbox 1469 2758 2484 2806; baseline -0.009 -9"><span class='ocrx_word' id='word_1_779' title='bbox 1469 2766 1511 2797; x_wconf 93' lang='lat' dir='ltr'><strong><em>Et</em></strong></span> <span class='ocrx_word' id='word_1_780' title='bbox 1534 2771 1702 2806; x_wconf 87' lang='lat' dir='ltr'><strong><em>propterea</em></strong></span> <span class='ocrx_word' id='word_1_781' title='bbox 1727 2770 1857 2794; x_wconf 87' lang='lat' dir='ltr'><strong><em>caveant</em></strong></span> <span class='ocrx_word' id='word_1_782' title='bbox 1880 2762 1939 2793; x_wconf 89' lang='lat' dir='ltr'><strong><em>sibi</em></strong></span> <span class='ocrx_word' id='word_1_783' title='bbox 1958 2761 2098 2792; x_wconf 91' lang='lat' dir='ltr'><strong><em>multum</em></strong></span> <span class='ocrx_word' id='word_1_784' title='bbox 2121 2759 2259 2800; x_wconf 85' lang='lat' dir='ltr'><strong><em>religiosi</em></strong></span> <span class='ocrx_word' id='word_1_785' title='bbox 2283 2769 2322 2789; x_wconf 91' lang='lat' dir='ltr'><strong><em>ne</em></strong></span> <span class='ocrx_word' id='word_1_786' title='bbox 2339 2758 2484 2789; x_wconf 88' lang='lat' dir='ltr'><strong><em>animum</em></strong></span> 
     </span>
     <span class='ocr_line' id='line_1_88' title="bbox 1414 2803 2483 2851; baseline -0.008 -10"><span class='ocrx_word' id='word_1_787' title='bbox 1414 2809 1602 2851; x_wconf 90' lang='lat' dir='ltr'><strong><em>proficiendi</em></strong></span> <span class='ocrx_word' id='word_1_788' title='bbox 1618 2809 1790 2849; x_wconf 86' lang='lat' dir='ltr'><strong><em>deponant.</em></strong></span> <span class='ocrx_word' id='word_1_789' title='bbox 1817 2807 1924 2844; x_wconf 89' lang='lat' dir='ltr'><strong><em>Quem</em></strong></span> <span class='ocrx_word' id='word_1_790' title='bbox 1940 2813 2016 2837; x_wconf 92' lang='lat' dir='ltr'><strong><em>tunc</em></strong></span> <span class='ocrx_word' id='word_1_791' title='bbox 2031 2805 2143 2846; x_wconf 88' lang='lat' dir='ltr'><strong><em>procul</em></strong></span> <span class='ocrx_word' id='word_1_792' title='bbox 2159 2804 2257 2834; x_wconf 90' lang='lat' dir='ltr'><strong><em>dubio</em></strong></span> <span class='ocrx_word' id='word_1_793' title='bbox 2274 2803 2391 2834; x_wconf 87' lang='lat' dir='ltr'><strong><em>habent</em></strong></span> <span class='ocrx_word' id='word_1_794' title='bbox 2410 2813 2483 2833; x_wconf 90' lang='lat' dir='ltr'><strong><em>cum</em></strong></span> 
     </span>
    </p>
   </div>
   <div class='ocr_carea' id='block_1_33' title="bbox 287 2847 2483 2941">
    <p class='ocr_par' dir='ltr' id='par_1_36' title="bbox 287 2847 2483 2941">
     <span class='ocr_line' id='line_1_89' title="bbox 287 2847 2483 2901; baseline -0.007 -9"><span class='ocrx_word' id='word_1_795' title='bbox 287 2861 393 2899; x_wconf 88' lang='lat' dir='ltr'><strong><em>Petro,</em></strong></span> <span class='ocrx_word' id='word_1_796' title='bbox 417 2858 508 2901; x_wconf 86' lang='lat' dir='ltr'><strong><em>quod</em></strong></span> <span class='ocrx_word' id='word_1_797' title='bbox 524 2866 571 2890; x_wconf 91' lang='lat' dir='ltr'><strong><em>est</em></strong></span> <span class='ocrx_word' id='word_1_798' title='bbox 585 2859 674 2889; x_wconf 90' lang='lat' dir='ltr'><strong><em>velut</em></strong></span> <span class='ocrx_word' id='word_1_799' title='bbox 688 2856 875 2897; x_wconf 75' lang='lat' dir='ltr'><strong><em>homagium</em></strong></span> <span class='ocrx_word' id='word_1_800' title='bbox 893 2855 1073 2897; x_wconf 87' lang='lat' dir='ltr'><strong><em>quoddam:</em></strong></span> <span class='ocrx_word' id='word_1_801' title='bbox 1099 2862 1129 2887; x_wconf 94' lang='lat' dir='ltr'><strong><em>et</em></strong></span> <span class='ocrx_word' id='word_1_802' title='bbox 1152 2855 1230 2885; x_wconf 92' lang='lat' dir='ltr'><strong><em>nihil</em></strong></span> <span class='ocrx_word' id='word_1_803' title='bbox 1246 2855 1290 2886; x_wconf 91' lang='lat' dir='ltr'><strong><em>ibi</em></strong></span> <span class='ocrx_word' id='word_1_804' title='bbox 1313 2855 1360 2885; x_wconf 91' lang='lat' dir='ltr'><strong><em>in·</em></strong></span> <span class='ocrx_word' id='word_1_805' title='bbox 1385 2854 1387 2897; x_wconf 58' lang='grc' dir='ltr'>ξ</span> <span class='ocrx_word' id='word_1_806' title='bbox 1413 2855 1583 2886; x_wconf 91' lang='lat' dir='ltr'><strong><em>intendunt</em></strong></span> <span class='ocrx_word' id='word_1_807' title='bbox 1605 2853 1709 2884; x_wconf 87' lang='lat' dir='ltr'><strong><em>vivere</em></strong></span> <span class='ocrx_word' id='word_1_808' title='bbox 1733 2852 1911 2883; x_wconf 89' lang='lat' dir='ltr'><strong><em>secundum</em></strong></span> <span class='ocrx_word' id='word_1_809' title='bbox 1934 2850 2075 2891; x_wconf 87' lang='lat' dir='ltr'><strong><em>regulam</em></strong></span> <span class='ocrx_word' id='word_1_810' title='bbox 2093 2856 2123 2879; x_wconf 90' lang='lat' dir='ltr'><strong><em>et</em></strong></span> <span class='ocrx_word' id='word_1_811' title='bbox 2139 2847 2381 2879; x_wconf 88' lang='lat' dir='ltr'><strong><em>constitutiones</em></strong></span> <span class='ocrx_word' id='word_1_812' title='bbox 2401 2857 2483 2883; x_wconf 89' lang='lat' dir='ltr'><strong><em>suas,</em></strong></span> 
     </span>
     <span class='ocr_line' id='line_1_90' title="bbox 287 2895 2154 2941; baseline -0.007 -4"><span class='ocrx_word' id='word_1_813' title='bbox 287 2905 382 2937; x_wconf 90' lang='lat' dir='ltr'><strong><em>venio</em></strong></span> <span class='ocrx_word' id='word_1_814' title='bbox 406 2905 446 2935; x_wconf 91' lang='lat' dir='ltr'><strong><em>de</em></strong></span> <span class='ocrx_word' id='word_1_815' title='bbox 469 2912 545 2934; x_wconf 89' lang='lat' dir='ltr'><strong><em>cura</em></strong></span> <span class='ocrx_word' id='word_1_816' title='bbox 560 2904 758 2938; x_wconf 88' lang='lat' dir='ltr'><strong><em>animarum,</em></strong></span> <span class='ocrx_word' id='word_1_817' title='bbox 779 2907 834 2932; x_wconf 83' lang='lat' dir='ltr'><strong><em>aut</em></strong></span> <span class='ocrx_word' id='word_1_818' title='bbox 850 2900 899 2931; x_wconf 88' lang='lat' dir='ltr'><strong><em>his</em></strong></span> <span class='ocrx_word' id='word_1_819' title='bbox 915 2910 997 2941; x_wconf 84' lang='lat' dir='ltr'><strong><em>quae</em></strong></span> <span class='ocrx_word' id='word_1_820' title='bbox 1013 2899 1216 2941; x_wconf 89' lang='lat' dir='ltr'><strong><em>perfectionis</em></strong></span> <span class='ocrx_word' id='word_1_821' title='bbox 1240 2906 1359 2930; x_wconf 89' lang='lat' dir='ltr'><strong><em>sunt.-</em></strong></span> <span class='ocrx_word' id='word_1_822' title='bbox 1385 2900 1387 2933; x_wconf 97' lang='grc' dir='ltr'>Ι</span> <span class='ocrx_word' id='word_1_823' title='bbox 1414 2899 1561 2940; x_wconf 83' lang='lat' dir='ltr'><strong><em>quamvis</em></strong></span> <span class='ocrx_word' id='word_1_824' title='bbox 1584 2898 1617 2928; x_wconf 92' lang='lat' dir='ltr'><strong><em>in</em></strong></span> <span class='ocrx_word' id='word_1_825' title='bbox 1641 2897 1750 2928; x_wconf 88' lang='lat' dir='ltr'><strong><em>multis</em></strong></span> <span class='ocrx_word' id='word_1_826' title='bbox 1773 2896 1934 2927; x_wconf 87' lang='lat' dir='ltr'><strong><em>interdum</em></strong></span> <span class='ocrx_word' id='word_1_827' title='bbox 1958 2895 2154 2935; x_wconf 89' lang='lat' dir='ltr'><strong><em>delinquant.</em></strong></span> 
     </span>
    </p>
   </div>
   <div class='ocr_carea' id='block_1_34' title="bbox 581 3035 2194 3167">
    <p class='ocr_par' dir='ltr' id='par_1_37' title="bbox 581 3035 2194 3167">
     <span class='ocr_line' id='line_1_91' title="bbox 1109 3035 1728 3079; baseline -0.006 0"><span class='ocrx_word' id='word_1_828' title='bbox 1109 3035 1428 3079; x_wconf 86' lang='lat' dir='ltr'>ARTICULUS</span> <span class='ocrx_word' id='word_1_829' title='bbox 1458 3035 1669 3077; x_wconf 90' lang='lat' dir='ltr'>SEXTUS</span> <span class='ocrx_word' id='word_1_830' title='bbox 1725 3071 1728 3074; x_wconf 84' lang='lat'><strong><em>.</em></strong></span> 
     </span>
     <span class='ocr_line' id='line_1_92' title="bbox 581 3125 2194 3167; baseline -0.007 0"><span class='ocrx_word' id='word_1_831' title='bbox 581 3135 739 3167; x_wconf 86' lang='lat' dir='ltr'><strong>UTRUM</strong></span> <span class='ocrx_word' id='word_1_832' title='bbox 763 3132 910 3165; x_wconf 85' lang='lat' dir='ltr'>OMNES</span> <span class='ocrx_word' id='word_1_833' title='bbox 933 3130 1149 3162; x_wconf 86' lang='lat' dir='ltr'>PRAELATI</span> <span class='ocrx_word' id='word_1_834' title='bbox 1173 3128 1496 3161; x_wconf 80' lang='lat' dir='ltr'><strong><em>ECCLEs1ASTic1</em></strong></span> <span class='ocrx_word' id='word_1_835' title='bbox 1522 3129 1621 3160; x_wconf 79' lang='lat' dir='ltr'><strong><em>stNT</em></strong></span> <span class='ocrx_word' id='word_1_836' title='bbox 1645 3128 1688 3159; x_wconf 83' lang='lat' dir='ltr'><strong><em>IN</em></strong></span> <span class='ocrx_word' id='word_1_837' title='bbox 1712 3128 1858 3159; x_wconf 86' lang='lat' dir='ltr'><strong>STATU</strong></span> <span class='ocrx_word' id='word_1_838' title='bbox 1881 3125 2194 3158; x_wconf 85' lang='lat' dir='ltr'><strong>PERFECTIONIS</strong></span> 
     </span>
    </p>
   </div>
   <div class='ocr_carea' id='block_1_35' title="bbox 550 3205 2229 3247">
    <p class='ocr_par' dir='ltr' id='par_1_38' title="bbox 550 3205 2229 3247">
     <span class='ocr_line' id='line_1_93' title="bbox 550 3205 2229 3247; baseline -0.007 -6"><span class='ocrx_word' id='word_1_839' title='bbox 550 3215 648 3246; x_wconf 78' lang='lat' dir='ltr'><strong><em>Quodl.</em></strong></span> <span class='ocrx_word' id='word_1_840' title='bbox 666 3215 685 3247; x_wconf 91' lang='lat'><strong><em>1,</em></strong></span> <span class='ocrx_word' id='word_1_841' title='bbox 705 3222 749 3247; x_wconf 91' lang='lat' dir='ltr'><strong><em>qu.</em></strong></span> <span class='ocrx_word' id='word_1_842' title='bbox 766 3221 812 3243; x_wconf 81' lang='lat' dir='ltr'><strong><em>vn,</em></strong></span> <span class='ocrx_word' id='word_1_843' title='bbox 830 3218 879 3238; x_wconf 81' lang='lat' dir='ltr'><strong><em>art.</em></strong></span> <span class='ocrx_word' id='word_1_844' title='bbox 899 3219 923 3242; x_wconf 81' lang='lat'><strong><em>2,</em></strong></span> <span class='ocrx_word' id='word_1_845' title='bbox 941 3212 973 3236; x_wconf 88' lang='lat' dir='ltr'><strong><em>ad</em></strong></span> <span class='ocrx_word' id='word_1_846' title='bbox 994 3218 1024 3241; x_wconf 93' lang='lat'><strong><em>2;</em></strong></span> <span class='ocrx_word' id='word_1_847' title='bbox 1043 3211 1083 3242; x_wconf 87' lang='lat'><strong><em>111,</em></strong></span> <span class='ocrx_word' id='word_1_848' title='bbox 1102 3218 1147 3243; x_wconf 84' lang='lat' dir='ltr'><strong><em>qu.</em></strong></span> <span class='ocrx_word' id='word_1_849' title='bbox 1164 3217 1199 3239; x_wconf 78' lang='lat' dir='ltr'><strong><em>vx.</em></strong></span> <span class='ocrx_word' id='word_1_850' title='bbox 1218 3214 1265 3234; x_wconf 86' lang='lat' dir='ltr'><strong><em>art.</em></strong></span> <span class='ocrx_word' id='word_1_851' title='bbox 1287 3208 1317 3240; x_wconf 87' lang='lat'><strong><em>3;</em></strong></span> <span class='ocrx_word' id='word_1_852' title='bbox 1337 3208 1379 3234; x_wconf 91' lang='lat' dir='ltr'><strong><em>De</em></strong></span> <span class='ocrx_word' id='word_1_853' title='bbox 1398 3208 1471 3241; x_wconf 64' lang='lat' dir='ltr'><strong><em>Pers.</em></strong></span> <span class='ocrx_word' id='word_1_854' title='bbox 1495 3208 1571 3233; x_wconf 81' lang='lat' dir='ltr'><strong><em>Vitae</em></strong></span> <span class='ocrx_word' id='word_1_855' title='bbox 1593 3207 1675 3240; x_wconf 76' lang='lat' dir='ltr'><strong><em>Spir„</em></strong></span> <span class='ocrx_word' id='word_1_856' title='bbox 1696 3215 1752 3240; x_wconf 85' lang='lat' dir='ltr'><strong><em>cap.</em></strong></span> <span class='ocrx_word' id='word_1_857' title='bbox 1770 3214 1812 3232; x_wconf 83' lang='lat' dir='ltr'><strong><em>m</em></strong></span> <span class='ocrx_word' id='word_1_858' title='bbox 1831 3214 1891 3239; x_wconf 87' lang='lat' dir='ltr'><strong><em>sqq.</em></strong></span> <span class='ocrx_word' id='word_1_859' title='bbox 1898 3214 1905 3237; x_wconf 89' lang='lat'>;</span> <span class='ocrx_word' id='word_1_860' title='bbox 1926 3206 1956 3231; x_wconf 86' lang='lat' dir='ltr'><strong><em>In</em></strong></span> <span class='ocrx_word' id='word_1_861' title='bbox 1976 3205 2084 3235; x_wconf 66' lang='lat' dir='ltr'><strong><em>Matth„</em></strong></span> <span class='ocrx_word' id='word_1_862' title='bbox 2105 3212 2159 3237; x_wconf 86' lang='lat' dir='ltr'><strong><em>cap.</em></strong></span> <span class='ocrx_word' id='word_1_863' title='bbox 2178 3212 2229 3229; x_wconf 75' lang='lat' dir='ltr'><strong><em>xix.</em></strong></span> 
     </span>
    </p>
   </div>
   <div class='ocr_carea' id='block_1_36' title="bbox 331 3307 339 3324">
    <p class='ocr_par' dir='ltr' id='par_1_39' title="bbox 331 3307 339 3324">
     <span class='ocr_line' id='line_1_94' title="bbox 331 3307 339 3324; baseline 0 0"><span class='ocrx_word' id='word_1_864' title='bbox 331 3307 339 3324; x_wconf 46' lang='grc' dir='ltr'><strong>ὃ</strong></span> 
     </span>
    </p>
   </div>
   <div class='ocr_carea' id='block_1_37' title="bbox 330 3319 1363 3405">
    <p class='ocr_par' dir='ltr' id='par_1_40' title="bbox 330 3319 1363 3405">
     <span class='ocr_line' id='line_1_95' title="bbox 338 3319 374 3341; baseline 0 -10"><span class='ocrx_word' id='word_1_865' title='bbox 338 3319 374 3341; x_wconf 33' lang='grc' dir='ltr'><strong><em>«ἡ»</em></strong></span> 
     </span>
     <span class='ocr_line' id='line_1_96' title="bbox 330 3328 1363 3405; baseline -0.007 -19"><span class='ocrx_word' id='word_1_866' title='bbox 330 3328 383 3405; x_wconf 41' lang='lat' dir='ltr'><strong><em>&amp;J</em></strong></span> <span class='ocrx_word' id='word_1_867' title='bbox 428 3335 480 3405; x_wconf 51' lang='grc' dir='ltr'><strong><em>ῗμ</em></strong></span> <span class='ocrx_word' id='word_1_868' title='bbox 510 3359 646 3385; x_wconf 90' lang='lat' dir='ltr'><strong><em>omnes</em></strong></span> <span class='ocrx_word' id='word_1_869' title='bbox 669 3348 827 3396; x_wconf 91' lang='lat' dir='ltr'><strong><em>praelati</em></strong></span> <span class='ocrx_word' id='word_1_870' title='bbox 855 3344 1095 3384; x_wconf 87' lang='lat' dir='ltr'><strong><em>ecclesiastici</em></strong></span> <span class='ocrx_word' id='word_1_871' title='bbox 1116 3344 1189 3381; x_wconf 89' lang='lat' dir='ltr'><strong><em>sint</em></strong></span> <span class='ocrx_word' id='word_1_872' title='bbox 1207 3343 1245 3380; x_wconf 93' lang='lat' dir='ltr'><strong><em>in</em></strong></span> <span class='ocrx_word' id='word_1_873' title='bbox 1266 3350 1363 3380; x_wconf 89' lang='lat' dir='ltr'><strong><em>statu</em></strong></span> 
     </span>
    </p>
   </div>
   <div class='ocr_carea' id='block_1_38' title="bbox 315 3398 1363 3484">
    <p class='ocr_par' dir='ltr' id='par_1_41' title="bbox 315 3398 1363 3484">
     <span class='ocr_line' id='line_1_97' title="bbox 315 3398 1363 3480; baseline -0.007 -41"><span class='ocrx_word' id='word_1_874' title='bbox 315 3403 317 3407; x_wconf 88' lang='lat'>&#39;</span> <span class='ocrx_word' id='word_1_875' title='bbox 335 3442 338 3445; x_wconf 66' lang='grc'><strong>,</strong></span> <span class='ocrx_word' id='word_1_876' title='bbox 356 3414 444 3480; x_wconf 51' lang='grc' dir='ltr'><strong><em>ἐξ,</em></strong></span> <span class='ocrx_word' id='word_1_877' title='bbox 459 3404 480 3438; x_wconf 61' lang='lat'><strong>6</strong></span> <span class='ocrx_word' id='word_1_878' title='bbox 509 3401 764 3450; x_wconf 86' lang='lat' dir='ltr'><strong><em>perfectionis.</em></strong></span> <span class='ocrx_word' id='word_1_879' title='bbox 781 3401 882 3439; x_wconf 92' lang='lat' dir='ltr'><strong><em>Dicit</em></strong></span> <span class='ocrx_word' id='word_1_880' title='bbox 896 3399 1000 3437; x_wconf 92' lang='lat' dir='ltr'><strong><em>enim</em></strong></span> <span class='ocrx_word' id='word_1_881' title='bbox 1016 3398 1290 3446; x_wconf 80' lang='lat' dir='ltr'><strong><em>Hieronymus,</em></strong></span> <span class='ocrx_word' id='word_1_882' title='bbox 1305 3409 1363 3433; x_wconf 87' lang='lat' dir='ltr'><strong><em>su-</em></strong></span> 
     </span>
     <span class='ocr_line' id='line_1_98' title="bbox 356 3464 454 3484; baseline -0.031 1"><span class='ocrx_word' id='word_1_883' title='bbox 356 3468 367 3479; x_wconf 47' lang='lat'><em>*</em></span> <span class='ocrx_word' id='word_1_884' title='bbox 389 3476 392 3477; x_wconf 31' lang='grc' dir='ltr'><em>ν</em></span> <span class='ocrx_word' id='word_1_885' title='bbox 412 3476 419 3478; x_wconf 22' lang='grc' dir='ltr'>ἡ</span> <span class='ocrx_word' id='word_1_886' title='bbox 435 3464 454 3484; x_wconf 66' lang='lat'><strong><em>¹)</em></strong></span> 
     </span>
    </p>
   </div>
   <div class='ocr_carea' id='block_1_39' title="bbox 300 3296 449 3436">
    <p class='ocr_par' dir='ltr' id='par_1_42' title="bbox 300 3296 449 3436">
     <span class='ocr_line' id='line_1_99' title="bbox 300 3296 449 3436; baseline 0 0"><span class='ocrx_word' id='word_1_887' title='bbox 300 3296 449 3436; x_wconf 95' lang='lat' dir='ltr'><strong><em>  </em></strong></span> 
     </span>
    </p>
   </div>
   <div class='ocr_carea' id='block_1_40' title="bbox 383 3282 2487 3342">
    <p class='ocr_par' dir='ltr' id='par_1_43' title="bbox 383 3282 2487 3342">
     <span class='ocr_line' id='line_1_100' title="bbox 383 3282 2487 3342; baseline -0.008 -8"><span class='ocrx_word' id='word_1_888' title='bbox 383 3311 391 3334; x_wconf 67' lang='grc' dir='ltr'><em>ι</em></span> <span class='ocrx_word' id='word_1_889' title='bbox 413 3312 421 3326; x_wconf 55' lang='grc' dir='ltr'><strong>ν</strong></span> <span class='ocrx_word' id='word_1_890' title='bbox 436 3322 479 3342; x_wconf 50' lang='lat' dir='ltr'><strong><em>a«</em></strong></span> <span class='ocrx_word' id='word_1_891' title='bbox 507 3306 531 3332; x_wconf 80' lang='grc' dir='ltr'><strong><em>Ι)</em></strong></span> <span class='ocrx_word' id='word_1_892' title='bbox 559 3306 702 3332; x_wconf 72' lang='lat' dir='ltr'>SEXTUM</span> <span class='ocrx_word' id='word_1_893' title='bbox 727 3306 781 3332; x_wconf 76' lang='lat' dir='ltr'><strong><em>sm</em></strong></span> <span class='ocrx_word' id='word_1_894' title='bbox 808 3303 1048 3332; x_wconf 78' lang='lat' dir='ltr'><strong><em>PROCEDITUR.</em></strong></span> <span class='ocrx_word' id='word_1_895' title='bbox 1073 3289 1234 3328; x_wconf 89' lang='lat' dir='ltr'><strong><em>Videtur</em></strong></span> <span class='ocrx_word' id='word_1_896' title='bbox 1256 3289 1362 3338; x_wconf 91' lang='lat' dir='ltr'><strong><em>quod</em></strong></span> <span class='ocrx_word' id='word_1_897' title='bbox 1389 3287 1391 3313; x_wconf 82' lang='lat'><strong>¹</strong></span> <span class='ocrx_word' id='word_1_898' title='bbox 1411 3288 1628 3336; x_wconf 84' lang='lat' dir='ltr'><strong><em>presbyteri</em></strong></span> <span class='ocrx_word' id='word_1_899' title='bbox 1652 3287 1774 3324; x_wconf 88' lang='lat' dir='ltr'><strong><em>sciunt</em></strong></span> <span class='ocrx_word' id='word_1_900' title='bbox 1800 3298 1840 3323; x_wconf 91' lang='lat' dir='ltr'><strong><em>se</em></strong></span> <span class='ocrx_word' id='word_1_901' title='bbox 1857 3285 2049 3322; x_wconf 90' lang='lat' dir='ltr'><strong><em>Ecclesiae</em></strong></span> <span class='ocrx_word' id='word_1_902' title='bbox 2077 3283 2342 3321; x_wconf 89' lang='lat' dir='ltr'><strong><em>consuetudine</em></strong></span> <span class='ocrx_word' id='word_1_903' title='bbox 2368 3283 2405 3319; x_wconf 91' lang='lat' dir='ltr'><strong><em>ei</em></strong></span> <span class='ocrx_word' id='word_1_904' title='bbox 2421 3282 2487 3330; x_wconf 88' lang='lat' dir='ltr'><strong><em>qui</em></strong></span> 
     </span>
    </p>
   </div>
   <div class='ocr_carea' id='block_1_41' title="bbox 1416 3336 2487 3443">
    <p class='ocr_par' dir='ltr' id='par_1_44' title="bbox 1416 3336 2487 3443">
     <span class='ocr_line' id='line_1_101' title="bbox 1416 3336 2487 3394; baseline -0.007 -15"><span class='ocrx_word' id='word_1_905' title='bbox 1416 3342 1488 3379; x_wconf 85' lang='lat' dir='ltr'><strong><em>sibi</em></strong></span> <span class='ocrx_word' id='word_1_906' title='bbox 1507 3341 1746 3394; x_wconf 75' lang='lat' dir='ltr'><strong><em>praepositus</em></strong></span> <span class='ocrx_word' id='word_1_907' title='bbox 1761 3340 1897 3388; x_wconf 78' lang='lat' dir='ltr'><strong><em>fuerit,</em></strong></span> <span class='ocrx_word' id='word_1_908' title='bbox 1918 3350 1996 3375; x_wconf 87' lang='lat' dir='ltr'><strong><em>esse</em></strong></span> <span class='ocrx_word' id='word_1_909' title='bbox 2017 3338 2199 3374; x_wconf 88' lang='lat' dir='ltr'><strong><em>subiectos</em></strong></span> <span class='ocrx_word' id='word_1_910' title='bbox 2206 3350 2219 3381; x_wconf 91' lang='lat'><strong><em>,·</em></strong></span> <span class='ocrx_word' id='word_1_911' title='bbox 2247 3337 2298 3373; x_wconf 90' lang='lat' dir='ltr'><strong><em>ita</em></strong></span> <span class='ocrx_word' id='word_1_912' title='bbox 2323 3336 2487 3384; x_wconf 87' lang='lat' dir='ltr'><strong><em>episcopi</em></strong></span> 
     </span>
     <span class='ocr_line' id='line_1_102' title="bbox 1418 3390 2485 3443; baseline -0.007 -11"><span class='ocrx_word' id='word_1_913' title='bbox 1418 3395 1592 3432; x_wconf 78' lang='lat' dir='ltr'><strong><em>noverint</em></strong></span> <span class='ocrx_word' id='word_1_914' title='bbox 1616 3406 1656 3430; x_wconf 87' lang='lat' dir='ltr'><strong><em>se</em></strong></span> <span class='ocrx_word' id='word_1_915' title='bbox 1692 3393 1817 3443; x_wconf 84' lang='lat' dir='ltr'><strong><em>magis</em></strong></span> <span class='ocrx_word' id='word_1_916' title='bbox 1849 3392 2114 3429; x_wconf 87' lang='lat' dir='ltr'><strong><em>consuetudine</em></strong></span> <span class='ocrx_word' id='word_1_917' title='bbox 2150 3402 2265 3439; x_wconf 84' lang='lat' dir='ltr'><strong><em>quam</em></strong></span> <span class='ocrx_word' id='word_1_918' title='bbox 2298 3390 2485 3439; x_wconf 85' lang='lat' dir='ltr'><strong><em>dispensa-</em></strong></span> 
     </span>
    </p>
   </div>
   <div class='ocr_carea' id='block_1_42' title="bbox 470 3444 2486 3503">
    <p class='ocr_par' dir='ltr' id='par_1_45' title="bbox 470 3444 2486 3503">
     <span class='ocr_line' id='line_1_103' title="bbox 470 3444 2486 3503; baseline -0.007 -10"><span class='ocrx_word' id='word_1_919' title='bbox 470 3444 501 3486; x_wconf 38' lang='grc' dir='ltr'>Χ</span> <span class='ocrx_word' id='word_1_920' title='bbox 505 3466 579 3503; x_wconf 89' lang='lat' dir='ltr'><strong><em>per</em></strong></span> <span class='ocrx_word' id='word_1_921' title='bbox 604 3454 721 3502; x_wconf 86' lang='lat' dir='ltr'><strong><em>Epist.</em></strong></span> <span class='ocrx_word' id='word_1_922' title='bbox 741 3454 793 3491; x_wconf 86' lang='lat' dir='ltr'><strong><em>ad</em></strong></span> <span class='ocrx_word' id='word_1_923' title='bbox 814 3455 883 3491; x_wconf 91' lang='lat' dir='ltr'><strong><em>Tit.</em></strong></span> <span class='ocrx_word' id='word_1_924' title='bbox 903 3453 944 3491; x_wconf 72' lang='grc' dir='ltr'><strong><em>*ι</em></strong></span> <span class='ocrx_word' id='word_1_925' title='bbox 979 3453 1076 3490; x_wconf 91' lang='lat' dir='ltr'><strong><em>Olim</em></strong></span> <span class='ocrx_word' id='word_1_926' title='bbox 1096 3452 1193 3489; x_wconf 83' lang='lat' dir='ltr'><strong><em>idem</em></strong></span> <span class='ocrx_word' id='word_1_927' title='bbox 1207 3451 1364 3499; x_wconf 85' lang='lat' dir='ltr'><strong><em>presby·-</em></strong></span> <span class='ocrx_word' id='word_1_928' title='bbox 1418 3449 1528 3486; x_wconf 84' lang='lat' dir='ltr'><strong><em>tionis</em></strong></span> <span class='ocrx_word' id='word_1_929' title='bbox 1561 3447 1787 3486; x_wconf 89' lang='lat' dir='ltr'><strong><em>Dominicae</em></strong></span> <span class='ocrx_word' id='word_1_930' title='bbox 1817 3446 1973 3483; x_wconf 86' lang='lat' dir='ltr'><strong><em>veritate</em></strong></span> <span class='ocrx_word' id='word_1_931' title='bbox 1992 3450 2009 3466; x_wconf 79' lang='lat'><strong><em>‘²</em></strong></span> <span class='ocrx_word' id='word_1_932' title='bbox 2030 3444 2264 3493; x_wconf 83' lang='lat' dir='ltr'><strong><em>presbyteris</em></strong></span> <span class='ocrx_word' id='word_1_933' title='bbox 2297 3455 2376 3480; x_wconf 89' lang='lat' dir='ltr'><strong><em>esse</em></strong></span> <span class='ocrx_word' id='word_1_934' title='bbox 2407 3455 2486 3479; x_wconf 93' lang='lat' dir='ltr'><strong><em>ma-</em></strong></span> 
     </span>
    </p>
   </div>
   <div class='ocr_carea' id='block_1_43' title="bbox 296 3497 2483 3558">
    <p class='ocr_par' dir='ltr' id='par_1_46' title="bbox 296 3497 2483 3558">
     <span class='ocr_line' id='line_1_104' title="bbox 296 3497 2483 3558; baseline -0.006 -12"><span class='ocrx_word' id='word_1_935' title='bbox 296 3515 352 3547; x_wconf 88' lang='lat' dir='ltr'><strong><em>ter</em></strong></span> <span class='ocrx_word' id='word_1_936' title='bbox 380 3508 446 3558; x_wconf 87' lang='lat' dir='ltr'><strong><em>qui</em></strong></span> <span class='ocrx_word' id='word_1_937' title='bbox 471 3513 506 3544; x_wconf 92' lang='lat' dir='ltr'><strong><em>et</em></strong></span> <span class='ocrx_word' id='word_1_938' title='bbox 524 3507 733 3556; x_wconf 84' lang='lat' dir='ltr'><strong><em>episcopus:</em></strong></span> <span class='ocrx_word' id='word_1_939' title='bbox 763 3513 799 3544; x_wconf 91' lang='lat' dir='ltr'><strong><em>et</em></strong></span> <span class='ocrx_word' id='word_1_940' title='bbox 817 3513 952 3556; x_wconf 91' lang='lat' dir='ltr'><strong><em>postea</em></strong></span> <span class='ocrx_word' id='word_1_941' title='bbox 971 3506 1118 3544; x_wconf 90' lang='lat' dir='ltr'><strong><em>subdit:</em></strong></span> <span class='ocrx_word' id='word_1_942' title='bbox 1148 3505 1253 3542; x_wconf 88' lang='lat' dir='ltr'><strong><em>Sicut</em></strong></span> <span class='ocrx_word' id='word_1_943' title='bbox 1269 3515 1363 3554; x_wconf 83' lang='lat' dir='ltr'><strong><em>ergo</em></strong></span> <span class='ocrx_word' id='word_1_944' title='bbox 1419 3503 1529 3548; x_wconf 88' lang='lat' dir='ltr'><strong><em>iores,</em></strong></span> <span class='ocrx_word' id='word_1_945' title='bbox 1558 3507 1595 3538; x_wconf 87' lang='lat' dir='ltr'><strong><em>et</em></strong></span> <span class='ocrx_word' id='word_1_946' title='bbox 1626 3501 1664 3537; x_wconf 90' lang='lat' dir='ltr'><strong><em>in</em></strong></span> <span class='ocrx_word' id='word_1_947' title='bbox 1702 3499 1896 3537; x_wconf 90' lang='lat' dir='ltr'><strong><em>communi</em></strong></span> <span class='ocrx_word' id='word_1_948' title='bbox 1931 3499 2065 3536; x_wconf 83' lang='lat' dir='ltr'><strong><em>dehere</em></strong></span> <span class='ocrx_word' id='word_1_949' title='bbox 2100 3497 2309 3535; x_wconf 86' lang='lat' dir='ltr'><strong><em>Ecclesiam</em></strong></span> <span class='ocrx_word' id='word_1_950' title='bbox 2338 3507 2483 3546; x_wconf 85' lang='lat' dir='ltr'><strong><em>regere.</em></strong></span> 
     </span>
    </p>
   </div>
   <div class='ocr_carea' id='block_1_44' title="bbox 350 3626 1560 3665">
    <p class='ocr_par' dir='ltr' id='par_1_47' title="bbox 350 3626 1560 3665">
     <span class='ocr_line' id='line_1_105' title="bbox 350 3626 1560 3665; baseline -0.005 -8"><span class='ocrx_word' id='word_1_951' title='bbox 350 3632 378 3665; x_wconf 83' lang='grc' dir='ltr'><strong><em>α)</em></strong></span> <span class='ocrx_word' id='word_1_952' title='bbox 398 3630 606 3664; x_wconf 85' lang='lat' dir='ltr'><strong><em>dispensationis</em></strong></span> <span class='ocrx_word' id='word_1_953' title='bbox 624 3629 782 3655; x_wconf 83' lang='lat' dir='ltr'><strong><em>Dominicae</em></strong></span> <span class='ocrx_word' id='word_1_954' title='bbox 809 3628 931 3655; x_wconf 78' lang='lat' dir='ltr'><strong><em>veritate.</em></strong></span> <span class='ocrx_word' id='word_1_955' title='bbox 947 3642 967 3649; x_wconf 94' lang='lat'>-</span> <span class='ocrx_word' id='word_1_956' title='bbox 985 3629 1184 3662; x_wconf 77' lang='lat' dir='ltr'><strong><em>dispensatione</em></strong></span> <span class='ocrx_word' id='word_1_957' title='bbox 1204 3628 1362 3664; x_wconf 81' lang='lat' dir='ltr'><strong><em>Dominicae</em></strong></span> <span class='ocrx_word' id='word_1_958' title='bbox 1390 3626 1513 3652; x_wconf 78' lang='lat' dir='ltr'><strong><em>veritatis</em></strong></span> <span class='ocrx_word' id='word_1_959' title='bbox 1531 3626 1560 3651; x_wconf 90' lang='lat' dir='ltr'><strong><em>P.</em></strong></span> 
     </span>
    </p>
   </div>
   <div class='ocr_carea' id='block_1_45' title="bbox 440 3683 971 3711">
    <p class='ocr_par' dir='ltr' id='par_1_48' title="bbox 440 3683 971 3711">
     <span class='ocr_line' id='line_1_106' title="bbox 440 3683 971 3711; baseline -0.008 0"><span class='ocrx_word' id='word_1_960' title='bbox 440 3686 552 3711; x_wconf 58' lang='lat' dir='ltr'><strong><em>Summas</em></strong></span> <span class='ocrx_word' id='word_1_961' title='bbox 570 3684 673 3709; x_wconf 65' lang='lat' dir='ltr'><strong><em>Timon.</em></strong></span> <span class='ocrx_word' id='word_1_962' title='bbox 691 3684 723 3709; x_wconf 94' lang='lat' dir='ltr'><strong><em>D.</em></strong></span> <span class='ocrx_word' id='word_1_963' title='bbox 738 3683 854 3708; x_wconf 66' lang='lat' dir='ltr'><strong><em>&#39;raom</em></strong></span> <span class='ocrx_word' id='word_1_964' title='bbox 872 3683 904 3708; x_wconf 90' lang='lat' dir='ltr'><strong><em>T.</em></strong></span> <span class='ocrx_word' id='word_1_965' title='bbox 916 3683 971 3708; x_wconf 89' lang='lat' dir='ltr'><strong><em>Vll.</em></strong></span> 
     </span>
    </p>
   </div>
   <div class='ocr_carea' id='block_1_46' title="bbox 2307 3672 2339 3698">
    <p class='ocr_par' dir='ltr' id='par_1_49' title="bbox 2307 3672 2339 3698">
     <span class='ocr_line' id='line_1_107' title="bbox 2307 3672 2339 3698; baseline -0.031 0"><span class='ocrx_word' id='word_1_966' title='bbox 2307 3672 2339 3698; x_wconf 88' lang='lat'><strong><em>58</em></strong></span> 
     </span>
    </p>
   </div>
   <div class='ocr_carea' id='block_1_47' title="bbox 2498 600 2632 623">
    <p class='ocr_par' dir='ltr' id='par_1_50' title="bbox 2498 600 2632 623">
     <span class='ocr_line' id='line_1_108' title="bbox 2498 600 2632 623; baseline 0.007 -2"><span class='ocrx_word' id='word_1_967' title='bbox 2498 601 2507 610; x_wconf 80' lang='lat'>⁸</span> <span class='ocrx_word' id='word_1_968' title='bbox 2522 600 2587 623; x_wconf 74' lang='lat' dir='ltr'><strong><em>Vera.</em></strong></span> <span class='ocrx_word' id='word_1_969' title='bbox 2603 607 2632 622; x_wconf 85' lang='lat'><strong><em>12.</em></strong></span> 
     </span>
    </p>
   </div>
   <div class='ocr_carea' id='block_1_48' title="bbox 2499 709 2632 735">
    <p class='ocr_par' dir='ltr' id='par_1_51' title="bbox 2499 709 2632 735">
     <span class='ocr_line' id='line_1_109' title="bbox 2499 709 2632 735; baseline -0.015 -5"><span class='ocrx_word' id='word_1_970' title='bbox 2499 709 2508 718; x_wconf 78' lang='lat'>⁸</span> <span class='ocrx_word' id='word_1_971' title='bbox 2523 709 2589 730; x_wconf 74' lang='lat' dir='ltr'><strong><em>Vers.</em></strong></span> <span class='ocrx_word' id='word_1_972' title='bbox 2604 713 2632 735; x_wconf 85' lang='lat'><strong><em>¹5-</em></strong></span> 
     </span>
    </p>
   </div>
   <div class='ocr_carea' id='block_1_49' title="bbox 2501 1177 2612 1204">
    <p class='ocr_par' dir='ltr' id='par_1_52' title="bbox 2501 1177 2612 1204">
     <span class='ocr_line' id='line_1_110' title="bbox 2501 1177 2612 1204; baseline -0.018 -4"><span class='ocrx_word' id='word_1_973' title='bbox 2501 1177 2511 1189; x_wconf 74' lang='lat'><strong><em>⁴</em></strong></span> <span class='ocrx_word' id='word_1_974' title='bbox 2524 1178 2576 1199; x_wconf 83' lang='lat' dir='ltr'><strong><em>Art.</em></strong></span> <span class='ocrx_word' id='word_1_975' title='bbox 2589 1183 2612 1204; x_wconf 80' lang='lat'><strong><em>4.</em></strong></span> 
     </span>
    </p>
   </div>
  </div>
 </body>
</html>
