2768 4198
75 1356 83 1365 ⁸
97 1354 206 1377 Coactus.
223 1353 244 1375 6.

82 3578 294 3601 ’l’s.1.xxxix,vers.

84 3644 90 3650 ¹
107 3640 162 3668 Cap.
175 3645 224 3665 vin,
235 3645 293 3661 versi

320 298 391 334 160

314 376 405 406 nium
428 375 461 406 in
486 376 615 416 Septem
637 375 799 410 Psalmos,
823 374 873 403 vel
896 371 1016 412 aliquid
1039 370 1235 402 huiusmodi.
1268 369 1310 400 Et
1333 379 1382 400 ea-

314 421 388 451 dem
404 420 535 457 ratione,
559 427 695 461 possunt
715 419 894 459 dispensare
910 417 941 446 in
959 415 1109 456 qualitate
1126 414 1272 444 ciborum
1295 423 1383 454 prae-

315 464 368 495 lati
391 465 424 495 in
449 474 533 496 casu.

371 509 423 539 111.
448 509 483 539 In
507 508 621 539 eodem
640 506 782 542 articulo,
806 505 839 535 in
854 503 1063 543 responsione
1086 503 1126 532 ad
1149 502 1301 542 primum,
1327 501 1384 531 du-

75 557 287 605 :·D(⁶{0Tn{i'i1¹}“1“'iii
315 553 405 584 bium
429 553 565 583 occurrit
587 562 622 582 ex
640 550 787 586 Martino,
812 549 845 579 in
870 548 954 578 dicto
976 553 1108 577 tractatu
1126 546 1154 582 *,
1177 556 1232 587 qu.
1247 544 1326 575 1v**
1345 544 1383 575 de

214 598 219 603 ·
241 598 247 609 ,

313 597 448 634 ieiunio,
473 603 623 636 arguente
653 601 761 626 contra
791 594 868 623 haec
891 592 999 622 verba:
1024 591 1200 631 Praecepta
1223 590 1286 620 Dei
1307 594 1384 620 sunt

309 646 484 682 praecepta
509 641 590 671 iuris
613 639 785 675 naturalis,
810 646 893 677 quae
915 636 1091 667 secundum
1115 644 1151 666 se
1172 639 1249 666 sunt
1271 634 1312 664 de
1330 643 1383 664 ne-

315 687 460 717 cessitate
475 685 599 715 salutis.
621 683 754 714 Contra:
777 687 971 711 sacramenta
989 689 1092 710 novae
1107 679 1195 719 legis,
1212 688 1295 719 quae
1309 685 1384 708 sunt

315 729 525 765 necessitatis,
555 734 629 758 sunt
658 732 824 766 praecepta
848 725 918 756 Dei.
948 725 989 755 Et
1021 734 1087 754 non
1120 730 1194 754 sunt
1217 729 1383 764 praecepta

314 773 390 804 iuris
414 772 573 811 naturalis.
605 770 701 811 Ergo.
726 788 747 794 —
771 770 951 805 Praeterea,
976 768 1123 799 accedere
1151 768 1191 798 ad
1215 777 1307 798 suam
1338 773 1385 798 est

314 824 518 858 praeceptum
541 815 611 846 Dei.
641 815 682 845 Et
706 822 814 846 tamen
838 823 904 844 non
928 820 975 844 est
998 819 1205 854 praeceptum
1229 811 1306 842 iuris
1330 821 1384 841 na-

314 861 431 892 turalis.

369 905 419 935 Ad
432 905 494 935 hoc
507 903 621 934 dicitur
633 904 723 944 quod
733 909 900 943 praecepta
912 902 970 933 Dei
983 901 1016 932 in
1029 901 1177 932 hocloco
1186 900 1386 941 appellantur

313 959 378 980 non
403 958 627 990 quaecumque
650 954 818 988 praecepta
833 954 908 978 sunt
924 957 942 976 a
957 947 1028 978 Deo
1049 955 1258 987 quocumque
1273 945 1385 981 modo,

312 1001 390 1034 puta
413 1003 469 1034 per
492 992 736 1029 revelationem,
761 999 816 1023 aut
843 1001 900 1032 per
923 990 1067 1021 medium
1091 989 1257 1021 Christum
1281 989 1386 1020 horni-

313 1046 403 1068 nem:
429 1037 483 1068 sed
507 1037 615 1068 solum
638 1036 692 1068 illa
715 1046 797 1078 quae
821 1042 895 1066 sunt
918 1045 936 1065 a
960 1035 1030 1066 Deo
1053 1044 1110 1075 per
1134 1034 1275 1075 seipsum
1298 1044 1387 1075 prae-

313 1089 402 1122 cepta
426 1092 482 1123 per
505 1082 568 1113 hoc
591 1082 680 1123 quod
700 1088 775 1112 sunt
798 1081 836 1111 ab
853 1080 924 1121 ipso
940 1079 1040 1111 indita
1056 1078 1203 1110 rationali
1217 1086 1386 1115 creaturae,

313 1137 394 1167 quae
418 1133 505 1167 patet
528 1136 596 1157 esse
620 1133 787 1167 praecepta
809 1125 887 1156 iuris
911 1124 1072 1156 naturalis
1106 1123 1308 1155 Sacramenta
1332 1133 1386 1154 au-

314 1178 379 1202 tem
402 1171 562 1202 Ecclesiae
585 1180 653 1202 non
677 1178 751 1202 sunt
770 1171 832 1201 hoc
849 1170 949 1200 modo
966 1175 1133 1209 praecepta
1150 1168 1218 1199 Dei.
1243 1185 1264 1191 —
1289 1168 1388 1206 Quod

314 1223 422 1246 autem
445 1215 560 1247 dicitur
583 1216 622 1246 de
645 1225 773 1247 accessu
795 1215 837 1245 ad
860 1224 953 1245 suam
975 1213 1026 1244 vel
1049 1223 1115 1244 non
1139 1222 1247 1250 suam,
1272 1212 1387 1243 falsum

314 1268 361 1291 est
385 1270 451 1291 non
474 1270 542 1291 esse
565 1267 773 1302 praeceptum
796 1258 874 1290 iuris
898 1257 1058 1290 naturalis.

369 1305 423 1336 IV.
449 1305 484 1335 In
509 1304 623 1335 eodem
647 1303 781 1335 articulo
806 1310 931 1344 quarto,
947 1303 979 1333 in
996 1301 1205 1344 responsione
1221 1302 1261 1332 ad
1277 1311 1388 1333 secun-

314 1349 402 1384 dum,
418 1349 553 1380 dubium
568 1358 606 1379 ex
619 1348 768 1385 Martino,
783 1347 936 1385 ibidem*,
953 1346 1100 1383 occurrit,
1113 1346 1203 1388 quod
1226 1346 1306 1378 ratio
1322 1349 1388 1377 Au-

315 1394 409 1424 ctoris
432 1394 473 1424 ad
497 1394 695 1424 excusandos
719 1402 837 1434 pueros
853 1402 919 1423 non
937 1391 1100 1423 concludit
1116 1391 1333 1422 universaliter
1349 1391 1388 1422 de

315 1438 468 1469 omnibus
487 1438 647 1469 Ecclesiae
661 1437 798 1474 ieiuniis,
821 1437 877 1468 sed
900 1437 940 1468 de
963 1435 1228 1478 quadragesimali
1252 1442 1388 1467 tantum.

314 1483 429 1524 Arguit
452 1483 539 1513 enim
563 1482 617 1514 sic.
641 1482 828 1514 Secundum
850 1481 943 1518 istos,
967 1482 1092 1512 bonum
1116 1488 1163 1511 est
1185 1481 1275 1521 quod
1298 1480 1388 1521 pueri

315 1526 484 1558 assuefiant
507 1527 547 1558 ad
571 1526 707 1564 ieiunia,
731 1526 904 1558 ieiunando
928 1525 976 1556 bis
1005 1532 1061 1556 aut
1083 1532 1130 1556 ter
1158 1524 1191 1555 in
1215 1525 1388 1566 quadrage-

315 1572 404 1602 sima.
435 1572 520 1612 Ergo
544 1571 577 1602 in
601 1578 650 1603 tot
673 1570 858 1612 septimanis
882 1577 928 1602 ter
951 1569 1091 1600 ieiunare
1122 1579 1188 1600 non
1213 1576 1260 1601 est
1283 1570 1388 1610 pueris

316 1616 487 1647 nocivum:
513 1626 588 1647 nam
611 1616 638 1646 si
661 1622 800 1652 noceret,
824 1625 891 1646 non
916 1621 997 1646 esset
1019 1615 1155 1645 bonum.
1185 1613 1246 1644 Sed
1270 1613 1388 1645 ieiunia

315 1661 464 1698 Quatuor
487 1661 691 1701 Temporurn
714 1667 745 1691 et
769 1659 930 1690 maiorum
953 1658 1193 1689 solemnitatum
1224 1669 1291 1689 non
1314 1665 1389 1690 sunt

316 1706 472 1736 crebriora
496 1715 595 1746 quam
618 1705 757 1736 ieiunare
781 1711 828 1735 ter
850 1704 883 1735 in
901 1703 1151 1744 quadragesima.
1175 1703 1262 1743 Ergo
1279 1713 1316 1734 ex
1331 1703 1389 1735 ista

315 1750 437 1781 ratione
462 1759 528 1780 non
553 1747 749 1780 excusantur
765 1748 855 1789 pueri
880 1758 898 1778 a
922 1747 1048 1778 ieiuniis
1073 1747 1221 1784 Quatuor
1244 1747 1388 1788 Tempo-

314 1804 385 1825 rum
411 1801 441 1825 et
464 1794 625 1824 maiorum
650 1793 900 1824 solemnitatum.

370 1838 420 1869 Ad
444 1838 506 1868 hoc
530 1838 644 1868 dicitur
674 1838 764 1878 quod
791 1836 871 1867 ratio
894 1835 1015 1867 litterae
1043 1834 1207 1866 concludit
1230 1835 1389 1866 universa-

314 1882 384 1913 liter
406 1882 630 1923 impotentiam
654 1890 830 1922 puerorum
854 1880 894 1911 ad
915 1890 981 1911 non
997 1879 1208 1910 ieiunandum
1224 1879 1386 1912 absolute:

314 1934 344 1957 et
368 1937 435 1957 non
458 1936 517 1967 pro
541 1933 590 1958 tot
613 1926 664 1957 vel
686 1933 735 1957 tot
758 1925 882 1956 diebus.
906 1925 973 1956 Nec
994 1925 1099 1955 obstat
1122 1924 1211 1965 quod
1235 1924 1390 1955 subdatur

314 1972 438 2002 bonum
462 1981 529 2002 esse
553 1970 713 2002 assuefieri
737 1971 777 2001 ad
800 1969 934 2001 ieiunia:
959 1969 1036 2010 quia
1059 1969 1122 2000 hoc
1145 1978 1212 2000 non
1232 1976 1279 2000 est
1301 1979 1389 2000 exce-

314 2016 432 2056 ptionis
462 2022 517 2046 aut
544 2015 681 2052 vinculi,
707 2015 762 2046 sed
793 2013 927 2045 consilii.
962 2014 1046 2045 Nam
1070 2013 1151 2044 sicut
1174 2020 1306 2054 possent
1329 2024 1388 2054 pro

314 2060 427 2091 maiori
447 2060 642 2098 necessitate,
667 2070 733 2090 non
749 2060 895 2091 obstante
919 2059 1038 2089 damno
1055 2057 1176 2100 aliquo,
1193 2058 1389 2100 quandoque

314 2105 385 2146 cogi
408 2105 448 2136 ad
471 2105 589 2136 ieiunia
612 2105 713 2145 pueri,
739 2111 775 2135 ut
798 2104 830 2135 in
850 2103 952 2134 littera
975 2103 1104 2139 dicitur;
1136 2102 1180 2134 ita
1208 2110 1315 2144 potest
1345 2103 1388 2134 eis

314 2149 483 2181 consilium
511 2149 578 2180 dari
611 2149 700 2191 quod
731 2148 863 2189 aliquod
895 2148 1092 2190 quandoque
1116 2147 1273 2178 damnum
1297 2146 1388 2179 susti·

313 2201 409 2225 neant
432 2203 469 2224 ex
492 2193 622 2230 ieiunio,
647 2203 714 2224 non
731 2194 877 2224 obstante
896 2192 1039 2223 libertate
1056 2201 1170 2223 eorum
1194 2198 1324 2233 propter
1338 2202 1389 2223 ae-

314 2238 385 2270 tatis
409 2237 643 2279 impotentiam.
674 2237 745 2268 Hac
775 2247 851 2278 ergo
881 2236 1003 2268 ratione
1034 2243 1109 2267 sunt
1136 2236 1228 2277 pueri
1252 2237 1389 2268 absoluti

315 2282 499 2324 simpliciter
515 2282 554 2313 ab
571 2282 661 2313 omni
677 2281 836 2313 Ecclesiae
851 2281 989 2312 ieiunio:
1014 2281 1162 2322 quamvis
1178 2282 1258 2312 bene
1275 2280 1390 2312 faciant

315 2327 339 2358 si
363 2327 559 2368 quandoque
583 2326 724 2358 ieiunent
746 2333 801 2357 aut
816 2325 1002 2357 abstineant.
1027 2325 1121 2356 Ratio
1138 2325 1297 2367 siquidem
1314 2335 1388 2357 con-

315 2371 414 2403 cludit
437 2371 613 2402 libertatem
635 2379 827 2412 puerorum:
855 2370 1026 2401 consilium
1049 2376 1156 2401 autem
1171 2369 1265 2401 infert
1281 2379 1390 2412 super-

315 2415 533 2456 erogationem
557 2416 745 2447 eorundem.

372 2461 410 2491 V.
435 2461 470 2491 In
494 2460 607 2491 eadem
631 2459 839 2501 responsione
872 2459 1008 2490 dubium
1037 2465 1084 2489 est
1111 2459 1151 2490 de
1180 2459 1326 2496 senibus,
1358 2459 1390 2490 in

316 2505 433 2546 quibus
464 2512 510 2535 est
540 2505 668 2535 evidens
696 2504 792 2536 etiam
822 2503 989 2534 necessitas
1018 2513 1055 2534 ex
1079 2503 1182 2544 prima
1205 2503 1327 2535 ratione
1358 2503 1391 2534 in

316 2550 417 2580 littera
441 2549 551 2585 allata,
576 2549 694 2580 scilicet
712 2553 848 2590 propter
869 2548 1061 2579 debilitatem
1087 2553 1237 2586 naturae,
1263 2557 1305 2579 ex
1326 2558 1391 2589 qua

311 2595 462 2634 provenit
484 2594 569 2634 quod
592 2599 688 2635 egent
709 2593 881 2635 frequenti
903 2593 988 2629 cibo,
1013 2598 1044 2623 et
1074 2602 1137 2623 non
1169 2593 1271 2623 multo
1294 2593 1392 2624 simul

316 2643 490 2678 assumpte.

372 2682 514 2713 Dubium
540 2692 672 2723 quoque
697 2681 834 2712 occurrit
865 2682 904 2712 de
928 2680 1114 2715 mulieribus
1144 2680 1392 2722 praegnantibus

317 2734 347 2757 et
370 2727 568 2763 lactantibus,
593 2726 626 2757 in
650 2726 767 2767 quibus
787 2726 911 2757 videtur
926 2725 1054 2756 evidens
1070 2726 1237 2757 necessitas
1262 2733 1392 2767 propter

317 2771 491 2802 secundam
519 2771 675 2802 rationem
700 2771 835 2806 litterae,
861 2771 936 2811 quia
966 2770 1083 2801 scilicet
1114 2770 1261 2812 indigent
1292 2771 1392 2802 multo

318 2817 525 2853 nutrimento,
550 2822 681 2855 propter
704 2815 893 2846 alimentum
918 2815 1001 2846 fetus
1025 2825 1081 2845 seu
1106 2814 1215 2855 prolis,
1240 2815 1329 2856 quod
1355 2825 1391 2846 ex

318 2861 482 2901 superfluo
506 2859 627 2900 proprii
651 2859 793 2891 alimenti
817 2858 861 2890 fit.

374 2905 425 2935 Ad
452 2904 613 2945 primum,
638 2905 676 2935 de
711 2903 856 2940 senibus,
880 2904 995 2935 dicitur
1021 2903 1113 2945 quod
1142 2903 1218 2944 quia
1248 2911 1392 2935 senectus

318 2959 384 2980 non
409 2956 456 2980 est
478 2949 639 2980 evidenter
655 2948 806 2980 omnibus
822 2958 897 2987 una,
914 2948 996 2980 sicut
1011 2955 1096 2980 aetas
1113 2947 1286 2988 augmenti,
1311 2958 1392 2990 quo-

318 2994 404 3024 niam
428 3000 513 3024 aetas
536 2993 699 3034 augmenti
723 2992 951 3024 determinatur
975 2993 1013 3024 ab
1035 2999 1120 3031 ortu,
1140 2993 1196 3034 qui
1216 3000 1319 3024 certus
1336 3000 1392 3030 est,

318 3045 402 3069 aetas
426 3047 502 3069 vero
525 3037 695 3069 senectutis
724 3047 742 3068 a
766 3038 900 3068 naturali
924 3047 1060 3074 occasu,
1084 3037 1140 3078 qui
1167 3037 1306 3069 incertus
1329 3045 1391 3074 est;

319 3090 392 3114 sunt
415 3082 501 3113 enim
521 3082 654 3123 quidam
677 3081 868 3122 sexagenarii
890 3081 934 3112 ita
956 3081 1053 3113 fortes
1077 3081 1159 3112 sicut
1182 3081 1234 3112 alii
1257 3082 1391 3123 quadra—

318 3127 455 3167 genarii,
488 3134 518 3158 et
547 3136 633 3158 unus
659 3126 758 3158 altero
790 3126 884 3158 habet
911 3126 1015 3158 multo
1043 3126 1150 3167 plures
1173 3126 1393 3158 circulationes

319 3172 476 3208 caelestes,
500 3178 632 3213 propter
652 3171 743 3213 quod
766 3170 922 3211 contingit
945 3170 1026 3202 forte
1045 3170 1186 3212 aliquem
1200 3181 1268 3202 esse
1283 3180 1393 3202 senem

318 3215 350 3246 in
376 3215 547 3256 trigesimo,
572 3216 712 3257 aliquem
736 3215 769 3246 in
793 3215 1047 3257 quadragesimo,
1072 3215 1123 3246 vel
1145 3214 1256 3256 aliquo
1279 3215 1391 3247 huius-

319 3260 408 3290 modi
433 3269 539 3291 anno:
567 3260 640 3292 ideo
668 3269 734 3292 non
758 3260 1004 3292 determinatum
1029 3266 1075 3292 est
1103 3267 1230 3300 tempus
1261 3260 1392 3301 quando

322 3304 467 3334 homines
491 3311 622 3345 propter
646 3311 842 3336 senectutem
865 3311 1055 3336 excusantur
1070 3314 1089 3335 a
1103 3303 1236 3336 ieiunio.
1261 3304 1392 3336 Forma-

321 3347 390 3379 liter
414 3355 520 3380 tamen
543 3349 720 3390 loquendo,
744 3349 1018 3390 quandocumque
1041 3348 1114 3390 quis
1137 3355 1184 3380 est
1199 3357 1272 3380 vere
1287 3359 1392 3386 senex,

322 3401 387 3422 non
412 3399 536 3424 tenetur
559 3394 599 3423 ad
622 3393 740 3425 ieiunia
763 3393 933 3425 Ecclesiae.
957 3394 999 3425 Et
1022 3393 1102 3424 ratio
1118 3400 1165 3424 est
1187 3393 1264 3434 quia
1279 3401 1393 3425 natura

323 3443 368 3467 est
392 3436 472 3466 adeo
496 3437 607 3468 debilis
629 3438 663 3468 in
687 3447 760 3469 sene
792 3445 827 3469 ut
851 3448 918 3469 non
942 3437 1044 3478 possit
1067 3438 1207 3469 multum
1230 3437 1327 3469 simul
1352 3437 1393 3469 ci-

322 3481 401 3511 bum
424 3479 579 3520 digerere:
604 3488 634 3512 et
657 3489 824 3521 propterea
847 3489 940 3522 egent
963 3482 1120 3523 frequenti
1145 3481 1297 3514 alimento
1321 3491 1393 3513 mo-

323 3524 405 3560 dico,
423 3524 503 3556 sicut
518 3524 646 3557 infirmi.
671 3525 897 3557 Communiter
913 3533 1020 3558 autem
1036 3526 1161 3558 videtur
1177 3526 1239 3557 hoc
1253 3525 1394 3557 accidere

323 3578 408 3599 anno
432 3568 627 3609 sexagesimo
650 3570 774 3600 aetatis:
804 3579 878 3600 curn
903 3570 1056 3611 scriptum
1080 3570 1119 3601 sit
1135 3570 1165 3600 ¹'':
1189 3570 1269 3602 Dies
1290 3579 1392 3600 antw-

323 3622 396 3644 rum
431 3618 614 3644 nostrorum
644 3614 850 3654 septuaginta
875 3616 970 3651 anni,
997 3621 1027 3646 et
1055 3614 1140 3655 quod
1163 3614 1331 3645 veterascit
1362 3618 1394 3644 et

962 292 1230 339 QUAESTIO
1262 290 1453 338 CXLvn,
1482 291 1781 329 ARTlCULUS
1811 291 1863 327 ιν

1438 379 1514 409 ergo
1539 370 1760 411 sexagenarius
1783 370 1997 402 communiter
2020 380 2121 411 prope
2145 370 2322 402 naturalem
2337 369 2511 406 interitum,

1438 423 1475 444 ac
1498 423 1554 454 per
1577 414 1638 445 hoc
1661 425 1765 446 senex.
1791 415 1893 452 Unde,
1919 415 1978 446 uisi
2002 415 2163 446 evidenter
2179 421 2302 446 constet
2325 414 2415 455 quod
2438 424 2513 454 pos-

1438 464 1514 488 sunt
1537 458 1724 489 alimentum
1749 469 1808 500 pro
1832 459 1952 490 ieiunio
1977 466 2200 500 opportunum
2219 459 2358 499 digerere
2383 465 2414 488 et
2435 458 2513 489 tole-

1438 511 1515 538 rare,
1540 512 1607 532 non
1632 503 1748 533 debent
1772 503 1880 534 conari
1903 503 1944 534 ad
1967 503 2134 541 ieiunium,
2159 504 2213 534 sed
2238 501 2390 534 debilitati
2414 512 2512 544 quarn

1439 545 1580 576 sentiunt
1610 547 1776 577 subvenire
1807 546 1964 589 frequenti
1997 548 2085 581 bono
2115 555 2146 579 et
2172 548 2303 578 modico
2338 547 2512 578 alimento:

1439 589 1595 630 quoniam
1618 597 1764 621 senectus
1787 593 1920 623 morbus
1944 599 1991 623 est
2013 592 2204 624 incurabilis.

1494 634 1545 664 Ad
1568 634 1757 671 secundum,
1782 635 1821 666 de
1845 636 2092 676 praegnantibus
2116 643 2147 668 et
2169 636 2374 673 lactantibus,
2400 635 2514 667 dicitur

1439 678 1545 718 quod,
1570 677 1631 708 nisi
1655 678 1719 709 sint
1740 679 1889 710 mulieres
1919 681 1999 712 adeo
2022 682 2172 712 robustae
2200 688 2330 712 naturae
2361 688 2397 712 ut
2420 680 2513 711 unica

1439 722 1637 753 comestione
1669 723 1795 762 possint
1826 730 1953 755 tantum
1984 724 2125 756 alimenti
2155 735 2281 756 sumere
2312 732 2342 757 et
2374 725 2514 766 digerere

1439 767 1529 807 quod
1552 773 1599 797 sat
1623 766 1662 797 sit
1693 776 1751 807 pro
1776 777 1809 797 se
1839 774 1870 798 et
1892 767 1959 798 fetu
1987 778 2044 799 seu
2070 770 2180 809 prole,
2204 780 2272 801 non
2301 777 2448 801 tenentur
2475 770 2513 800 ad

1439 810 1612 841 ieiunium:
1633 811 1736 841 immo
1752 819 1919 852 peccarent
1933 811 2118 850 ieiunando,
2135 821 2266 855 propter
2279 821 2514 846 nocumentum

1439 855 1549 896 prolis.
1583 854 1810 886 Communiter
1837 863 1947 887 autem
1970 856 2118 887 mulieres
2141 867 2208 888 non
2231 865 2307 890 sunt
2329 865 2396 890 tam
2418 859 2515 890 robu-

1440 907 1506 930 stae
1525 906 1666 931 naturae.
1690 901 1824 941 Propter
1838 901 1928 941 quod
1951 901 2211 933 concludendum
2228 909 2274 934 est
2296 904 2386 944 quod
2401 913 2515 934 secun-

1441 944 1520 975 dum
1543 944 1658 985 legem,
1682 954 1765 986 quae
1780 943 1816 976 fit
1833 952 1868 976 ut
1882 945 1916 976 in
1933 945 2088 986 pluribus,
2105 946 2318 986 appellatione
2333 948 2515 989 potentium

1440 988 1580 1020 ieiunare
1612 998 1679 1020 non
1701 989 1836 1020 veniunt
1862 989 2012 1021 mulieres
2042 997 2250 1030 praegnantes
2278 998 2334 1023 aut
2353 992 2514 1024 lactantes·

1442 1033 1483 1064 Et
1506 1032 1550 1064 sic
1565 1034 1625 1064 sub
1640 1033 1710 1074 lege
1726 1034 1790 1070 illa,
1811 1033 1931 1065 Omnes
1945 1039 2094 1075 potentes
2110 1035 2258 1066 ieiunare
2273 1035 2426 1075 ieiune-nt,
2444 1043 2515 1076 etc.,

1442 1087 1509 1108 non
1532 1077 1859 1119 comprehenduntur.

1498 1122 1552 1153 vl.
1577 1122 1613 1153 In
1637 1123 1754 1153 eodem
1776 1123 1910 1154 articulo
1925 1122 1954 1160 ¹²,
1978 1122 2059 1154 circa
2074 1123 2247 1164 operarios,
2272 1124 2398 1156 adverte
2416 1126 2516 1167 quod,

1442 1176 1518 1198 cum
1542 1167 1581 1197 ab
1594 1169 1737 1198 Auctore
1751 1167 1769 1187 *
1793 1175 1823 1199 et
1846 1167 1916 1199 aliis
1939 1167 2031 1198 audis
2059 1168 2149 1209 quod
2172 1175 2305 1208 peccant
2328 1169 2385 1211 qui
2401 1169 2518 1202 nolunt

1443 1211 1621 1242 conducere
1645 1211 1808 1252 operarios
1838 1212 1899 1244 nisi
1922 1222 1998 1244 cum
2021 1219 2116 1254 pacto
2147 1214 2238 1254 quod
2265 1223 2332 1244 non
2355 1213 2516 1246 ieiunent:

1441 1255 1638 1296 intelligitur,
1662 1255 1688 1287 si
1712 1256 1830 1287 nolunt
1853 1267 1909 1288 eos
1925 1257 2104 1288 conducere
2127 1258 2223 1289 etiam
2238 1257 2422 1290 modificata
2435 1268 2518 1290 mer-

1443 1300 1519 1331 cede
1547 1301 1634 1331 iuxta
1664 1300 1939 1332 modificationem
1962 1301 2084 1343 operis3
2111 1302 2162 1332 vel
2189 1312 2265 1333 cum
2288 1302 2413 1345 aequali
2437 1313 2519 1334 mer-

1443 1345 1528 1382 cede,
1554 1351 1655 1376 stante
1678 1345 1831 1387 qualitate
1855 1346 1961 1387 operis
1980 1346 2065 1378 soliti
2089 1353 2235 1387 tempore
2250 1356 2316 1378 non
2333 1347 2453 1379 ieiunii.
2477 1347 2520 1379 Et

1443 1399 1510 1420 non
1533 1389 1728 1430 intelligitur.
1753 1390 1779 1421 si
1802 1391 1921 1422 nolunt
1943 1390 2088 1422 minuere
2111 1392 2292 1422 mercedem
2314 1391 2402 1424 iuxta
2425 1391 2519 1423 dimi-

1443 1434 1612 1465 nutionem
1636 1434 1757 1475 operis:
1782 1445 1858 1467 nam
1881 1435 2060 1467 conductor
2075 1435 2296 1476 operariorum
2311 1446 2379 1468 non
2395 1443 2520 1469 tenetur

1444 1478 1590 1519 operario
1614 1479 1687 1520 plus
1710 1479 1896 1520 promittere
1919 1487 1974 1511 aut
1998 1480 2071 1512 dare
2100 1490 2201 1522 quam
2223 1491 2308 1522 opus
2331 1491 2428 1513 suum
2450 1491 2518 1515 me-

1443 1530 1558 1554 reatur.
1582 1523 1624 1554 Et
1645 1531 1814 1565 propterea
1838 1524 1863 1555 si
1887 1525 2060 1565 operarius,
2085 1525 2141 1566 qui
2165 1524 2223 1557 scit
2245 1535 2280 1556 se
2302 1526 2401 1558 teneri
2417 1526 2459 1558 ad
2475 1526 2519 1559 ie-

1415 1600 1417 1611 ·
1443 1567 1580 1605 iunium,
1605 1568 1660 1609 qui
1685 1568 1780 1599 habet
1802 1569 1930 1600 aliunde
1954 1570 2040 1600 unde
2064 1569 2158 1607 vivat,
2175 1576 2206 1601 et
2221 1569 2291 1602 vult
2306 1570 2452 1602 minuere
2473 1570 2519 1602 la·
2556 1595 2559 1597 >

1443 1613 1574 1643 borem:
1598 1630 1620 1636 -
1644 1612 1737 1645 debet
1761 1613 1856 1644 etiarn
1879 1613 2023 1645 minuere
2047 1614 2243 1652 mercedem;
2269 1614 2416 1657 alioquin
2439 1615 2519 1656 ipse,

1444 1666 1511 1687 non
1535 1657 1721 1695 conductor,
1746 1665 1900 1698 peccaret.
1924 1658 1959 1688 ln
1983 1659 2089 1699 primo
2117 1665 2226 1690 autem
2241 1669 2316 1691 casu
2341 1660 2521 1692 conductor

1443 1709 1602 1743 peccaret:
1635 1712 1695 1742 pro
1719 1709 1840 1743 quanto
1873 1702 2036 1734 deterioris
2060 1702 2254 1735 conditionis
2281 1704 2321 1735 ab
2345 1714 2384 1735 eo
2408 1705 2520 1736 redde·-

1444 1753 1552 1776 rentur
1574 1746 1751 1778 ieiunantes
1774 1747 1860 1778 iuxta
1883 1747 2044 1779 Ecclesiae
2071 1755 2279 1789 praeceptum
2294 1758 2394 1790 quam
2409 1748 2520 1781 inobe-

1444 1789 1575 1827 dientes,
1600 1798 1631 1821 et
1654 1791 1698 1822 sic
1717 1791 1805 1822 daret
1819 1791 2023 1823 occasionem
2046 1793 2208 1832 peccandi.
2233 1793 2266 1825 Si
2290 1799 2397 1824 tamen
2414 1803 2520 1826 neces-

1444 1834 1518 1865 sitas
1543 1834 1648 1875 operis
1672 1834 1909 1866 festinationem
1932 1835 2045 1877 exigat,
2069 1842 2176 1877 potest
2199 1844 2266 1868 tute
2288 1836 2405 1869 dicere:
2430 1837 2520 1869 Inve-

1445 1877 1512 1908 nias
1536 1878 1636 1909 alium
1659 1879 1900 1916 conductorem,
1915 1886 1974 1911 etc.
2000 1879 2036 1910 ln
2059 1880 2201 1912 secundo
2223 1891 2300 1912 vero
2325 1891 2399 1913 casu
2419 1883 2520 1914 mani-

1445 1922 1523 1954 feste
1553 1930 1662 1963 peccat
1685 1924 1880 1960 conductor,
1904 1923 2058 1955 inducens
2082 1924 2275 1966 obligatum,
2300 1932 2466 1967 potentem
2488 1933 2522 1959 et

1444 1967 1607 1998 volentem
1629 1967 1780 2005 ieiunare,
1804 1969 1845 1999 ad
1867 1975 2046 2009 peccatum.

1501 2011 1569 2043 VII.
1595 2011 1742 2044 Occurrit
1771 2013 1833 2044 hoc
1859 2013 1892 2044 in
1922 2013 1997 2045 loco
2021 2013 2159 2045 dubium
2187 2014 2227 2045 de
2249 2013 2458 2047 invitantibus
2475 2015 2521 2050 ed

1445 2056 1693 2094 comedendum,
1718 2067 1754 2088 ac
1778 2057 2030 2090 ministrantibus
2054 2058 2296 2091 comedentibus
2318 2058 2353 2091 in
2376 2058 2428 2091 die
2441 2058 2522 2093 ieiu-

1446 2100 1500 2138 nii,
1525 2101 1580 2132 ubi
1603 2101 1820 2133 communiter
1842 2102 1979 2134 creditur
2001 2109 2056 2134 aut
2072 2102 2170 2134 scitur
2192 2103 2282 2146 quod
2305 2103 2422 2135 nolunt
2443 2103 2522 2136 ieiu-

1445 2155 1531 2177 nare.
1557 2145 1598 2177 Et
1621 2154 1667 2178 est
1691 2146 1771 2178 ratio
1795 2146 1882 2178 dubii
1906 2147 1982 2188 quia
2005 2147 2080 2179 hinc
2103 2154 2235 2189 apparet
2257 2149 2347 2190 quod
2371 2155 2519 2190 peccent:

1446 2189 1522 2232 quia
1545 2198 1760 2231 cooperantur
1782 2191 1822 2222 ad
1845 2191 2043 2223 solutionem
2067 2191 2176 2223 ieiunii
2199 2193 2320 2235 absque
2343 2192 2523 2227 rationaffli

1446 2244 1551 2266 causa.
1575 2252 1596 2258 -
1621 2235 1698 2267 Inde
1720 2242 1830 2267 autem
1852 2242 1984 2277 apparet
2006 2237 2095 2278 quod
2111 2246 2179 2268 non
2193 2244 2336 2278 peccent.
2360 2237 2447 2276 Quia
2462 2247 2522 2270 nec

1447 2289 1484 2310 ex
1506 2279 1685 2320 proposito,
1705 2290 1764 2311 nec
1779 2290 1816 2311 ex
1831 2280 2008 2312 intentione
2031 2281 2168 2313 tendunt
2189 2281 2358 2314 invitantes
2380 2289 2438 2315 aut
2459 2283 2522 2316 mi·

1447 2323 1614 2355 nistrantes
1637 2324 1676 2355 ad
1700 2324 1763 2356 hoc
1787 2331 1823 2356 ut
1846 2325 1988 2358 solvatur
2010 2325 2178 2358 ieiunium.
2203 2326 2335 2359 Peccata
2354 2334 2462 2360 autem
2485 2337 2524 2360 ex

1446 2367 1623 2399 intentione
1646 2368 1827 2401 iudicantur
1850 2376 1880 2400 et
1904 2368 2133 2410 specificantur.

1504 2412 1555 2443 Ad
1579 2412 1640 2444 hoc
1665 2413 1778 2445 dicitur
1807 2413 1898 2455 quod
1921 2414 1972 2445 hic
1996 2424 2062 2445 non
2086 2413 2219 2446 vertitur
2240 2415 2272 2446 in
2296 2415 2520 2457 quaestionem

1447 2467 1487 2488 an
1511 2464 1643 2498 peccent
1665 2457 1710 2488 illi
1734 2458 1790 2499 qui
1814 2458 1930 2490 directe
1953 2458 1993 2490 ad
2009 2459 2200 2490 solvendum
2215 2459 2374 2492 ieiunium
2388 2460 2523 2492 invitant

1447 2508 1502 2533 aut
1518 2501 1706 2534 ministrant.
1727 2502 1813 2541 Quia
1828 2502 1946 2534 horum
1962 2510 2130 2544 peccatum
2146 2510 2193 2535 est
2207 2503 2424 2542 manifestum,
2442 2505 2524 2537 sicut

1447 2546 1651 2578 invitantium
1681 2554 1737 2578 aut
1760 2547 2003 2588 cooperantium
2027 2548 2067 2578 ad
2091 2547 2213 2579 furtum
2244 2555 2275 2580 et
2297 2549 2359 2580 alia
2382 2549 2476 2582 mala.
2500 2566 2522 2574 —

1447 2592 1514 2623 Nec
1538 2592 1633 2622 etiam
1657 2598 1703 2623 est
1730 2591 1876 2633 quaestio
1900 2602 1939 2623 an
1964 2600 2096 2633 peccent
2118 2592 2163 2624 illi
2186 2593 2260 2634 qui,
2284 2600 2523 2634 praesumentes

1447 2636 1623 2678 quemlibet
1646 2636 1756 2668 salutis
1780 2646 1855 2668 suae
1879 2647 2069 2674 memorem,
2094 2644 2124 2668 et
2147 2637 2321 2669 nescientes
2344 2637 2523 2679 potentiam

1448 2681 1498 2712 vel
1513 2680 1737 2722 impotentiam
1761 2681 1987 2723 privilegiaque
2002 2680 2186 2719 hominum,
2201 2681 2339 2723 simplici
2362 2683 2458 2715 corde
2473 2683 2520 2714 in-

1447 2725 1547 2757 vitant
1563 2725 1603 2756 ad
1620 2725 1856 2756 comedendum
1873 2736 1932 2767 pro
1949 2726 2125 2757 urbanitate
2140 2732 2195 2758 aut
2210 2726 2435 2768 hospitalitate,
2452 2734 2522 2765 etc„

1447 2771 1498 2801 vel
1521 2770 1702 2810 petentibus
1726 2769 1813 2802 cibos
1835 2770 2024 2802 ministrant.
2057 2770 2222 2808 Quoniam
2246 2771 2364 2802 horum
2394 2781 2524 2803 excusa-

1448 2814 1494 2846 tio
1518 2821 1565 2846 est
1592 2813 1776 2851 manifesta,
1802 2825 1838 2846 ex
1861 2825 1901 2846 eo
1925 2815 2015 2856 quod
2039 2825 2105 2846 non
2130 2821 2278 2847 tenentur
2307 2816 2438 2847 scrutari
2462 2826 2519 2857 po·

1448 2859 1580 2891 tentiam
1609 2866 1665 2891 aut
1693 2859 1921 2891 conscientiam
1944 2859 2092 2902 proximi.
2117 2876 2139 2883 -
2162 2859 2225 2891 Sed
2247 2860 2393 2902 quaestio
2417 2867 2463 2892 est
2482 2860 2523 2892 de

1449 2903 1701 2935 ministrantibus
1732 2910 1787 2935 aut
1814 2904 2021 2936 invitantibus
2044 2904 2084 2935 ad
2108 2904 2345 2936 comedendum
2373 2911 2521 2946 potentes

1448 2955 1479 2980 et
1502 2948 1647 2980 nolentes
1670 2947 1820 2986 ieiunare,
1844 2949 1964 2990 absque
1981 2948 2158 2990 privilegio,
2176 2955 2212 2980 ut
2226 2949 2442 2980 communiter
2457 2959 2522 2981 cre-

1449 2993 1542 3024 ditur.
1574 2993 1614 3024 Et
1638 3000 1684 3024 est
1707 3002 1813 3024 sermo
1837 2993 1875 3024 de
1900 2993 2098 3024 comestione
2121 3002 2220 3034 quae,
2245 2993 2271 3024 si
2293 2991 2362 3030 fiat,
2387 2993 2523 3027 solveret

1448 3037 1621 3069 ieiunium:
1647 3044 1725 3077 puta
1749 3038 1788 3068 de
1807 3047 1885 3069 cena
1908 3045 1983 3079 post
2005 3043 2173 3078 sumptum
2195 3037 2379 3078 prandium,
2394 3038 2446 3069 vel
2469 3047 2522 3069 co-

1449 3082 1606 3113 mestione
1629 3091 1759 3113 summo
1783 3092 1888 3119 mane,
1912 3089 1944 3114 et
1966 3081 2164 3114 huiusmodi.

1504 3127 1545 3159 Et
1574 3126 1615 3157 ad
1641 3126 1704 3158 hoc
1728 3126 1844 3159 dicitur
1873 3127 1964 3168 quod
1990 3126 2203 3158 ministrantes
2226 3125 2315 3157 cibos
2337 3126 2406 3158 istis
2429 3136 2523 3158 exen-

1448 3178 1557 3203 santur
1585 3181 1603 3201 a
1626 3178 1774 3212 peccato:
1807 3171 1966 3213 quoniam
1990 3180 2060 3202 non
2090 3177 2305 3210 cooperantur
2332 3171 2523 3202 comestioni

1448 3222 1606 3257 quatenus
1629 3222 1676 3247 est
1698 3215 1836 3248 solutiva
1858 3214 1979 3252 ieiunii.
2003 3221 2039 3246 ut
2061 3213 2206 3255 procedit
2224 3224 2242 3245 a
2257 3215 2341 3246 mala
2356 3215 2522 3247 voluntate

1449 3270 1515 3292 non
1538 3259 1724 3296 ieiunantis;
1755 3259 1812 3291 sed
1834 3265 2048 3301 cooperantur
2071 3258 2262 3290 comestioni
2293 3266 2452 3300 quatenus
2475 3265 2523 3291 est

1448 3311 1537 3336 actus
1571 3304 1748 3336 deserviens
1776 3303 1944 3335 nutritivae
1967 3308 1998 3334 et
2021 3303 2244 3335 sustentationi
2276 3310 2417 3335 naturae.
2449 3303 2523 3335 Haec

1448 3349 1534 3381 enim
1556 3347 1680 3380 licitum
1703 3357 1770 3380 esse
1794 3358 1831 3379 en
1854 3357 1894 3379 eo
1918 3354 2042 3379 constat
2065 3348 2155 3389 quod
2178 3348 2266 3379 Deus
2282 3349 2350 3389 ipse
2370 3356 2523 3389 coopera-

1447 3401 1499 3425 tur
1521 3393 1568 3424 iui
1591 3392 1782 3424 comestioni
1804 3398 1962 3433 quatenus
1986 3392 2080 3423 servit
2098 3399 2240 3424 naturae.
2261 3392 2399 3424 Ministri
2414 3399 2522 3425 autem

1448 3437 1604 3473 ciborum,
1629 3443 1665 3468 ut
1687 3436 1741 3473 sic,
1765 3436 1910 3467 absolute
1933 3436 2110 3478 loquend0,
2134 3436 2219 3468 actui
2244 3437 2435 3468 comedendi
2457 3446 2520 3468 ser-

1447 3481 1538 3512 viunt
1561 3487 1597 3511 ut
1620 3487 1666 3511 est
1689 3486 1776 3511 actus
1801 3480 1950 3517 hominis,
1977 3491 2041 3511 non
2067 3480 2144 3512 vitii.
2170 3481 2211 3512 Et
2234 3481 2318 3518 ideo,
2332 3488 2375 3512 =ut
2398 3480 2521 3513 dietum

1447 3532 1504 3562 est,
1528 3531 1727 3556 excusantur.

1504 3568 1673 3600 invitantes
1701 3575 1809 3600 autem
1839 3569 1878 3600 ad
1908 3569 2146 3601 comedendum
2173 3576 2230 3601 aut
2253 3569 2386 3601 credunt
2407 3568 2521 3600 invita·

1419 3641 1421 3658 ς
1447 3612 1569 3645 tionem
1593 3623 1684 3644 suam
1708 3613 1775 3644 sore
1800 3613 2001 3645 occasionem
2025 3612 2089 3646 illis
2113 3613 2289 3655 exequendi
2311 3613 2520 3644 violationem

323 3658 467 3694 senescit,
480 3667 584 3697 prope
601 3658 763 3688 interitum
781 3663 837 3694 est,
860 3665 893 3687 ut
914 3658 1027 3688 dicitur
1043 3658 1087 3688 ad
1105 3658 1274 3688 Hebraeos
1285 3657 1311 3687 *.
1338 3657 1393 3687 Est
1419 3659 1421 3684 ι’

1447 3657 1565 3693 ieiunii,
1591 3667 1689 3698 quam
1714 3668 1779 3688 non
1797 3666 2026 3699 exequerentur
2046 3658 2128 3689 forte
2144 3658 2202 3689 nisi
2218 3657 2350 3694 invitati,
2374 3656 2520 3698 quamvis

2544 1128 2554 1137 ”
2567 1127 2593 1149 ln
2601 1131 2663 1154 resp.
2671 1125 2700 1148 ad
2710 1131 2730 1154 3.

2544 1169 2555 1179 ·
2567 1167 2602 1190 1v
2616 1166 2691 1194 Sene„
2703 1165 2757 1188 aiat.

2575 1210 2582 1222 ,
2618 1199 2642 1216 u.
2661 1199 2698 1220 ιιι,
2714 1196 2757 1215 art.

2545 1227 2566 1248 2.
2579 1227 2612 1249 au
2642 1226 2667 1248 4,
2684 1219 2713 1242 nd
2727 1226 2747 1248 ³-
