2768 4198
62 677 73 687 ’
86 675 156 698 Num.

975 289 1243 335 QUAESTIO
1273 288 1412 336 CLXI,
1442 289 1740 326 ARTICULUS
1768 289 1818 326 VI

303 368 442 409 magistri
466 367 660 398 novitiorum
684 367 723 397 ab
746 366 795 397 his
819 376 901 406 quae
934 373 1018 397 extra
1042 373 1116 397 sunt
1144 366 1290 397 cohibere
1313 377 1370 397 no-

301 413 396 443 vitios
419 412 535 442 docent
557 411 588 441 in
610 410 782 451 principio:
809 410 923 441 deinde
939 411 979 440 ad
998 410 1225 451 perfectionem
1239 418 1370 442 actuum

302 456 489 487 interiorum
507 455 661 496 paulatim
678 455 722 485 sic
737 454 875 494 religiosi
890 455 1117 495 perducuntur.
1143 455 1280 486 Intendit
1295 466 1369 496 ergo

301 503 423 532 Auctor
438 500 526 541 quod
551 500 631 530 ordo
655 499 788 530 humani
811 499 907 530 studii
928 505 974 529 est
997 506 1032 530 ut
1055 500 1087 530 in
1103 500 1260 540 principio
1283 500 1368 540 prin—

301 544 410 585 cipalis
434 549 566 574 conatus
589 543 629 574 sit
652 543 692 574 ad
708 543 875 574 exteriores
891 550 979 573 actus
996 543 1191 575 cohibendos
1210 554 1266 584 per
1281 551 1369 575 actus

299 588 463 620 interiores
481 588 586 618 bonos
605 597 643 618 ex
661 587 723 618 hoc
739 587 810 628 ipso
830 589 918 629 quod
938 587 1107 619 intendunt
1126 596 1157 619 et
1176 588 1296 628 eligunt
1315 598 1368 619 co-

300 633 490 663 hibitionem
505 631 692 662 huiusmodi
709 638 840 662 actuum
857 631 1057 668 exteriorum,
1081 639 1117 663 ut
1140 632 1296 673 perfectus
1316 632 1370 663 fiat

300 677 334 708 in
348 677 398 707 via
420 676 582 707 virtutum.
608 676 648 706 Et
671 686 727 716 per
749 676 811 707 hoc
834 683 919 717 patet
942 676 1061 707 solutio
1084 677 1211 717 primi*
1233 676 1368 707 omnino

300 720 504 762 pervertentis
529 730 659 751 sensum
681 720 812 752 litterae.

354 765 406 796 Ad
425 765 603 796 secundum
618 775 693 795 vero
718 765 831 796 dicitur
854 766 944 806 quod
966 772 1054 796 actus
1070 765 1115 795 illi
1129 765 1292 796 interiores
1309 765 1367 795 im-

299 816 444 850 perantes
468 809 678 840 cohibitiones
701 809 912 846 exteriorum,
937 810 1013 840 boni
1043 809 1174 850 quidem
1198 816 1288 845 sunt,
1313 810 1368 840 sed

299 863 366 884 non
390 860 518 894 oportet
540 853 628 894 quod
653 853 715 884 sint
737 853 940 890 humilitatis,
965 853 1024 884 nisi
1048 853 1242 894 dispositive.
1276 854 1367 891 Quo-

298 898 386 928 niam
407 898 541 928 aliarum
556 898 712 928 virtutum
730 905 805 928 sunt
821 904 908 929 actus
927 898 1048 938 proprii
1065 897 1115 928 isti
1131 898 1187 939 qui
1203 906 1368 937 ponuntur

298 942 332 973 in
354 942 503 983 gradibus
526 942 646 982 primis,
671 949 707 973 ut
730 949 816 983 patet
839 943 878 973 de
893 942 1086 973 cohibitione
1109 942 1246 982 linguae,
1271 949 1302 973 et
1320 942 1367 972 in-

299 992 389 1028 eptae
411 987 556 1024 laetitiae,
574 993 649 1017 etc.:
674 987 728 1017 sed
749 987 831 1017 inter
845 987 961 1028 gradus
976 986 1163 1017 humilitatis
1178 993 1366 1026 computan-

299 1037 360 1068 tur,
384 1031 460 1072 quia
483 1031 522 1061 ad
545 1031 634 1062 illam
657 1031 842 1071 disponunt,
866 1040 1098 1071 ascensumque
1121 1030 1250 1061 faciunt.

354 1075 394 1106 V.
418 1076 468 1106 Ad
488 1075 630 1116 primum
644 1082 751 1106 autem
768 1081 875 1106 contra
892 1075 1132 1115 extirpationem
1147 1074 1258 1105 radicis
1278 1081 1367 1114 post-

299 1119 438 1160 positam
452 1120 479 1157 *‚
503 1119 618 1151 dicitur
632 1119 731 1160 quod,
756 1119 836 1150 sicut
859 1118 979 1149 semina
999 1119 1153 1149 virtutum
1177 1119 1286 1149 insunt
1307 1118 1366 1148 ho-

299 1164 378 1194 mini
401 1164 593 1200 naturaliter,
616 1164 660 1194 ita
683 1163 787 1194 fomes
810 1163 929 1203 peccati
952 1162 1034 1193 inest
1055 1162 1180 1192 homini
1200 1172 1236 1192 ex
1255 1168 1367 1192 natura

266 1227 273 1238 ‚
298 1208 405 1248 lapsa:
428 1209 531 1248 proni
553 1208 639 1238 enim
661 1213 738 1238 sunt
759 1217 873 1238 sensus
894 1207 1032 1237 hominis
1055 1207 1099 1236 ad
1121 1207 1242 1236 malum
1257 1206 1284 1236 *.
1315 1205 1366 1236 Ad

298 1252 446 1283 fomitem
469 1259 577 1283 autem
605 1251 723 1292 peccati
747 1258 867 1291 spectat
889 1251 976 1282 radix
999 1250 1183 1291 superbiae,
1208 1249 1366 1290 appetitus

297 1296 445 1337 propriae
467 1295 678 1332 excellentiae,
702 1305 800 1336 quem
823 1295 999 1325 maximum
1014 1295 1046 1325 in
1064 1294 1157 1324 nobis
1173 1293 1366 1334 experimur:

240 1348 246 1350 ’
284 1338 379 1370 ‘adeo
394 1346 431 1371 ut
446 1340 542 1371 etiam
556 1346 628 1370 ante
643 1346 789 1370 naturam
805 1339 938 1380 lapsam,
954 1339 1039 1369 Evae
1053 1338 1175 1369 dictum
1191 1338 1248 1369 sit:
1265 1338 1368 1368 Eritis

265 1406 272 1417 ‚
297 1385 381 1415 sicut
402 1383 458 1422 dii,
476 1390 534 1415 etc.
550 1383 568 1403 ¹⁸¹
591 1383 700 1424 Itaque
716 1383 834 1420 nullus,
851 1383 883 1413 in
903 1383 1023 1424 primis,
1040 1381 1223 1413 naturaliter
1242 1389 1288 1413 est
1311 1381 1366 1422 qui

297 1437 364 1458 non
381 1435 470 1468 egeat
492 1427 699 1468 extirpatione
722 1427 834 1458 radicis
857 1427 953 1458 huius
975 1434 1042 1458 tam
1062 1426 1216 1457 fecundae
1239 1433 1270 1457 et
1293 1436 1366 1466 pro-

297 1471 426 1504 fundae.
448 1490 470 1496 -
493 1472 626 1509 Deinde,
650 1472 828 1503 secundum
850 1471 883 1501 id
905 1471 995 1512 quod
1018 1471 1051 1501 in
1075 1470 1220 1511 pluribus
1243 1470 1366 1509 accidit,

2415 291 2490 339 309

1426 367 1567 398 doctrina
1592 368 1720 398 moralis
1745 367 1810 398 dari
1834 368 1926 398 debet
1937 367 1963 398 *.
1989 367 2123 398 Constat
2146 373 2253 398 autem
2276 368 2374 408 quod,
2401 374 2435 398 ut
2458 368 2491 398 in

1424 411 1579 451 pluribus,
1604 411 1810 452 extirpatione
1833 411 1944 442 radicis
1968 422 2051 451 opus
2075 418 2139 442 est:
2165 421 2277 442 omnes
2294 411 2378 441 enim
2395 422 2490 452 appe-

1424 455 1482 486 titu
1507 455 1640 488 alicuius
1664 456 1863 486 excellentiae
1887 455 2050 486 trahimur.

1479 500 1530 530 Ad
1554 500 1731 531 secundum
1754 500 1867 531 dicitur
1889 500 1979 541 quod
2002 499 2119 530 falsum
2143 506 2189 530 est
2211 500 2244 530 in
2268 500 2378 540 primis
2402 501 2491 541 quod

1424 554 1491 574 non
1514 550 1562 574 est
1583 543 1746 575 humilitas
1771 544 1830 574 nisi
1853 544 1893 575 sit
1908 544 2058 584 extirpata
2072 544 2159 574 radix
2175 544 2349 584 superbiae.
2374 545 2424 574 Ad
2440 554 2491 575 ex-

1424 588 1603 628 tirpandam
1619 588 1704 618 enim
1720 589 1858 619 radicem
1875 589 2039 629 superbiae
2062 589 2181 619 multae
2205 588 2406 629 perfectionis
2430 588 2490 619 hu-

1424 632 1555 663 militate
1586 641 1668 672 opus
1698 640 1752 665 est.
1781 650 1800 655 -
1824 633 1954 663 Falsum
1982 639 2029 663 est
2059 633 2172 663 deinde
2203 633 2292 674 quod
2322 632 2356 663 in
2385 633 2490 673 primo

1422 677 1521 716 gradu
1546 683 1692 715 oporteat
1715 677 1822 707 adesse
1846 677 2059 708 humilitatem
2082 676 2249 713 internam,
2274 676 2334 707 nisi
2358 676 2491 717 disposi-

1423 721 1502 751 tive:
1533 730 1616 761 quae
1640 721 1805 752 manifeste
1829 728 1888 752 stat
1912 731 1986 752 cum
2008 721 2130 752 interna
2154 721 2256 752 radice
2280 722 2491 761 postmodum

1424 765 1616 805 extirpanda.
1637 784 1658 789 —
1680 766 1810 796 Falsum
1826 766 1957 796 demum
1973 772 2019 796 est
2038 766 2127 806 quod
2145 765 2179 795 in
2197 765 2259 795 illis
2275 765 2376 796 verbis
2396 765 2491 806 primi

1421 809 1537 850 gradus
1561 817 1704 842 sumatur
1728 809 1889 840 humilitas
1913 819 1971 850 pro
1988 809 2110 840 interna
2126 809 2256 840 virtute:
2281 810 2335 840 sed
2358 819 2418 850 pro
2437 810 2490 841 de-

1423 855 1565 886 iectione.
1590 855 1688 892 Quod
1712 861 1799 894 patet
1822 863 1858 884 ex
1877 853 1939 884 hoc
1962 854 2051 894 quod
2073 853 2106 883 in
2125 853 2230 894 primo
2245 854 2344 894 gradu
2363 853 2491 885 iubetur

1422 898 1562 929 ostensio
1593 898 1798 929 humilitatis:
1833 904 1955 928 certum
1987 904 2034 928 est
2063 904 2172 928 autem
2201 898 2291 938 quod
2321 898 2354 928 in
2384 898 2489 938 primo

1420 943 1520 982 gradu
1544 953 1610 973 non
1633 942 1824 983 praecipitur
1846 942 1918 982 quis
1941 942 2141 973 manifestare
2163 941 2326 978 virtutem,
2351 952 2426 973 cum
2449 943 2490 973 ad

1421 986 1635 1017 humilitatem
1658 985 1827 1026 praecipue
1846 993 1964 1026 spectet
1980 986 2147 1021 occultare,
2164 996 2230 1016 non
2247 987 2411 1017 ostendere
2427 987 2489 1017 vir-

1421 1037 1520 1066 tutes;
1551 1031 1612 1061 hoc
1637 1030 1722 1060 enim
1746 1030 1846 1069 magis
1870 1030 1909 1060 ad
1931 1030 2113 1060 iactantiam
2136 1031 2298 1070 quandam
2327 1031 2490 1062 induceret

1421 1084 1520 1115 quam
1550 1075 1590 1104 ad
1620 1074 1845 1104 humilitatem.
1878 1073 1939 1104 Sed
1962 1073 2095 1104 intentio
2123 1074 2216 1114 primi
2240 1075 2355 1114 gradus
2380 1082 2426 1106 est
2454 1082 2490 1106 ut

1421 1119 1522 1148 homo
1546 1128 1583 1148 ex
1606 1118 1711 1153 corde,
1735 1127 1802 1147 non
1825 1116 1906 1154 ficte,
1931 1118 2076 1148 ostendat
2099 1119 2276 1148 secundum
2300 1128 2431 1159 corpus,
2458 1126 2488 1150 et

1421 1162 1597 1202 specialiter
1619 1162 1798 1192 secundum
1821 1161 2012 1192 defixionem
2036 1162 2206 1192 oculorum
2229 1162 2262 1192 in
2285 1169 2410 1200 terram,
2429 1163 2488 1194 hu—

1421 1206 1598 1242 militatem,
1614 1205 1676 1236 hoc
1700 1213 1746 1236 est
1769 1205 1994 1242 deiectionem;
2019 1213 2064 1242 ut,
2084 1206 2266 1237 inchoando
2288 1207 2327 1237 ab
2344 1207 2489 1238 exteriori

1421 1250 1594 1281 deiectione
1613 1250 1801 1286 voluntaria,
1819 1250 1859 1279 ad
1878 1250 2033 1280 internam
2051 1250 2201 1281 virtutem
2220 1260 2302 1291 quae
2317 1251 2403 1282 intus
2422 1251 2488 1282 ani-

1421 1293 1466 1324 mi
1489 1301 1598 1324 motus
1622 1293 1736 1330 deiicit,
1761 1304 1843 1335 quae
1866 1294 2028 1324 humilitas
2051 1301 2192 1330 vocatur,
2217 1295 2372 1326 ascendat.
2398 1296 2488 1333 Quo-

1421 1338 1511 1374 circa,
1535 1337 1608 1369 licet
1623 1338 1655 1368 in
1672 1338 1730 1368 hac
1745 1337 1895 1368 exteriore
1914 1338 2090 1369 deiectione
2108 1338 2286 1369 voluntaria
2304 1339 2489 1370 interveniat

1420 1381 1551 1413 interior
1573 1381 1684 1412 electio
1701 1382 1786 1412 bona
1809 1382 1982 1422 disponens
1998 1383 2036 1412 ad
2052 1382 2275 1419 humilitatem,
2296 1393 2361 1413 non
2382 1390 2488 1414 tamen

1420 1425 1456 1457 fit
1477 1426 1665 1457 huiusmodi
1689 1426 1822 1457 exterior
1846 1426 1978 1457 deiectio
2011 1427 2051 1456 ad
2074 1427 2307 1457 ostendendum
2331 1427 2418 1458 illam
2441 1428 2488 1458 in-

1420 1477 1543 1502 ternam
1566 1470 1796 1501 humilitatem:
1821 1471 1876 1501 sed
1899 1471 1938 1500 ad
1961 1471 2186 1511 acquirendam
2207 1471 2305 1502 illam.

2519 375 2528 384 ·
2542 374 2640 396 Ari-tot.
2652 374 2729 397 Ethic.

2518 400 2557 422 lib.
2568 401 2586 429 1,
2599 407 2626 423 ea
2645 418 2650 422 .
2661 407 2696 427 111,
2707 408 2730 423 n.

2517 434 2540 453 4.
2558 439 2569 444 -
2586 428 2610 450 S.
2658 444 2663 449 .
2678 429 2730 450 lect.

2518 459 2552 475 ιιι.
