2768 4198
34 1681 41 1688 ·
57 1679 104 1726 Οἶιὲ.
121 1684 190 1705 xxxv,
202 1682 243 1700 art.

31 1711 56 1734 3;
122 1705 181 1731 11⁸⁸,
206 1711 243 1733 qu.

32 1738 104 1757 Lxxn,
120 1735 161 1753 art.
176 1738 195 1759 5.

34 1945 43 1953 ⁴
58 1943 83 1964 ln
98 1942 204 1970 Append.
216 1942 245 1964 ad

274 279 345 316 168

269 359 372 390 euntis
391 359 541 396 hominis,
558 360 598 389 ad
614 358 778 389 homicidii
795 358 932 398 speciem
948 357 1124 393 reducitur;
1150 363 1180 387 et
1203 356 1335 387 ebrietas
1361 355 1363 388 !

269 414 305 434 ex
329 403 505 443 ignorantia
528 403 687 444 potentiae
711 403 785 438 vini,
810 402 849 431 ad
873 401 1028 432 ebrietatis
1049 401 1187 440 speciem
1206 407 1335 440 spectat.
1361 390 1363 419 Ι

268 448 422 478 Excessus
446 458 520 488 ergo
544 448 575 477 in
597 447 794 478 comedendo
816 455 853 476 ex
875 444 1031 485 imperitia
1054 445 1094 474 ad
1116 444 1236 484 gulam,
1254 454 1336 485 quae

269 492 349 522 circa
373 502 535 522 excessum
558 492 591 521 in
605 491 803 521 comedendo
819 496 968 525 versatur,
987 495 1116 529 spectat.
1141 488 1244 519 Cuius
1260 498 1334 519 con·
1361 488 1363 538 j

268 536 400 566 trarium
420 536 455 566 in
477 535 578 566 littera
602 534 723 565 dicitur.
1362 544 1363 566 l

326 580 362 610 11.
387 580 438 610 Ad
461 580 522 610 hoc
546 578 658 609 dicitur
688 577 777 618 quod
802 586 946 607 excessus
970 576 1002 606 in
1026 575 1150 606 edendo
1175 586 1212 606 ex
1235 575 1335 616 impe-
1361 567 1364 606 l

270 623 338 654 ritia
369 623 522 663 contingit
555 622 729 662 dupliciter.
766 621 972 661 Quandoque
1000 619 1086 650 enim
1117 620 1272 660 contingit
1300 630 1337 650 ex
1362 632 1364 649 ι

268 667 426 707 imperitia
450 666 609 706 culpabili,
634 665 750 696 scilicet
773 665 840 695 eius
860 665 950 705 quod
974 663 1051 694 scire
1076 664 1184 695 debet:
1210 671 1288 704 puta
1311 664 1336 694 si
1362 657 1364 679 ¹

269 710 423 747 infirmus,
448 717 561 751 potens
577 720 609 740 se
626 709 782 740 custodire
800 719 817 738 a
834 709 964 745 nocivis,
989 707 1064 749 quia
1085 715 1130 739 est
1154 708 1249 745 dives,
1266 715 1336 745 etc.‚

270 765 335 785 non
359 761 447 785 curat
469 754 546 784 scire
570 753 646 794 quid
672 753 729 783 sibi
755 760 876 789 noceat,
902 760 932 784 et
955 753 999 782 sic
1023 762 1060 782 ex
1079 752 1237 793 imperitia
1257 760 1338 784 errat
1363 748 1365 784 l

269 799 302 828 in
326 798 533 829 comedendo.
566 798 606 828 Et
630 797 673 827 sic
697 798 844 827 excedere
867 797 900 827 in
923 796 1074 838 qualitate
1098 804 1154 828 aut
1180 797 1338 838 quantita·

269 849 309 878 te,
326 850 395 878 etc.,
420 852 483 871 non
510 851 546 872 ex
570 841 825 882 concupiscentia
849 842 903 871 sed
925 852 962 872 ex
981 841 1147 880 imperitia,
1164 848 1210 872 est
1229 851 1337 882 pecca·
1363 840 1365 865 ἱ

269 893 338 916 tum
370 886 471 926 gulae,
490 895 556 916 non
587 885 770 922 formaliter,
788 886 842 916 sed
858 884 1069 917 materialiter.
1093 904 1114 909 -
1131 885 1338 926 Quandoque

269 937 376 960 autem
400 930 555 970 contingit
578 940 614 960 ex
637 930 795 970 imperitia
810 929 1012 970 inculpabili:
1037 938 1116 971 puta
1138 930 1214 971 quia
1236 930 1336 961 homo
1364 931 1365 963 Ξ

269 984 363 1004 sanus
386 973 525 1005 comedit
548 981 709 1011 consueta,
730 981 762 1005 et
780 975 877 1005 credit
894 984 958 1005 non
976 983 1043 1005 esse
1059 975 1117 1005 sibi
1134 974 1230 1005 nimis
1248 975 1337 1015 quod
1364 977 1365 1013 ᾖ

914 278 1182 325 QUAESTIO
1213 278 1421 326 CXLVIII,
1450 280 1749 318 ARTICULUS
1780 281 1810 317 11

1390 358 1539 394 comedit,
1564 365 1619 389 aut
1642 369 1707 389 non
1723 368 1790 389 esse
1807 358 1970 389 nocivum.
1995 358 2036 389 Et
2052 358 2095 388 sic
2111 356 2298 388 huiusmodi
2314 365 2459 386 excessus

1390 411 1457 431 non
1485 409 1532 432 est
1555 409 1738 442 peccatum:
1764 409 1794 434 et
1818 410 1985 443 propterea
2009 402 2128 433 nullius
2151 401 2218 432 vitii
2243 407 2330 431 actus
2354 406 2410 430 est.
2437 417 2457 422 -

1390 444 1477 476 Cum
1500 445 1596 485 igitur
1618 446 1651 476 in
1675 446 1777 477 littera
1801 446 1914 478 dicitur
1937 447 2025 488 quod
2048 447 2107 477 hoc
2129 446 2232 477 solum
2252 445 2394 485 pertinet
2417 443 2460 474 ad

1389 489 1516 529 gulam,
1533 489 1618 531 quod
1633 490 1761 531 aliquis,
1772 496 1908 532 propter
1924 492 2213 533 concupiscentiam
2234 489 2295 520 cibi
2322 488 2459 519 delecta-

1390 533 1472 571 bilis,
1497 534 1636 564 scienter
1657 534 1791 567 excedat
1814 544 2001 567 mensuram
2026 537 2058 566 in
2075 535 2210 571 edendo,
2234 534 2274 564 de
2297 533 2372 574 gula
2396 531 2458 562 for-

1391 575 1514 607 maliter
1539 576 1687 616 intellige.
1721 578 1822 617 Nam,
1850 586 1886 610 ut
1913 579 2034 610 dictum
2062 586 2125 615 est,
2157 579 2231 619 gula
2261 576 2462 608 materialiter

1390 620 1479 651 aliter
1502 631 1570 651 esse
1593 628 1715 660 potest:
1747 622 1828 653 sicut
1851 630 1882 653 et
1905 624 2055 655 detractio
2079 623 2279 654 materialiter
2303 628 2350 652 est
2380 630 2461 661 quae

1391 665 1510 705 absque
1534 665 1716 696 detrahendi
1740 665 1916 697 intentione
1941 677 1978 698 ex
1993 667 2184 709 loquacitate
2208 666 2252 698 fit.

1447 709 1488 739 Et
1516 718 1572 749 per
1602 709 1664 739 hoc
1695 716 1781 749 patet
1804 710 1922 741 solutio
1947 711 2156 743 obiectorum.
2189 712 2273 742 Nam
2301 718 2331 741 et
2360 708 2463 750 prima

1391 753 1470 784 ratio
1496 752 1658 783 concludit
1680 763 1793 783 verum
1817 753 1855 784 de
1878 754 2036 795 imperitia
2051 755 2247 796 inculpabili.
2271 773 2292 778 -
2317 753 2463 786 Secunda

1391 807 1523 838 quoque
1547 797 1708 828 concludit
1731 807 1843 828 verum
1867 798 1906 829 de
1929 805 2000 829 actu
2025 799 2080 840 qui
2104 799 2139 830 fit
2166 810 2203 830 ex
2226 798 2382 839 imperitia
2407 807 2463 828 seu

1391 841 1568 881 ignorantia
1592 841 1752 882 culpabili.
1777 842 1928 883 Spectant
1951 843 2036 874 enim
2059 843 2091 873 hi
2108 850 2206 880 actus,
2231 844 2342 874 saltem
2366 849 2464 873 mate-

1391 886 1507 916 rialiter
1530 892 1560 916 et
1583 885 1758 922 reductive,
1783 887 1823 917 ad
1847 886 1968 927 species
1991 896 2129 928 quarum
2152 895 2257 918 essent
2280 887 2306 918 si
2330 887 2464 918 scienter

1393 930 1525 961 fuissent
1547 930 1648 960 voliti.

1037 1102 1359 1144 ARTICULUS
1390 1101 1693 1144 SECUNDUS

919 1195 1076 1226 UTRUM
1101 1195 1220 1226 GULA
1244 1194 1311 1226 SIT
1334 1194 1575 1226 PECCATUM
1604 1194 1818 1226 MORTALE

496 1274 570 1303 Infra.
589 1281 634 1306 qu.
653 1281 721 1303 cuv,
741 1279 787 1299 art.
808 1282 831 1303 2.
851 1274 882 1299 ad
902 1273 930 1304 6;
952 1275 993 1299 De
1012 1274 1099 1303 Malo,
1120 1283 1166 1307 qu.
1185 1282 1235 1304 xw.
1255 1279 1303 1300 art.
1323 1282 1336 1299 2
1343 1283 1351 1306 ς
1370 1274 1414 1299 Ad
1433 1275 1520 1304 Rom„
1541 1282 1597 1307 cap.
1615 1282 1673 1304 xm,
1693 1275 1752 1300 lect.
1770 1282 1814 1306 111;
1833 1275 1877 1300 Ad
1898 1275 1998 1304 Galat„
2018 1282 2074 1307 cap.
2093 1282 2121 1303 v,
2141 1275 2199 1299 lect.
2218 1282 2243 1299 v.

410 1384 431 1395 s
456 1378 461 1390 s
487 1365 509 1390 D
524 1365 716 1390 SECUNDUM
730 1365 784 1391 sic
799 1365 1042 1392 PROCEDITUR.
1059 1354 1219 1392 Videtur
1233 1355 1340 1403 quod
1366 1389 1368 1394 ,

485 1407 573 1454 gula
601 1419 680 1443 non
709 1406 754 1443 sit
782 1415 983 1456 peccatum
1011 1408 1182 1445 mortale.
1214 1408 1342 1445 Omne
1366 1422 1368 1424 ’

291 1452 330 1508 ,γ’
341 1440 455 1508 ,νζῆ
470 1460 589 1497 enim
608 1467 809 1509 peccatum
831 1461 991 1498 mortale
1012 1461 1259 1498 contrariatur
1279 1462 1343 1498 ali-

282 1506 547 1556 r'.5¹1·'÷'')cui
574 1521 781 1563 praecepto
811 1513 994 1563 decalogi.
1033 1515 1150 1561 Quod
1180 1514 1226 1552 de
1255 1516 1344 1563 gula

273 1578 351 1604 non
371 1566 533 1604 videtur.
555 1567 657 1615 Ergo
679 1568 766 1615 gula
783 1579 862 1604 non
877 1575 933 1605 est
951 1575 1154 1617 peccatum
1170 1569 1341 1605 mortale.
1368 1585 1370 1600 ε

328 1631 363 1656 2.
385 1620 621 1667 PRAETEREA,
644 1633 761 1657 omne
781 1629 984 1670 peccatum
1004 1622 1164 1658 mortale
1195 1629 1344 1658 contra·
1369 1650 1371 1653 ⁴

273 1672 390 1710 riatur
409 1673 562 1721 caritati,
583 1681 625 1710 ut
646 1686 690 1710 ex
710 1686 824 1723 supra
843 1674 863 1695 *
888 1674 995 1712 dictis
1014 1682 1129 1723 patet.
1160 1675 1236 1712 Sed
1256 1675 1344 1723 gula

273 1738 352 1763 non
381 1726 589 1775 opponitur
616 1726 778 1764 caritati:
809 1739 936 1775 neque
965 1735 1150 1777 quantum
1180 1729 1229 1765 ad
1253 1727 1343 1765 dile-

274 1779 439 1816 ctionem
460 1779 545 1827 Dei,
567 1791 691 1828 neque
712 1787 899 1828 quantum
919 1780 970 1817 ad
994 1780 1237 1817 dilectionem
1257 1793 1342 1830 pro-

272 1831 375 1869 ximi.
397 1833 500 1880 Ergo
520 1833 607 1880 gula
627 1845 823 1882 nunquam
839 1838 856 1854 ‘²
877 1841 932 1870 est
950 1841 1151 1882 peccatum
1170 1835 1343 1871 mortale.

329 1886 361 1922 3.
398 1885 638 1933 PRAETEREA,
669 1886 903 1934 Augustinus
942 1886 1049 1934 dicit,
1087 1886 1124 1923 in
1164 1899 1343 1924 sermone

273 1938 318 1975 de
345 1939 576 1989 Purgatorio
595 1939 635 1976 *t
670 1940 822 1982 Quoties
839 1939 974 1989 aliquis
1003 1940 1040 1977 in
1069 1940 1152 1977 cibo
1172 1946 1241 1977 aut
1249 1946 1344 1990 potu

33 1968 246 2044 {ffifffisfflnge‘
266 1991 355 2040 plus
382 1992 518 2041 accipit
544 2004 659 2042 quam
688 2005 836 2030 necesse
862 1999 926 2040 est,
951 1994 1003 2031 ad
1020 1994 1165 2031 minuta
1187 2000 1344 2043 peccata

35 2211 44 2220 ·
55 2209 115 2231 Vide
121 2215 183 2237 resp.
189 2209 217 2230 ed
223 2216 245 2236 4,

36 2264 44 2273 ⁸
61 2263 117 2294 Cap.
136 2268 203 2288 xviii,
218 2263 246 2284 al.

35 2296 86 2315 xni,
100 2296 122 2311 in
131 2293 176 2311 vet.
184 2295 246 2311 xxvi.

37 2529 46 2538 ⁸
61 2527 110 2548 Art.
127 2526 230 2553 praeced.

50 3407 58 3415 ·
69 3405 169 3428 Notand.
179 3405 202 3426 in
210 3404 259 3426 init.

49 3436 259 3485 9ἰὶόἓιῐιῗεηιρεναιιι.

53 3634 61 3641 ·
76 3631 183 3653 eonem..
199 3637 212 3652 ι.

274 2045 420 2082 noverit
431 2046 634 2095 pertinere.
657 2046 735 2084 Sed
750 2047 826 2084 hoc
840 2047 1002 2096 pertinet
1017 2047 1065 2085 ad
1079 2048 1219 2095 gulam.
1241 2048 1343 2096 Ergo

273 2099 361 2146 gula
381 2106 622 2149 computatur
641 2099 738 2138 inter
765 2100 924 2148 minuta,
945 2101 1042 2138 idest
1066 2100 1163 2138 inter
1181 2101 1346 2138 venialia

273 2159 442 2200 peccata.

330 2205 405 2242 SED
426 2217 572 2242 CONTRA
591 2217 658 2242 EST
671 2205 691 2227 ’⁸‘
710 2205 816 2255 quod
836 2206 1042 2256 Gregorius
1063 2206 1162 2255 dicit,
1179 2207 1217 2244 in
1237 2207 1345 2244 XXX

274 2258 420 2295 Moral.
440 2258 476 2295 *z
507 2259 739 2296 Dominante
755 2259 872 2310 gulae
892 2260 993 2306 vitio,
1014 2272 1126 2297 omne
1153 2261 1255 2309 quod
1280 2261 1346 2297 ho-

276 2311 395 2348 mines
400 2312 561 2360 sortiter
579 2318 749 2362 egerunt,
760 2313 945 2362 perdunt.-
969 2319 1004 2350 et
1022 2314 1112 2351 dum
1126 2319 1256 2350 venter
1270 2326 1345 2351 non

276 2365 527 2416 restringitur,
543 2365 657 2402 simul
675 2372 832 2404 cunctae
849 2367 1003 2404 virtutes
1022 2368 1246 2404 obruuntur.
1269 2367 1346 2405 Sed

275 2417 395 2455 virtus
410 2430 490 2456 non
504 2419 646 2456 tollitur
660 2419 729 2456 nisi
748 2432 818 2468 per
831 2428 1031 2469 peccatum
1050 2421 1222 2458 mortale.
1244 2421 1347 2469 Ergo

277 2471 364 2519 gula
393 2479 448 2508 est
476 2480 677 2520 peccatum
707 2474 879 2510 mortale.

331 2525 558 2562 Respouoso
585 2537 770 2563 memnon
791 2526 916 2576 quod,
946 2526 1042 2564 sicut
1070 2526 1212 2564 dictum
1242 2534 1299 2564 est
1315 2526 1347 2574 *,

277 2577 414 2615 vitium
443 2579 551 2627 gulae
580 2579 736 2628 proprie
775 2579 943 2617 consistit
969 2579 1007 2617 in
1041 2579 1349 2629 concupiscentia

277 2631 502 2669 inordinata.
534 2632 643 2670 Ordo
665 2640 794 2670 autem
815 2633 970 2670 rationis
1000 2633 1348 2682 concupiscentiam

278 2683 487 2722 ordinantis
503 2686 701 2735 dupliciter
714 2685 796 2724 tolli
815 2694 951 2736 potest.
973 2687 1060 2724 Uno
1080 2687 1212 2734 modo,
1229 2699 1349 2736 quan-

278 2745 359 2774 tum
390 2738 438 2775 ad
472 2751 517 2776 ea
554 2751 653 2789 quae
693 2747 779 2778 sunt
808 2740 857 2778 ad
890 2740 1028 2778 finem:
1062 2747 1176 2790 prout
1211 2739 1351 2778 scilicet

279 2802 358 2828 non
387 2800 474 2829 sunt
493 2792 543 2830 ita
563 2801 873 2831 commensurata
900 2801 942 2831 ut
961 2793 1034 2831 sint
1060 2793 1351 2844 proportionata

279 2844 358 2882 fini.
389 2845 476 2882 Alio
496 2846 630 2892 modo,
650 2855 837 2897 quantum
858 2847 906 2885 ad
926 2847 1053 2896 ipsum
1072 2847 1212 2884 finem:
1237 2855 1352 2897 prout

280 2897 420 2935 scilicet
454 2899 762 2948 concupiscentia
804 2900 1004 2938 hominem
1046 2901 1181 2938 avertit
1215 2913 1237 2938 a
1273 2901 1351 2938 fine

281 2950 422 2989 debito.
454 2952 493 2990 Si
524 2965 613 3001 ergo
643 2953 871 2991 inordinatio
901 2953 1231 3003 concupiscentiae
1257 2954 1352 2991 acci·
1378 2961 1380 2982 =

281 3004 406 3053 piatur
433 3005 472 3042 in
499 3006 587 3054 gula
616 3006 828 3044 secundum
865 3007 1108 3045 aversionem
1138 3020 1160 3045 a
1188 3007 1265 3044 fine
1299 3007 1353 3044 ul-

281 3057 388 3105 timo,
410 3058 463 3095 sic
491 3060 578 3107 gula
605 3060 674 3097 erit
701 3068 902 3110 peccatum
923 3061 1094 3098 mortale.
1125 3061 1241 3108 Quod
1271 3060 1352 3110 qui-

1395 1354 1484 1392 dem
1516 1355 1697 1404 contingit
1725 1354 1884 1403 quando
1906 1354 2148 1392 delectationi
2167 1355 2279 1403 gulae
2298 1354 2470 1392 inhaeret

1395 1409 1516 1445 homo
1545 1416 1730 1457 tanquam
1750 1407 1818 1445 fini
1845 1415 2004 1458 propter
2033 1419 2149 1457 quem
2182 1408 2312 1446 Deum
2341 1415 2469 1453 conte-

1396 1461 1504 1509 mnit,
1533 1469 1688 1511 paratus
1716 1461 1856 1499 scilicet
1875 1469 2007 1499 contra
2025 1468 2231 1512 praecepta
2258 1460 2331 1500 Dei
2358 1472 2470 1510 agere

1368 1539 1370 1555 ;
1395 1522 1438 1552 ut
1457 1515 1727 1552 delectationes
1746 1514 1970 1552 huiusmodi
1990 1523 2226 1565 assequatur.
2255 1535 2280 1542 -
2293 1514 2297 1520 '
2310 1514 2352 1552 Si
2373 1525 2470 1553 vero

1396 1568 1435 1605 in
1453 1568 1546 1606 vitio
1566 1569 1676 1616 gulae
1705 1568 1929 1617 intelligatur
1948 1567 2178 1606 inordinatio
2199 1568 2472 1617 concupiscen-

1396 1622 1470 1659 tiae
1498 1630 1646 1659 tantum
1684 1622 1897 1659 secundum
1926 1634 1972 1659 ea
2000 1633 2100 1671 quae
2136 1629 2224 1659 sunt
2252 1622 2300 1660 ad
2328 1622 2471 1669 finem,

1369 1697 1371 1730 ἶ
1397 1683 1530 1725 utpote
1559 1675 1649 1724 quia
1668 1675 1781 1712 nimis
1811 1674 2046 1726 concupiscit
2070 1675 2340 1714 delectationes
2369 1674 2473 1712 cibo-

1398 1741 1502 1776 rum,
1532 1741 1612 1766 non
1642 1736 1773 1766 tamen
1808 1728 1858 1766 ita
1892 1728 1998 1779 quod
2033 1737 2191 1778 propter
2217 1729 2293 1766 hoc
2330 1727 2474 1778 aliquid

1398 1782 1538 1819 faceret
1566 1789 1698 1819 contra
1726 1783 1851 1830 legem
1879 1782 1968 1829 Dei,
1996 1789 2052 1819 est
2079 1789 2281 1831 peccatum
2309 1782 2470 1819 veniale.

1451 1837 1511 1872 An
1540 1846 1678 1872 ramum
1706 1846 1805 1872 ERGO
1834 1846 2021 1872 mci-:noun
2050 1835 2156 1885 quod
2191 1835 2328 1873 vitium
2362 1835 2473 1883 gulae

1397 1887 1513 1925 habet
1528 1888 1634 1937 quod
1654 1887 1699 1924 sit
1719 1895 1921 1938 peccatum
1941 1889 2103 1926 mortale
2118 1888 2346 1938 inquantum
2365 1899 2474 1927 aver-

1398 1940 1440 1978 tit
1459 1953 1482 1979 a
1501 1941 1578 1978 fine
1598 1941 1745 1978 ultimo.
1776 1941 1825 1978 Et
1845 1940 2060 1978 secundum
2079 1942 2169 1990 hoc,
2187 1953 2258 1992 per
2277 1932 2473 1992 quandam'

1399 1994 1675 2041 reductionem,
1705 1994 1915 2045 opponitur
1947 2002 2154 2044 praecepto
2184 1994 2232 2032 de
2264 1994 2477 2041 sanctifica-

1399 2048 1502 2086 tione
1537 2048 1706 2095 sabbafi,
1736 2048 1775 2085 in
1804 2059 1883 2098 quo
1922 2047 2152 2099 praecipitur
2186 2046 2296 2100 quies
2322 2047 2362 2088 in
2398 2046 2476 2086 fine

1399 2102 1545 2139 ultimo.
1576 2102 1669 2139 Non
1698 2101 1801 2139 enim
1831 2101 1961 2139 omnia
1987 2109 2146 2152 peccata
2175 2101 2349 2140 mortalia
2378 2101 2476 2153 dire-

1401 2163 1458 2192 cte
1479 2155 1757 2192 contrariantur
1776 2154 1988 2205 praeceptis
2009 2155 2180 2205 decalogi
2198 2154 2231 2204 ³⁸,
2252 2155 2320 2193 sed
2349 2155 2476 2193 solum

1400 2208 1462 2246 illa
1497 2221 1596 2258 quae
1634 2208 1854 2246 iniustitiam
1893 2209 2105 2247 continent:
2143 2208 2234 2258 quia
2268 2215 2476 2259 praecepta

1401 2261 1573 2310 decalogi
1601 2261 1814 2310 specialiter
1830 2261 2021 2312 pertinent
2048 2262 2098 2300 ad
2125 2261 2307 2300 iustitiam
2328 2270 2364 2300 et
2390 2274 2477 2313 par-

1400 2323 1456 2352 tes
1485 2314 1579 2362 eim,
1598 2322 1639 2352 ut
1668 2327 1784 2364 supra
1802 2314 1822 2337 '⁸‘
1849 2315 2023 2353 habitum
2054 2323 2121 2353 est.

1454 2370 1513 2405 Αι)
1542 2379 1734 2406 SECUNDUM
1761 2380 1946 2406 memnon
1971 2370 2090 2417 quod,
2111 2368 2338 2417 inquantum
2368 2380 2477 2406 aver-

1401 2421 1443 2458 tit
1471 2433 1493 2458 a
1513 2421 1590 2458 fine
1618 2421 1767 2468 ultimo,
1789 2422 2039 2460 contrariatur
2062 2422 2149 2471 gula
2178 2421 2370 2459 dilectioni
2391 2421 2476 2469 Dei,

1402 2475 1468 2525 qui
1497 2482 1554 2512 est
1581 2487 1695 2523 super
1732 2475 1864 2512 omnia
1893 2475 1989 2513 sicut
2016 2475 2103 2512 finis
2139 2475 2294 2513 ultimus
2323 2473 2477 2524 diligen-

1403 2527 1486 2565 dus.
1516 2528 1565 2565 Et
1594 2527 1807 2566 secundum
1826 2529 1902 2566 hoc
1929 2529 2057 2566 solum
2077 2529 2165 2578 gula
2194 2535 2250 2566 est
2272 2534 2475 2578 peceatum

1403 2581 1576 2619 mortale.

1458 2636 1517 2671 An
1541 2645 1702 2672 TERTmM
1731 2645 1916 2672 monimum
1946 2634 2052 2684 quod
2079 2634 2172 2672 illud
2203 2635 2370 2672 verbum
2397 2635 2477 2671 Au-

1403 2687 1540 2736 gustini
1569 2687 1783 2736 intelligitur
1803 2687 1850 2725 de
1879 2688 1966 2737 gula
1994 2695 2109 2739 prout
2127 2687 2309 2738 importat
2337 2684 2478 2725 inordi-

1404 2741 1599 2778 nationem
1639 2741 1969 2790 concupiscentiae
2005 2741 2131 2778 solum
2167 2741 2267 2779 circa
2296 2753 2341 2778 ea
2378 2751 2477 2790 quae

1405 2802 1492 2832 sunt
1521 2794 1570 2832 ad
1598 2794 1730 2832 finem.

1458 2850 1517 2885 An
1538 2859 1712 2891 QUARTUM
1726 2847 1748 2869 *
1766 2859 1952 2885 mesanum
1972 2848 2078 2898 quod
2099 2847 2187 2896 gula
2206 2845 2343 2885 dicitur
2361 2845 2476 2884 virtu-

1405 2909 1461 2938 tes
1480 2901 1628 2938 auferre
1649 2913 1728 2938 non
1756 2908 1834 2938 tam
1857 2909 2013 2951 propter
2032 2912 2085 2948 se,
2133 2912 2224 2938 uam
2254 2899 2369 2937 etiam
2389 2911 2478 2951 pro-

1405 2962 1489 3004 pter
1515 2954 1607 2992 vitia
1636 2966 1737 3002 quae
1761 2965 1808 2991 ex
1837 2966 1882 2991 ea
1899 2954 2085 2992 oriuntur.
2154 2952 2217 2992 icit
2251 2953 2353 2990 enirn
2383 2953 2477 2991 Gre-

1405 3007 1546 3057 gorius,
1567 3007 1606 3045 in
1624 3007 1813 3045 Pastorali
1830 3006 1870 3045 *ε
1898 3008 2003 3045 Dum
2027 3012 2158 3045 venter
2180 3005 2349 3058 ingluvie
2363 3004 2379 3035 Ρ
2398 3011 2477 3044 ten-

1406 3060 1517 3107 ditur,
1546 3061 1699 3098 virtutes
1722 3061 1875 3098 animae
1898 3072 1970 3110 per
1998 3060 2193 3098 luxuriam
2222 3059 2476 3098 destruuntur.

337 3180 365 3213 a)
385 3188 530 3214 nunquam.
543 3195 562 3201 —
581 3189 633 3207 non
653 3182 729 3208 PDL.

1463 3184 1488 3217 β)
1509 3185 1635 3218 ingluvie.
1647 3198 1667 3205 -
1676 3184 1820 3218 ingluviem
1834 3183 2037 3217 ABDHpC‚per
2047 3182 2184 3217 ingluvIen
2199 3182 2240 3208 vel
2252 3189 2305 3216 pen·
2314 3183 2450 3218 tnglumn
2461 3184 2479 3215 1,

1409 3221 1435 3245 in
1454 3220 1571 3253 gluviem
1591 3221 1632 3245 ed.
1651 3226 1677 3250 a,
1697 3220 1724 3246 in
1750 3219 1895 3254 iuglandem
1915 3218 1974 3251 PG;
1992 3225 2039 3251 pro
2063 3218 2192 3249 tenditur,
2213 3218 2364 3245 Intenditur
2382 3219 2434 3245 BF.

967 3291 1302 3324 Commentariis
1324 3291 1578 3324 cardinalis
1599 3291 1803 3324 Caietam

290 3357 339 3437 ΙΝ
364 3360 495 3390 articulo
519 3360 659 3390 secundo
683 3361 879 3401 quaestionis
900 3361 1043 3392 eiusdem
1067 3361 1201 3392 dubium
1218 3361 1355 3392 occurrit

322 3412 358 3434 ex
381 3404 534 3440 Muttine,
559 3404 595 3434 in
619 3414 673 3445 qu.
695 3415 717 3435 ιι
735 3405 753 3424 *
776 3406 815 3437 de
839 3406 938 3442 Gula,
967 3405 1109 3436 eiusdem
1138 3412 1287 3437 tractatus
1302 3405 1352 3442 ¹³⁸,

289 3451 369 3482 circa
393 3448 688 3479 determinationem
706 3450 825 3490 peccati
842 3449 985 3481 mortalis
1001 3449 1103 3490 gulae.
1130 3450 1237 3492 lnquit
1250 3449 1352 3481 enim:

292 3508 307 3523 ι
326 3495 387 3525 Ista
410 3492 531 3534 opinio,
554 3492 672 3523 iudicio
696 3503 780 3530 meo,
803 3503 869 3524 non
888 3493 1078 3525 sufficienter
1092 3494 1231 3525 ostendit
1245 3494 1354 3535 gulam

289 3548 356 3570 esse
380 3542 546 3577 peccatum
566 3537 699 3567 mortale
717 3549 745 3567 ι.
770 3537 947 3580 Arguitque
963 3545 1037 3569 octo
1053 3538 1246 3579 argumentis
1265 3538 1354 3579 quod

289 3583 370 3626 gula
395 3590 458 3613 non
482 3585 529 3611 est
545 3585 713 3623 peccatum
739 3582 874 3612 mortale
893 3583 968 3624 quia
984 3582 1105 3613 directe
1119 3583 1236 3613 avertit
1251 3591 1271 3612 a
1280 3581 1355 3623 fine

291 3628 402 3659 ultimo
426 3630 457 3656 et
473 3626 655 3666 praeceptis
678 3624 794 3656 divinis
806 3625 833 3656 ¹⁸¹.
859 3626 943 3663 Quia
961 3627 1011 3657 vel
1035 3626 1097 3657 hoc
1116 3625 1299 3666 intelligitur
1317 3625 1356 3655 de

1408 3368 1576 3402 praecepto
1600 3361 1709 3391 divino
1733 3361 1772 3391 de
1794 3367 1866 3391 actu
1890 3359 1990 3400 ipsius
2013 3359 2115 3400 gulae.
2148 3360 2188 3391 Et
2212 3361 2273 3392 hoc
2297 3369 2378 3391 non:
2403 3361 2479 3402 quia

1408 3406 1585 3437 secundum
1609 3404 1747 3436 eundem
1765 3405 1949 3441 Doctorem‚
1966 3403 1998 3435 in
2023 3404 2230 3445 responsione
2254 3405 2294 3436 ad
2317 3405 2477 3446 primum,

1408 3449 1535 3480 nullum
1558 3455 1605 3480 est
1627 3448 1689 3479 tale
1712 3453 1927 3490 praeceptum.
1951 3465 1972 3471 -
1996 3449 2062 3480 Aut
2081 3448 2266 3491 intelligitur
2289 3448 2328 3480 de
2353 3457 2478 3490 praece-

1408 3500 1464 3534 pto
1489 3491 1597 3523 divino
1622 3492 1710 3534 quod
1734 3499 1781 3523 est
1804 3493 1842 3523 de
1866 3492 1933 3523 aliis
1957 3493 2096 3530 actibus,
2121 3499 2198 3534 puta
2228 3493 2331 3531 furto,
2357 3486 2477 3525 adulte‘-

1408 3537 1466 3573 rio,
1484 3543 1541 3567 etc.
1566 3536 1606 3567 Et
1629 3543 1705 3567 tunc
1727 3537 1801 3577 gula
1825 3546 1891 3568 non
1908 3544 1989 3568 esset
2005 3537 2068 3568 alio
2084 3537 2184 3569 modo
2209 3543 2373 3580 peccatum
2390 3546 2477 3569 mor-

1408 3581 1469 3612 tale
1493 3590 1591 3623 quam
1615 3581 1685 3611 dare
1709 3581 1956 3623 eleemosynam,
1973 3591 2062 3612 orare
2085 3581 2136 3613 vel
2160 3582 2302 3614 studere:
2327 3581 2403 3625 qula
2418 3581 2476 3613 sci-

1408 3625 1481 3655 licet
1503 3625 1561 3656 ista
1586 3634 1651 3656 non
1676 3632 1749 3656 sunt
1773 3626 1949 3657 secundum
1974 3636 2006 3657 se
2030 3626 2191 3662 mortalia,
2217 3626 2242 3656 si
2271 3625 2343 3667 quis
2371 3632 2477 3656 tamen

2503 2167 2516 2179 ⁴
2528 2166 2557 2189 D.
2572 2172 2627 2189 1012.

2506 2317 2516 2328 ⁸
2526 2316 2575 2345 Qu.
2590 2322 2659 2343 mn,
2671 2320 2715 2339 m.

2505 2853 2584 2901 ἑνῒιι.
2599 2852 2649 2875 Sed
2661 2857 2718 2874 eon-

2507 2981 2517 2990 ·
2531 2980 2592 3002 Part.
2607 2979 2652 3007 111.
2666 2984 2694 3001 ee
2712 2995 2718 3000 .

2506 3006 2719 3055 statar*
