2768 4198
307 260 386 307 480

310 341 358 378 ad
379 341 754 389 supererogationem
782 339 1005 387 pertineret:
1035 337 1130 374 sicut
1159 338 1299 373 Paulus
1328 337 1376 373 de

131 407 153 422 r*
178 406 250 426 ,„„‚
311 394 437 442 seipso
468 394 567 440 dicit,
600 395 612 430 Ι
642 394 693 430 ad
724 394 810 429 Cor.
833 404 867 428 1x
885 391 915 427 ²³⁴.

68 1384 77 1393 ⁸
95 1385 144 1406 Art.
165 1383 279 1413 praeced,

68 1410 199 1434 Comment.
214 1416 277 1432 num.

69 1517 78 1525 ⁸
92 1515 127 1536 Cf.
144 1521 192 1541 arg.
208 1521 223 1536 ι.

68 2669 77 2679 ’
88 2667 186 2691 Basilius
207 2670 282 2692 Serm.

67 2686 284 2723 vamtxxxr,

68 2722 97 2744 de
117 2723 211 2751 Temp.,·
224 2724 284 2745 inter

68 2750 182 2797 sugposit.
200 2751 282 2772 Arnbr.

68 2787 78 2791 -
116 2776 131 2797 f.
143 2776 198 2798 Can.
218 2776 284 2799 Sicut

70 2802 95 2823 hi
117 2803 171 2824 dist.
189 2802 282 2825 XLVII.

70 2830 78 2839 ·
94 2819 160 2851 vera.
177 2830 208 2852 16.

72 3196 81 3204 ·
96 3194 160 3216 Vers.
177 3201 208 3222 ¹4·

72 3258 81 3267 ⁸
96 3257 151 3279 Ord.

364 447 495 484 Tertio
525 447 665 492 modo,
697 445 910 481 secundum
939 443 1046 492 quod
1076 443 1377 490 chrysostomus

312 500 466 548 exponit
484 500 514 547 ²¹²,
545 508 585 536 ut
613 498 836 545 intelligatur
860 497 920 533 illa
939 497 1156 533 Dominum
1186 495 1378 544 discipulis

310 553 550 602 praecepisse
589 559 774 600 quantum
813 550 861 587 ad
899 550 1001 586 illam
1041 549 1263 586 missionem
1302 562 1379 597 qua

312 666 575 696 exercerentur
593 663 606 679 ²
634 658 683 694 ad
709 657 984 694 confidendum
1015 656 1061 693 de
1082 657 1220 693 virtute
1250 656 1378 705 ipsius,

311 713 374 760 qui
414 713 465 748 eis
503 713 646 760 absque
681 711 897 759 sumptibus
933 709 1164 759 provideret.
1206 710 1263 746 Ex
1301 723 1378 759 quo

309 773 437 801 tamen
466 777 544 801 non
573 764 840 812 obligabantur
858 764 941 813 ipsi,
967 764 1030 800 vel
1054 776 1296 800 successores
1317 776 1381 800 eo-

310 830 414 865 rum,
444 825 485 854 ut
514 818 658 866 absque
686 818 849 866 propriis
878 816 1095 865 sumptibus
1125 817 1380 865 Evangelium

307 870 583 918 praedicarent.
622 872 724 908 Nam
763 879 799 908 et
837 871 884 908 de
922 871 1043 908 Paulo
1080 871 1235 919 legitur,
1270 872 1301 907 11
1331 872 1383 908 ad

312 924 398 961 Cor.
419 936 454 961 xi
477 923 508 971 ³¹⁶,
535 925 641 973 quod
670 925 718 961 ab
748 924 829 961 aliis
859 924 1028 961 ecclesiis
1058 924 1291 974 stipendium
1320 938 1382 962 ac-

307 976 469 1025 cipiebat
498 978 545 1015 ad
565 978 868 1027 praedicandum
890 978 1118 1015 Corinthiis:
1149 986 1185 1015 et
1205 978 1258 1015 sic
1277 986 1380 1028 patet

931 258 1199 306 QUAESTIO
1231 257 1459 304 CLXXXV,
1489 258 1788 297 ARTICULUS
1818 259 1886 296 VII

1403 337 1536 387 ¹quod
1573 338 1714 386 aliquid
1752 339 1976 388 possidebat
2014 340 2062 376 ab
2101 340 2181 377 aliis
2220 340 2292 378 sibi
2331 341 2506 380 missum.

1433 391 1598 428 Stultum
1637 399 1766 429 autem
1800 392 1952 430 videtur
1990 393 2115 430 dicere
2155 394 2261 442 quod
2295 402 2352 432 tot
2389 396 2510 433 sancti

1432 443 1654 492 pontifices,
1690 445 1785 482 sicut
1812 446 2066 494 Athanasius,
2096 447 2348 497 Ambrosius,
2378 451 2509 498 Augu-

1433 497 1565 544 stinus,
1586 497 1648 534 illa
1672 507 1876 548 praecepta
1904 501 2128 549 transgressi
2150 501 2322 550 fuissent,
2344 501 2375 539 si
2395 503 2443 540 ad
2465 516 2511 540 ea

1404 585 1406 590 ,
1433 551 1679 588 observanda
1707 564 1747 588 se
1778 553 1977 591 crederent
2005 554 2176 603 obligari.

278 602 283 612 ⁵
312 607 557 643 mittebantur
576 605 624 642 ad
644 603 945 653 praedicandum
967 603 1129 649 Iudaeis,
1151 611 1192 639 ut
1215 615 1285 651 per
1303 603 1380 639 hoc
1404 639 1407 654 λ

1486 606 1546 640 Αι)
1583 615 1747 642 TERTmM
1785 617 1972 644 DICENDUM
2012 609 2119 656 quod
2162 609 2290 646 omnis
2328 621 2416 658 pars
2455 617 2513 646 est

1434 657 1562 694 minor
1591 665 1684 694 toto.
1716 658 1781 694 Ille
1811 671 1902 708 ergo
1932 673 2021 698 curn
2050 662 2136 699 Deo
2165 663 2258 700 alias
2287 671 2416 712 partes
2444 663 2512 700 ha-

1434 711 1509 757 bet,
1541 711 1648 748 cuius
1669 711 1836 749 studium
1867 713 2090 752 diminuitur
2111 715 2210 753 circa
2231 728 2276 753 ea
2305 728 2405 766 quae
2426 723 2516 753 sunt

1434 764 1520 812 Dei,
1552 765 1644 802 dum
1672 765 1832 803 intendit
1860 766 1918 804 his
1947 780 2046 816 quae
2066 776 2155 806 sunt
2183 770 2330 807 mundi.
2362 770 2426 807 Sic
2446 782 2512 807 au-

1434 826 1513 854 tem
1550 831 1628 855 non
1665 819 1806 857 debent
1843 832 1915 858 nec
1949 821 2121 870 episcopi
2157 834 2230 860 nec
2264 823 2389 861 clerici
2423 836 2512 873 pro-

1433 871 1561 921 prium
1590 873 1802 921 possidere,
1832 881 1885 922 ut,
1915 875 2009 912 dum
2039 883 2175 912 curant
2201 877 2378 926 propria,
2408 875 2511 915 defe‘-

1436 932 1539 1016 pltum
1578 925 1718 963 faciant
1751 926 1790 964 in
1817 927 1877 965 his
1914 940 2015 978 quae
2050 928 2243 978 pertinent
2280 931 2329 968 ad
2367 932 2511 968 cultum

1463 991 1625 1016 lvmum.

359 1110 380 1140 ε)
401 1106 603 1132 exercerentur.
615 1116 634 1121 -
653 1104 860 1127 exterrerentur
885 1101 983 1130 BFKL,
1003 1108 1056 1126 non
1075 1101 1266 1126 excitarentur
1291 1102 1331 1127 ed.
1350 1109 1379 1132 a,
1398 1102 1588 1127 excitarentur
1607 1103 1658 1136 pH.
1670 1117 1690 1123 —
1709 1103 1760 1128 Pro
1776 1104 1978 1137 confidendum,
1998 1104 2179 1137 confitendum
2199 1106 2312 1139 ABLpG
2331 1112 2356 1132 et
2374 1113 2406 1139 a,
2425 1108 2513 1132 consi-

306 1143 457 1172 derandum
478 1140 552 1173 HpC.

995 1209 1331 1243 Commentario»
1353 1210 1608 1243 cardinalis
1630 1211 1834 1245 Caietam

337 1300 356 1319 N
376 1286 509 1318 articulo
534 1290 621 1314 sexto
646 1282 790 1312 eiusdem
814 1280 1021 1321 quaestionis,
1046 1279 1079 1310 in
1102 1280 1311 1320 responsione
1340 1281 1380 1311 ad

310 1302 496 1374 lprimum‚
522 1328 593 1359 vide
617 1326 707 1368 quod
733 1325 912 1356 voluntaria
943 1331 1113 1366 paupertas
1137 1324 1169 1354 in
1193 1332 1265 1356 actu
1295 1335 1378 1356 exer-

306 1378 379 1413 cito,
398 1383 432 1407 ut
449 1383 534 1405 nunc
558 1382 643 1403 nunc
667 1371 790 1402 dictum
814 1377 860 1400 est
874 1370 901 1406 *,
927 1379 984 1400 nec
1009 1370 1047 1400 ad
1072 1368 1302 1410 perfectionem
1322 1380 1380 1401 nec

305 1423 344 1453 ad
374 1417 577 1461 perfectionis
609 1423 728 1447 statum
759 1415 906 1456 exigitur,
931 1414 1076 1445 absolute
1105 1414 1291 1455 loquendo:
1324 1415 1379 1445 sed

305 1467 344 1497 ad
368 1465 465 1497 talem
489 1460 692 1503 perfectionis
716 1467 845 1496 statum,
870 1459 989 1490 scilicet
1011 1458 1209 1498 religiosum,
1236 1459 1380 1500 exigitur.

305 1511 398 1542 Unde
422 1508 566 1540 Salvator
589 1512 697 1537 noster
719 1504 842 1536 dixit*:
867 1504 903 1535 Si
926 1505 974 1535 vis
992 1503 1160 1544 perfectus
1175 1513 1254 1541 esse,
1281 1504 1382 1535 vende

305 1556 412 1586 omnia
443 1562 527 1594 quae
556 1551 673 1582 habes.-
696 1557 727 1581 et
756 1559 823 1580 non
855 1549 946 1580 dixit:
971 1548 1008 1579 Si
1035 1549 1084 1579 vis
1107 1548 1277 1590 perfector
1300 1559 1379 1587 esse,

306 1600 406 1632 vende
429 1598 537 1629 omnia
561 1605 645 1637 quae
666 1595 772 1626 habes.
801 1594 860 1624 Per
883 1594 938 1624 illa
962 1593 1120 1634 siquidem
1144 1594 1250 1630 verba,
1275 1593 1311 1624 Si
1334 1595 1382 1625 vis

298 1644 467 1686 perfectus
486 1651 566 1679 esse,
586 1639 748 1674 denotavit
771 1638 1000 1680 perfectionem
1024 1637 1191 1678 singularis
1214 1648 1380 1678 personae,

305 1700 386 1732 quae
410 1688 450 1719 ad
467 1693 586 1718 statum
610 1683 771 1726 religionis
787 1683 938 1724 pertinet:
964 1689 996 1713 et
1019 1692 1084 1713 non
1103 1681 1265 1713 denotavit
1281 1682 1381 1723 perfe-

306 1735 446 1766 ctionem
470 1731 615 1766 activam,
630 1739 712 1771 quae
741 1728 780 1758 ad
803 1734 921 1759 statum
945 1726 1162 1767 episcopalem
1187 1733 1316 1768 spectat.
1341 1727 1383 1759 Et

305 1785 474 1820 propterea
490 1777 619 1807 fuerunt
634 1773 777 1815 episcopi
794 1771 984 1803 sanctissimi
1001 1771 1067 1802 sine
1084 1771 1279 1812 paupertatis
1291 1779 1381 1804 voto.

361 1823 397 1854 11.
416 1823 450 1852 In
468 1819 678 1862 responsione
694 1818 734 1849 ad
751 1817 929 1849 secundum
947 1816 1091 1848 eiusdem
1107 1816 1241 1853 articuli,
1255 1817 1383 1848 adverte

304 1868 394 1909 quod
411 1867 514 1898 littera
530 1857 674 1906 loquitur
698 1864 736 1893 de
753 1861 885 1903 proprio
909 1861 975 1892 sive
998 1861 1032 1892 in
1055 1861 1236 1902 particulari
1260 1861 1325 1894 sive
1347 1862 1382 1892 in

306 1911 482 1947 communi,
508 1920 583 1942 cum
607 1908 682 1939 dicit
705 1918 770 1939 non
798 1906 897 1938 teneri
919 1906 1004 1937 viros
1029 1905 1186 1947 perfectos
1211 1906 1251 1936 ad
1275 1907 1381 1938 obser-

305 1958 447 1988 vandum
470 1956 524 1986 illa
547 1952 712 1994 Evangelii
737 1952 886 1982 mandata
910 1951 949 1982 de
973 1961 1039 1981 non
1064 1950 1213 1982 habendo
1234 1951 1382 1992 proprios

306 2008 465 2042 sumptus.
497 2000 538 2031 Et
561 1997 767 2040 probationes
791 1996 996 2027 adducuntur
1019 1995 1058 2026 de
1082 1994 1214 2036 proprio
1238 1995 1269 2026 in
1295 2006 1382 2027 com-

307 2046 407 2082 muni,
433 2044 542 2087 quoad
564 2043 712 2079 Paulum,
737 2041 948 2072 Ambrosium
972 2048 1002 2072 et
1026 2040 1256 2080 Augustinum.

1488 1281 1540 1312 111.
1558 1282 1594 1312 In
1605 1282 1814 1322 responsione
1829 1283 1870 1314 ad
1885 1283 2014 1314 tertium
2030 1284 2175 1315 eiusdem
2187 1284 2320 1321 articuli,
2334 1291 2411 1316 nota
2422 1285 2513 1327 quod

1432 1327 1520 1357 Deus
1544 1327 1712 1367 dupliciter
1728 1335 1834 1368 potest
1850 1327 1917 1359 fieri
1934 1338 2006 1369 pars
2026 1337 2113 1360 mea:
2139 1339 2206 1360 uno
2232 1329 2343 1367 modo,
2364 1336 2510 1371 respectu

1433 1371 1561 1402 alterius
1586 1371 1682 1412 partis
1713 1381 1817 1409 meae;
1851 1372 1914 1403 alio
1939 1373 2055 1410 modo,
2080 1380 2224 1414 respectu
2256 1373 2384 1405 alterius
2414 1374 2512 1416 partis

1433 1426 1499 1446 non
1523 1426 1624 1447 meae.
1645 1417 1686 1447 Et
1709 1417 1735 1448 si
1758 1417 1864 1457 primo
1889 1418 1989 1448 modo
2013 1418 2102 1449 Deus
2125 1425 2207 1450 esset
2229 1429 2302 1459 pars
2325 1429 2408 1456 mea,
2431 1425 2513 1450 esset

1434 1470 1582 1501 compars
1606 1461 1694 1492 alteri
1725 1471 1814 1493 meae
1836 1461 1936 1502 parti:
1967 1469 2046 1503 puta
2069 1462 2206 1503 gloriae,
2229 1462 2353 1501 famae,
2378 1462 2512 1497 detecta-

1433 1505 1528 1542 tioni,
1558 1505 1692 1542 divitiis,
1724 1506 1775 1537 vel
1802 1506 1896 1538 alicui
1927 1506 2125 1539 huiusmodi.
2158 1507 2200 1539 Et
2225 1507 2263 1539 fit
2292 1508 2364 1540 Deo
2395 1503 2513 1541 inierit

1433 1550 1512 1582 dum
1537 1557 1662 1582 amatur
1685 1557 1721 1582 ut
1744 1560 1834 1591 pars:
1866 1551 1943 1593 quia
1973 1552 2081 1583 minus
2109 1559 2236 1584 amatur
2264 1562 2365 1594 quam
2392 1551 2511 1595 tutum,

1434 1602 1470 1626 ut
1491 1595 1526 1626 in
1549 1595 1652 1626 littera
1682 1595 1808 1627 dicitur.
1832 1613 1854 1620 -
1877 1596 1911 1628 Si
1933 1606 2010 1628 vero
2034 1597 2177 1628 secundo
2201 1597 2302 1628 modo
2323 1603 2406 1630 esset
2433 1603 2513 1646 pm

1434 1649 1523 1676 mea,
1548 1647 1624 1670 tunc
1648 1647 1793 1680 respectu
1823 1640 1887 1672 mei
1910 1648 1991 1672 esset
2019 1648 2141 1678 totum,
2166 1647 2197 1672 et
2226 1641 2356 1673 haberet
2386 1643 2511 1678 tantum

1433 1684 1592 1715 rationem
1615 1684 1712 1725 partis
1735 1691 1881 1726 respectu
1906 1685 2046 1727 partium
2069 1685 2256 1717 alienarum.
2281 1685 2377 1718 Verbi
2393 1686 2510 1728 gratia&

1435 1737 1510 1760 cum
1540 1728 1696 1760 hereditas
1729 1729 1880 1761 dividitur
1902 1730 1936 1760 in
1960 1730 2098 1767 multos,
2122 1740 2195 1771 pars
2224 1740 2297 1762 mea
2327 1738 2374 1762 est
2403 1737 2511 1763 totum

1434 1773 1524 1814 quod
1547 1773 1588 1804 ad
1611 1783 1663 1804 me
1686 1780 1820 1814 spectat;
1845 1780 1876 1805 et
1894 1781 1977 1806 esset
2000 1785 2072 1816 pars
2094 1781 2240 1816 respectu
2259 1775 2399 1807 otiorum
2420 1776 2511 1808 here-

1435 1818 1524 1850 dum.
1550 1817 1596 1848 Ita
1611 1817 1644 1848 in
1661 1818 1830 1858 proposito
1853 1818 1887 1850 in
1910 1819 1981 1850 Deo
2005 1826 2036 1851 et
2059 1819 2219 1852 universo.
2243 1819 2277 1851 Si
2295 1820 2384 1853 Deus
2402 1820 2512 1862 portio

1435 1872 1490 1893 seu
1515 1872 1587 1903 pars
1611 1872 1684 1894 mea
1707 1870 1768 1900 est,
1792 1863 1860 1904 ipse
1883 1869 1991 1895 totum
2021 1865 2146 1896 bonum
2170 1874 2280 1896 meum
2305 1872 2371 1896 est:
2401 1872 2513 1913 93³9:

1435 1914 1523 1938 catur
1547 1917 1619 1948 pars
1643 1915 1787 1948 respectu
1821 1907 1959 1939 aliorum
1990 1909 2153 1940 bonorum
2183 1919 2266 1951 quae
2291 1909 2329 1940 ab
2359 1909 2429 1943 aliis
2456 1919 2511 1952 ap-

1436 1958 1589 1992 petuntur
1620 1959 1650 1983 et
1684 1959 1891 1993 quaeruntur.
1923 1953 2017 1985 Unde
2045 1953 2132 1985 iuxta
2162 1963 2293 1985 sensum
2320 1953 2407 1992 hunc
2437 1953 2511 1999 scri·
2538 1954 2752 2006 :gn-:myag-

1436 2003 1529 2037 ptum
1546 2003 1607 2028 est:
1632 1997 1792 2028 Dominus
1801 2007 1885 2038 pars
1899 1997 2088 2029 hereditatis
2112 2007 2204 2030 meae
2217 1998 2250 2036 *;
2274 2004 2315 2036 et,
2339 1998 2423 2030 Pars
2439 1995 2515 2031 neda
2607 1987 2682 2010 ω’·
2703 2016 2705 2019 -
2745 1998 2752 2005 ’

2537 2008 2574 2031 2⁶.
2635 2022 2639 2037 ἰ
2681 2024 2698 2033 ,,

1436 2041 1575 2078 Deus*;
1601 2048 1640 2078 et,
1666 2041 1775 2073 Ponto
1799 2052 1871 2074 mea
1893 2043 2055 2074 Dominus
2069 2042 2113 2079 **,
2137 2049 2196 2075 etc.
2537 2034 2750 2085 {amnem

1100 2195 1421 2238 ARTlcutus
1451 2195 1724 2238 SEP‘rtMUs
2411 2161 2514 2231 Ἵζζζῖ,

445 2291 603 2324 UTRUM
626 2289 817 2322 Ei>1sco1²1
842 2287 1134 2320 MORTALITER
1156 2286 1358 2319 PECCENT
1382 2287 1418 2318 Sl
1441 2287 1562 2319 BONA
1583 2287 1924 2320 ECCLEsmsrrcA
1947 2289 2068 2327 QUAE
2090 2275 2372 2328 PiiocnRANT,
2391 2279 2405 2283 ”
2444 2319 2447 2325 ,

1062 2331 1328 2363 PAUPERIBUS
1351 2331 1444 2363 NON
1468 2331 1754 2364 LARG1ANTUR
2418 2335 2422 2338 ·

1265 2412 1363 2443 Quodl.
1386 2412 1426 2443 vl,
1446 2420 1491 2445 qu.
1510 2419 1556 2438 vu.

344 2528 494 2609 (9530
523 2549 693 2600 episcopi
721 2548 930 2587 mortaliter
957 2554 1120 2597 peccent
1147 2546 1178 2584 si
1197 2546 1301 2583 bona
1323 2558 1382 2584 ec-

329 2606 370 2654 )y‘·
425 2605 427 2607 ’
461 2590 730 2641 '‘clesiastica
758 2615 857 2651 quae
886 2608 1114 2650 procurant,
1148 2600 1381 2650 pauperibus

368 2684 371 2689 «
446 2669 457 2685 ν’
482 2651 602 2696 &non
621 2657 839 2706 largiantur.
859 2655 962 2694 Dicit
982 2654 1085 2693 enirn
1103 2653 1334 2692 Ambrosius
1348 2652 1380 2701 ²⁸,

311 2704 508 2761 exponens
528 2711 620 2749 illud
640 2712 733 2748 Luc.
754 2723 803 2748 xli
817 2709 849 2757 *‚
873 2725 892 2744 ‹
909 2708 1091 2746 Hominis
1110 2707 1306 2745 cuiusdam
1326 2708 1379 2744 di-

308 2765 392 2802 vitis
412 2765 544 2803 uberes
551 2766 708 2813 fructus
727 2775 824 2814 ager
842 2763 1014 2800 attulit»:
1034 2762 1162 2800 Nemo
1175 2761 1379 2810 proprium

309 2819 408 2855 dicat
426 2819 528 2867 quod
545 2824 599 2856 est
616 2830 835 2856 commune:
853 2817 942 2866 plus
961 2828 1076 2866 quam
1095 2815 1263 2864 stffficiat
1279 2827 1380 2852 sum-

303 2872 400 2920 ptui,
428 2872 611 2910 violenter
648 2873 843 2917 obtentum.
872 2876 936 2909 est.
976 2870 1025 2908 Et
1059 2876 1194 2919 postea
1230 2868 1378 2906 subdit:

308 2926 445 2974 Neque
472 2926 596 2963 minus
625 2932 680 2962 est
705 2925 873 2962 criminis
905 2923 1058 2961 habenti
1082 2922 1212 2961 tollere
1240 2933 1378 2972 quam,

309 2991 395 3016 cum
427 2980 549 3027 possis
585 2985 622 3017 et
656 2979 848 3024 abundas,
887 2978 1079 3028 denegare
1115 2976 1378 3027 indigentibus.

310 3033 387 3070 Sed
414 3033 602 3071 violenter
630 3033 761 3070 tollere
781 3031 949 3069 alienum
974 3038 1030 3068 est
1056 3037 1259 3080 peccatum
1276 3042 1380 3068 mor-

308 3087 394 3124 tale.
424 3087 526 3136 Ergo
556 3086 725 3136 episcopi
747 3084 956 3123 mortaliter
974 3091 1135 3134 peceant
1163 3083 1193 3122 si
1214 3096 1260 3122 ea
1278 3096 1379 3135 quae

310 3140 363 3176 eis
392 3148 607 3189 supersunt,
637 3139 869 3190 pauperibus
898 3150 978 3176 non
1005 3137 1222 3186 largiantur.

365 3206 398 3230 2.
421 3195 657 3242 PRAETEREA,
688 3193 806 3231 Isaiae
827 3205 875 3241 111,
905 3204 1021 3242 super
1049 3190 1141 3230 illud
1159 3190 1195 3234 ¹⁸³,
1225 3190 1379 3240 Rapina

305 3258 519 3296 pauperum
539 3248 576 3286 in
597 3248 709 3285 domo
728 3252 865 3293 vestra,
887 3245 975 3284 dicit
995 3245 1133 3284 Glossa
1146 3243 1166 3266 '¹‘
1190 3243 1379 3293 Hierony-

311 3300 363 3337 mi
392 3301 498 3349 quod
526 3302 629 3339 bona
657 3300 907 3340 ecclesiastica
933 3307 1022 3337 sunt
1043 3310 1273 3349 pauperum.
1301 3295 1378 3338 Sed

311 3353 544 3402 quicumque
573 3354 611 3392 id
641 3354 746 3403 quod
774 3361 830 3391 est
858 3352 1010 3392 alterius
1035 3351 1106 3391 sibi
1126 3359 1296 3390 reservat
1314 3359 1379 3391 aut

311 3406 392 3443 aliis
421 3407 495 3454 dat,
524 3415 658 3456 peccat
676 3406 885 3447 mortaliter
914 3414 950 3444 et
977 3414 1126 3444 tenetur
1155 3405 1204 3443 ad
1230 3405 1379 3444 restitu-

309 3459 465 3496 tionem.
494 3461 610 3508 Ergo,
641 3460 671 3497 si
693 3460 862 3509 episcopi
881 3460 984 3497 bona
1005 3458 1259 3496 ecclesiastica
1278 3470 1378 3508 quae

342 2513 354 2531 Ὗ

337 2541 348 2568 l

1434 2491 1489 2529 eis
1516 2491 1769 2540 superfluunt,
1799 2491 1870 2530 sibi
1904 2491 2090 2530 retineant
2118 2493 2180 2531 vel
2215 2493 2509 2543 consanguineis

1433 2546 1496 2582 vel
1526 2545 1656 2583 amicis
1685 2545 1901 2594 largiantur,
1931 2545 2084 2584 videtur
2111 2546 2218 2597 quod
2240 2554 2441 2587 teneantur
2459 2539 2513 2594 dd

1435 2606 1725 2637 restitutionem.
2508 2646 2509 2649 Ἴ

1491 2653 1525 2690 3.
1560 2653 1797 2702 PRAETEREA,
1832 2653 1954 2691 multo
1989 2652 2110 2702 magis
2143 2652 2278 2704 aliquis
2307 2654 2508 2714 pot'e'st'ffe

1434 2706 1548 2744 rebus
1578 2705 1761 2745 ecclesiae
1791 2718 1836 2744 ea
1865 2719 1964 2757 quae
1993 2715 2082 2745 sunt
2109 2705 2181 2744 sibi
2210 2706 2426 2757 necessaria
2444 2704 2506 2768 5²53.-

1435 2759 1581 2810 cipere,
1611 2773 1728 2810 quam
1756 2758 1951 2810 superflua
1981 2772 2224 2809 congregare.
2248 2761 2343 2807 ‚Sed
2371 2758 2507 2809 Hiero-

1434 2826 1575 2862 nymus
1604 2813 1704 2862 dicit,
1725 2814 1764 2851 in
1784 2813 1957 2864 Epistola
1984 2814 2037 2852 ad
2057 2814 2272 2863 Damasum
2299 2815 2446 2864 Papam
2457 2812 2506 2859 [*;
2535 2819 2616 2843 ·cm.
2634 2819 2748 2848 cmm„

1439 2867 1604 2906 Clericos
1623 2868 1705 2906 illos
1729 2868 1905 2906 convenit
1929 2867 2123 2906 Ecclesiae
2147 2867 2338 2917 stzpendizle
2364 2867 2514 2910 susten&
2533 2852 2598 2896 5²⁸3?
2620 2846 2631 2869 ¹
2662 2853 2703 2877 ‘¹¹¹'
2717 2853 2747 2874 ¹¹³

1433 2921 1509 2958 tari
1526 2922 1660 2971 quibus
1673 2926 1879 2971 parentum
1898 2926 1935 2959 et
1945 2921 2254 2973 propinquorum
2271 2925 2290 2943 ⁸
2317 2920 2413 2959 nulli
2427 2922 2507 2972 sns-
2533 2900 2747 2982 {QQ

1421 2975 1660 3026 fragantur:
1695 2975 1761 3025 qui
1785 2978 1912 3013 autem
1948 2975 2056 3013 bonis
2076 2975 2283 3025 parentum
2312 2979 2348 3012 et
2374 2975 2507 3026 opibus
2533 2979 2678 3034 Qppv-
2723 2986 2748 3014 9·

1431 3029 1635 3067 sustentari
1646 3033 1816 3078 possunt,
1831 3029 1868 3066 si
1882 3029 1986 3078 quod
1995 3039 2212 3078 pauperum
2232 3033 2288 3066 est
2303 3029 2506 3078 acapnum,
2631 3041 2683 3061 ι
2744 3043 2745 3046 =

1431 3082 1677 3134 sacrilegium
1705 3083 1916 3121 incurrunt.
1949 3081 2062 3121 Unde
2092 3089 2130 3120 et
2156 3081 2366 3131 Apostolus
2395 3081 2486 3134 dicit
2494 3079 2507 3133 ,'

1435 3137 1448 3173 1
1477 3137 1529 3174 ad
1560 3137 1700 3175 T1·m.v
1719 3136 1759 3174 *ι
1790 3136 1832 3174 Si
1857 3135 1940 3185 quis
1955 3135 2086 3184 fidelis
2113 3135 2226 3173 habet
2246 3135 2392 3183 viduas,
2420 3127 2514 3174 sub:
2533 3148 2545 3160 ·
2558 3146 2625 3170 va
2639 3147 2671 3170 ιο.

1433 3190 1619 3228 ministret
1644 3189 1734 3236 illis,
1770 3194 1807 3227 et
1837 3201 1912 3228 non
1937 3194 2126 3240 gravetur
2150 3187 2343 3226 Ecclesia:
2379 3194 2422 3227 ut
2447 3190 2507 3235 'his

1432 3255 1530 3292 quae
1547 3255 1637 3282 vere
1654 3242 1792 3290 viduae
1809 3247 1898 3280 sunt
1911 3241 2087 3291 sufficiat.
2113 3241 2218 3291 Ergo
2239 3242 2362 3281 multo
2382 3242 2505 3292 magis

1434 3297 1606 3348 episcopi
1641 3295 1852 3339 mortaliter.
1882 3303 2043 3345 peccant
2079 3294 2110 3334 si
2140 3308 2185 3334 ea
2218 3307 2318 3347 quae
2357 3295 2410 3342 eis
2442 3298 2512 3338 sues
2555 3342 2567 3346 .,
2587 3328 2591 3332 .
2667 3344 2670 3347 ¹

1431 3350 1625 3400 perfluunt
1651 3351 1699 3389 de
1727 3346 1839 3393 bonis
1869 3347 2141 3397 ecclesiasticis,
2171 3349 2407 3400 pauperibus
2426 3349 2513 3407 ¹¹⁹2

1432 3403 1652 3453 largiantur.
2351 3432 2354 3434 v
2483 3451 2497 3459 ¹¹

1487 3458 1562 3494 Si-:n
1583 3467 1730 3509 con-riui
1749 3466 1815 3492 EST
1839 3455 1944 3504 quod
1973 3455 2101 3504 plures
2131 3455 2302 3506 episcopi
2332 3468 2377 3494 ea
2405 3468 2504 3506 quae

365 3589 393 3625 α)
408 3590 662 3623 propinqum-um.-
681 3590 748 3615 bona
767 3590 865 3615 addunt
883 3590 937 3619 Ρας
956 3594 1017 3623 post
1036 3589 1129 3622 opibus
1147 3589 1186 3615 Pa
1202 3590 1301 3615 addunt
1315 3588 1445 3622 propriis,
1463 3593 1489 3613 et
1507 3592 1566 3613 ante
1585 3587 1734 3617 incurrunt,
1754 3587 1927 3613 committunt
1947 3590 1981 3613 et.
