2768 4198
75 825 84 831 ·
101 823 135 844 Cf.
158 829 196 849 qu.
222 827 287 843 cxi-1.

75 849 161 871 lim-od.

79 2067 87 2075 ’
96 2065 291 2092 Qu.1.vn¹,art.3.

82 2494 91 2503 ’
111 2492 146 2513 De
164 2490 295 2520 Affectibus.

85 2761 93 2768 ·
117 2759 163 2785 Qu.
186 2763 256 2779 vaul
263 2773 270 2783 ,

114 2792 142 2806 xv

262 3299 304 3374 :5²⁷5

323 313 393 349 138

902 306 1172 355 QUAESTIO
1204 306 1378 351 CXLIII,
1409 304 1708 342 ARTICULUS
1737 303 1931 341 UNICUS

462 541 877 622 QUAESTIO
919 532 2378 611 CENTESIMAQUADRAGESIMATERTIA

724 660 808 700 DE
850 655 1152 698 PARTIBUS
1186 654 1672 695 TEMPERANTIAE
1705 654 1766 694 IN
1801 655 2112 696 GENERALI

401 789 507 814 EINDE
546 772 868 812 considerandum
904 779 960 808 est
990 772 1036 808 de
1071 769 1240 819 partibus
1278 776 1374 808 tem-

319 789 591 879 Dperantiae
617 827 648 864 ²³².
680 828 728 863 Et
757 826 903 875 primo,
935 826 983 863 de
1014 824 1104 873 ipsis
1138 823 1307 872 partibus
1336 822 1375 859 in

1399 767 1402 856 Ι
1429 767 1612 816 generali;
1643 767 1828 814 secundo,
1851 767 1898 804 de
1927 767 2080 816 singulis
2101 781 2232 806 earum
2253 769 2292 806 in
2321 767 2473 818 speciali
2488 767 2519 803 ²³².
2550 770 2714 818 ’Qu-Qv-

1134 933 1457 976 ARTICULUS
1488 931 1707 975 UNICUS

714 1030 870 1061 UTRUM
895 1027 1241 1060 CONVENIENTER
1264 1026 1569 1058 AssmNENTUR
1591 1026 1759 1057 PARTES
1783 1025 2128 1056 TEMPERANTIAE

1141 1106 1171 1131 111
1192 1106 1281 1134 Sent..
1301 1105 1362 1131 dist.
1383 1113 1469 1135 xxxm,
1483 1113 1529 1138 qu.
1548 1113 1586 1135 111,
1606 1111 1653 1130 arr.
1674 1112 1698 1130 α.

368 1243 374 1250 ι
435 1241 438 1246 .
466 1223 504 1268 ἐς(
530 1211 552 1236 D
581 1210 718 1235 PRIMUM
748 1210 801 1235 stc
831 1208 1072 1234 pnoeemrurz.
1102 1196 1263 1233 Videtur
1287 1196 1392 1244 quod

364 1251 390 1273 ‘⁴
445 1243 699 1315 ξἰ’ΤυΙΙίυε,
734 1251 771 1288 in
810 1264 882 1288 sua
913 1251 1117 1288 Rhetorica
1139 1249 1179 1297 ³⁸,
1210 1249 1392 1286 inconve-

485 1352 519 1396 Χ
532 1372 625 1408 quas
641 1358 730 1396 dicit
746 1371 828 1395 esse
845 1357 1125 1403 continentiam,
1142 1356 1392 1401 clementiam,

317 1413 550 1451 modestiam.
582 1412 827 1450 Continentia
857 1411 959 1448 enim
985 1418 1118 1448 contra
1137 1410 1318 1447 virtutem
1340 1409 1394 1446 di-

284 1482 289 1501 ;
316 1468 469 1513 viditur,
491 1467 527 1503 in
548 1467 617 1503 VII
646 1466 767 1503 Ethic.
789 1465 809 1487 '³‘
839 1466 914 1503 Sed
945 1464 1196 1513 temperantia
1227 1463 1395 1501 contine-

232 1509 291 1577 ‚1a'f
316 1529 377 1558 tur
405 1521 475 1558 sub
515 1520 664 1557 virtute.
705 1520 807 1568 Ergo
837 1519 1070 1556 continentia
1107 1530 1186 1555 non
1225 1524 1280 1554 est
1308 1529 1395 1566 pars

243 1582 287 1604 ‘s-
317 1574 603 1623 temperantiae.

374 1641 407 1665 2.
440 1629 683 1674 PRAETEREA,
715 1626 916 1664 clementia
944 1625 1097 1663 videtur
1135 1637 1216 1662 esse
1250 1624 1396 1672 mitiga-

317 1681 395 1719 tiva
424 1681 500 1718 odii
529 1682 592 1718 vel
628 1681 716 1718 irae.
748 1679 1024 1729 Temperantia
1059 1687 1187 1716 autem
1227 1690 1305 1715 non
1341 1685 1397 1715 est
1423 1707 1425 1713 ,

318 1735 416 1772 circa
436 1734 671 1780 huiusmodi,
693 1734 760 1771 sed
790 1734 888 1771 circa
909 1732 1180 1771 delectationes
1201 1739 1335 1779 tactus,
1355 1739 1398 1768 ut

213 1803 228 1823 ι,
249 1803 289 1818 ar·
319 1789 463 1826 dictum
493 1796 550 1825 est
567 1788 599 1826 ⁹¹².
630 1789 733 1836 Ergo
764 1787 964 1824 clementia
995 1799 1073 1824 non
1103 1794 1159 1824 est
1187 1798 1275 1835 pars
1303 1794 1397 1822 tem-

318 1851 524 1892 perantiae.

375 1898 409 1933 3.
439 1897 683 1941 PRAETEREA,
714 1896 903 1932 modestia
942 1893 1110 1932 consistit
1138 1893 1176 1931 in
1205 1892 1398 1931 exteriori-

320 1950 390 1986 bus
411 1950 577 1987 actibus:
598 1949 702 1986 unde
723 1957 760 1986 et
778 1950 988 1998 Apostolus
1010 1947 1110 1994 dicit,
1130 1947 1289 1996 Philipp.
1307 1958 1343 1984 tv
1357 1945 1397 1983 *z

318 2004 509 2040 Modestia
536 2009 661 2040 vestra
681 2008 770 2040 nota
798 2003 846 2039 sit
872 2003 1046 2040 omnibus
1064 2001 1290 2039 hominibus.
1321 2000 1398 2037 Sed

319 2065 424 2094 actus
454 2057 657 2094 exteriores
685 2064 772 2093 sunt
798 2057 955 2093 materia
983 2055 1156 2102 iustitiae,
1176 2062 1219 2092 ut
1247 2066 1361 2103 supra
1380 2053 1400 2075 ’¹‘

319 2111 493 2148 habiturn
514 2118 580 2147 est.
612 2111 715 2158 Ergo
745 2110 935 2147 modestia
960 2109 1081 2158 magis
1111 2116 1167 2146 est
1186 2120 1274 2158 pars
1299 2107 1400 2145 iusti-

319 2164 393 2201 tiae
422 2177 539 2212 quam
567 2164 854 2213 temperantiae.

373 2230 410 2264 4.
433 2219 668 2264 PRAETEREA,
687 2217 921 2261 Macrobius,
949 2228 1063 2264 super
1092 2216 1291 2253 Somnium
1322 2215 1400 2252 Sci-

79 2276 293 2303 ·1‹ib-1·eap·vn·-
315 2271 442 2320 pionis
460 2271 492 2317 ²¹⁸,
513 2271 621 2320 ponit
649 2271 769 2306 multo
798 2270 927 2319 plures
947 2269 1222 2318 temperantiae
1251 2276 1399 2316 partes:

323 2324 413 2362 dicit
433 2325 534 2361 enim
565 2324 669 2372 quod
693 2322 988 2372 temperantiam
1009 2322 1179 2370 sequitur
1207 2321 1400 2366 modestia,

322 2378 562 2424 verecundia,
584 2378 818 2422 abstinentia,
836 2376 998 2422 castitas,
1019 2377 1205 2421 honestas,
1226 2375 1400 2412 modera-

323 2432 384 2478 tio,
395 2432 577 2480 parcitas,
593 2431 787 2476 sobrietas,
805 2430 999 2479 pudicitia.
1021 2428 1265 2467 Andronicus
1286 2428 1401 2465 etiam

324 2485 455 2523 dicit*
485 2485 589 2534 quod
619 2484 824 2521 familiares
860 2483 1133 2532 temperantiae
1167 2490 1254 2519 sunt
1281 2487 1402 2519 auste-

324 2540 427 2584 ritas,
458 2539 698 2584 continentia,
727 2537 935 2582 humilitas,
964 2537 1202 2585 simplicitas,
1233 2541 1402 2581 ornatus,

324 2594 423 2629 bona
453 2592 653 2637 ordinatio,
668 2603 742 2640 per
769 2603 808 2628 se
835 2591 1073 2639 sufficientia.
1103 2589 1264 2626 Videtur
1293 2588 1404 2637 igitur

324 2646 596 2683 insufficienter
638 2645 787 2682 Tullius
836 2656 1081 2681 enumerasse
1131 2642 1403 2692 temperantiae

324 2708 462 2749 partes.

380 2755 606 2791 Respoumzo
630 2764 816 2790 monimum
840 2752 957 2801 quod,
975 2751 1070 2788 sicut
1090 2762 1205 2800 supra
1219 2749 1239 2771 '¹‘
1259 2749 1402 2787 dictum

327 2817 392 2854 est,
415 2806 573 2844 alicuius
591 2807 740 2844 virtutis
761 2805 961 2843 cardinalis
982 2804 1145 2854 triplices
1174 2811 1301 2853 partes
1321 2815 1402 2840 esse

325 2868 503 2911 possunt:
535 2860 674 2897 scilicet
702 2860 913 2907 integrales,
944 2858 1176 2895 subiectivae
1206 2865 1242 2894 et
1269 2864 1403 2906 poten-

325 2915 441 2952 tiales.
473 2914 521 2951 Et
550 2913 726 2951 dicuntur
754 2920 880 2963 partes
910 2913 1109 2961 integrales
1143 2910 1301 2948 alicuius
1329 2910 1403 2947 vir-

326 2969 413 3006 tutis
443 2967 681 3005 conditiones
710 2980 805 3016 quas
835 2979 992 3003 necesse
1022 2974 1079 3003 est
1107 2977 1334 3002 concurrere
1355 2964 1403 3002 ad

326 3022 519 3059 virtutem.
542 3022 591 3058 Et
605 3022 819 3058 secundum
839 3021 926 3066 hoc,
944 3027 1030 3057 sunt
1051 3019 1150 3056 duae
1170 3026 1297 3067 partes
1313 3018 1404 3055 inte-

327 3077 447 3124 grales
467 3075 759 3124 temperantiae:
786 3074 929 3111 scilicet
947 3073 1186 3119 verecundia,
1203 3084 1272 3121 per
1286 3084 1403 3120 quarn

328 3129 461 3178 aliquis
490 3128 625 3177 refugit
653 3128 927 3178 turpitudinem
952 3125 1228 3175 temperantiae
1258 3132 1405 3162 contra-

330 3183 443 3229 riam3
476 3190 510 3219 et
529 3183 715 3228 honestas,
736 3194 805 3231 per
828 3193 945 3230 quam
976 3180 1115 3218 scilieet
1141 3179 1275 3228 aliquis
1304 3186 1407 3216 amat

330 3236 651 3285 pulchritudinem
690 3234 978 3284 temperantiae.
1018 3234 1121 3271 Nam
1152 3233 1248 3270 sicut
1277 3245 1323 3270 ex
1352 3232 1405 3270 di-

332 3289 398 3326 ctis
417 3289 437 3311 ’¹‘
465 3298 579 3338 patet,
605 3289 809 3338 praecipue
839 3287 1090 3337 temperantia
1125 3287 1221 3324 inter
1250 3286 1407 3324 virtutes

331 3342 498 3380 vindicat
523 3343 591 3380 sibi
613 3344 808 3392 quendam
832 3342 1027 3388 decorem,
1049 3349 1084 3378 et
1103 3341 1193 3378 vitia
1222 3340 1408 3390 intempe-

333 3395 475 3433 rantiae
504 3396 670 3433 maxime
700 3396 972 3445 turpitudinem
1003 3395 1158 3432 habent.

387 3450 517 3486 Partes
546 3457 674 3486 autem
704 3448 936 3486 subiectivae
958 3453 974 3470 ²
1003 3448 1158 3485 alicuius
1177 3446 1324 3485 virtutis
1354 3445 1407 3483 di-

1449 1202 1584 1231 cuntur
1611 1193 1759 1243 species
1789 1194 1881 1231 eius.
1912 1194 2077 1243 Oportet
2104 1201 2232 1231 autem
2269 1193 2526 1231 diversificare

1419 1241 1421 1298 ζ
1449 1248 1595 1297 species
1622 1245 1844 1284 virtutum?
1873 1249 2086 1285 secundum
2118 1247 2378 1284 diversitatem
2409 1255 2527 1285 mate-

442 1328 446 1330 >
475 1312 501 1355 (2-
531 1306 677 1343 nienter
720 1305 885 1353 assignet
932 1312 1058 1353 partes
1096 1302 1391 1352 temperantiae,
1420 1299 1421 1307 ¹

1449 1301 1526 1338 riae
1554 1301 1618 1338 vel
1638 1301 1788 1338 obiecti.
1819 1301 1887 1338 Est
1915 1309 2045 1338 autem
2065 1301 2316 1350 temperantia
2339 1300 2438 1338 circa
2462 1301 2527 1339 de-

1449 1355 1669 1392 lectationes
1689 1362 1822 1402 tactuS,
1844 1367 1942 1404 quae
1963 1354 2185 1392 dividuntur
2212 1354 2251 1392 in
2277 1354 2354 1392 duo
2374 1366 2526 1404 genera.

1450 1409 1555 1446 Nam
1585 1410 1775 1457 quaedam
1815 1408 2040 1446 ordinantur
2068 1409 2117 1445 ad
2146 1408 2434 1446 nutrimentum.
2479 1409 2528 1452 Et

1450 1462 1489 1499 in
1516 1462 1587 1510 his,
1609 1470 1794 1512 quantum
1815 1462 1865 1499 ad
1895 1462 2037 1510 cibum,
2060 1470 2115 1499 est
2134 1462 2357 1499 abstinentia
2365 1475 2379 1507 ;
2408 1474 2528 1511 quan-

1450 1523 1532 1553 tum
1552 1524 1681 1553 autem
1702 1515 1751 1553 ad
1771 1523 1921 1565 potum,
1937 1513 2092 1565 proprie
2110 1516 2293 1553 sobrietas
2307 1515 2338 1553 ³¹⁸.
2355 1537 2379 1544 -
2400 1516 2529 1564 Quae-

1451 1569 1543 1607 dam
1561 1582 1657 1607 vero
1687 1569 1912 1607 ordinantur
1938 1570 1989 1607 ad
2016 1569 2097 1606 vim
2117 1569 2392 1618 generativam.
2422 1570 2473 1607 Et
2490 1569 2531 1607 in

1451 1623 1521 1670 his,
1542 1631 1728 1672 quantum
1749 1623 1799 1660 ad
1828 1623 2120 1660 delectationem
2142 1622 2391 1672 principalem
2411 1622 2532 1672 ipsius

1453 1677 1587 1724 coitus,
1608 1685 1664 1714 est
1683 1677 1854 1722 castitas;
1882 1684 2069 1726 quantum
2091 1684 2220 1714 autem
2241 1676 2290 1714 ad
2314 1676 2532 1714 delectatio-

1423 1775 1426 1783 ·
1453 1743 1522 1768 nes
1551 1730 1852 1778 circumstantes,
1873 1738 1965 1780 puta
1994 1742 2093 1780 quae
2122 1738 2211 1767 sunt
2239 1729 2278 1768 in
2306 1730 2457 1778 osculis,
2477 1738 2531 1768 ta·

1453 1784 1576 1821 ctibus
1605 1792 1642 1821 et
1669 1783 1921 1833 amplexibus,
1943 1784 2147 1822 attenditur
2167 1783 2364 1833 pudicitia.

1490 1839 1639 1877 ‚Partes
1659 1845 1788 1875 autem
1808 1837 2033 1887 potentiales
2053 1836 2210 1875 alicuius
2229 1837 2377 1875 virtutis
2395 1836 2533 1887 prinei-

1454 1891 1549 1941 palis
1578 1891 1755 1929 dicuntur
1781 1891 1940 1928 virtutes
1962 1890 2224 1938 secundariae,
2245 1903 2344 1939 quae
2368 1891 2531 1929 modum

1455 1957 1572 1994 quem
1606 1945 1825 1994 principalis
1859 1944 1979 1982 virtus
2017 1945 2198 1982 observat
2227 1944 2326 1981 circa
2363 1944 2531 1994 aliquam

1454 1999 1704 2049 principalem
1742 1998 1965 2046 materiam,
2000 1999 2167 2036 eundern
2195 2002 2212 2026 Υ
2249 1998 2458 2036 observant
2493 1997 2533 2040 in

1455 2052 1687 2102 quibusdam
1717 2052 1799 2090 aliis
1827 2052 2016 2099 materiis,
2045 2051 2083 2090 in
2113 2051 2252 2101 quibus
2289 2063 2369 2089 non
2397 2058 2454 2089 est
2482 2050 2533 2090 ita

1456 2106 1622 2144 difficile.
1653 2105 1820 2143 Pertinet
1848 2113 1977 2143 autem
2007 2105 2055 2143 ad
2084 2105 2379 2154 temperantiam
2398 2105 2534 2143 mode·

1427 2163 1429 2166 ”
1457 2160 1530 2198 rari
1564 2160 1836 2198 delectationes
1870 2167 2010 2207 tactus,
2041 2171 2136 2208 quas
2173 2158 2442 2196 difficillimum
2479 2167 2535 2197 est

1457 2213 1662 2251 moderari.
1700 2213 1814 2252 Unde
1849 2225 2119 2263 quaecumque
2151 2211 2273 2250 virtus
2302 2212 2534 2250 moderatio-

1457 2279 1547 2304 nem
1578 2267 1773 2315 quandam
1804 2275 1986 2315 operatur
2014 2267 2051 2303 in
2083 2266 2209 2315 aliqua
2237 2266 2397 2304 materia
2417 2273 2454 2303 et
2478 2278 2535 2304 re-

1457 2320 1711 2357 frenationem
1739 2320 1928 2368 appetitus
1957 2320 1994 2356 in
2024 2319 2167 2367 aliquid
2205 2320 2412 2366 tendentis,
2442 2319 2535 2368 poni

1456 2381 1582 2423 potest
1610 2385 1698 2422 pars
1727 2372 2003 2422 temperantiae
2033 2372 2128 2409 sicut
2146 2372 2267 2410 virtus
2287 2373 2320 2409 ei
2341 2372 2532 2410 adiuncta.

1458 2427 1576 2474 Quod
1600 2426 1759 2475 quidem
1790 2426 1973 2474 contingit
2000 2425 2211 2475 tripliciter:
2240 2438 2319 2463 uno
2341 2426 2474 2472 modo,
2495 2426 2534 2463 in

1457 2480 1699 2518 interioribus
1732 2480 1901 2517 motibus
1930 2479 2065 2525 animi;
2096 2479 2170 2516 alio
2200 2481 2334 2525 modo,
2364 2479 2403 2516 in
2433 2487 2534 2516 exte-

1457 2533 1620 2571 rioribus
1640 2533 1809 2570 motibus
1830 2541 1866 2570 et
1886 2533 2031 2570 actibus
2052 2534 2241 2582 corporis;
2272 2533 2380 2570 tertio
2401 2533 2534 2580 modo,

1458 2587 1496 2624 in
1517 2586 1766 2624 exterioribus
1787 2587 1912 2623 rebus.
1944 2587 2100 2625 Praeter
2124 2595 2273 2624 motum
2295 2593 2423 2623 autem
2444 2598 2535 2624 con—

1458 2640 1726 2690 cupiscentiae,
1747 2652 1865 2689 quem
1894 2640 2118 2678 moderatur
2140 2648 2177 2677 et
2196 2640 2360 2678 refrenat
2388 2647 2536 2689 tempe-

1459 2694 1592 2742 rantia,
1613 2702 1688 2731 tres
1708 2701 1836 2731 motus
1856 2693 2102 2731 inveniuntur
2122 2693 2160 2731 in
2180 2694 2309 2731 anima
2335 2693 2535 2731 tendentes

1459 2748 1496 2786 in
1526 2747 1680 2798 aliquid.
1714 2747 1865 2784 Primus
1901 2747 2057 2797 quidem
2088 2755 2145 2784 est
2171 2755 2300 2785 motus
2327 2746 2535 2784 voluntatis

1460 2809 1681 2839 commotae
1711 2813 1755 2838 ex
1776 2801 1922 2850 impetu
1950 2801 2158 2850 passionis:
2189 2810 2224 2838 et
2251 2801 2354 2838 hunc
2382 2808 2534 2838 motum

1459 2856 1623 2893 refrenat
1658 2855 1905 2902 continentia,
1937 2867 1980 2892 ex
2017 2867 2095 2903 qua
2128 2855 2171 2892 fit
2205 2862 2262 2901 ut,
2294 2854 2379 2892 licet
2412 2854 2535 2891 horno

1458 2908 1730 2947 immoderatas
1769 2908 2097 2958 concupiscentias
2134 2908 2318 2958 patiatur,
2357 2907 2536 2944 voluntas

1459 2971 1587 3001 tamen
1617 2975 1696 3000 non
1725 2961 1900 3000 vincitur.
1931 2961 2039 2999 Alius
2068 2970 2197 3000 autem
2227 2969 2356 2999 motus
2380 2960 2536 2998 interior

1460 3017 1497 3054 in
1527 3016 1671 3065 aliquid
1706 3016 1867 3054 tendens
1897 3023 1953 3053 est
1986 3023 2115 3053 motus
2150 3015 2242 3065 spei,
2274 3022 2310 3052 et
2338 3014 2535 3063 audaciae,

1459 3083 1559 3121 quae
1589 3070 1712 3119 ipsam
1743 3069 2008 3119 consequitur:
2040 3077 2076 3107 et
2094 3069 2197 3106 hunc
2226 3075 2376 3106 motum
2402 3067 2536 3105 mode-

1460 3132 1563 3161 ratur
1600 3123 1681 3161 sive
1710 3121 1724 3145 ⁶
1763 3123 1926 3160 refrenat
1967 3123 2169 3160 humilitas.
2213 3121 2367 3159 Tertius
2405 3129 2534 3159 autem

1462 3185 1590 3215 motus
1625 3184 1682 3215 est
1716 3177 1795 3214 irae
1830 3176 2019 3214 tendentis
2038 3181 2051 3198 ⁸
2086 3176 2124 3213 in
2157 3174 2386 3213 vindictam:
2417 3187 2535 3224 quern

1462 3232 1626 3269 refrenat
1645 3231 1893 3268 mansuetudo
1912 3229 1993 3267 sive
2013 3228 2221 3268 clementia.
2238 3250 2262 3256 -
2279 3228 2391 3266 Circa
2406 3236 2535 3266 motus

1462 3293 1591 3323 autem
1622 3293 1659 3322 et
1687 3292 1792 3322 actus
1827 3283 2046 3334 corporales
2078 3282 2386 3320 moderationem
2415 3290 2452 3319 et
2479 3294 2537 3319 re-

1462 3338 1716 3376 frenationem
1746 3338 1833 3375 facit
1860 3336 2052 3375 modestia.
2089 3336 2218 3383 Quam
2253 3335 2498 3373 Andronicus
2516 3334 2537 3358 ⁴¹
2565 3343 2726 3371 ἐιη-ω

1463 3393 1501 3430 ἰη
1527 3392 1596 3430 tria
1622 3391 1768 3429 dividit.
1798 3391 1860 3428 Ad
1890 3401 2058 3439 quorum
2086 3389 2256 3439 primum
2276 3389 2439 3439 pertinet
2463 3388 2536 3427 dis-

1464 3458 1620 3483 cernere
1649 3445 1742 3495 quid
1767 3444 1813 3482 sit
1831 3443 2049 3481 faciendum
2075 3451 2111 3480 et
2135 3443 2227 3492 quid
2253 3442 2534 3489 dimittendum,

388 3584 415 3614 α)
435 3581 604 3607 subiectivae.
616 3594 636 3600 —
653 3581 764 3606 subiecti
783 3581 863 3613 FlpB.

389 3617 414 3651 β)
435 3618 575 3643 virtutum.
587 3631 606 3636 -
625 3616 734 3642 virtutis
753 3617 827 3640 ΑΒΕ.

388 3655 414 3688 γ)
435 3653 557 3679 eundem.
569 3666 587 3672 -
606 3653 675 3678 idem
695 3652 798 3677 codices
818 3657 843 3676 et
862 3659 888 3677 a.

1515 3577 1540 3610 ὃ)
1560 3578 1626 3603 sive.
1642 3590 1662 3597 -
1679 3580 1706 3602 et
1724 3576 1800 3602 ΑΒΓ.

1516 3614 1538 3644 ε)
1558 3613 1700 3638 tendentis.
1714 3625 1732 3632 -
1751 3612 1861 3638 tendens
1881 3612 1953 3637 PGa.

2556 1524 2567 1535 ⁸
2580 1523 2608 1545 D.
2623 1527 2679 1552 ¹¹³⁰·
