<?xml version="1.0" encoding="UTF-8"?>
<!DOCTYPE html PUBLIC "-//W3C//DTD XHTML 1.0 Transitional//EN"
    "http://www.w3.org/TR/xhtml1/DTD/xhtml1-transitional.dtd">
<html xmlns="http://www.w3.org/1999/xhtml" xml:lang="en" lang="en">
 <head>
  <title>
</title>
<meta http-equiv="Content-Type" content="text/html;charset=utf-8" />
  <meta name='ocr-system' content='tesseract 3.04.00' />
  <meta name='ocr-capabilities' content='ocr_page ocr_carea ocr_par ocr_line ocrx_word'/>
</head>
<body>
  <div class='ocr_page' id='page_1' title='image "./operaomniaiussui10thom_0553.png"; bbox 0 0 2768 4198; ppageno 0'>
   <div class='ocr_carea' id='block_1_1' title="bbox 0 1330 30 2353">
    <p class='ocr_par' dir='ltr' id='par_1_1' title="bbox 0 1330 30 2353">
     <span class='ocr_line' id='line_1_1' title="bbox 0 1330 30 2353; baseline 0 0"><span class='ocrx_word' id='word_1_1' title='bbox 0 1330 30 2353; x_wconf 95' lang='lat' dir='ltr'> </span> 
     </span>
    </p>
   </div>
   <div class='ocr_carea' id='block_1_2' title="bbox 99 582 109 593">
    <p class='ocr_par' dir='ltr' id='par_1_2' title="bbox 99 582 109 593">
     <span class='ocr_line' id='line_1_2' title="bbox 99 582 109 593; baseline 0 0"><span class='ocrx_word' id='word_1_2' title='bbox 99 582 109 593; x_wconf 70' lang='grc' dir='ltr'><strong><em>ο</em></strong></span> 
     </span>
    </p>
   </div>
   <div class='ocr_carea' id='block_1_3' title="bbox 98 608 124 649">
    <p class='ocr_par' dir='ltr' id='par_1_3' title="bbox 98 608 124 649">
     <span class='ocr_line' id='line_1_3' title="bbox 98 608 124 649; baseline 0 -19"><span class='ocrx_word' id='word_1_3' title='bbox 98 608 124 649; x_wconf 65' lang='lat'>{32</span> 
     </span>
    </p>
   </div>
   <div class='ocr_carea' id='block_1_4' title="bbox 95 1040 116 1063">
    <p class='ocr_par' dir='ltr' id='par_1_4' title="bbox 95 1040 116 1063">
     <span class='ocr_line' id='line_1_4' title="bbox 95 1040 116 1063; baseline 0 0"><span class='ocrx_word' id='word_1_4' title='bbox 95 1040 116 1063; x_wconf 71' lang='lat'>⁸1</span> 
     </span>
    </p>
   </div>
   <div class='ocr_carea' id='block_1_5' title="bbox 118 582 311 609">
    <p class='ocr_par' dir='ltr' id='par_1_5' title="bbox 118 582 311 609">
     <span class='ocr_line' id='line_1_5' title="bbox 118 582 311 609; baseline -0.005 -6"><span class='ocrx_word' id='word_1_5' title='bbox 118 582 155 603; x_wconf 81' lang='lat' dir='ltr'>Ps.</span> <span class='ocrx_word' id='word_1_6' title='bbox 166 587 244 609; x_wconf 83' lang='lat' dir='ltr'>cxvm,</span> <span class='ocrx_word' id='word_1_7' title='bbox 251 586 311 603; x_wconf 70' lang='lat' dir='ltr'>vers.</span> 
     </span>
    </p>
   </div>
   <div class='ocr_carea' id='block_1_6' title="bbox 123 625 258 667">
    <p class='ocr_par' dir='ltr' id='par_1_6' title="bbox 123 625 258 667">
     <span class='ocr_line' id='line_1_6' title="bbox 123 625 258 667; baseline 0 -6"><span class='ocrx_word' id='word_1_8' title='bbox 123 625 180 661; x_wconf 80' lang='lat' dir='ltr'>ord.</span> <span class='ocrx_word' id='word_1_9' title='bbox 195 640 258 667; x_wconf 74' lang='lat' dir='ltr'>Aug.</span> 
     </span>
    </p>
   </div>
   <div class='ocr_carea' id='block_1_7' title="bbox 119 1013 309 1040">
    <p class='ocr_par' dir='ltr' id='par_1_7' title="bbox 119 1013 309 1040">
     <span class='ocr_line' id='line_1_7' title="bbox 119 1013 309 1040; baseline 0 -5"><span class='ocrx_word' id='word_1_10' title='bbox 119 1013 139 1036; x_wconf 84' lang='lat' dir='ltr'>E</span> <span class='ocrx_word' id='word_1_11' title='bbox 156 1013 194 1035; x_wconf 72' lang='lat' dir='ltr'>ist.</span> <span class='ocrx_word' id='word_1_12' title='bbox 214 1013 309 1040; x_wconf 76' lang='lat' dir='ltr'>CXXV,</span> 
     </span>
    </p>
   </div>
   <div class='ocr_carea' id='block_1_8' title="bbox 93 1810 224 1835">
    <p class='ocr_par' dir='ltr' id='par_1_8' title="bbox 93 1810 224 1835">
     <span class='ocr_line' id='line_1_8' title="bbox 93 1810 224 1835; baseline 0 -1"><span class='ocrx_word' id='word_1_13' title='bbox 93 1812 105 1824; x_wconf 85' lang='lat'><strong>·</strong></span> <span class='ocrx_word' id='word_1_14' title='bbox 118 1810 186 1835; x_wconf 69' lang='lat' dir='ltr'>Vtru-</span> <span class='ocrx_word' id='word_1_15' title='bbox 201 1810 224 1834; x_wconf 83' lang='lat'>6.</span> 
     </span>
    </p>
   </div>
   <div class='ocr_carea' id='block_1_9' title="bbox 94 2774 233 2802">
    <p class='ocr_par' dir='ltr' id='par_1_9' title="bbox 94 2774 233 2802">
     <span class='ocr_line' id='line_1_9' title="bbox 94 2774 233 2802; baseline -0.007 -6"><span class='ocrx_word' id='word_1_16' title='bbox 94 2775 108 2787; x_wconf 65' lang='lat'><strong><em>⁴</em></strong></span> <span class='ocrx_word' id='word_1_17' title='bbox 119 2774 187 2797; x_wconf 72' lang='lat' dir='ltr'>Vm.</span> <span class='ocrx_word' id='word_1_18' title='bbox 202 2780 233 2802; x_wconf 88' lang='lat'>¹7·</span> 
     </span>
    </p>
   </div>
   <div class='ocr_carea' id='block_1_10' title="bbox 95 2938 309 2966">
    <p class='ocr_par' dir='ltr' id='par_1_10' title="bbox 95 2938 309 2966">
     <span class='ocr_line' id='line_1_10' title="bbox 95 2938 309 2966; baseline -0.005 -6"><span class='ocrx_word' id='word_1_19' title='bbox 95 2938 108 2951; x_wconf 79' lang='lat'>⁸</span> <span class='ocrx_word' id='word_1_20' title='bbox 120 2938 178 2966; x_wconf 76' lang='lat' dir='ltr'>Cap.</span> <span class='ocrx_word' id='word_1_21' title='bbox 199 2944 217 2965; x_wconf 85' lang='lat'>1,</span> <span class='ocrx_word' id='word_1_22' title='bbox 232 2943 258 2965; x_wconf 86' lang='grc' dir='ltr'>ιι,</span> <span class='ocrx_word' id='word_1_23' title='bbox 273 2944 309 2960; x_wconf 82' lang='lat'>111.</span> 
     </span>
    </p>
   </div>
   <div class='ocr_carea' id='block_1_11' title="bbox 99 3095 236 3124">
    <p class='ocr_par' dir='ltr' id='par_1_11' title="bbox 99 3095 236 3124">
     <span class='ocr_line' id='line_1_11' title="bbox 99 3095 236 3124; baseline 0.007 -7"><span class='ocrx_word' id='word_1_24' title='bbox 99 3097 108 3107; x_wconf 83' lang='lat'>⁸</span> <span class='ocrx_word' id='word_1_25' title='bbox 123 3095 190 3118; x_wconf 76' lang='lat' dir='ltr'>Vm.</span> <span class='ocrx_word' id='word_1_26' title='bbox 205 3101 236 3124; x_wconf 80' lang='lat'>²5·</span> 
     </span>
    </p>
   </div>
   <div class='ocr_carea' id='block_1_12' title="bbox 102 3569 315 3618">
    <p class='ocr_par' dir='ltr' id='par_1_12' title="bbox 102 3569 315 3618">
     <span class='ocr_line' id='line_1_12' title="bbox 102 3569 315 3598; baseline 0.005 -7"><span class='ocrx_word' id='word_1_27' title='bbox 102 3569 174 3591; x_wconf 80' lang='lat' dir='ltr'>⁸Loc.</span> <span class='ocrx_word' id='word_1_28' title='bbox 182 3569 219 3592; x_wconf 88' lang='lat' dir='ltr'>cit.</span> <span class='ocrx_word' id='word_1_29' title='bbox 226 3570 249 3592; x_wconf 85' lang='lat' dir='ltr'>in</span> <span class='ocrx_word' id='word_1_30' title='bbox 258 3575 315 3598; x_wconf 62' lang='lat' dir='ltr'>arg„</span> 
     </span>
     <span class='ocr_line' id='line_1_13' title="bbox 102 3596 199 3618; baseline 0.01 -1"><span class='ocrx_word' id='word_1_31' title='bbox 102 3602 161 3618; x_wconf 78' lang='lat' dir='ltr'>ven.</span> <span class='ocrx_word' id='word_1_32' title='bbox 176 3596 199 3618; x_wconf 87' lang='lat'>6.</span> 
     </span>
    </p>
   </div>
   <div class='ocr_carea' id='block_1_13' title="bbox 955 285 1925 334">
    <p class='ocr_par' dir='ltr' id='par_1_13' title="bbox 955 285 1925 334">
     <span class='ocr_line' id='line_1_14' title="bbox 955 285 1925 334; baseline 0.006 -10"><span class='ocrx_word' id='word_1_33' title='bbox 955 288 1223 334; x_wconf 91' lang='lat' dir='ltr'>QUAESTlO</span> <span class='ocrx_word' id='word_1_34' title='bbox 1254 285 1518 333; x_wconf 89' lang='lat' dir='ltr'>CLXXXVII,</span> <span class='ocrx_word' id='word_1_35' title='bbox 1549 289 1846 329; x_wconf 88' lang='lat' dir='ltr'>ARTICULUS</span> <span class='ocrx_word' id='word_1_36' title='bbox 1877 294 1925 329; x_wconf 92' lang='lat' dir='ltr'>Ill</span> 
     </span>
    </p>
   </div>
   <div class='ocr_carea' id='block_1_14' title="bbox 339 364 1411 735">
    <p class='ocr_par' dir='ltr' id='par_1_14' title="bbox 339 364 1411 735">
     <span class='ocr_line' id='line_1_15' title="bbox 341 364 1409 414; baseline 0.002 -13"><span class='ocrx_word' id='word_1_37' title='bbox 341 364 398 401; x_wconf 93' lang='lat' dir='ltr'>dis</span> <span class='ocrx_word' id='word_1_38' title='bbox 431 372 556 414; x_wconf 88' lang='lat' dir='ltr'>potest</span> <span class='ocrx_word' id='word_1_39' title='bbox 583 366 645 403; x_wconf 91' lang='lat' dir='ltr'>vel</span> <span class='ocrx_word' id='word_1_40' title='bbox 682 378 769 403; x_wconf 89' lang='lat' dir='ltr'>caro</span> <span class='ocrx_word' id='word_1_41' title='bbox 805 366 1011 413; x_wconf 85' lang='lat' dir='ltr'>macerari,</span> <span class='ocrx_word' id='word_1_42' title='bbox 1050 368 1111 403; x_wconf 91' lang='lat' dir='ltr'>vel</span> <span class='ocrx_word' id='word_1_43' title='bbox 1149 367 1260 403; x_wconf 88' lang='lat' dir='ltr'>etiam</span> <span class='ocrx_word' id='word_1_44' title='bbox 1291 366 1409 402; x_wconf 87' lang='lat' dir='ltr'>otium</span> 
     </span>
     <span class='ocr_line' id='line_1_16' title="bbox 339 418 1409 468; baseline 0.002 -14"><span class='ocrx_word' id='word_1_45' title='bbox 339 418 430 465; x_wconf 87' lang='lat' dir='ltr'>tolli,</span> <span class='ocrx_word' id='word_1_46' title='bbox 461 431 579 467; x_wconf 90' lang='lat' dir='ltr'>quam</span> <span class='ocrx_word' id='word_1_47' title='bbox 609 432 678 468; x_wconf 91' lang='lat' dir='ltr'>per</span> <span class='ocrx_word' id='word_1_48' title='bbox 706 432 804 468; x_wconf 93' lang='lat' dir='ltr'>opus</span> <span class='ocrx_word' id='word_1_49' title='bbox 834 420 1024 457; x_wconf 85' lang='lat' dir='ltr'>manuale.</span> <span class='ocrx_word' id='word_1_50' title='bbox 1061 421 1278 457; x_wconf 88' lang='lat' dir='ltr'>Maceratur</span> <span class='ocrx_word' id='word_1_51' title='bbox 1307 420 1409 456; x_wconf 91' lang='lat' dir='ltr'>enim</span> 
     </span>
     <span class='ocr_line' id='line_1_17' title="bbox 340 472 1410 522; baseline 0.002 -14"><span class='ocrx_word' id='word_1_52' title='bbox 340 484 429 509; x_wconf 94' lang='lat' dir='ltr'>caro</span> <span class='ocrx_word' id='word_1_53' title='bbox 458 484 527 521; x_wconf 91' lang='lat' dir='ltr'>per</span> <span class='ocrx_word' id='word_1_54' title='bbox 554 473 692 509; x_wconf 89' lang='lat' dir='ltr'>ieiunia</span> <span class='ocrx_word' id='word_1_55' title='bbox 722 480 758 509; x_wconf 89' lang='lat' dir='ltr'>et</span> <span class='ocrx_word' id='word_1_56' title='bbox 776 472 931 520; x_wconf 89' lang='lat' dir='ltr'>vigilias.</span> <span class='ocrx_word' id='word_1_57' title='bbox 963 474 1009 510; x_wconf 91' lang='lat' dir='ltr'>Et</span> <span class='ocrx_word' id='word_1_58' title='bbox 1034 473 1154 510; x_wconf 89' lang='lat' dir='ltr'>otium</span> <span class='ocrx_word' id='word_1_59' title='bbox 1174 475 1315 510; x_wconf 89' lang='lat' dir='ltr'>tollitur</span> <span class='ocrx_word' id='word_1_60' title='bbox 1342 486 1410 522; x_wconf 90' lang='lat' dir='ltr'>per</span> 
     </span>
     <span class='ocr_line' id='line_1_18' title="bbox 340 526 1409 575; baseline 0.002 -14"><span class='ocrx_word' id='word_1_61' title='bbox 340 526 605 562; x_wconf 88' lang='lat' dir='ltr'>meditationes</span> <span class='ocrx_word' id='word_1_62' title='bbox 638 534 854 562; x_wconf 90' lang='lat' dir='ltr'>sanctarum</span> <span class='ocrx_word' id='word_1_63' title='bbox 895 527 1174 575; x_wconf 89' lang='lat' dir='ltr'>Scripturarum</span> <span class='ocrx_word' id='word_1_64' title='bbox 1209 535 1244 564; x_wconf 92' lang='lat' dir='ltr'>et</span> <span class='ocrx_word' id='word_1_65' title='bbox 1278 527 1409 564; x_wconf 86' lang='lat' dir='ltr'>laudes</span> 
     </span>
     <span class='ocr_line' id='line_1_19' title="bbox 340 579 1411 630; baseline 0.002 -16"><span class='ocrx_word' id='word_1_66' title='bbox 340 579 506 615; x_wconf 89' lang='lat' dir='ltr'>divinas:</span> <span class='ocrx_word' id='word_1_67' title='bbox 536 579 640 615; x_wconf 89' lang='lat' dir='ltr'>unde</span> <span class='ocrx_word' id='word_1_68' title='bbox 676 591 792 627; x_wconf 90' lang='lat' dir='ltr'>super</span> <span class='ocrx_word' id='word_1_69' title='bbox 825 580 915 616; x_wconf 92' lang='lat' dir='ltr'>illud</span> <span class='ocrx_word' id='word_1_70' title='bbox 944 581 1084 617; x_wconf 86' lang='lat' dir='ltr'>Psalmi</span> <span class='ocrx_word' id='word_1_71' title='bbox 1110 580 1149 626; x_wconf 69' lang='lat'>²⁸,</span> <span class='ocrx_word' id='word_1_72' title='bbox 1179 582 1411 630; x_wconf 73' lang='lat' dir='ltr'>Defecerunt</span> 
     </span>
     <span class='ocr_line' id='line_1_20' title="bbox 340 632 1406 680; baseline 0.002 -12"><span class='ocrx_word' id='word_1_73' title='bbox 340 632 442 668; x_wconf 89' lang='lat' dir='ltr'>oculi</span> <span class='ocrx_word' id='word_1_74' title='bbox 467 633 544 668; x_wconf 90' lang='lat' dir='ltr'>mei</span> <span class='ocrx_word' id='word_1_75' title='bbox 569 632 606 668; x_wconf 90' lang='lat' dir='ltr'>in</span> <span class='ocrx_word' id='word_1_76' title='bbox 628 632 817 680; x_wconf 87' lang='lat' dir='ltr'>eloquium</span> <span class='ocrx_word' id='word_1_77' title='bbox 843 639 960 679; x_wconf 89' lang='lat' dir='ltr'>tuum,</span> <span class='ocrx_word' id='word_1_78' title='bbox 983 634 1070 671; x_wconf 91' lang='lat' dir='ltr'>dicit</span> <span class='ocrx_word' id='word_1_79' title='bbox 1091 634 1227 671; x_wconf 90' lang='lat' dir='ltr'>Glossa</span> <span class='ocrx_word' id='word_1_80' title='bbox 1247 634 1287 670; x_wconf 76' lang='lat' dir='ltr'>*z</span> <span class='ocrx_word' id='word_1_81' title='bbox 1315 634 1406 670; x_wconf 90' lang='lat' dir='ltr'>Non</span> 
     </span>
     <span class='ocr_line' id='line_1_21' title="bbox 339 685 1408 735; baseline 0.002 -14"><span class='ocrx_word' id='word_1_82' title='bbox 339 691 394 721; x_wconf 91' lang='lat' dir='ltr'>est</span> <span class='ocrx_word' id='word_1_83' title='bbox 411 685 550 721; x_wconf 85' lang='lat' dir='ltr'>otiosus</span> <span class='ocrx_word' id='word_1_84' title='bbox 569 685 636 733; x_wconf 85' lang='lat' dir='ltr'>qui</span> <span class='ocrx_word' id='word_1_85' title='bbox 652 687 768 722; x_wconf 75' lang='lat' dir='ltr'>verbo</span> <span class='ocrx_word' id='word_1_86' title='bbox 787 687 863 723; x_wconf 90' lang='lat' dir='ltr'>Dei</span> <span class='ocrx_word' id='word_1_87' title='bbox 880 693 1023 724; x_wconf 89' lang='lat' dir='ltr'>tantum</span> <span class='ocrx_word' id='word_1_88' title='bbox 1042 688 1179 724; x_wconf 88' lang='lat' dir='ltr'>studet:</span> <span class='ocrx_word' id='word_1_89' title='bbox 1204 699 1273 724; x_wconf 91' lang='lat' dir='ltr'>nec</span> <span class='ocrx_word' id='word_1_90' title='bbox 1285 687 1408 735; x_wconf 88' lang='lat' dir='ltr'>pluris</span> 
     </span>
    </p>
   </div>
   <div class='ocr_carea' id='block_1_15' title="bbox 336 739 1435 842">
    <p class='ocr_par' dir='ltr' id='par_1_15' title="bbox 336 739 1435 842">
     <span class='ocr_line' id='line_1_22' title="bbox 338 739 1435 789; baseline 0.003 -16"><span class='ocrx_word' id='word_1_91' title='bbox 338 743 393 774; x_wconf 88' lang='lat' dir='ltr'>est</span> <span class='ocrx_word' id='word_1_92' title='bbox 418 739 484 785; x_wconf 85' lang='lat' dir='ltr'>qui</span> <span class='ocrx_word' id='word_1_93' title='bbox 510 744 620 775; x_wconf 89' lang='lat' dir='ltr'>extra</span> <span class='ocrx_word' id='word_1_94' title='bbox 649 745 828 787; x_wconf 85' lang='lat' dir='ltr'><em>operatur</em></span> <span class='ocrx_word' id='word_1_95' title='bbox 855 752 969 788; x_wconf 86' lang='lat' dir='ltr'>quam</span> <span class='ocrx_word' id='word_1_96' title='bbox 999 741 1065 789; x_wconf 91' lang='lat' dir='ltr'>qui</span> <span class='ocrx_word' id='word_1_97' title='bbox 1083 741 1246 778; x_wconf 84' lang='lat' dir='ltr'>studium</span> <span class='ocrx_word' id='word_1_98' title='bbox 1266 752 1407 789; x_wconf 83' lang='lat' dir='ltr'>cogno·</span> <span class='ocrx_word' id='word_1_99' title='bbox 1433 742 1435 770; x_wconf 69' lang='lat' dir='ltr'>l</span> 
     </span>
     <span class='ocr_line' id='line_1_23' title="bbox 336 791 1434 842; baseline 0.003 -15"><span class='ocrx_word' id='word_1_100' title='bbox 336 791 497 827; x_wconf 88' lang='lat' dir='ltr'>scendae</span> <span class='ocrx_word' id='word_1_101' title='bbox 532 792 698 829; x_wconf 77' lang='lat' dir='ltr'>veritatis</span> <span class='ocrx_word' id='word_1_102' title='bbox 735 800 895 830; x_wconf 87' lang='lat' dir='ltr'><strong><em>exercet.</em></strong></span> <span class='ocrx_word' id='word_1_103' title='bbox 935 795 983 830; x_wconf 90' lang='lat' dir='ltr'>Et</span> <span class='ocrx_word' id='word_1_104' title='bbox 1020 794 1107 831; x_wconf 92' lang='lat' dir='ltr'>ideo</span> <span class='ocrx_word' id='word_1_105' title='bbox 1146 802 1302 842; x_wconf 90' lang='lat' dir='ltr'>propter</span> <span class='ocrx_word' id='word_1_106' title='bbox 1339 794 1406 830; x_wconf 89' lang='lat' dir='ltr'>has</span> <span class='ocrx_word' id='word_1_107' title='bbox 1432 795 1434 831; x_wconf 67' lang='grc' dir='ltr'><strong>ἑ</strong></span> 
     </span>
    </p>
   </div>
   <div class='ocr_carea' id='block_1_16' title="bbox 339 845 1405 896">
    <p class='ocr_par' dir='ltr' id='par_1_16' title="bbox 339 845 1405 896">
     <span class='ocr_line' id='line_1_24' title="bbox 339 845 1405 896; baseline 0.004 -17"><span class='ocrx_word' id='word_1_108' title='bbox 339 856 473 880; x_wconf 87' lang='lat' dir='ltr'>causas</span> <span class='ocrx_word' id='word_1_109' title='bbox 502 845 666 893; x_wconf 85' lang='lat' dir='ltr'>religiosi</span> <span class='ocrx_word' id='word_1_110' title='bbox 687 859 766 883; x_wconf 91' lang='lat' dir='ltr'>non</span> <span class='ocrx_word' id='word_1_111' title='bbox 786 854 961 884; x_wconf 90' lang='lat' dir='ltr'>tenentur</span> <span class='ocrx_word' id='word_1_112' title='bbox 988 848 1038 884; x_wconf 90' lang='lat' dir='ltr'>ad</span> <span class='ocrx_word' id='word_1_113' title='bbox 1063 859 1180 896; x_wconf 90' lang='lat' dir='ltr'>opera</span> <span class='ocrx_word' id='word_1_114' title='bbox 1200 847 1405 894; x_wconf 81' lang='lat' dir='ltr'>manualia,</span> 
     </span>
    </p>
   </div>
   <div class='ocr_carea' id='block_1_17' title="bbox 335 951 1408 1215">
    <p class='ocr_par' dir='ltr' id='par_1_17' title="bbox 335 951 1408 1215">
     <span class='ocr_line' id='line_1_25' title="bbox 337 951 1406 1002; baseline 0.002 -15"><span class='ocrx_word' id='word_1_115' title='bbox 337 959 417 988; x_wconf 92' lang='lat' dir='ltr'>tuta</span> <span class='ocrx_word' id='word_1_116' title='bbox 454 951 511 988; x_wconf 90' lang='lat' dir='ltr'>sui</span> <span class='ocrx_word' id='word_1_117' title='bbox 550 953 693 990; x_wconf 89' lang='lat' dir='ltr'>ordinis</span> <span class='ocrx_word' id='word_1_118' title='bbox 732 953 966 1001; x_wconf 89' lang='lat' dir='ltr'>obligentur;</span> <span class='ocrx_word' id='word_1_119' title='bbox 1010 954 1105 990; x_wconf 91' lang='lat' dir='ltr'>sicut</span> <span class='ocrx_word' id='word_1_120' title='bbox 1144 954 1406 1002; x_wconf 88' lang='lat' dir='ltr'>Hieronymus</span> 
     </span>
     <span class='ocr_line' id='line_1_26' title="bbox 338 1004 1406 1054; baseline 0.003 -13"><span class='ocrx_word' id='word_1_121' title='bbox 338 1004 438 1051; x_wconf 90' lang='lat' dir='ltr'>dicit,</span> <span class='ocrx_word' id='word_1_122' title='bbox 459 1005 496 1041; x_wconf 90' lang='lat' dir='ltr'>in</span> <span class='ocrx_word' id='word_1_123' title='bbox 517 1005 690 1054; x_wconf 88' lang='lat' dir='ltr'>Epistola</span> <span class='ocrx_word' id='word_1_124' title='bbox 717 1008 770 1044; x_wconf 86' lang='lat' dir='ltr'>ad</span> <span class='ocrx_word' id='word_1_125' title='bbox 794 1008 991 1044; x_wconf 85' lang='lat' dir='ltr'>Rusticum</span> <span class='ocrx_word' id='word_1_126' title='bbox 1010 1008 1247 1044; x_wconf 86' lang='lat' dir='ltr'>Monachum</span> <span class='ocrx_word' id='word_1_127' title='bbox 1273 1006 1313 1043; x_wconf 73' lang='lat' dir='ltr'>*t</span> <span class='ocrx_word' id='word_1_128' title='bbox 1333 1007 1406 1043; x_wconf 81' lang='lat' dir='ltr'>Ae-</span> 
     </span>
     <span class='ocr_line' id='line_1_27' title="bbox 335 1059 1408 1108; baseline 0.002 -13"><span class='ocrx_word' id='word_1_129' title='bbox 335 1059 558 1108; x_wconf 74' lang='lat' dir='ltr'>gyptiorum</span> <span class='ocrx_word' id='word_1_130' title='bbox 597 1061 825 1097; x_wconf 88' lang='lat' dir='ltr'>monasteria</span> <span class='ocrx_word' id='word_1_131' title='bbox 861 1062 963 1097; x_wconf 88' lang='lat' dir='ltr'>hunc</span> <span class='ocrx_word' id='word_1_132' title='bbox 999 1066 1123 1097; x_wconf 90' lang='lat' dir='ltr'>tenent</span> <span class='ocrx_word' id='word_1_133' title='bbox 1158 1072 1324 1105; x_wconf 90' lang='lat' dir='ltr'>morem,</span> <span class='ocrx_word' id='word_1_134' title='bbox 1369 1066 1408 1096; x_wconf 86' lang='lat' dir='ltr'>ut</span> 
     </span>
     <span class='ocr_line' id='line_1_28' title="bbox 337 1112 1405 1162; baseline 0.002 -14"><span class='ocrx_word' id='word_1_135' title='bbox 337 1112 483 1149; x_wconf 91' lang='lat' dir='ltr'>nullum</span> <span class='ocrx_word' id='word_1_136' title='bbox 511 1113 652 1161; x_wconf 84' lang='lat' dir='ltr'>absque</span> <span class='ocrx_word' id='word_1_137' title='bbox 679 1126 792 1162; x_wconf 90' lang='lat' dir='ltr'>opere</span> <span class='ocrx_word' id='word_1_138' title='bbox 819 1119 887 1150; x_wconf 89' lang='lat' dir='ltr'>aut</span> <span class='ocrx_word' id='word_1_139' title='bbox 916 1114 1047 1150; x_wconf 84' lang='lat' dir='ltr'>labore</span> <span class='ocrx_word' id='word_1_140' title='bbox 1072 1114 1295 1162; x_wconf 81' lang='lat' dir='ltr'>suscipiant:</span> <span class='ocrx_word' id='word_1_141' title='bbox 1330 1125 1405 1150; x_wconf 91' lang='lat' dir='ltr'>non</span> 
     </span>
     <span class='ocr_line' id='line_1_29' title="bbox 336 1166 1407 1215; baseline 0 -13"><span class='ocrx_word' id='word_1_142' title='bbox 336 1171 414 1202; x_wconf 86' lang='lat' dir='ltr'>tam</span> <span class='ocrx_word' id='word_1_143' title='bbox 428 1171 587 1214; x_wconf 90' lang='lat' dir='ltr'>propter</span> <span class='ocrx_word' id='word_1_144' title='bbox 604 1166 724 1204; x_wconf 78' lang='lat' dir='ltr'>victus</span> <span class='ocrx_word' id='word_1_145' title='bbox 742 1168 994 1204; x_wconf 87' lang='lat' dir='ltr'>necessitatem</span> <span class='ocrx_word' id='word_1_146' title='bbox 1023 1179 1137 1215; x_wconf 88' lang='lat' dir='ltr'>quam</span> <span class='ocrx_word' id='word_1_147' title='bbox 1152 1172 1310 1215; x_wconf 90' lang='lat' dir='ltr'>propter</span> <span class='ocrx_word' id='word_1_148' title='bbox 1328 1167 1407 1203; x_wconf 88' lang='lat' dir='ltr'>ani-</span> 
     </span>
    </p>
   </div>
   <div class='ocr_carea' id='block_1_18' title="bbox 336 1219 1433 1270">
    <p class='ocr_par' dir='ltr' id='par_1_18' title="bbox 336 1219 1433 1270">
     <span class='ocr_line' id='line_1_30' title="bbox 336 1219 1433 1270; baseline 0 -14"><span class='ocrx_word' id='word_1_149' title='bbox 336 1231 424 1256; x_wconf 88' lang='lat' dir='ltr'>mae</span> <span class='ocrx_word' id='word_1_150' title='bbox 449 1219 628 1266; x_wconf 85' lang='lat' dir='ltr'>salutem,</span> <span class='ocrx_word' id='word_1_151' title='bbox 663 1233 711 1257; x_wconf 90' lang='lat' dir='ltr'>ne</span> <span class='ocrx_word' id='word_1_152' title='bbox 742 1226 933 1270; x_wconf 80' lang='lat' dir='ltr'>vagentur</span> <span class='ocrx_word' id='word_1_153' title='bbox 962 1220 1186 1269; x_wconf 86' lang='lat' dir='ltr'>perniciosis</span> <span class='ocrx_word' id='word_1_154' title='bbox 1213 1220 1406 1269; x_wconf 86' lang='lat' dir='ltr'>cogitatio·</span> <span class='ocrx_word' id='word_1_155' title='bbox 1431 1226 1433 1234; x_wconf 92' lang='lat'>&#39;</span> 
     </span>
    </p>
   </div>
   <div class='ocr_carea' id='block_1_19' title="bbox 336 1273 497 1319">
    <p class='ocr_par' dir='ltr' id='par_1_19' title="bbox 336 1273 497 1319">
     <span class='ocr_line' id='line_1_31' title="bbox 336 1273 497 1319; baseline 0.019 -9"><span class='ocrx_word' id='word_1_156' title='bbox 336 1273 497 1319; x_wconf 21' lang='lat' dir='ltr'>nibus&amp;</span> 
     </span>
    </p>
   </div>
   <div class='ocr_carea' id='block_1_20' title="bbox 325 1319 1406 1376">
    <p class='ocr_par' dir='ltr' id='par_1_20' title="bbox 325 1319 1406 1376">
     <span class='ocr_line' id='line_1_32' title="bbox 325 1319 1406 1376; baseline -0.002 -13"><span class='ocrx_word' id='word_1_157' title='bbox 325 1319 622 1375; x_wconf 58' lang='lat' dir='ltr'>&#39;‘&#39;Tffquanmm</span> <span class='ocrx_word' id='word_1_158' title='bbox 657 1338 751 1364; x_wconf 89' lang='lat' dir='ltr'>vero</span> <span class='ocrx_word' id='word_1_159' title='bbox 791 1339 888 1376; x_wconf 92' lang='lat' dir='ltr'>opus</span> <span class='ocrx_word' id='word_1_160' title='bbox 921 1327 1099 1363; x_wconf 88' lang='lat' dir='ltr'>manuale</span> <span class='ocrx_word' id='word_1_161' title='bbox 1133 1326 1330 1364; x_wconf 90' lang='lat' dir='ltr'>ordinatur</span> <span class='ocrx_word' id='word_1_162' title='bbox 1359 1325 1406 1362; x_wconf 93' lang='lat' dir='ltr'>ad</span> 
     </span>
    </p>
   </div>
   <div class='ocr_carea' id='block_1_21' title="bbox 333 1378 1412 3563">
    <p class='ocr_par' dir='ltr' id='par_1_21' title="bbox 333 1378 1409 1696">
     <span class='ocr_line' id='line_1_33' title="bbox 337 1378 1406 1428; baseline -0.003 -12"><span class='ocrx_word' id='word_1_163' title='bbox 337 1379 602 1428; x_wconf 89' lang='lat' dir='ltr'>eleemosynas</span> <span class='ocrx_word' id='word_1_164' title='bbox 630 1380 835 1427; x_wconf 88' lang='lat' dir='ltr'>faciendas,</span> <span class='ocrx_word' id='word_1_165' title='bbox 866 1393 945 1418; x_wconf 91' lang='lat' dir='ltr'>non</span> <span class='ocrx_word' id='word_1_166' title='bbox 973 1380 1073 1417; x_wconf 91' lang='lat' dir='ltr'>cadit</span> <span class='ocrx_word' id='word_1_167' title='bbox 1091 1380 1163 1416; x_wconf 90' lang='lat' dir='ltr'>sub</span> <span class='ocrx_word' id='word_1_168' title='bbox 1183 1378 1406 1416; x_wconf 88' lang='lat' dir='ltr'>necessitate</span> 
     </span>
     <span class='ocr_line' id='line_1_34' title="bbox 334 1433 1408 1482; baseline -0.003 -12"><span class='ocrx_word' id='word_1_169' title='bbox 334 1433 548 1482; x_wconf 84' lang='lat' dir='ltr'>praecepti:</span> <span class='ocrx_word' id='word_1_170' title='bbox 588 1433 658 1470; x_wconf 88' lang='lat' dir='ltr'>nisi</span> <span class='ocrx_word' id='word_1_171' title='bbox 696 1434 792 1470; x_wconf 88' lang='lat' dir='ltr'>forte</span> <span class='ocrx_word' id='word_1_172' title='bbox 826 1434 865 1470; x_wconf 93' lang='lat' dir='ltr'>in</span> <span class='ocrx_word' id='word_1_173' title='bbox 897 1433 1025 1482; x_wconf 91' lang='lat' dir='ltr'>aliquo</span> <span class='ocrx_word' id='word_1_174' title='bbox 1059 1445 1150 1470; x_wconf 91' lang='lat' dir='ltr'>casu</span> <span class='ocrx_word' id='word_1_175' title='bbox 1187 1433 1225 1469; x_wconf 91' lang='lat' dir='ltr'>in</span> <span class='ocrx_word' id='word_1_176' title='bbox 1255 1444 1333 1480; x_wconf 92' lang='lat' dir='ltr'>quo</span> <span class='ocrx_word' id='word_1_177' title='bbox 1363 1443 1408 1467; x_wconf 85' lang='lat' dir='ltr'>ex</span> 
     </span>
     <span class='ocr_line' id='line_1_35' title="bbox 335 1486 1407 1536; baseline -0.003 -13"><span class='ocrx_word' id='word_1_178' title='bbox 335 1486 561 1523; x_wconf 88' lang='lat' dir='ltr'>necessitate</span> <span class='ocrx_word' id='word_1_179' title='bbox 589 1487 724 1536; x_wconf 91' lang='lat' dir='ltr'>aliquis</span> <span class='ocrx_word' id='word_1_180' title='bbox 754 1488 1022 1535; x_wconf 88' lang='lat' dir='ltr'>eleemosynas</span> <span class='ocrx_word' id='word_1_181' title='bbox 1051 1487 1175 1523; x_wconf 88' lang='lat' dir='ltr'>facere</span> <span class='ocrx_word' id='word_1_182' title='bbox 1204 1491 1407 1531; x_wconf 89' lang='lat' dir='ltr'>teneretur,</span> 
     </span>
     <span class='ocr_line' id='line_1_36' title="bbox 337 1537 1409 1589; baseline -0.002 -13"><span class='ocrx_word' id='word_1_183' title='bbox 337 1547 373 1576; x_wconf 89' lang='lat' dir='ltr'>et</span> <span class='ocrx_word' id='word_1_184' title='bbox 401 1551 480 1577; x_wconf 91' lang='lat' dir='ltr'>non</span> <span class='ocrx_word' id='word_1_185' title='bbox 508 1547 640 1589; x_wconf 91' lang='lat' dir='ltr'>posset</span> <span class='ocrx_word' id='word_1_186' title='bbox 668 1541 760 1576; x_wconf 92' lang='lat' dir='ltr'>alias</span> <span class='ocrx_word' id='word_1_187' title='bbox 778 1540 922 1576; x_wconf 91' lang='lat' dir='ltr'>habere</span> <span class='ocrx_word' id='word_1_188' title='bbox 945 1539 1045 1576; x_wconf 92' lang='lat' dir='ltr'>unde</span> <span class='ocrx_word' id='word_1_189' title='bbox 1065 1539 1300 1589; x_wconf 86' lang='lat' dir='ltr'>pauperibus</span> <span class='ocrx_word' id='word_1_190' title='bbox 1321 1537 1409 1574; x_wconf 92' lang='lat' dir='ltr'>sub-</span> 
     </span>
     <span class='ocr_line' id='line_1_37' title="bbox 333 1590 1409 1642; baseline -0.002 -12"><span class='ocrx_word' id='word_1_191' title='bbox 333 1593 494 1630; x_wconf 88' lang='lat' dir='ltr'>veniret.</span> <span class='ocrx_word' id='word_1_192' title='bbox 534 1594 577 1630; x_wconf 93' lang='lat' dir='ltr'>In</span> <span class='ocrx_word' id='word_1_193' title='bbox 605 1605 682 1642; x_wconf 93' lang='lat' dir='ltr'>quo</span> <span class='ocrx_word' id='word_1_194' title='bbox 713 1605 804 1630; x_wconf 89' lang='lat' dir='ltr'>casu</span> <span class='ocrx_word' id='word_1_195' title='bbox 841 1593 1098 1642; x_wconf 87' lang='lat' dir='ltr'>obligarentur</span> <span class='ocrx_word' id='word_1_196' title='bbox 1125 1593 1297 1630; x_wconf 90' lang='lat' dir='ltr'>similiter</span> <span class='ocrx_word' id='word_1_197' title='bbox 1327 1590 1409 1629; x_wconf 90' lang='lat' dir='ltr'>reli-</span> 
     </span>
     <span class='ocr_line' id='line_1_38' title="bbox 335 1645 1407 1696; baseline -0.001 -13"><span class='ocrx_word' id='word_1_198' title='bbox 335 1646 431 1695; x_wconf 87' lang='lat' dir='ltr'>giosi</span> <span class='ocrx_word' id='word_1_199' title='bbox 452 1654 488 1684; x_wconf 94' lang='lat' dir='ltr'>et</span> <span class='ocrx_word' id='word_1_200' title='bbox 507 1647 722 1684; x_wconf 88' lang='lat' dir='ltr'>saeculares</span> <span class='ocrx_word' id='word_1_201' title='bbox 747 1646 796 1683; x_wconf 89' lang='lat' dir='ltr'>ad</span> <span class='ocrx_word' id='word_1_202' title='bbox 817 1658 936 1695; x_wconf 89' lang='lat' dir='ltr'>opera</span> <span class='ocrx_word' id='word_1_203' title='bbox 955 1647 1149 1684; x_wconf 87' lang='lat' dir='ltr'>manualia</span> <span class='ocrx_word' id='word_1_204' title='bbox 1169 1645 1407 1696; x_wconf 87' lang='lat' dir='ltr'>exequenda.</span> 
     </span>
    </p>

    <p class='ocr_par' dir='ltr' id='par_1_22' title="bbox 334 1701 1412 2392">
     <span class='ocr_line' id='line_1_39' title="bbox 388 1701 1410 1749; baseline -0.001 -13"><span class='ocrx_word' id='word_1_205' title='bbox 388 1702 448 1737; x_wconf 78' lang='lat' dir='ltr'>An</span> <span class='ocrx_word' id='word_1_206' title='bbox 477 1711 615 1737; x_wconf 81' lang='lat' dir='ltr'><strong>PRIMUM</strong></span> <span class='ocrx_word' id='word_1_207' title='bbox 645 1711 744 1737; x_wconf 80' lang='lat' dir='ltr'>ERGO</span> <span class='ocrx_word' id='word_1_208' title='bbox 773 1711 959 1737; x_wconf 81' lang='lat' dir='ltr'>DICENDUM</span> <span class='ocrx_word' id='word_1_209' title='bbox 993 1701 1097 1749; x_wconf 91' lang='lat' dir='ltr'>quod</span> <span class='ocrx_word' id='word_1_210' title='bbox 1136 1701 1226 1738; x_wconf 91' lang='lat' dir='ltr'>illud</span> <span class='ocrx_word' id='word_1_211' title='bbox 1254 1711 1410 1749; x_wconf 89' lang='lat' dir='ltr'>praece-</span> 
     </span>
     <span class='ocr_line' id='line_1_40' title="bbox 334 1753 1408 1803; baseline -0.002 -12"><span class='ocrx_word' id='word_1_212' title='bbox 334 1761 445 1803; x_wconf 87' lang='lat' dir='ltr'>ptum</span> <span class='ocrx_word' id='word_1_213' title='bbox 475 1754 582 1803; x_wconf 92' lang='lat' dir='ltr'>quod</span> <span class='ocrx_word' id='word_1_214' title='bbox 611 1753 659 1789; x_wconf 89' lang='lat' dir='ltr'>ab</span> <span class='ocrx_word' id='word_1_215' title='bbox 688 1754 877 1802; x_wconf 90' lang='lat' dir='ltr'>Apostolo</span> <span class='ocrx_word' id='word_1_216' title='bbox 907 1754 1144 1803; x_wconf 87' lang='lat' dir='ltr'>proponitur,</span> <span class='ocrx_word' id='word_1_217' title='bbox 1175 1762 1232 1790; x_wconf 91' lang='lat' dir='ltr'>est</span> <span class='ocrx_word' id='word_1_218' title='bbox 1261 1754 1308 1790; x_wconf 92' lang='lat' dir='ltr'>de</span> <span class='ocrx_word' id='word_1_219' title='bbox 1328 1753 1408 1790; x_wconf 91' lang='lat' dir='ltr'>iure</span> 
     </span>
     <span class='ocr_line' id='line_1_41' title="bbox 334 1806 1412 1855; baseline -0.001 -10"><span class='ocrx_word' id='word_1_220' title='bbox 334 1807 508 1845; x_wconf 89' lang='lat' dir='ltr'>naturali.</span> <span class='ocrx_word' id='word_1_221' title='bbox 539 1807 652 1844; x_wconf 91' lang='lat' dir='ltr'>Unde</span> <span class='ocrx_word' id='word_1_222' title='bbox 681 1818 797 1855; x_wconf 90' lang='lat' dir='ltr'>super</span> <span class='ocrx_word' id='word_1_223' title='bbox 825 1807 917 1844; x_wconf 91' lang='lat' dir='ltr'>illud</span> <span class='ocrx_word' id='word_1_224' title='bbox 947 1808 977 1843; x_wconf 94' lang='lat' dir='ltr'>II</span> <span class='ocrx_word' id='word_1_225' title='bbox 1007 1807 1060 1844; x_wconf 88' lang='lat' dir='ltr'>ad</span> <span class='ocrx_word' id='word_1_226' title='bbox 1089 1809 1213 1844; x_wconf 79' lang='lat' dir='ltr'>leess.</span> <span class='ocrx_word' id='word_1_227' title='bbox 1236 1819 1271 1844; x_wconf 87' lang='lat'>111</span> <span class='ocrx_word' id='word_1_228' title='bbox 1291 1806 1326 1854; x_wconf 78' lang='grc'>*,</span> <span class='ocrx_word' id='word_1_229' title='bbox 1362 1808 1412 1844; x_wconf 91' lang='lat' dir='ltr'>Ut</span> 
     </span>
     <span class='ocr_line' id='line_1_42' title="bbox 334 1861 1408 1908; baseline -0.001 -10"><span class='ocrx_word' id='word_1_230' title='bbox 334 1861 563 1899; x_wconf 84' lang='lat' dir='ltr'>subtrahatis</span> <span class='ocrx_word' id='word_1_231' title='bbox 590 1871 658 1897; x_wconf 72' lang='lat' dir='ltr'>vos</span> <span class='ocrx_word' id='word_1_232' title='bbox 685 1861 734 1897; x_wconf 87' lang='lat' dir='ltr'>ab</span> <span class='ocrx_word' id='word_1_233' title='bbox 762 1861 869 1897; x_wconf 91' lang='lat' dir='ltr'>omni</span> <span class='ocrx_word' id='word_1_234' title='bbox 887 1861 1014 1908; x_wconf 86' lang='lat' dir='ltr'>fratre</span> <span class='ocrx_word' id='word_1_235' title='bbox 1041 1861 1252 1898; x_wconf 87' lang='lat' dir='ltr'>inordinate</span> <span class='ocrx_word' id='word_1_236' title='bbox 1276 1861 1408 1898; x_wconf 85' lang='lat' dir='ltr'>ambu-</span> 
     </span>
     <span class='ocr_line' id='line_1_43' title="bbox 334 1913 1408 1962; baseline -0.001 -11"><span class='ocrx_word' id='word_1_237' title='bbox 334 1914 455 1960; x_wconf 89' lang='lat' dir='ltr'>lante,</span> <span class='ocrx_word' id='word_1_238' title='bbox 486 1914 575 1952; x_wconf 89' lang='lat' dir='ltr'>dicit</span> <span class='ocrx_word' id='word_1_239' title='bbox 604 1913 742 1950; x_wconf 92' lang='lat' dir='ltr'>Glossa</span> <span class='ocrx_word' id='word_1_240' title='bbox 761 1913 801 1950; x_wconf 78' lang='lat' dir='ltr'>*z</span> <span class='ocrx_word' id='word_1_241' title='bbox 839 1914 949 1950; x_wconf 90' lang='lat' dir='ltr'>aliter</span> <span class='ocrx_word' id='word_1_242' title='bbox 983 1926 1097 1962; x_wconf 87' lang='lat' dir='ltr'>quam</span> <span class='ocrx_word' id='word_1_243' title='bbox 1126 1915 1219 1951; x_wconf 88' lang='lat' dir='ltr'>ordo</span> <span class='ocrx_word' id='word_1_244' title='bbox 1248 1920 1408 1951; x_wconf 85' lang='lat' dir='ltr'>naturae</span> 
     </span>
     <span class='ocr_line' id='line_1_44' title="bbox 335 1966 1407 2018; baseline 0 -14"><span class='ocrx_word' id='word_1_245' title='bbox 335 1968 471 2018; x_wconf 84' lang='lat' dir='ltr'>exigit:</span> <span class='ocrx_word' id='word_1_246' title='bbox 510 1966 679 2016; x_wconf 89' lang='lat' dir='ltr'>loquitur</span> <span class='ocrx_word' id='word_1_247' title='bbox 706 1974 835 2003; x_wconf 90' lang='lat' dir='ltr'>autem</span> <span class='ocrx_word' id='word_1_248' title='bbox 865 1967 916 2003; x_wconf 90' lang='lat' dir='ltr'>ibi</span> <span class='ocrx_word' id='word_1_249' title='bbox 946 1967 993 2004; x_wconf 91' lang='lat' dir='ltr'>de</span> <span class='ocrx_word' id='word_1_250' title='bbox 1021 1967 1079 2004; x_wconf 93' lang='lat' dir='ltr'>his</span> <span class='ocrx_word' id='word_1_251' title='bbox 1117 1967 1182 2016; x_wconf 91' lang='lat' dir='ltr'>qui</span> <span class='ocrx_word' id='word_1_252' title='bbox 1211 1968 1260 2004; x_wconf 90' lang='lat' dir='ltr'>ab</span> <span class='ocrx_word' id='word_1_253' title='bbox 1289 1979 1407 2017; x_wconf 89' lang='lat' dir='ltr'>opere</span> 
     </span>
     <span class='ocr_line' id='line_1_45' title="bbox 335 2020 1407 2058; baseline 0 0"><span class='ocrx_word' id='word_1_254' title='bbox 335 2021 504 2058; x_wconf 84' lang='lat' dir='ltr'>manuali</span> <span class='ocrx_word' id='word_1_255' title='bbox 535 2021 735 2058; x_wconf 88' lang='lat' dir='ltr'>cessabant</span> <span class='ocrx_word' id='word_1_256' title='bbox 752 2020 784 2057; x_wconf 70' lang='lat'>²¹⁸.</span> <span class='ocrx_word' id='word_1_257' title='bbox 805 2021 916 2058; x_wconf 89' lang='lat' dir='ltr'>Unde</span> <span class='ocrx_word' id='word_1_258' title='bbox 947 2027 983 2057; x_wconf 88' lang='lat' dir='ltr'>et</span> <span class='ocrx_word' id='word_1_259' title='bbox 1011 2028 1146 2058; x_wconf 90' lang='lat' dir='ltr'>natura</span> <span class='ocrx_word' id='word_1_260' title='bbox 1175 2033 1313 2058; x_wconf 84' lang='lat' dir='ltr'>manus</span> <span class='ocrx_word' id='word_1_261' title='bbox 1341 2022 1407 2058; x_wconf 94' lang='lat' dir='ltr'>ho-</span> 
     </span>
     <span class='ocr_line' id='line_1_46' title="bbox 335 2074 1406 2122; baseline -0.001 -10"><span class='ocrx_word' id='word_1_262' title='bbox 335 2074 430 2112; x_wconf 90' lang='lat' dir='ltr'>mini</span> <span class='ocrx_word' id='word_1_263' title='bbox 451 2075 555 2112; x_wconf 88' lang='lat' dir='ltr'>dedit</span> <span class='ocrx_word' id='word_1_264' title='bbox 573 2075 660 2111; x_wconf 94' lang='lat' dir='ltr'>loco</span> <span class='ocrx_word' id='word_1_265' title='bbox 682 2086 880 2112; x_wconf 90' lang='lat' dir='ltr'>armorum</span> <span class='ocrx_word' id='word_1_266' title='bbox 902 2082 938 2111; x_wconf 91' lang='lat' dir='ltr'>et</span> <span class='ocrx_word' id='word_1_267' title='bbox 961 2082 1284 2122; x_wconf 82' lang='lat' dir='ltr'>tegumentorum,</span> <span class='ocrx_word' id='word_1_268' title='bbox 1306 2087 1406 2122; x_wconf 91' lang='lat' dir='ltr'>quae</span> 
     </span>
     <span class='ocr_line' id='line_1_47' title="bbox 335 2127 1407 2177; baseline -0.001 -11"><span class='ocrx_word' id='word_1_269' title='bbox 335 2129 416 2166; x_wconf 88' lang='lat' dir='ltr'>aliis</span> <span class='ocrx_word' id='word_1_270' title='bbox 437 2128 666 2166; x_wconf 89' lang='lat' dir='ltr'>animalibus</span> <span class='ocrx_word' id='word_1_271' title='bbox 685 2127 832 2165; x_wconf 88' lang='lat' dir='ltr'>tribuit:</span> <span class='ocrx_word' id='word_1_272' title='bbox 853 2136 895 2165; x_wconf 91' lang='lat' dir='ltr'>ut</span> <span class='ocrx_word' id='word_1_273' title='bbox 914 2128 1054 2165; x_wconf 87' lang='lat' dir='ltr'>scilicet</span> <span class='ocrx_word' id='word_1_274' title='bbox 1074 2140 1142 2177; x_wconf 91' lang='lat' dir='ltr'>per</span> <span class='ocrx_word' id='word_1_275' title='bbox 1158 2141 1296 2166; x_wconf 91' lang='lat' dir='ltr'>manus</span> <span class='ocrx_word' id='word_1_276' title='bbox 1311 2128 1407 2165; x_wconf 89' lang='lat' dir='ltr'>haec</span> 
     </span>
     <span class='ocr_line' id='line_1_48' title="bbox 335 2181 1407 2231; baseline 0 -12"><span class='ocrx_word' id='word_1_277' title='bbox 335 2190 373 2220; x_wconf 88' lang='lat' dir='ltr'>et</span> <span class='ocrx_word' id='word_1_278' title='bbox 401 2181 533 2219; x_wconf 78' lang='lat' dir='ltr'>omnIa</span> <span class='ocrx_word' id='word_1_279' title='bbox 561 2188 568 2203; x_wconf 85' lang='lat'>‘</span> <span class='ocrx_word' id='word_1_280' title='bbox 597 2183 812 2218; x_wconf 90' lang='lat' dir='ltr'>necessaria</span> <span class='ocrx_word' id='word_1_281' title='bbox 841 2181 1080 2230; x_wconf 90' lang='lat' dir='ltr'>conquirant.</span> <span class='ocrx_word' id='word_1_282' title='bbox 1109 2182 1168 2218; x_wconf 87' lang='lat' dir='ltr'>Ex</span> <span class='ocrx_word' id='word_1_283' title='bbox 1196 2195 1275 2231; x_wconf 93' lang='lat' dir='ltr'>quo</span> <span class='ocrx_word' id='word_1_284' title='bbox 1303 2190 1407 2231; x_wconf 88' lang='lat' dir='ltr'>patet</span> 
     </span>
     <span class='ocr_line' id='line_1_49' title="bbox 335 2235 1407 2285; baseline 0 -13"><span class='ocrx_word' id='word_1_285' title='bbox 335 2236 441 2285; x_wconf 90' lang='lat' dir='ltr'>quod</span> <span class='ocrx_word' id='word_1_286' title='bbox 475 2235 733 2272; x_wconf 90' lang='lat' dir='ltr'>communiter</span> <span class='ocrx_word' id='word_1_287' title='bbox 765 2235 813 2272; x_wconf 91' lang='lat' dir='ltr'>ad</span> <span class='ocrx_word' id='word_1_288' title='bbox 847 2236 923 2272; x_wconf 89' lang='lat' dir='ltr'>hoc</span> <span class='ocrx_word' id='word_1_289' title='bbox 950 2243 1198 2284; x_wconf 89' lang='lat' dir='ltr'>praeceptum</span> <span class='ocrx_word' id='word_1_290' title='bbox 1231 2243 1407 2273; x_wconf 92' lang='lat' dir='ltr'>tenentur</span> 
     </span>
     <span class='ocr_line' id='line_1_50' title="bbox 335 2289 1406 2338; baseline -0.001 -11"><span class='ocrx_word' id='word_1_291' title='bbox 335 2296 372 2327; x_wconf 91' lang='lat' dir='ltr'>et</span> <span class='ocrx_word' id='word_1_292' title='bbox 387 2289 551 2338; x_wconf 90' lang='lat' dir='ltr'>religiosi</span> <span class='ocrx_word' id='word_1_293' title='bbox 571 2296 607 2326; x_wconf 91' lang='lat' dir='ltr'>et</span> <span class='ocrx_word' id='word_1_294' title='bbox 622 2289 858 2326; x_wconf 89' lang='lat' dir='ltr'>saeculares:</span> <span class='ocrx_word' id='word_1_295' title='bbox 878 2289 975 2326; x_wconf 89' lang='lat' dir='ltr'>sicut</span> <span class='ocrx_word' id='word_1_296' title='bbox 994 2290 1040 2326; x_wconf 90' lang='lat' dir='ltr'>ad</span> <span class='ocrx_word' id='word_1_297' title='bbox 1071 2289 1201 2326; x_wconf 92' lang='lat' dir='ltr'>omnia</span> <span class='ocrx_word' id='word_1_298' title='bbox 1220 2289 1292 2326; x_wconf 88' lang='lat' dir='ltr'>alia</span> <span class='ocrx_word' id='word_1_299' title='bbox 1314 2289 1406 2337; x_wconf 90' lang='lat' dir='ltr'>legis</span> 
     </span>
     <span class='ocr_line' id='line_1_51' title="bbox 335 2342 760 2392; baseline -0.002 -12"><span class='ocrx_word' id='word_1_300' title='bbox 335 2342 516 2380; x_wconf 90' lang='lat' dir='ltr'>naturalis</span> <span class='ocrx_word' id='word_1_301' title='bbox 544 2350 760 2392; x_wconf 89' lang='lat' dir='ltr'>praecepta.</span> 
     </span>
    </p>

    <p class='ocr_par' dir='ltr' id='par_1_23' title="bbox 334 2395 1407 2868">
     <span class='ocr_line' id='line_1_52' title="bbox 388 2395 1407 2445; baseline -0.002 -11"><span class='ocrx_word' id='word_1_302' title='bbox 388 2397 482 2434; x_wconf 90' lang='lat' dir='ltr'>Non</span> <span class='ocrx_word' id='word_1_303' title='bbox 510 2404 639 2434; x_wconf 88' lang='lat' dir='ltr'>tamen</span> <span class='ocrx_word' id='word_1_304' title='bbox 667 2403 828 2445; x_wconf 88' lang='lat' dir='ltr'>peccant</span> <span class='ocrx_word' id='word_1_305' title='bbox 856 2395 1090 2444; x_wconf 88' lang='lat' dir='ltr'>quicumque</span> <span class='ocrx_word' id='word_1_306' title='bbox 1121 2396 1298 2432; x_wconf 88' lang='lat' dir='ltr'>manibus</span> <span class='ocrx_word' id='word_1_307' title='bbox 1327 2408 1407 2433; x_wconf 91' lang='lat' dir='ltr'>non</span> 
     </span>
     <span class='ocr_line' id='line_1_53' title="bbox 336 2449 1406 2500; baseline -0.001 -13"><span class='ocrx_word' id='word_1_308' title='bbox 336 2458 554 2500; x_wconf 89' lang='lat' dir='ltr'>operantur.</span> <span class='ocrx_word' id='word_1_309' title='bbox 587 2449 688 2497; x_wconf 91' lang='lat' dir='ltr'>Quia</span> <span class='ocrx_word' id='word_1_310' title='bbox 717 2449 766 2486; x_wconf 91' lang='lat' dir='ltr'>ad</span> <span class='ocrx_word' id='word_1_311' title='bbox 799 2449 861 2486; x_wconf 90' lang='lat' dir='ltr'>illa</span> <span class='ocrx_word' id='word_1_312' title='bbox 894 2456 1097 2498; x_wconf 89' lang='lat' dir='ltr'>praecepta</span> <span class='ocrx_word' id='word_1_313' title='bbox 1129 2449 1220 2497; x_wconf 92' lang='lat' dir='ltr'>legis</span> <span class='ocrx_word' id='word_1_314' title='bbox 1249 2456 1406 2486; x_wconf 88' lang='lat' dir='ltr'>naturae</span> 
     </span>
     <span class='ocr_line' id='line_1_54' title="bbox 335 2503 1406 2553; baseline -0.002 -12"><span class='ocrx_word' id='word_1_315' title='bbox 335 2516 435 2553; x_wconf 90' lang='lat' dir='ltr'>quae</span> <span class='ocrx_word' id='word_1_316' title='bbox 455 2503 643 2552; x_wconf 85' lang='lat' dir='ltr'>pertinent</span> <span class='ocrx_word' id='word_1_317' title='bbox 662 2503 711 2540; x_wconf 89' lang='lat' dir='ltr'>ad</span> <span class='ocrx_word' id='word_1_318' title='bbox 739 2504 887 2539; x_wconf 91' lang='lat' dir='ltr'>bonum</span> <span class='ocrx_word' id='word_1_319' title='bbox 917 2503 1138 2550; x_wconf 90' lang='lat' dir='ltr'>multorum,</span> <span class='ocrx_word' id='word_1_320' title='bbox 1169 2515 1248 2539; x_wconf 92' lang='lat' dir='ltr'>non</span> <span class='ocrx_word' id='word_1_321' title='bbox 1275 2510 1406 2539; x_wconf 88' lang='lat' dir='ltr'>tenen-</span> 
     </span>
     <span class='ocr_line' id='line_1_55' title="bbox 334 2556 1407 2606; baseline -0.002 -12"><span class='ocrx_word' id='word_1_322' title='bbox 334 2565 396 2595; x_wconf 92' lang='lat' dir='ltr'>tur</span> <span class='ocrx_word' id='word_1_323' title='bbox 423 2557 568 2606; x_wconf 85' lang='lat' dir='ltr'>singuli,</span> <span class='ocrx_word' id='word_1_324' title='bbox 598 2557 666 2594; x_wconf 88' lang='lat' dir='ltr'>sed</span> <span class='ocrx_word' id='word_1_325' title='bbox 686 2556 825 2593; x_wconf 88' lang='lat' dir='ltr'>sufficit</span> <span class='ocrx_word' id='word_1_326' title='bbox 853 2556 960 2604; x_wconf 91' lang='lat' dir='ltr'>quod</span> <span class='ocrx_word' id='word_1_327' title='bbox 989 2568 1088 2593; x_wconf 90' lang='lat' dir='ltr'>unus</span> <span class='ocrx_word' id='word_1_328' title='bbox 1114 2563 1225 2593; x_wconf 89' lang='lat' dir='ltr'>vacet</span> <span class='ocrx_word' id='word_1_329' title='bbox 1244 2556 1333 2592; x_wconf 91' lang='lat' dir='ltr'>huic</span> <span class='ocrx_word' id='word_1_330' title='bbox 1353 2556 1407 2592; x_wconf 92' lang='lat' dir='ltr'>of-</span> 
     </span>
     <span class='ocr_line' id='line_1_56' title="bbox 335 2609 1405 2658; baseline -0.002 -10"><span class='ocrx_word' id='word_1_331' title='bbox 335 2611 437 2657; x_wconf 91' lang='lat' dir='ltr'>ficio,</span> <span class='ocrx_word' id='word_1_332' title='bbox 459 2611 553 2648; x_wconf 92' lang='lat' dir='ltr'>alius</span> <span class='ocrx_word' id='word_1_333' title='bbox 582 2609 659 2646; x_wconf 89' lang='lat' dir='ltr'>alii:</span> <span class='ocrx_word' id='word_1_334' title='bbox 689 2617 780 2658; x_wconf 91' lang='lat' dir='ltr'>puta</span> <span class='ocrx_word' id='word_1_335' title='bbox 800 2609 907 2657; x_wconf 93' lang='lat' dir='ltr'>quod</span> <span class='ocrx_word' id='word_1_336' title='bbox 936 2609 1094 2657; x_wconf 87' lang='lat' dir='ltr'>quidam</span> <span class='ocrx_word' id='word_1_337' title='bbox 1124 2609 1198 2646; x_wconf 90' lang='lat' dir='ltr'>sint</span> <span class='ocrx_word' id='word_1_338' title='bbox 1234 2609 1405 2657; x_wconf 88' lang='lat' dir='ltr'>opifices,</span> 
     </span>
     <span class='ocr_line' id='line_1_57' title="bbox 337 2661 1406 2713; baseline -0.002 -12"><span class='ocrx_word' id='word_1_339' title='bbox 337 2663 494 2713; x_wconf 90' lang='lat' dir='ltr'>quidam</span> <span class='ocrx_word' id='word_1_340' title='bbox 530 2662 740 2711; x_wconf 89' lang='lat' dir='ltr'>agricolae,</span> <span class='ocrx_word' id='word_1_341' title='bbox 770 2661 928 2710; x_wconf 90' lang='lat' dir='ltr'>quidam</span> <span class='ocrx_word' id='word_1_342' title='bbox 957 2662 1113 2709; x_wconf 77' lang='lat' dir='ltr'>iudices,</span> <span class='ocrx_word' id='word_1_343' title='bbox 1143 2662 1300 2711; x_wconf 89' lang='lat' dir='ltr'>quidam</span> <span class='ocrx_word' id='word_1_344' title='bbox 1339 2662 1406 2699; x_wconf 93' lang='lat' dir='ltr'>do-</span> 
     </span>
     <span class='ocr_line' id='line_1_58' title="bbox 337 2715 1405 2764; baseline -0.003 -9"><span class='ocrx_word' id='word_1_345' title='bbox 337 2726 473 2764; x_wconf 89' lang='lat' dir='ltr'>ctores,</span> <span class='ocrx_word' id='word_1_346' title='bbox 494 2724 531 2753; x_wconf 90' lang='lat' dir='ltr'>et</span> <span class='ocrx_word' id='word_1_347' title='bbox 559 2716 611 2753; x_wconf 90' lang='lat' dir='ltr'>sic</span> <span class='ocrx_word' id='word_1_348' title='bbox 640 2716 688 2753; x_wconf 92' lang='lat' dir='ltr'>de</span> <span class='ocrx_word' id='word_1_349' title='bbox 717 2715 816 2760; x_wconf 88' lang='lat' dir='ltr'>aliis;</span> <span class='ocrx_word' id='word_1_350' title='bbox 846 2715 1060 2752; x_wconf 90' lang='lat' dir='ltr'>secundum</span> <span class='ocrx_word' id='word_1_351' title='bbox 1089 2715 1181 2752; x_wconf 86' lang='lat' dir='ltr'>illud</span> <span class='ocrx_word' id='word_1_352' title='bbox 1209 2715 1405 2764; x_wconf 88' lang='lat' dir='ltr'>Apostoli,</span> 
     </span>
     <span class='ocr_line' id='line_1_59' title="bbox 337 2769 1407 2817; baseline -0.003 -9"><span class='ocrx_word' id='word_1_353' title='bbox 337 2773 351 2808; x_wconf 95' lang='lat' dir='ltr'>I</span> <span class='ocrx_word' id='word_1_354' title='bbox 381 2772 433 2808; x_wconf 87' lang='lat' dir='ltr'>ad</span> <span class='ocrx_word' id='word_1_355' title='bbox 464 2771 550 2807; x_wconf 91' lang='lat' dir='ltr'>Cor.</span> <span class='ocrx_word' id='word_1_356' title='bbox 572 2781 620 2806; x_wconf 89' lang='lat' dir='ltr'>xn</span> <span class='ocrx_word' id='word_1_357' title='bbox 639 2769 679 2805; x_wconf 74' lang='grc' dir='ltr'>*ε</span> <span class='ocrx_word' id='word_1_358' title='bbox 710 2770 752 2806; x_wconf 89' lang='lat' dir='ltr'>Si</span> <span class='ocrx_word' id='word_1_359' title='bbox 778 2774 894 2805; x_wconf 90' lang='lat' dir='ltr'>totum</span> <span class='ocrx_word' id='word_1_360' title='bbox 913 2780 1050 2817; x_wconf 92' lang='lat' dir='ltr'>corpus</span> <span class='ocrx_word' id='word_1_361' title='bbox 1077 2769 1222 2814; x_wconf 91' lang='lat' dir='ltr'>oculus,</span> <span class='ocrx_word' id='word_1_362' title='bbox 1249 2769 1315 2805; x_wconf 84' lang='lat' dir='ltr'>uhi</span> <span class='ocrx_word' id='word_1_363' title='bbox 1339 2781 1407 2806; x_wconf 93' lang='lat' dir='ltr'>au-</span> 
     </span>
     <span class='ocr_line' id='line_1_60' title="bbox 336 2821 1247 2868; baseline -0.004 -6"><span class='ocrx_word' id='word_1_364' title='bbox 336 2824 463 2862; x_wconf 82' lang='lat' dir='ltr'>ditus?</span> <span class='ocrx_word' id='word_1_365' title='bbox 489 2825 540 2860; x_wconf 92' lang='lat' dir='ltr'>Et</span> <span class='ocrx_word' id='word_1_366' title='bbox 565 2823 600 2860; x_wconf 91' lang='lat' dir='ltr'>si</span> <span class='ocrx_word' id='word_1_367' title='bbox 625 2828 742 2859; x_wconf 92' lang='lat' dir='ltr'>totum</span> <span class='ocrx_word' id='word_1_368' title='bbox 770 2822 930 2868; x_wconf 86' lang='lat' dir='ltr'>auditus,</span> <span class='ocrx_word' id='word_1_369' title='bbox 952 2822 1017 2858; x_wconf 86' lang='lat' dir='ltr'>ubi</span> <span class='ocrx_word' id='word_1_370' title='bbox 1042 2821 1247 2859; x_wconf 85' lang='lat' dir='ltr'>odoratus?</span> 
     </span>
    </p>

    <p class='ocr_par' dir='ltr' id='par_1_24' title="bbox 337 2874 1409 3563">
     <span class='ocr_line' id='line_1_61' title="bbox 390 2874 1407 2923; baseline -0.004 -8"><span class='ocrx_word' id='word_1_371' title='bbox 390 2879 450 2915; x_wconf 79' lang='lat' dir='ltr'>An</span> <span class='ocrx_word' id='word_1_372' title='bbox 470 2888 661 2915; x_wconf 77' lang='lat' dir='ltr'><strong>SECUNDUM</strong></span> <span class='ocrx_word' id='word_1_373' title='bbox 680 2887 866 2913; x_wconf 84' lang='lat' dir='ltr'><strong>DICENDUM</strong></span> <span class='ocrx_word' id='word_1_374' title='bbox 896 2875 1002 2923; x_wconf 92' lang='lat' dir='ltr'>quod</span> <span class='ocrx_word' id='word_1_375' title='bbox 1022 2876 1146 2923; x_wconf 88' lang='lat' dir='ltr'>glossa</span> <span class='ocrx_word' id='word_1_376' title='bbox 1166 2875 1227 2912; x_wconf 90' lang='lat' dir='ltr'>illa</span> <span class='ocrx_word' id='word_1_377' title='bbox 1247 2874 1407 2912; x_wconf 91' lang='lat' dir='ltr'>sumitur</span> 
     </span>
     <span class='ocr_line' id='line_1_62' title="bbox 337 2927 1406 2979; baseline -0.004 -10"><span class='ocrx_word' id='word_1_378' title='bbox 337 2932 386 2969; x_wconf 90' lang='lat' dir='ltr'>ab</span> <span class='ocrx_word' id='word_1_379' title='bbox 407 2930 632 2979; x_wconf 87' lang='lat' dir='ltr'>Augustino,</span> <span class='ocrx_word' id='word_1_380' title='bbox 654 2929 691 2965; x_wconf 91' lang='lat' dir='ltr'>in</span> <span class='ocrx_word' id='word_1_381' title='bbox 711 2929 807 2966; x_wconf 92' lang='lat' dir='ltr'>libro</span> <span class='ocrx_word' id='word_1_382' title='bbox 828 2929 874 2966; x_wconf 88' lang='lat' dir='ltr'>de</span> <span class='ocrx_word' id='word_1_383' title='bbox 897 2929 1079 2977; x_wconf 84' lang='lat' dir='ltr'>Operibus</span> <span class='ocrx_word' id='word_1_384' title='bbox 1105 2929 1290 2965; x_wconf 88' lang='lat' dir='ltr'>Monach.</span> <span class='ocrx_word' id='word_1_385' title='bbox 1306 2927 1338 2975; x_wconf 70' lang='lat'>³¹⁶,</span> <span class='ocrx_word' id='word_1_386' title='bbox 1367 2928 1406 2966; x_wconf 91' lang='lat' dir='ltr'>in</span> 
     </span>
     <span class='ocr_line' id='line_1_63' title="bbox 339 2981 1407 3034; baseline -0.004 -12"><span class='ocrx_word' id='word_1_387' title='bbox 339 2997 417 3034; x_wconf 91' lang='lat' dir='ltr'>quo</span> <span class='ocrx_word' id='word_1_388' title='bbox 445 2984 613 3033; x_wconf 90' lang='lat' dir='ltr'>loquitur</span> <span class='ocrx_word' id='word_1_389' title='bbox 642 2990 772 3019; x_wconf 92' lang='lat' dir='ltr'>contra</span> <span class='ocrx_word' id='word_1_390' title='bbox 801 2983 1013 3019; x_wconf 90' lang='lat' dir='ltr'>monachos</span> <span class='ocrx_word' id='word_1_391' title='bbox 1042 2982 1232 3030; x_wconf 91' lang='lat' dir='ltr'>quosdam</span> <span class='ocrx_word' id='word_1_392' title='bbox 1262 2981 1328 3031; x_wconf 89' lang='lat' dir='ltr'>qui</span> <span class='ocrx_word' id='word_1_393' title='bbox 1353 2981 1407 3018; x_wconf 90' lang='lat' dir='ltr'>di-</span> 
     </span>
     <span class='ocr_line' id='line_1_64' title="bbox 339 3035 1406 3083; baseline -0.004 -8"><span class='ocrx_word' id='word_1_394' title='bbox 339 3039 477 3075; x_wconf 87' lang='lat' dir='ltr'>cebant</span> <span class='ocrx_word' id='word_1_395' title='bbox 504 3050 583 3075; x_wconf 91' lang='lat' dir='ltr'>non</span> <span class='ocrx_word' id='word_1_396' title='bbox 612 3049 694 3073; x_wconf 92' lang='lat' dir='ltr'>esse</span> <span class='ocrx_word' id='word_1_397' title='bbox 724 3036 865 3072; x_wconf 88' lang='lat' dir='ltr'>licitum</span> <span class='ocrx_word' id='word_1_398' title='bbox 886 3035 1005 3072; x_wconf 89' lang='lat' dir='ltr'>servis</span> <span class='ocrx_word' id='word_1_399' title='bbox 1025 3035 1096 3072; x_wconf 92' lang='lat' dir='ltr'>Dei</span> <span class='ocrx_word' id='word_1_400' title='bbox 1117 3035 1294 3071; x_wconf 90' lang='lat' dir='ltr'>manibus</span> <span class='ocrx_word' id='word_1_401' title='bbox 1315 3047 1406 3083; x_wconf 89' lang='lat' dir='ltr'>ope-</span> 
     </span>
     <span class='ocr_line' id='line_1_65' title="bbox 339 3087 1404 3141; baseline -0.004 -13"><span class='ocrx_word' id='word_1_402' title='bbox 339 3091 424 3137; x_wconf 89' lang='lat' dir='ltr'>rari,</span> <span class='ocrx_word' id='word_1_403' title='bbox 441 3099 598 3141; x_wconf 90' lang='lat' dir='ltr'>propter</span> <span class='ocrx_word' id='word_1_404' title='bbox 616 3091 691 3127; x_wconf 92' lang='lat' dir='ltr'>hoc</span> <span class='ocrx_word' id='word_1_405' title='bbox 711 3090 816 3137; x_wconf 88' lang='lat' dir='ltr'>quod</span> <span class='ocrx_word' id='word_1_406' title='bbox 836 3089 1026 3126; x_wconf 90' lang='lat' dir='ltr'>Dominus</span> <span class='ocrx_word' id='word_1_407' title='bbox 1047 3088 1146 3135; x_wconf 91' lang='lat' dir='ltr'>dicit,</span> <span class='ocrx_word' id='word_1_408' title='bbox 1164 3088 1297 3124; x_wconf 90' lang='lat' dir='ltr'>Matth.</span> <span class='ocrx_word' id='word_1_409' title='bbox 1318 3100 1354 3124; x_wconf 81' lang='lat' dir='ltr'>VI</span> <span class='ocrx_word' id='word_1_410' title='bbox 1368 3087 1404 3125; x_wconf 73' lang='grc' dir='ltr'>*ε</span> 
     </span>
     <span class='ocr_line' id='line_1_66' title="bbox 339 3141 1407 3190; baseline -0.004 -9"><span class='ocrx_word' id='word_1_411' title='bbox 339 3144 468 3182; x_wconf 89' lang='lat' dir='ltr'>Nolite</span> <span class='ocrx_word' id='word_1_412' title='bbox 493 3144 642 3181; x_wconf 89' lang='lat' dir='ltr'>solliciti</span> <span class='ocrx_word' id='word_1_413' title='bbox 667 3155 746 3180; x_wconf 89' lang='lat' dir='ltr'>esse</span> <span class='ocrx_word' id='word_1_414' title='bbox 773 3143 924 3179; x_wconf 89' lang='lat' dir='ltr'>animae</span> <span class='ocrx_word' id='word_1_415' title='bbox 946 3147 1102 3187; x_wconf 78' lang='lat' dir='ltr'>vestrae,</span> <span class='ocrx_word' id='word_1_416' title='bbox 1133 3141 1224 3190; x_wconf 86' lang='lat' dir='ltr'>quid</span> <span class='ocrx_word' id='word_1_417' title='bbox 1248 3141 1407 3178; x_wconf 88' lang='lat' dir='ltr'>mandu—</span> 
     </span>
     <span class='ocr_line' id='line_1_67' title="bbox 340 3190 1406 3245; baseline -0.004 -11"><span class='ocrx_word' id='word_1_418' title='bbox 340 3197 439 3234; x_wconf 87' lang='lat' dir='ltr'>cetis.</span> <span class='ocrx_word' id='word_1_419' title='bbox 478 3197 564 3233; x_wconf 90' lang='lat' dir='ltr'>Nec</span> <span class='ocrx_word' id='word_1_420' title='bbox 594 3190 725 3234; x_wconf 87' lang='lat' dir='ltr'>tamen</span> <span class='ocrx_word' id='word_1_421' title='bbox 753 3209 822 3245; x_wconf 90' lang='lat' dir='ltr'>per</span> <span class='ocrx_word' id='word_1_422' title='bbox 849 3196 944 3232; x_wconf 91' lang='lat' dir='ltr'>haec</span> <span class='ocrx_word' id='word_1_423' title='bbox 972 3195 1092 3231; x_wconf 91' lang='lat' dir='ltr'>verba</span> <span class='ocrx_word' id='word_1_424' title='bbox 1125 3194 1314 3231; x_wconf 87' lang='lat' dir='ltr'>inducitur</span> <span class='ocrx_word' id='word_1_425' title='bbox 1341 3206 1406 3230; x_wconf 89' lang='lat' dir='ltr'>ne-</span> 
     </span>
     <span class='ocr_line' id='line_1_68' title="bbox 342 3247 1407 3297; baseline -0.004 -10"><span class='ocrx_word' id='word_1_426' title='bbox 342 3250 494 3287; x_wconf 90' lang='lat' dir='ltr'>cessitas</span> <span class='ocrx_word' id='word_1_427' title='bbox 530 3250 713 3297; x_wconf 89' lang='lat' dir='ltr'>religiosis</span> <span class='ocrx_word' id='word_1_428' title='bbox 747 3249 923 3287; x_wconf 91' lang='lat' dir='ltr'>manibus</span> <span class='ocrx_word' id='word_1_429' title='bbox 955 3247 1160 3297; x_wconf 88' lang='lat' dir='ltr'>operandi,</span> <span class='ocrx_word' id='word_1_430' title='bbox 1199 3247 1230 3284; x_wconf 92' lang='lat' dir='ltr'>si</span> <span class='ocrx_word' id='word_1_431' title='bbox 1265 3247 1407 3284; x_wconf 88' lang='lat' dir='ltr'>habent</span> 
     </span>
     <span class='ocr_line' id='line_1_69' title="bbox 342 3301 1407 3354; baseline -0.004 -14"><span class='ocrx_word' id='word_1_432' title='bbox 342 3303 494 3340; x_wconf 86' lang='lat' dir='ltr'>aliunde</span> <span class='ocrx_word' id='word_1_433' title='bbox 513 3302 616 3339; x_wconf 88' lang='lat' dir='ltr'>unde</span> <span class='ocrx_word' id='word_1_434' title='bbox 634 3303 766 3354; x_wconf 73' lang='lat' dir='ltr'>yivere</span> <span class='ocrx_word' id='word_1_435' title='bbox 785 3303 943 3352; x_wconf 89' lang='lat' dir='ltr'>possint.</span> <span class='ocrx_word' id='word_1_436' title='bbox 974 3302 1091 3349; x_wconf 91' lang='lat' dir='ltr'>Quod</span> <span class='ocrx_word' id='word_1_437' title='bbox 1120 3308 1222 3349; x_wconf 90' lang='lat' dir='ltr'>patet</span> <span class='ocrx_word' id='word_1_438' title='bbox 1244 3312 1314 3348; x_wconf 87' lang='lat' dir='ltr'>per</span> <span class='ocrx_word' id='word_1_439' title='bbox 1332 3301 1407 3337; x_wconf 92' lang='lat' dir='ltr'>hoc</span> 
     </span>
     <span class='ocr_line' id='line_1_70' title="bbox 342 3354 1406 3407; baseline -0.005 -13"><span class='ocrx_word' id='word_1_440' title='bbox 342 3356 447 3407; x_wconf 92' lang='lat' dir='ltr'>quod</span> <span class='ocrx_word' id='word_1_441' title='bbox 475 3355 601 3392; x_wconf 91' lang='lat' dir='ltr'>subdit</span> <span class='ocrx_word' id='word_1_442' title='bbox 617 3355 656 3392; x_wconf 77' lang='grc' dir='ltr'>*ε</span> <span class='ocrx_word' id='word_1_443' title='bbox 692 3356 780 3393; x_wconf 86' lang='lat' dir='ltr'>Vult</span> <span class='ocrx_word' id='word_1_444' title='bbox 802 3368 931 3393; x_wconf 79' lang='lat' dir='ltr'>servos</span> <span class='ocrx_word' id='word_1_445' title='bbox 958 3355 1033 3392; x_wconf 89' lang='lat' dir='ltr'>Dei</span> <span class='ocrx_word' id='word_1_446' title='bbox 1058 3354 1303 3403; x_wconf 88' lang='lat' dir='ltr'>corporaliter</span> <span class='ocrx_word' id='word_1_447' title='bbox 1322 3365 1406 3402; x_wconf 88' lang='lat' dir='ltr'>ope-</span> 
     </span>
     <span class='ocr_line' id='line_1_71' title="bbox 342 3407 1409 3455; baseline -0.004 -8"><span class='ocrx_word' id='word_1_448' title='bbox 342 3411 426 3448; x_wconf 90' lang='lat' dir='ltr'>rari</span> <span class='ocrx_word' id='word_1_449' title='bbox 452 3408 550 3446; x_wconf 87' lang='lat' dir='ltr'>unde</span> <span class='ocrx_word' id='word_1_450' title='bbox 577 3409 716 3446; x_wconf 82' lang='lat' dir='ltr'>vivant.</span> <span class='ocrx_word' id='word_1_451' title='bbox 746 3409 833 3446; x_wconf 88' lang='lat' dir='ltr'>Hoc</span> <span class='ocrx_word' id='word_1_452' title='bbox 853 3417 980 3447; x_wconf 89' lang='lat' dir='ltr'>autem</span> <span class='ocrx_word' id='word_1_453' title='bbox 1007 3421 1086 3445; x_wconf 90' lang='lat' dir='ltr'>non</span> <span class='ocrx_word' id='word_1_454' title='bbox 1105 3407 1225 3455; x_wconf 89' lang='lat' dir='ltr'>magis</span> <span class='ocrx_word' id='word_1_455' title='bbox 1248 3407 1409 3455; x_wconf 92' lang='lat' dir='ltr'>pertinet</span> 
     </span>
     <span class='ocr_line' id='line_1_72' title="bbox 343 3461 1409 3510; baseline -0.005 -9"><span class='ocrx_word' id='word_1_456' title='bbox 343 3464 392 3501; x_wconf 91' lang='lat' dir='ltr'>ad</span> <span class='ocrx_word' id='word_1_457' title='bbox 426 3461 620 3510; x_wconf 88' lang='lat' dir='ltr'>religiosos</span> <span class='ocrx_word' id='word_1_458' title='bbox 658 3474 775 3509; x_wconf 91' lang='lat' dir='ltr'>quam</span> <span class='ocrx_word' id='word_1_459' title='bbox 811 3463 860 3499; x_wconf 87' lang='lat' dir='ltr'>ad</span> <span class='ocrx_word' id='word_1_460' title='bbox 893 3463 1117 3499; x_wconf 88' lang='lat' dir='ltr'>saeculares.</span> <span class='ocrx_word' id='word_1_461' title='bbox 1158 3461 1274 3507; x_wconf 91' lang='lat' dir='ltr'>Quod</span> <span class='ocrx_word' id='word_1_462' title='bbox 1307 3468 1409 3508; x_wconf 89' lang='lat' dir='ltr'>patet</span> 
     </span>
     <span class='ocr_line' id='line_1_73' title="bbox 344 3514 1409 3563; baseline -0.003 -10"><span class='ocrx_word' id='word_1_463' title='bbox 344 3529 388 3554; x_wconf 86' lang='lat' dir='ltr'>ex</span> <span class='ocrx_word' id='word_1_464' title='bbox 419 3517 583 3553; x_wconf 83' lang='lat' dir='ltr'>duobus.</span> <span class='ocrx_word' id='word_1_465' title='bbox 621 3514 751 3551; x_wconf 88' lang='lat' dir='ltr'>Primo</span> <span class='ocrx_word' id='word_1_466' title='bbox 785 3514 962 3562; x_wconf 90' lang='lat' dir='ltr'>quidem,</span> <span class='ocrx_word' id='word_1_467' title='bbox 997 3528 1040 3552; x_wconf 84' lang='lat' dir='ltr'>ex</span> <span class='ocrx_word' id='word_1_468' title='bbox 1077 3515 1160 3563; x_wconf 92' lang='lat' dir='ltr'>ipso</span> <span class='ocrx_word' id='word_1_469' title='bbox 1198 3514 1317 3550; x_wconf 90' lang='lat' dir='ltr'>modo</span> <span class='ocrx_word' id='word_1_470' title='bbox 1355 3514 1409 3550; x_wconf 89' lang='lat' dir='ltr'>lo-</span> 
     </span>
    </p>
   </div>
   <div class='ocr_carea' id='block_1_22' title="bbox 1433 363 1440 1382">
    <p class='ocr_par' dir='ltr' id='par_1_25' title="bbox 1433 363 1440 1382">
     <span class='ocr_line' id='line_1_74' title="bbox 1433 363 1440 1382; baseline 0 0"><span class='ocrx_word' id='word_1_471' title='bbox 1433 363 1440 1382; x_wconf 95' lang='lat' dir='ltr'> </span> 
     </span>
    </p>
   </div>
   <div class='ocr_carea' id='block_1_23' title="bbox 2454 297 2520 332">
    <p class='ocr_par' dir='ltr' id='par_1_26' title="bbox 2454 297 2520 332">
     <span class='ocr_line' id='line_1_75' title="bbox 2454 297 2520 332; baseline 0 0"><span class='ocrx_word' id='word_1_472' title='bbox 2454 297 2520 332; x_wconf 90' lang='lat'>511</span> 
     </span>
    </p>
   </div>
   <div class='ocr_carea' id='block_1_24' title="bbox 1436 369 2526 418">
    <p class='ocr_par' dir='ltr' id='par_1_27' title="bbox 1436 369 2526 418">
     <span class='ocr_line' id='line_1_76' title="bbox 1436 369 2526 418; baseline 0.012 -16"><span class='ocrx_word' id='word_1_473' title='bbox 1436 405 1438 408; x_wconf 54' lang='grc'>,</span> <span class='ocrx_word' id='word_1_474' title='bbox 1465 377 1532 403; x_wconf 77' lang='lat' dir='ltr'>vos</span> <span class='ocrx_word' id='word_1_475' title='bbox 1559 369 1607 405; x_wconf 83' lang='lat' dir='ltr'>ab</span> <span class='ocrx_word' id='word_1_476' title='bbox 1636 371 1742 407; x_wconf 87' lang='lat' dir='ltr'>omni</span> <span class='ocrx_word' id='word_1_477' title='bbox 1752 372 1877 418; x_wconf 88' lang='lat' dir='ltr'>fratre</span> <span class='ocrx_word' id='word_1_478' title='bbox 1895 373 2110 410; x_wconf 87' lang='lat' dir='ltr'>ambulante</span> <span class='ocrx_word' id='word_1_479' title='bbox 2128 375 2347 413; x_wconf 85' lang='lat' dir='ltr'>inordinate.</span> <span class='ocrx_word' id='word_1_480' title='bbox 2378 377 2526 415; x_wconf 89' lang='lat' dir='ltr'>Fratres</span> 
     </span>
    </p>
   </div>
   <div class='ocr_carea' id='block_1_25' title="bbox 1462 420 2527 851">
    <p class='ocr_par' dir='ltr' id='par_1_28' title="bbox 1462 420 2527 796">
     <span class='ocr_line' id='line_1_77' title="bbox 1467 420 2526 469; baseline 0.011 -13"><span class='ocrx_word' id='word_1_481' title='bbox 1467 420 1567 457; x_wconf 89' lang='lat' dir='ltr'>enirn</span> <span class='ocrx_word' id='word_1_482' title='bbox 1606 434 1741 460; x_wconf 90' lang='lat' dir='ltr'>omnes</span> <span class='ocrx_word' id='word_1_483' title='bbox 1776 424 2010 462; x_wconf 89' lang='lat' dir='ltr'>Christianos</span> <span class='ocrx_word' id='word_1_484' title='bbox 2042 435 2176 464; x_wconf 86' lang='lat' dir='ltr'>vocat:</span> <span class='ocrx_word' id='word_1_485' title='bbox 2215 430 2388 467; x_wconf 89' lang='lat' dir='ltr'>nondum</span> <span class='ocrx_word' id='word_1_486' title='bbox 2423 431 2526 469; x_wconf 80' lang='lat' dir='ltr'>enim</span> 
     </span>
     <span class='ocr_line' id='line_1_78' title="bbox 1466 478 2525 527; baseline 0.011 -18"><span class='ocrx_word' id='word_1_487' title='bbox 1466 482 1572 510; x_wconf 88' lang='lat' dir='ltr'>erant</span> <span class='ocrx_word' id='word_1_488' title='bbox 1609 483 1697 512; x_wconf 90' lang='lat' dir='ltr'>tunc</span> <span class='ocrx_word' id='word_1_489' title='bbox 1725 478 1908 526; x_wconf 90' lang='lat' dir='ltr'>temporis</span> <span class='ocrx_word' id='word_1_490' title='bbox 1946 479 2143 527; x_wconf 88' lang='lat' dir='ltr'>religiones</span> <span class='ocrx_word' id='word_1_491' title='bbox 2173 481 2375 520; x_wconf 89' lang='lat' dir='ltr'>institutae.</span> <span class='ocrx_word' id='word_1_492' title='bbox 2406 505 2429 511; x_wconf 96' lang='lat'><em>-</em></span> <span class='ocrx_word' id='word_1_493' title='bbox 2460 485 2525 521; x_wconf 83' lang='lat' dir='ltr'>Se·</span> 
     </span>
     <span class='ocr_line' id='line_1_79' title="bbox 1465 527 2524 584; baseline 0.011 -22"><span class='ocrx_word' id='word_1_494' title='bbox 1465 527 1604 575; x_wconf 89' lang='lat' dir='ltr'>cundo,</span> <span class='ocrx_word' id='word_1_495' title='bbox 1635 530 1723 577; x_wconf 91' lang='lat' dir='ltr'>quia</span> <span class='ocrx_word' id='word_1_496' title='bbox 1753 531 1911 577; x_wconf 87' lang='lat' dir='ltr'>religiosi</span> <span class='ocrx_word' id='word_1_497' title='bbox 1942 544 2019 569; x_wconf 93' lang='lat' dir='ltr'>non</span> <span class='ocrx_word' id='word_1_498' title='bbox 2047 541 2223 570; x_wconf 87' lang='lat' dir='ltr'>tenentur</span> <span class='ocrx_word' id='word_1_499' title='bbox 2249 535 2296 572; x_wconf 89' lang='lat' dir='ltr'>ad</span> <span class='ocrx_word' id='word_1_500' title='bbox 2316 536 2387 572; x_wconf 92' lang='lat' dir='ltr'>alia</span> <span class='ocrx_word' id='word_1_501' title='bbox 2408 549 2524 584; x_wconf 88' lang='lat' dir='ltr'>quam</span> 
     </span>
     <span class='ocr_line' id='line_1_80' title="bbox 1464 582 2527 636; baseline 0.011 -21"><span class='ocrx_word' id='word_1_502' title='bbox 1464 582 1675 619; x_wconf 88' lang='lat' dir='ltr'>saeculares</span> <span class='ocrx_word' id='word_1_503' title='bbox 1704 583 1773 619; x_wconf 91' lang='lat' dir='ltr'>nisi</span> <span class='ocrx_word' id='word_1_504' title='bbox 1802 592 1959 632; x_wconf 90' lang='lat' dir='ltr'>propter</span> <span class='ocrx_word' id='word_1_505' title='bbox 1981 588 2130 634; x_wconf 87' lang='lat' dir='ltr'>regulae</span> <span class='ocrx_word' id='word_1_506' title='bbox 2158 588 2448 636; x_wconf 88' lang='lat' dir='ltr'>professionem.</span> <span class='ocrx_word' id='word_1_507' title='bbox 2479 591 2527 627; x_wconf 92' lang='lat' dir='ltr'>Et</span> 
     </span>
     <span class='ocr_line' id='line_1_81' title="bbox 1462 632 2526 686; baseline 0.01 -17"><span class='ocrx_word' id='word_1_508' title='bbox 1462 632 1570 681; x_wconf 92' lang='lat' dir='ltr'>ideo,</span> <span class='ocrx_word' id='word_1_509' title='bbox 1610 635 1640 671; x_wconf 92' lang='lat' dir='ltr'>si</span> <span class='ocrx_word' id='word_1_510' title='bbox 1673 636 1710 672; x_wconf 94' lang='lat' dir='ltr'>in</span> <span class='ocrx_word' id='word_1_511' title='bbox 1740 637 1884 674; x_wconf 91' lang='lat' dir='ltr'>statutis</span> <span class='ocrx_word' id='word_1_512' title='bbox 1913 640 2063 686; x_wconf 90' lang='lat' dir='ltr'>regulae</span> <span class='ocrx_word' id='word_1_513' title='bbox 2092 653 2171 677; x_wconf 93' lang='lat' dir='ltr'>non</span> <span class='ocrx_word' id='word_1_514' title='bbox 2200 642 2436 679; x_wconf 89' lang='lat' dir='ltr'>contineatur</span> <span class='ocrx_word' id='word_1_515' title='bbox 2463 644 2526 680; x_wconf 90' lang='lat' dir='ltr'>ali-</span> 
     </span>
     <span class='ocr_line' id='line_1_82' title="bbox 1462 686 2525 738; baseline 0.011 -16"><span class='ocrx_word' id='word_1_516' title='bbox 1462 686 1551 733; x_wconf 91' lang='lat' dir='ltr'>quid</span> <span class='ocrx_word' id='word_1_517' title='bbox 1584 688 1630 724; x_wconf 90' lang='lat' dir='ltr'>de</span> <span class='ocrx_word' id='word_1_518' title='bbox 1660 701 1776 737; x_wconf 92' lang='lat' dir='ltr'>opere</span> <span class='ocrx_word' id='word_1_519' title='bbox 1805 692 1994 738; x_wconf 85' lang='lat' dir='ltr'>manuali,</span> <span class='ocrx_word' id='word_1_520' title='bbox 2034 705 2111 729; x_wconf 91' lang='lat' dir='ltr'>non</span> <span class='ocrx_word' id='word_1_521' title='bbox 2139 702 2313 731; x_wconf 89' lang='lat' dir='ltr'>tenentur</span> <span class='ocrx_word' id='word_1_522' title='bbox 2341 695 2445 732; x_wconf 89' lang='lat' dir='ltr'>aliter</span> <span class='ocrx_word' id='word_1_523' title='bbox 2478 697 2525 734; x_wconf 91' lang='lat' dir='ltr'>ad</span> 
     </span>
     <span class='ocr_line' id='line_1_83' title="bbox 1463 742 2524 796; baseline 0.011 -21"><span class='ocrx_word' id='word_1_524' title='bbox 1463 742 1701 787; x_wconf 87' lang='lat' dir='ltr'>operandum</span> <span class='ocrx_word' id='word_1_525' title='bbox 1741 743 1918 780; x_wconf 91' lang='lat' dir='ltr'>manibus</span> <span class='ocrx_word' id='word_1_526' title='bbox 1954 745 2115 793; x_wconf 89' lang='lat' dir='ltr'>religiosi</span> <span class='ocrx_word' id='word_1_527' title='bbox 2153 759 2269 796; x_wconf 91' lang='lat' dir='ltr'>quam</span> <span class='ocrx_word' id='word_1_528' title='bbox 2299 750 2524 787; x_wconf 91' lang='lat' dir='ltr'>saeculares.</span> 
     </span>
    </p>

    <p class='ocr_par' dir='ltr' id='par_1_29' title="bbox 1514 795 2526 851">
     <span class='ocr_line' id='line_1_84' title="bbox 1514 795 2526 851; baseline 0.009 -21"><span class='ocrx_word' id='word_1_529' title='bbox 1514 795 1573 829; x_wconf 84' lang='lat' dir='ltr'>AD</span> <span class='ocrx_word' id='word_1_530' title='bbox 1601 806 1761 833; x_wconf 79' lang='lat' dir='ltr'>TERTmM</span> <span class='ocrx_word' id='word_1_531' title='bbox 1790 808 1975 834; x_wconf 60' lang='lat' dir='ltr'>montinum</span> <span class='ocrx_word' id='word_1_532' title='bbox 2008 800 2112 846; x_wconf 92' lang='lat' dir='ltr'>quod</span> <span class='ocrx_word' id='word_1_533' title='bbox 2146 800 2215 837; x_wconf 93' lang='lat' dir='ltr'>illis</span> <span class='ocrx_word' id='word_1_534' title='bbox 2245 802 2423 850; x_wconf 87' lang='lat' dir='ltr'>operibus</span> <span class='ocrx_word' id='word_1_535' title='bbox 2452 803 2526 851; x_wconf 93' lang='lat' dir='ltr'>spi-</span> 
     </span>
    </p>
   </div>
   <div class='ocr_carea' id='block_1_26' title="bbox 338 845 2525 949">
    <p class='ocr_par' dir='ltr' id='par_1_30' title="bbox 338 845 2525 949">
     <span class='ocr_line' id='line_1_85' title="bbox 1432 845 2525 903; baseline 0.011 -22"><span class='ocrx_word' id='word_1_536' title='bbox 1432 854 1434 903; x_wconf 51' lang='lat'>:</span> <span class='ocrx_word' id='word_1_537' title='bbox 1462 845 1657 884; x_wconf 90' lang='lat' dir='ltr'>ritualibus</span> <span class='ocrx_word' id='word_1_538' title='bbox 1686 861 1784 897; x_wconf 90' lang='lat' dir='ltr'>quae</span> <span class='ocrx_word' id='word_1_539' title='bbox 1814 850 1864 886; x_wconf 90' lang='lat' dir='ltr'>ibi</span> <span class='ocrx_word' id='word_1_540' title='bbox 1893 851 2010 899; x_wconf 89' lang='lat' dir='ltr'>tangit</span> <span class='ocrx_word' id='word_1_541' title='bbox 2034 853 2279 901; x_wconf 87' lang='lat' dir='ltr'>Augustinus,</span> <span class='ocrx_word' id='word_1_542' title='bbox 2309 863 2434 903; x_wconf 89' lang='lat' dir='ltr'>potest</span> <span class='ocrx_word' id='word_1_543' title='bbox 2462 857 2525 893; x_wconf 93' lang='lat' dir='ltr'>ali-</span> 
     </span>
     <span class='ocr_line' id='line_1_86' title="bbox 338 897 1434 949; baseline 0.002 -15"><span class='ocrx_word' id='word_1_544' title='bbox 338 897 433 934; x_wconf 88' lang='lat' dir='ltr'>sicut</span> <span class='ocrx_word' id='word_1_545' title='bbox 461 910 533 935; x_wconf 90' lang='lat' dir='ltr'>nec</span> <span class='ocrx_word' id='word_1_546' title='bbox 561 901 794 937; x_wconf 88' lang='lat' dir='ltr'>saeculares:</span> <span class='ocrx_word' id='word_1_547' title='bbox 826 901 895 937; x_wconf 91' lang='lat' dir='ltr'>nisi</span> <span class='ocrx_word' id='word_1_548' title='bbox 924 901 1019 937; x_wconf 89' lang='lat' dir='ltr'>forte</span> <span class='ocrx_word' id='word_1_549' title='bbox 1049 901 1097 937; x_wconf 94' lang='lat' dir='ltr'>ad</span> <span class='ocrx_word' id='word_1_550' title='bbox 1126 902 1221 937; x_wconf 89' lang='lat' dir='ltr'>haec</span> <span class='ocrx_word' id='word_1_551' title='bbox 1249 913 1318 949; x_wconf 91' lang='lat' dir='ltr'>per</span> <span class='ocrx_word' id='word_1_552' title='bbox 1337 907 1407 936; x_wconf 89' lang='lat' dir='ltr'>sta·</span> <span class='ocrx_word' id='word_1_553' title='bbox 1432 905 1434 912; x_wconf 92' lang='lat'>&#39;</span> 
     </span>
    </p>
   </div>
   <div class='ocr_carea' id='block_1_27' title="bbox 1460 899 2526 1113">
    <p class='ocr_par' dir='ltr' id='par_1_31' title="bbox 1460 899 2526 1113">
     <span class='ocr_line' id='line_1_87' title="bbox 1461 899 2524 956; baseline 0.01 -21"><span class='ocrx_word' id='word_1_554' title='bbox 1461 899 1546 945; x_wconf 88' lang='lat' dir='ltr'>quis</span> <span class='ocrx_word' id='word_1_555' title='bbox 1573 913 1711 938; x_wconf 88' lang='lat' dir='ltr'>vacare</span> <span class='ocrx_word' id='word_1_556' title='bbox 1741 902 1958 951; x_wconf 88' lang='lat' dir='ltr'>dupliciter:</span> <span class='ocrx_word' id='word_1_557' title='bbox 1991 917 2066 941; x_wconf 91' lang='lat' dir='ltr'>uno</span> <span class='ocrx_word' id='word_1_558' title='bbox 2096 907 2231 953; x_wconf 85' lang='lat' dir='ltr'>modo,</span> <span class='ocrx_word' id='word_1_559' title='bbox 2262 908 2369 956; x_wconf 91' lang='lat' dir='ltr'>quasi</span> <span class='ocrx_word' id='word_1_560' title='bbox 2399 909 2524 946; x_wconf 89' lang='lat' dir='ltr'>deser-</span> 
     </span>
     <span class='ocr_line' id='line_1_88' title="bbox 1460 952 2525 1009; baseline 0.01 -21"><span class='ocrx_word' id='word_1_561' title='bbox 1460 952 1569 989; x_wconf 84' lang='lat' dir='ltr'>viens</span> <span class='ocrx_word' id='word_1_562' title='bbox 1597 954 1742 992; x_wconf 89' lang='lat' dir='ltr'>utilitati</span> <span class='ocrx_word' id='word_1_563' title='bbox 1772 957 1990 1003; x_wconf 87' lang='lat' dir='ltr'>communi;</span> <span class='ocrx_word' id='word_1_564' title='bbox 2029 958 2103 995; x_wconf 89' lang='lat' dir='ltr'>alio</span> <span class='ocrx_word' id='word_1_565' title='bbox 2132 960 2272 1006; x_wconf 83' lang='lat' dir='ltr'>modo,</span> <span class='ocrx_word' id='word_1_566' title='bbox 2303 962 2410 1009; x_wconf 90' lang='lat' dir='ltr'>quasi</span> <span class='ocrx_word' id='word_1_567' title='bbox 2438 962 2525 999; x_wconf 89' lang='lat' dir='ltr'>insi-</span> 
     </span>
     <span class='ocr_line' id='line_1_89' title="bbox 1460 1008 2525 1063; baseline 0.011 -22"><span class='ocrx_word' id='word_1_568' title='bbox 1460 1013 1562 1042; x_wconf 90' lang='lat' dir='ltr'>stens</span> <span class='ocrx_word' id='word_1_569' title='bbox 1599 1008 1744 1045; x_wconf 90' lang='lat' dir='ltr'>utilitati</span> <span class='ocrx_word' id='word_1_570' title='bbox 1782 1009 1963 1057; x_wconf 85' lang='lat' dir='ltr'>privatae.</span> <span class='ocrx_word' id='word_1_571' title='bbox 2004 1011 2056 1047; x_wconf 92' lang='lat' dir='ltr'>llli</span> <span class='ocrx_word' id='word_1_572' title='bbox 2095 1024 2185 1060; x_wconf 87' lang='lat' dir='ltr'>ergo</span> <span class='ocrx_word' id='word_1_573' title='bbox 2223 1014 2288 1061; x_wconf 90' lang='lat' dir='ltr'>qui</span> <span class='ocrx_word' id='word_1_574' title='bbox 2325 1015 2525 1063; x_wconf 91' lang='lat' dir='ltr'>praedictis</span> 
     </span>
     <span class='ocr_line' id='line_1_90' title="bbox 1460 1059 2526 1113; baseline 0.011 -19"><span class='ocrx_word' id='word_1_575' title='bbox 1460 1059 1715 1107; x_wconf 88' lang='lat' dir='ltr'>spiritualibus</span> <span class='ocrx_word' id='word_1_576' title='bbox 1744 1062 1922 1110; x_wconf 90' lang='lat' dir='ltr'>operibus</span> <span class='ocrx_word' id='word_1_577' title='bbox 1951 1064 2101 1111; x_wconf 90' lang='lat' dir='ltr'>publice</span> <span class='ocrx_word' id='word_1_578' title='bbox 2121 1074 2270 1113; x_wconf 88' lang='lat' dir='ltr'>vacant,</span> <span class='ocrx_word' id='word_1_579' title='bbox 2301 1076 2526 1106; x_wconf 87' lang='lat' dir='ltr'>excusantur</span> 
     </span>
    </p>
   </div>
   <div class='ocr_carea' id='block_1_28' title="bbox 1431 1113 2523 1169">
    <p class='ocr_par' dir='ltr' id='par_1_32' title="bbox 1431 1113 2523 1169">
     <span class='ocr_line' id='line_1_91' title="bbox 1431 1113 2523 1169; baseline 0.01 -21"><span class='ocrx_word' id='word_1_580' title='bbox 1431 1143 1433 1161; x_wconf 31' lang='grc' dir='ltr'>ἐ</span> <span class='ocrx_word' id='word_1_581' title='bbox 1460 1124 1528 1160; x_wconf 89' lang='lat' dir='ltr'>per</span> <span class='ocrx_word' id='word_1_582' title='bbox 1546 1113 1766 1151; x_wconf 90' lang='lat' dir='ltr'>huiusmodi</span> <span class='ocrx_word' id='word_1_583' title='bbox 1787 1127 1904 1163; x_wconf 90' lang='lat' dir='ltr'>opera</span> <span class='ocrx_word' id='word_1_584' title='bbox 1920 1117 2127 1164; x_wconf 88' lang='lat' dir='ltr'>spiritualia</span> <span class='ocrx_word' id='word_1_585' title='bbox 2147 1119 2195 1155; x_wconf 91' lang='lat' dir='ltr'>ab</span> <span class='ocrx_word' id='word_1_586' title='bbox 2212 1131 2328 1167; x_wconf 91' lang='lat' dir='ltr'>opere</span> <span class='ocrx_word' id='word_1_587' title='bbox 2345 1122 2523 1169; x_wconf 89' lang='lat' dir='ltr'>manuali,</span> 
     </span>
    </p>
   </div>
   <div class='ocr_carea' id='block_1_29' title="bbox 1459 1165 2529 3451">
    <p class='ocr_par' dir='ltr' id='par_1_33' title="bbox 1459 1165 2526 1416">
     <span class='ocr_line' id='line_1_92' title="bbox 1461 1165 2524 1222; baseline 0.009 -20"><span class='ocrx_word' id='word_1_588' title='bbox 1461 1165 1601 1214; x_wconf 90' lang='lat' dir='ltr'>duplici</span> <span class='ocrx_word' id='word_1_589' title='bbox 1629 1167 1787 1205; x_wconf 89' lang='lat' dir='ltr'>ratione.</span> <span class='ocrx_word' id='word_1_590' title='bbox 1818 1169 1948 1205; x_wconf 89' lang='lat' dir='ltr'>Primo</span> <span class='ocrx_word' id='word_1_591' title='bbox 1978 1171 2146 1218; x_wconf 83' lang='lat' dir='ltr'>quidem,</span> <span class='ocrx_word' id='word_1_592' title='bbox 2176 1172 2266 1220; x_wconf 92' lang='lat' dir='ltr'>quia</span> <span class='ocrx_word' id='word_1_593' title='bbox 2286 1182 2435 1222; x_wconf 89' lang='lat' dir='ltr'>oportet</span> <span class='ocrx_word' id='word_1_594' title='bbox 2459 1187 2524 1212; x_wconf 90' lang='lat' dir='ltr'>eos</span> 
     </span>
     <span class='ocr_line' id='line_1_93' title="bbox 1459 1219 2524 1276; baseline 0.009 -21"><span class='ocrx_word' id='word_1_595' title='bbox 1459 1219 1622 1256; x_wconf 87' lang='lat' dir='ltr'>totaliter</span> <span class='ocrx_word' id='word_1_596' title='bbox 1650 1232 1732 1257; x_wconf 92' lang='lat' dir='ltr'>esse</span> <span class='ocrx_word' id='word_1_597' title='bbox 1753 1230 1960 1270; x_wconf 88' lang='lat' dir='ltr'>occupatos</span> <span class='ocrx_word' id='word_1_598' title='bbox 1989 1224 2087 1261; x_wconf 90' lang='lat' dir='ltr'>circa</span> <span class='ocrx_word' id='word_1_599' title='bbox 2110 1225 2330 1263; x_wconf 90' lang='lat' dir='ltr'>huiusmodi</span> <span class='ocrx_word' id='word_1_600' title='bbox 2350 1239 2479 1276; x_wconf 91' lang='lat' dir='ltr'>opera.</span> <span class='ocrx_word' id='word_1_601' title='bbox 2500 1249 2524 1256; x_wconf 94' lang='lat'>-</span> 
     </span>
     <span class='ocr_line' id='line_1_94' title="bbox 1461 1272 2525 1325; baseline 0.009 -17"><span class='ocrx_word' id='word_1_602' title='bbox 1461 1272 1654 1320; x_wconf 89' lang='lat' dir='ltr'>Secundo,</span> <span class='ocrx_word' id='word_1_603' title='bbox 1675 1274 1764 1323; x_wconf 91' lang='lat' dir='ltr'>quia</span> <span class='ocrx_word' id='word_1_604' title='bbox 1791 1275 2010 1312; x_wconf 88' lang='lat' dir='ltr'>huiusmodi</span> <span class='ocrx_word' id='word_1_605' title='bbox 2030 1289 2147 1325; x_wconf 90' lang='lat' dir='ltr'>opera</span> <span class='ocrx_word' id='word_1_606' title='bbox 2172 1280 2432 1317; x_wconf 87' lang='lat' dir='ltr'>exercentibus</span> <span class='ocrx_word' id='word_1_607' title='bbox 2461 1281 2525 1318; x_wconf 90' lang='lat' dir='ltr'>de-</span> 
     </span>
     <span class='ocr_line' id='line_1_95' title="bbox 1461 1325 2526 1380; baseline 0.009 -19"><span class='ocrx_word' id='word_1_608' title='bbox 1461 1325 1571 1361; x_wconf 93' lang='lat' dir='ltr'>betur</span> <span class='ocrx_word' id='word_1_609' title='bbox 1594 1327 1888 1365; x_wconf 87' lang='lat' dir='ltr'>subministratio</span> <span class='ocrx_word' id='word_1_610' title='bbox 1908 1328 2030 1366; x_wconf 90' lang='lat' dir='ltr'>victus</span> <span class='ocrx_word' id='word_1_611' title='bbox 2050 1331 2098 1367; x_wconf 91' lang='lat' dir='ltr'>ab</span> <span class='ocrx_word' id='word_1_612' title='bbox 2118 1331 2176 1368; x_wconf 91' lang='lat' dir='ltr'>his</span> <span class='ocrx_word' id='word_1_613' title='bbox 2195 1344 2362 1380; x_wconf 92' lang='lat' dir='ltr'>quorum</span> <span class='ocrx_word' id='word_1_614' title='bbox 2381 1334 2526 1371; x_wconf 90' lang='lat' dir='ltr'>utilitati</span> 
     </span>
     <span class='ocr_line' id='line_1_96' title="bbox 1462 1378 1694 1416; baseline 0.009 -2"><span class='ocrx_word' id='word_1_615' title='bbox 1462 1378 1694 1416; x_wconf 90' lang='lat' dir='ltr'>deserviunt.</span> 
     </span>
    </p>

    <p class='ocr_par' dir='ltr' id='par_1_34' title="bbox 1460 1431 2529 2814">
     <span class='ocr_line' id='line_1_97' title="bbox 1516 1431 2527 1487; baseline 0.01 -20"><span class='ocrx_word' id='word_1_616' title='bbox 1516 1431 1570 1467; x_wconf 92' lang='lat' dir='ltr'>Illi</span> <span class='ocrx_word' id='word_1_617' title='bbox 1608 1444 1702 1469; x_wconf 92' lang='lat' dir='ltr'>vero</span> <span class='ocrx_word' id='word_1_618' title='bbox 1742 1433 1806 1480; x_wconf 93' lang='lat' dir='ltr'>qui</span> <span class='ocrx_word' id='word_1_619' title='bbox 1842 1435 2044 1481; x_wconf 87' lang='lat' dir='ltr'>praedictis</span> <span class='ocrx_word' id='word_1_620' title='bbox 2082 1436 2261 1484; x_wconf 91' lang='lat' dir='ltr'>operibus</span> <span class='ocrx_word' id='word_1_621' title='bbox 2303 1451 2381 1475; x_wconf 89' lang='lat' dir='ltr'>non</span> <span class='ocrx_word' id='word_1_622' title='bbox 2418 1440 2527 1487; x_wconf 89' lang='lat' dir='ltr'>quasi</span> 
     </span>
     <span class='ocr_line' id='line_1_98' title="bbox 1462 1484 2527 1541; baseline 0.009 -22"><span class='ocrx_word' id='word_1_623' title='bbox 1462 1484 1644 1532; x_wconf 90' lang='lat' dir='ltr'>publicis,</span> <span class='ocrx_word' id='word_1_624' title='bbox 1675 1485 1742 1522; x_wconf 92' lang='lat' dir='ltr'>sed</span> <span class='ocrx_word' id='word_1_625' title='bbox 1772 1486 1881 1532; x_wconf 88' lang='lat' dir='ltr'>quasi</span> <span class='ocrx_word' id='word_1_626' title='bbox 1909 1487 2065 1535; x_wconf 88' lang='lat' dir='ltr'>privatis</span> <span class='ocrx_word' id='word_1_627' title='bbox 2092 1498 2248 1536; x_wconf 87' lang='lat' dir='ltr'>vacant,</span> <span class='ocrx_word' id='word_1_628' title='bbox 2279 1503 2349 1527; x_wconf 91' lang='lat' dir='ltr'>nec</span> <span class='ocrx_word' id='word_1_629' title='bbox 2378 1500 2527 1541; x_wconf 89' lang='lat' dir='ltr'>oportet</span> 
     </span>
     <span class='ocr_line' id='line_1_99' title="bbox 1462 1537 2527 1593; baseline 0.008 -20"><span class='ocrx_word' id='word_1_630' title='bbox 1462 1537 1568 1585; x_wconf 89' lang='lat' dir='ltr'>quod</span> <span class='ocrx_word' id='word_1_631' title='bbox 1582 1550 1652 1587; x_wconf 92' lang='lat' dir='ltr'>per</span> <span class='ocrx_word' id='word_1_632' title='bbox 1670 1538 1891 1576; x_wconf 91' lang='lat' dir='ltr'>huiusmodi</span> <span class='ocrx_word' id='word_1_633' title='bbox 1911 1552 2028 1588; x_wconf 90' lang='lat' dir='ltr'>opera</span> <span class='ocrx_word' id='word_1_634' title='bbox 2049 1554 2071 1577; x_wconf 91' lang='lat' dir='ltr'>a</span> <span class='ocrx_word' id='word_1_635' title='bbox 2090 1542 2332 1580; x_wconf 90' lang='lat' dir='ltr'>manualibus</span> <span class='ocrx_word' id='word_1_636' title='bbox 2348 1545 2527 1593; x_wconf 87' lang='lat' dir='ltr'>operibus</span> 
     </span>
     <span class='ocr_line' id='line_1_100' title="bbox 1463 1590 2526 1636; baseline 0.008 -9"><span class='ocrx_word' id='word_1_637' title='bbox 1463 1590 1748 1629; x_wconf 89' lang='lat' dir='ltr'>abstrahantur:</span> <span class='ocrx_word' id='word_1_638' title='bbox 1787 1604 1857 1628; x_wconf 87' lang='lat' dir='ltr'>nec</span> <span class='ocrx_word' id='word_1_639' title='bbox 1895 1593 2007 1631; x_wconf 89' lang='lat' dir='ltr'>etiam</span> <span class='ocrx_word' id='word_1_640' title='bbox 2045 1595 2088 1631; x_wconf 90' lang='lat' dir='ltr'>fit</span> <span class='ocrx_word' id='word_1_641' title='bbox 2122 1595 2175 1631; x_wconf 90' lang='lat' dir='ltr'>eis</span> <span class='ocrx_word' id='word_1_642' title='bbox 2211 1596 2381 1634; x_wconf 90' lang='lat' dir='ltr'>debitum</span> <span class='ocrx_word' id='word_1_643' title='bbox 2410 1606 2452 1635; x_wconf 91' lang='lat' dir='ltr'>ut</span> <span class='ocrx_word' id='word_1_644' title='bbox 2481 1600 2526 1636; x_wconf 92' lang='lat' dir='ltr'>de</span> 
     </span>
     <span class='ocr_line' id='line_1_101' title="bbox 1463 1642 2529 1699; baseline 0.008 -19"><span class='ocrx_word' id='word_1_645' title='bbox 1463 1643 1658 1693; x_wconf 91' lang='lat' dir='ltr'>stipendiis</span> <span class='ocrx_word' id='word_1_646' title='bbox 1686 1642 1859 1682; x_wconf 90' lang='lat' dir='ltr'>fidelium</span> <span class='ocrx_word' id='word_1_647' title='bbox 1887 1646 2031 1684; x_wconf 89' lang='lat' dir='ltr'>vivant.</span> <span class='ocrx_word' id='word_1_648' title='bbox 2062 1649 2111 1684; x_wconf 91' lang='lat' dir='ltr'>Et</span> <span class='ocrx_word' id='word_1_649' title='bbox 2140 1649 2186 1685; x_wconf 91' lang='lat' dir='ltr'>de</span> <span class='ocrx_word' id='word_1_650' title='bbox 2206 1650 2342 1687; x_wconf 91' lang='lat' dir='ltr'>talibus</span> <span class='ocrx_word' id='word_1_651' title='bbox 2361 1651 2529 1699; x_wconf 91' lang='lat' dir='ltr'>loquitur</span> 
     </span>
     <span class='ocr_line' id='line_1_102' title="bbox 1462 1699 2527 1748; baseline 0.008 -14"><span class='ocrx_word' id='word_1_652' title='bbox 1462 1699 1710 1746; x_wconf 89' lang='lat' dir='ltr'>Augustinus.</span> <span class='ocrx_word' id='word_1_653' title='bbox 1741 1699 1860 1746; x_wconf 91' lang='lat' dir='ltr'>Quod</span> <span class='ocrx_word' id='word_1_654' title='bbox 1889 1701 1990 1737; x_wconf 91' lang='lat' dir='ltr'>enim</span> <span class='ocrx_word' id='word_1_655' title='bbox 2020 1701 2120 1748; x_wconf 90' lang='lat' dir='ltr'>dicit,</span> <span class='ocrx_word' id='word_1_656' title='bbox 2146 1702 2301 1740; x_wconf 89' lang='lat' dir='ltr'>Cantica</span> <span class='ocrx_word' id='word_1_657' title='bbox 2320 1704 2448 1742; x_wconf 80' lang='lat' dir='ltr'>divina</span> <span class='ocrx_word' id='word_1_658' title='bbox 2467 1706 2527 1742; x_wconf 90' lang='lat' dir='ltr'>de-</span> 
     </span>
     <span class='ocr_line' id='line_1_103' title="bbox 1462 1753 2526 1808; baseline 0.008 -21"><span class='ocrx_word' id='word_1_659' title='bbox 1462 1757 1618 1788; x_wconf 89' lang='lat' dir='ltr'>cantare</span> <span class='ocrx_word' id='word_1_660' title='bbox 1644 1753 1818 1789; x_wconf 86' lang='lat' dir='ltr'>manibus</span> <span class='ocrx_word' id='word_1_661' title='bbox 1842 1759 2038 1801; x_wconf 89' lang='lat' dir='ltr'>operantes</span> <span class='ocrx_word' id='word_1_662' title='bbox 2060 1761 2228 1803; x_wconf 86' lang='lat' dir='ltr'>possunt,</span> <span class='ocrx_word' id='word_1_663' title='bbox 2250 1758 2426 1806; x_wconf 87' lang='lat' dir='ltr'>exemplo</span> <span class='ocrx_word' id='word_1_664' title='bbox 2447 1759 2526 1808; x_wconf 92' lang='lat' dir='ltr'>opi-</span> 
     </span>
     <span class='ocr_line' id='line_1_104' title="bbox 1462 1805 2527 1856; baseline 0.008 -15"><span class='ocrx_word' id='word_1_665' title='bbox 1462 1805 1592 1852; x_wconf 89' lang='lat' dir='ltr'>ficum,</span> <span class='ocrx_word' id='word_1_666' title='bbox 1623 1806 1690 1854; x_wconf 85' lang='lat' dir='ltr'>qui</span> <span class='ocrx_word' id='word_1_667' title='bbox 1703 1806 1853 1853; x_wconf 83' lang='lat' dir='ltr'>fabulis</span> <span class='ocrx_word' id='word_1_668' title='bbox 1880 1806 2033 1856; x_wconf 80' lang='lat' dir='ltr'>linguas</span> <span class='ocrx_word' id='word_1_669' title='bbox 2060 1808 2152 1845; x_wconf 86' lang='lat' dir='ltr'>dant</span> <span class='ocrx_word' id='word_1_670' title='bbox 2178 1820 2263 1845; x_wconf 89' lang='lat' dir='ltr'>cum</span> <span class='ocrx_word' id='word_1_671' title='bbox 2293 1816 2416 1848; x_wconf 91' lang='lat' dir='ltr'>tamen</span> <span class='ocrx_word' id='word_1_672' title='bbox 2446 1824 2527 1849; x_wconf 92' lang='lat' dir='ltr'>ma-</span> 
     </span>
     <span class='ocr_line' id='line_1_105' title="bbox 1461 1859 2526 1913; baseline 0.008 -19"><span class='ocrx_word' id='word_1_673' title='bbox 1461 1870 1531 1895; x_wconf 90' lang='lat' dir='ltr'>nus</span> <span class='ocrx_word' id='word_1_674' title='bbox 1549 1859 1598 1895; x_wconf 86' lang='lat' dir='ltr'>ab</span> <span class='ocrx_word' id='word_1_675' title='bbox 1617 1871 1730 1908; x_wconf 91' lang='lat' dir='ltr'>opere</span> <span class='ocrx_word' id='word_1_676' title='bbox 1758 1871 1832 1896; x_wconf 90' lang='lat' dir='ltr'>non</span> <span class='ocrx_word' id='word_1_677' title='bbox 1862 1861 2056 1898; x_wconf 85' lang='lat' dir='ltr'>recedant:</span> <span class='ocrx_word' id='word_1_678' title='bbox 2081 1862 2325 1900; x_wconf 85' lang='lat' dir='ltr'>manifestum</span> <span class='ocrx_word' id='word_1_679' title='bbox 2347 1872 2403 1901; x_wconf 89' lang='lat' dir='ltr'>est</span> <span class='ocrx_word' id='word_1_680' title='bbox 2422 1866 2526 1913; x_wconf 92' lang='lat' dir='ltr'>quod</span> 
     </span>
     <span class='ocr_line' id='line_1_106' title="bbox 1462 1913 2526 1963; baseline 0.008 -15"><span class='ocrx_word' id='word_1_681' title='bbox 1462 1924 1539 1948; x_wconf 91' lang='lat' dir='ltr'>non</span> <span class='ocrx_word' id='word_1_682' title='bbox 1579 1920 1703 1960; x_wconf 90' lang='lat' dir='ltr'>potest</span> <span class='ocrx_word' id='word_1_683' title='bbox 1737 1913 1886 1961; x_wconf 90' lang='lat' dir='ltr'>intelligi</span> <span class='ocrx_word' id='word_1_684' title='bbox 1917 1914 1963 1951; x_wconf 90' lang='lat' dir='ltr'>de</span> <span class='ocrx_word' id='word_1_685' title='bbox 1993 1914 2050 1951; x_wconf 92' lang='lat' dir='ltr'>his</span> <span class='ocrx_word' id='word_1_686' title='bbox 2088 1915 2152 1963; x_wconf 91' lang='lat' dir='ltr'>qui</span> <span class='ocrx_word' id='word_1_687' title='bbox 2179 1916 2294 1953; x_wconf 90' lang='lat' dir='ltr'>horas</span> <span class='ocrx_word' id='word_1_688' title='bbox 2323 1918 2526 1956; x_wconf 86' lang='lat' dir='ltr'>canonicas</span> 
     </span>
     <span class='ocr_line' id='line_1_107' title="bbox 1460 1965 2526 2019; baseline 0.008 -18"><span class='ocrx_word' id='word_1_689' title='bbox 1460 1965 1499 2001; x_wconf 92' lang='lat' dir='ltr'>in</span> <span class='ocrx_word' id='word_1_690' title='bbox 1527 1966 1686 2003; x_wconf 90' lang='lat' dir='ltr'>ecclesia</span> <span class='ocrx_word' id='word_1_691' title='bbox 1716 1967 1939 2014; x_wconf 80' lang='lat' dir='ltr'>decantant3</span> <span class='ocrx_word' id='word_1_692' title='bbox 1969 1968 2035 2004; x_wconf 92' lang='lat' dir='ltr'>sed</span> <span class='ocrx_word' id='word_1_693' title='bbox 2065 1968 2278 2016; x_wconf 89' lang='lat' dir='ltr'>intelligitur</span> <span class='ocrx_word' id='word_1_694' title='bbox 2307 1971 2354 2007; x_wconf 88' lang='lat' dir='ltr'>de</span> <span class='ocrx_word' id='word_1_695' title='bbox 2374 1971 2432 2008; x_wconf 91' lang='lat' dir='ltr'>his</span> <span class='ocrx_word' id='word_1_696' title='bbox 2461 1972 2526 2019; x_wconf 93' lang='lat' dir='ltr'>qui</span> 
     </span>
     <span class='ocr_line' id='line_1_108' title="bbox 1461 2019 2525 2071; baseline 0.007 -16"><span class='ocrx_word' id='word_1_697' title='bbox 1461 2019 1631 2067; x_wconf 91' lang='lat' dir='ltr'>psalmos</span> <span class='ocrx_word' id='word_1_698' title='bbox 1658 2020 1721 2056; x_wconf 88' lang='lat' dir='ltr'>vel</span> <span class='ocrx_word' id='word_1_699' title='bbox 1750 2020 1916 2068; x_wconf 92' lang='lat' dir='ltr'>hymnos</span> <span class='ocrx_word' id='word_1_700' title='bbox 1946 2020 2076 2058; x_wconf 91' lang='lat' dir='ltr'>dicunt</span> <span class='ocrx_word' id='word_1_701' title='bbox 2112 2022 2219 2069; x_wconf 90' lang='lat' dir='ltr'>quasi</span> <span class='ocrx_word' id='word_1_702' title='bbox 2248 2023 2414 2071; x_wconf 90' lang='lat' dir='ltr'>privatas</span> <span class='ocrx_word' id='word_1_703' title='bbox 2443 2037 2525 2062; x_wconf 93' lang='lat' dir='ltr'>ora-</span> 
     </span>
     <span class='ocr_line' id='line_1_109' title="bbox 1461 2071 2525 2123; baseline 0.007 -15"><span class='ocrx_word' id='word_1_704' title='bbox 1461 2071 1595 2110; x_wconf 87' lang='lat' dir='ltr'>tiones.</span> <span class='ocrx_word' id='word_1_705' title='bbox 1626 2094 1649 2100; x_wconf 95' lang='grc'>-</span> <span class='ocrx_word' id='word_1_706' title='bbox 1680 2073 1859 2110; x_wconf 90' lang='lat' dir='ltr'>Similiter</span> <span class='ocrx_word' id='word_1_707' title='bbox 1886 2074 1991 2123; x_wconf 91' lang='lat' dir='ltr'>quod</span> <span class='ocrx_word' id='word_1_708' title='bbox 2022 2074 2110 2111; x_wconf 88' lang='lat' dir='ltr'>dicit</span> <span class='ocrx_word' id='word_1_709' title='bbox 2138 2075 2185 2112; x_wconf 93' lang='lat' dir='ltr'>de</span> <span class='ocrx_word' id='word_1_710' title='bbox 2204 2076 2366 2114; x_wconf 86' lang='lat' dir='ltr'>lectione</span> <span class='ocrx_word' id='word_1_711' title='bbox 2387 2086 2423 2114; x_wconf 89' lang='lat' dir='ltr'>et</span> <span class='ocrx_word' id='word_1_712' title='bbox 2442 2091 2525 2115; x_wconf 90' lang='lat' dir='ltr'>ora-</span> 
     </span>
     <span class='ocr_line' id='line_1_110' title="bbox 1461 2125 2525 2173; baseline 0.007 -11"><span class='ocrx_word' id='word_1_713' title='bbox 1461 2125 1585 2173; x_wconf 90' lang='lat' dir='ltr'>tione,</span> <span class='ocrx_word' id='word_1_714' title='bbox 1619 2127 1861 2164; x_wconf 89' lang='lat' dir='ltr'>referendum</span> <span class='ocrx_word' id='word_1_715' title='bbox 1891 2135 1947 2164; x_wconf 89' lang='lat' dir='ltr'>est</span> <span class='ocrx_word' id='word_1_716' title='bbox 1979 2128 2028 2165; x_wconf 87' lang='lat' dir='ltr'>ad</span> <span class='ocrx_word' id='word_1_717' title='bbox 2057 2128 2248 2166; x_wconf 89' lang='lat' dir='ltr'>orationes</span> <span class='ocrx_word' id='word_1_718' title='bbox 2282 2138 2318 2167; x_wconf 90' lang='lat' dir='ltr'>et</span> <span class='ocrx_word' id='word_1_719' title='bbox 2344 2131 2525 2169; x_wconf 86' lang='lat' dir='ltr'>lectiones</span> 
     </span>
     <span class='ocr_line' id='line_1_111' title="bbox 1461 2179 2526 2229; baseline 0.006 -13"><span class='ocrx_word' id='word_1_720' title='bbox 1461 2179 1638 2227; x_wconf 89' lang='lat' dir='ltr'>privatas,</span> <span class='ocrx_word' id='word_1_721' title='bbox 1668 2193 1762 2229; x_wconf 90' lang='lat' dir='ltr'>quas</span> <span class='ocrx_word' id='word_1_722' title='bbox 1792 2180 1905 2218; x_wconf 91' lang='lat' dir='ltr'>etiam</span> <span class='ocrx_word' id='word_1_723' title='bbox 1934 2181 2017 2217; x_wconf 89' lang='lat' dir='ltr'>laici</span> <span class='ocrx_word' id='word_1_724' title='bbox 2038 2181 2228 2219; x_wconf 88' lang='lat' dir='ltr'>interdum</span> <span class='ocrx_word' id='word_1_725' title='bbox 2257 2183 2418 2221; x_wconf 88' lang='lat' dir='ltr'>faciunt:</span> <span class='ocrx_word' id='word_1_726' title='bbox 2447 2198 2526 2222; x_wconf 92' lang='lat' dir='ltr'>non</span> 
     </span>
     <span class='ocr_line' id='line_1_112' title="bbox 1461 2233 2526 2283; baseline 0.006 -14"><span class='ocrx_word' id='word_1_727' title='bbox 1461 2240 1590 2269; x_wconf 90' lang='lat' dir='ltr'>autem</span> <span class='ocrx_word' id='word_1_728' title='bbox 1618 2233 1666 2270; x_wconf 85' lang='lat' dir='ltr'>ad</span> <span class='ocrx_word' id='word_1_729' title='bbox 1694 2234 1777 2270; x_wconf 89' lang='lat' dir='ltr'>illos</span> <span class='ocrx_word' id='word_1_730' title='bbox 1806 2234 1872 2282; x_wconf 92' lang='lat' dir='ltr'>qui</span> <span class='ocrx_word' id='word_1_731' title='bbox 1898 2234 2070 2283; x_wconf 89' lang='lat' dir='ltr'>publicas</span> <span class='ocrx_word' id='word_1_732' title='bbox 2099 2236 2289 2273; x_wconf 91' lang='lat' dir='ltr'>orationes</span> <span class='ocrx_word' id='word_1_733' title='bbox 2309 2237 2346 2273; x_wconf 91' lang='lat' dir='ltr'>in</span> <span class='ocrx_word' id='word_1_734' title='bbox 2369 2239 2526 2275; x_wconf 89' lang='lat' dir='ltr'>ecclesia</span> 
     </span>
     <span class='ocr_line' id='line_1_113' title="bbox 1461 2286 2526 2336; baseline 0.006 -14"><span class='ocrx_word' id='word_1_735' title='bbox 1461 2286 1623 2333; x_wconf 83' lang='lat' dir='ltr'>faciunt,</span> <span class='ocrx_word' id='word_1_736' title='bbox 1657 2288 1719 2323; x_wconf 90' lang='lat' dir='ltr'>vel</span> <span class='ocrx_word' id='word_1_737' title='bbox 1758 2287 1871 2324; x_wconf 87' lang='lat' dir='ltr'>etiam</span> <span class='ocrx_word' id='word_1_738' title='bbox 1905 2287 2077 2336; x_wconf 91' lang='lat' dir='ltr'>publicas</span> <span class='ocrx_word' id='word_1_739' title='bbox 2106 2289 2286 2326; x_wconf 89' lang='lat' dir='ltr'>lectiones</span> <span class='ocrx_word' id='word_1_740' title='bbox 2321 2290 2358 2327; x_wconf 91' lang='lat' dir='ltr'>in</span> <span class='ocrx_word' id='word_1_741' title='bbox 2388 2292 2526 2328; x_wconf 88' lang='lat' dir='ltr'>scholis</span> 
     </span>
     <span class='ocr_line' id='line_1_114' title="bbox 1460 2340 2526 2388; baseline 0.005 -12"><span class='ocrx_word' id='word_1_742' title='bbox 1460 2340 1599 2388; x_wconf 87' lang='lat' dir='ltr'>legunt.</span> <span class='ocrx_word' id='word_1_743' title='bbox 1629 2340 1742 2377; x_wconf 92' lang='lat' dir='ltr'>Unde</span> <span class='ocrx_word' id='word_1_744' title='bbox 1771 2353 1850 2377; x_wconf 90' lang='lat' dir='ltr'>non</span> <span class='ocrx_word' id='word_1_745' title='bbox 1879 2341 1977 2387; x_wconf 91' lang='lat' dir='ltr'>dicit,</span> <span class='ocrx_word' id='word_1_746' title='bbox 2011 2341 2086 2383; x_wconf 85' lang='lat' dir='ltr'>Qui</span> <span class='ocrx_word' id='word_1_747' title='bbox 2103 2342 2231 2379; x_wconf 88' lang='lat' dir='ltr'>dicunt</span> <span class='ocrx_word' id='word_1_748' title='bbox 2247 2355 2287 2379; x_wconf 91' lang='lat' dir='ltr'>se</span> <span class='ocrx_word' id='word_1_749' title='bbox 2304 2355 2444 2380; x_wconf 77' lang='lat' dir='ltr'>vacare</span> <span class='ocrx_word' id='word_1_750' title='bbox 2462 2345 2526 2381; x_wconf 88' lang='lat' dir='ltr'>do-</span> 
     </span>
     <span class='ocr_line' id='line_1_115' title="bbox 1461 2393 2528 2442; baseline 0.005 -12"><span class='ocrx_word' id='word_1_751' title='bbox 1461 2394 1604 2430; x_wconf 88' lang='lat' dir='ltr'>ctrinae</span> <span class='ocrx_word' id='word_1_752' title='bbox 1630 2393 1691 2430; x_wconf 77' lang='lat' dir='ltr'>vel</span> <span class='ocrx_word' id='word_1_753' title='bbox 1709 2394 1962 2431; x_wconf 86' lang='lat' dir='ltr'>instructioni:</span> <span class='ocrx_word' id='word_1_754' title='bbox 1992 2395 2071 2442; x_wconf 81' lang='lat' dir='ltr'>sed,</span> <span class='ocrx_word' id='word_1_755' title='bbox 2097 2395 2172 2437; x_wconf 88' lang='lat' dir='ltr'>Qui</span> <span class='ocrx_word' id='word_1_756' title='bbox 2188 2395 2316 2433; x_wconf 86' lang='lat' dir='ltr'>dicunt</span> <span class='ocrx_word' id='word_1_757' title='bbox 2331 2409 2371 2433; x_wconf 89' lang='lat' dir='ltr'>se</span> <span class='ocrx_word' id='word_1_758' title='bbox 2388 2409 2528 2435; x_wconf 78' lang='lat' dir='ltr'>vacare</span> 
     </span>
     <span class='ocr_line' id='line_1_116' title="bbox 1460 2447 2527 2496; baseline 0.004 -13"><span class='ocrx_word' id='word_1_759' title='bbox 1460 2447 1619 2484; x_wconf 90' lang='lat' dir='ltr'>lectioni.</span> <span class='ocrx_word' id='word_1_760' title='bbox 1650 2468 1673 2474; x_wconf 96' lang='lat'>—</span> <span class='ocrx_word' id='word_1_761' title='bbox 1704 2447 1883 2484; x_wconf 90' lang='lat' dir='ltr'>Similiter</span> <span class='ocrx_word' id='word_1_762' title='bbox 1917 2455 2045 2484; x_wconf 91' lang='lat' dir='ltr'>autem</span> <span class='ocrx_word' id='word_1_763' title='bbox 2085 2448 2132 2485; x_wconf 89' lang='lat' dir='ltr'>de</span> <span class='ocrx_word' id='word_1_764' title='bbox 2164 2449 2444 2496; x_wconf 89' lang='lat' dir='ltr'>praedicatione</span> <span class='ocrx_word' id='word_1_765' title='bbox 2472 2452 2527 2488; x_wconf 93' lang='lat' dir='ltr'>lo-</span> 
     </span>
     <span class='ocr_line' id='line_1_117' title="bbox 1462 2500 2525 2551; baseline 0.005 -15"><span class='ocrx_word' id='word_1_766' title='bbox 1462 2500 1607 2549; x_wconf 90' lang='lat' dir='ltr'>quitur,</span> <span class='ocrx_word' id='word_1_767' title='bbox 1644 2513 1722 2537; x_wconf 91' lang='lat' dir='ltr'>non</span> <span class='ocrx_word' id='word_1_768' title='bbox 1752 2513 1851 2548; x_wconf 91' lang='lat' dir='ltr'>quae</span> <span class='ocrx_word' id='word_1_769' title='bbox 1884 2501 1927 2537; x_wconf 93' lang='lat' dir='ltr'>fit</span> <span class='ocrx_word' id='word_1_770' title='bbox 1954 2501 2105 2549; x_wconf 93' lang='lat' dir='ltr'>publice</span> <span class='ocrx_word' id='word_1_771' title='bbox 2134 2502 2183 2538; x_wconf 92' lang='lat' dir='ltr'>ad</span> <span class='ocrx_word' id='word_1_772' title='bbox 2210 2503 2421 2551; x_wconf 90' lang='lat' dir='ltr'>populum:</span> <span class='ocrx_word' id='word_1_773' title='bbox 2459 2505 2525 2542; x_wconf 91' lang='lat' dir='ltr'>sed</span> 
     </span>
     <span class='ocr_line' id='line_1_118' title="bbox 1462 2554 2527 2605; baseline 0.003 -15"><span class='ocrx_word' id='word_1_774' title='bbox 1462 2566 1561 2603; x_wconf 89' lang='lat' dir='ltr'>quae</span> <span class='ocrx_word' id='word_1_775' title='bbox 1603 2554 1816 2602; x_wconf 90' lang='lat' dir='ltr'>specialiter</span> <span class='ocrx_word' id='word_1_776' title='bbox 1854 2554 1898 2590; x_wconf 91' lang='lat' dir='ltr'>fit</span> <span class='ocrx_word' id='word_1_777' title='bbox 1938 2555 1985 2590; x_wconf 89' lang='lat' dir='ltr'>ad</span> <span class='ocrx_word' id='word_1_778' title='bbox 2028 2566 2149 2590; x_wconf 92' lang='lat' dir='ltr'>unum</span> <span class='ocrx_word' id='word_1_779' title='bbox 2182 2556 2244 2591; x_wconf 91' lang='lat' dir='ltr'>vel</span> <span class='ocrx_word' id='word_1_780' title='bbox 2277 2568 2421 2604; x_wconf 88' lang='lat' dir='ltr'>paucos</span> <span class='ocrx_word' id='word_1_781' title='bbox 2457 2569 2527 2605; x_wconf 92' lang='lat' dir='ltr'>per</span> 
     </span>
     <span class='ocr_line' id='line_1_119' title="bbox 1462 2607 2522 2656; baseline 0.003 -13"><span class='ocrx_word' id='word_1_782' title='bbox 1462 2607 1624 2644; x_wconf 90' lang='lat' dir='ltr'>modurn</span> <span class='ocrx_word' id='word_1_783' title='bbox 1662 2607 1834 2656; x_wconf 89' lang='lat' dir='ltr'>privatae</span> <span class='ocrx_word' id='word_1_784' title='bbox 1867 2607 2150 2644; x_wconf 91' lang='lat' dir='ltr'>admonitionis.</span> <span class='ocrx_word' id='word_1_785' title='bbox 2190 2608 2301 2644; x_wconf 90' lang='lat' dir='ltr'>Unde</span> <span class='ocrx_word' id='word_1_786' title='bbox 2336 2608 2522 2656; x_wconf 88' lang='lat' dir='ltr'>signanter</span> 
     </span>
     <span class='ocr_line' id='line_1_120' title="bbox 1463 2660 2525 2710; baseline 0.002 -13"><span class='ocrx_word' id='word_1_787' title='bbox 1463 2660 1569 2706; x_wconf 93' lang='lat' dir='ltr'>dicit,</span> <span class='ocrx_word' id='word_1_788' title='bbox 1600 2661 1643 2697; x_wconf 88' lang='lat' dir='ltr'>Si</span> <span class='ocrx_word' id='word_1_789' title='bbox 1667 2660 1783 2697; x_wconf 88' lang='lat' dir='ltr'>alicui</span> <span class='ocrx_word' id='word_1_790' title='bbox 1806 2672 1931 2696; x_wconf 89' lang='lat' dir='ltr'>sermo</span> <span class='ocrx_word' id='word_1_791' title='bbox 1959 2660 2175 2710; x_wconf 82' lang='lat' dir='ltr'>erogandus</span> <span class='ocrx_word' id='word_1_792' title='bbox 2203 2666 2274 2698; x_wconf 89' lang='lat' dir='ltr'>est:</span> <span class='ocrx_word' id='word_1_793' title='bbox 2301 2673 2404 2709; x_wconf 89' lang='lat' dir='ltr'>nam,</span> <span class='ocrx_word' id='word_1_794' title='bbox 2430 2662 2525 2699; x_wconf 87' lang='lat' dir='ltr'>sicut</span> 
     </span>
     <span class='ocr_line' id='line_1_121' title="bbox 1462 2713 2523 2764; baseline 0.001 -13"><span class='ocrx_word' id='word_1_795' title='bbox 1462 2715 1599 2752; x_wconf 89' lang='lat' dir='ltr'>Glossa</span> <span class='ocrx_word' id='word_1_796' title='bbox 1618 2713 1638 2735; x_wconf 74' lang='lat'>&#39;¹‘</span> <span class='ocrx_word' id='word_1_797' title='bbox 1667 2713 1766 2759; x_wconf 91' lang='lat' dir='ltr'>dicit,</span> <span class='ocrx_word' id='word_1_798' title='bbox 1788 2714 1802 2749; x_wconf 93' lang='lat' dir='ltr'>I</span> <span class='ocrx_word' id='word_1_799' title='bbox 1822 2714 1874 2749; x_wconf 87' lang='lat' dir='ltr'>ad</span> <span class='ocrx_word' id='word_1_800' title='bbox 1895 2714 1982 2750; x_wconf 88' lang='lat' dir='ltr'>Cor.</span> <span class='ocrx_word' id='word_1_801' title='bbox 2004 2725 2026 2750; x_wconf 91' lang='lat'>11</span> <span class='ocrx_word' id='word_1_802' title='bbox 2045 2713 2097 2760; x_wconf 46' lang='grc' dir='ltr'>*ἦ</span> <span class='ocrx_word' id='word_1_803' title='bbox 2126 2725 2249 2750; x_wconf 90' lang='lat' dir='ltr'>sermo</span> <span class='ocrx_word' id='word_1_804' title='bbox 2277 2720 2332 2750; x_wconf 87' lang='lat' dir='ltr'>est</span> <span class='ocrx_word' id='word_1_805' title='bbox 2357 2715 2422 2763; x_wconf 86' lang='lat' dir='ltr'>qui</span> <span class='ocrx_word' id='word_1_806' title='bbox 2442 2717 2523 2764; x_wconf 91' lang='lat' dir='ltr'>pri-</span> 
     </span>
     <span class='ocr_line' id='line_1_122' title="bbox 1461 2766 2404 2814; baseline -0.001 -9"><span class='ocrx_word' id='word_1_807' title='bbox 1461 2768 1577 2805; x_wconf 79' lang='lat' dir='ltr'>vatim</span> <span class='ocrx_word' id='word_1_808' title='bbox 1594 2768 1657 2814; x_wconf 86' lang='lat' dir='ltr'>fit,</span> <span class='ocrx_word' id='word_1_809' title='bbox 1681 2766 1914 2814; x_wconf 87' lang='lat' dir='ltr'>praedicatio</span> <span class='ocrx_word' id='word_1_810' title='bbox 1944 2778 2041 2814; x_wconf 85' lang='lat' dir='ltr'>quae</span> <span class='ocrx_word' id='word_1_811' title='bbox 2056 2768 2109 2814; x_wconf 87' lang='lat' dir='ltr'>fit</span> <span class='ocrx_word' id='word_1_812' title='bbox 2135 2767 2172 2803; x_wconf 90' lang='lat' dir='ltr'>in</span> <span class='ocrx_word' id='word_1_813' title='bbox 2201 2769 2404 2804; x_wconf 86' lang='lat' dir='ltr'>communi.</span> 
     </span>
    </p>

    <p class='ocr_par' dir='ltr' id='par_1_35' title="bbox 1461 2819 2524 3177">
     <span class='ocr_line' id='line_1_123' title="bbox 1514 2819 2523 2870; baseline 0 -13"><span class='ocrx_word' id='word_1_814' title='bbox 1514 2823 1573 2857; x_wconf 80' lang='lat' dir='ltr'>An</span> <span class='ocrx_word' id='word_1_815' title='bbox 1594 2831 1767 2862; x_wconf 77' lang='lat' dir='ltr'><strong>QUARTUM</strong></span> <span class='ocrx_word' id='word_1_816' title='bbox 1787 2831 1971 2856; x_wconf 68' lang='lat' dir='ltr'>monimum</span> <span class='ocrx_word' id='word_1_817' title='bbox 2000 2820 2104 2867; x_wconf 92' lang='lat' dir='ltr'>quod</span> <span class='ocrx_word' id='word_1_818' title='bbox 2124 2819 2173 2856; x_wconf 90' lang='lat' dir='ltr'>illi</span> <span class='ocrx_word' id='word_1_819' title='bbox 2203 2820 2266 2868; x_wconf 92' lang='lat' dir='ltr'>qui</span> <span class='ocrx_word' id='word_1_820' title='bbox 2288 2821 2417 2857; x_wconf 90' lang='lat' dir='ltr'>omnia</span> <span class='ocrx_word' id='word_1_821' title='bbox 2436 2833 2523 2870; x_wconf 89' lang='lat' dir='ltr'>pro-</span> 
     </span>
     <span class='ocr_line' id='line_1_124' title="bbox 1462 2873 2523 2923; baseline -0.001 -12"><span class='ocrx_word' id='word_1_822' title='bbox 1462 2882 1545 2923; x_wconf 89' lang='lat' dir='ltr'>pter</span> <span class='ocrx_word' id='word_1_823' title='bbox 1573 2874 1701 2910; x_wconf 90' lang='lat' dir='ltr'>Deum</span> <span class='ocrx_word' id='word_1_824' title='bbox 1731 2880 1931 2922; x_wconf 88' lang='lat' dir='ltr'>spernunt,</span> <span class='ocrx_word' id='word_1_825' title='bbox 1966 2880 2139 2909; x_wconf 90' lang='lat' dir='ltr'>tenentur</span> <span class='ocrx_word' id='word_1_826' title='bbox 2167 2873 2344 2910; x_wconf 89' lang='lat' dir='ltr'>manibus</span> <span class='ocrx_word' id='word_1_827' title='bbox 2373 2874 2523 2923; x_wconf 86' lang='lat' dir='ltr'>operari</span> 
     </span>
     <span class='ocr_line' id='line_1_125' title="bbox 1461 2925 2522 2976; baseline 0 -12"><span class='ocrx_word' id='word_1_828' title='bbox 1461 2927 1617 2976; x_wconf 90' lang='lat' dir='ltr'>quando</span> <span class='ocrx_word' id='word_1_829' title='bbox 1647 2938 1725 2963; x_wconf 89' lang='lat' dir='ltr'>non</span> <span class='ocrx_word' id='word_1_830' title='bbox 1753 2926 1895 2962; x_wconf 91' lang='lat' dir='ltr'>habent</span> <span class='ocrx_word' id='word_1_831' title='bbox 1922 2925 2013 2962; x_wconf 90' lang='lat' dir='ltr'>alias</span> <span class='ocrx_word' id='word_1_832' title='bbox 2037 2926 2138 2963; x_wconf 90' lang='lat' dir='ltr'>unde</span> <span class='ocrx_word' id='word_1_833' title='bbox 2158 2926 2302 2973; x_wconf 85' lang='lat' dir='ltr'>vivant,</span> <span class='ocrx_word' id='word_1_834' title='bbox 2331 2928 2393 2963; x_wconf 91' lang='lat' dir='ltr'>vel</span> <span class='ocrx_word' id='word_1_835' title='bbox 2421 2928 2522 2964; x_wconf 93' lang='lat' dir='ltr'>unde</span> 
     </span>
     <span class='ocr_line' id='line_1_126' title="bbox 1462 2979 2524 3028; baseline 0 -11"><span class='ocrx_word' id='word_1_836' title='bbox 1462 2982 1726 3028; x_wconf 89' lang='lat' dir='ltr'>eleemosynas</span> <span class='ocrx_word' id='word_1_837' title='bbox 1754 2979 1892 3016; x_wconf 88' lang='lat' dir='ltr'>faciant</span> <span class='ocrx_word' id='word_1_838' title='bbox 1920 2980 1957 3015; x_wconf 92' lang='lat' dir='ltr'>in</span> <span class='ocrx_word' id='word_1_839' title='bbox 1987 2991 2077 3015; x_wconf 89' lang='lat' dir='ltr'>casu</span> <span class='ocrx_word' id='word_1_840' title='bbox 2104 2979 2142 3016; x_wconf 94' lang='lat' dir='ltr'>in</span> <span class='ocrx_word' id='word_1_841' title='bbox 2171 2992 2248 3027; x_wconf 93' lang='lat' dir='ltr'>quo</span> <span class='ocrx_word' id='word_1_842' title='bbox 2277 2980 2400 3016; x_wconf 85' lang='lat' dir='ltr'>facere</span> <span class='ocrx_word' id='word_1_843' title='bbox 2429 2981 2524 3017; x_wconf 90' lang='lat' dir='ltr'>elee-</span> 
     </span>
     <span class='ocr_line' id='line_1_127' title="bbox 1463 3032 2521 3081; baseline 0 -11"><span class='ocrx_word' id='word_1_844' title='bbox 1463 3045 1666 3081; x_wconf 89' lang='lat' dir='ltr'>mosynam</span> <span class='ocrx_word' id='word_1_845' title='bbox 1697 3032 1794 3069; x_wconf 88' lang='lat' dir='ltr'>cadit</span> <span class='ocrx_word' id='word_1_846' title='bbox 1814 3033 1884 3069; x_wconf 91' lang='lat' dir='ltr'>sub</span> <span class='ocrx_word' id='word_1_847' title='bbox 1904 3040 2129 3080; x_wconf 90' lang='lat' dir='ltr'>praecepto:</span> <span class='ocrx_word' id='word_1_848' title='bbox 2161 3045 2238 3069; x_wconf 90' lang='lat' dir='ltr'>non</span> <span class='ocrx_word' id='word_1_849' title='bbox 2258 3040 2385 3069; x_wconf 90' lang='lat' dir='ltr'>autem</span> <span class='ocrx_word' id='word_1_850' title='bbox 2407 3033 2521 3080; x_wconf 89' lang='lat' dir='ltr'>aliter,</span> 
     </span>
     <span class='ocr_line' id='line_1_128' title="bbox 1461 3085 2524 3134; baseline -0.001 -10"><span class='ocrx_word' id='word_1_851' title='bbox 1461 3095 1502 3124; x_wconf 93' lang='lat' dir='ltr'>ut</span> <span class='ocrx_word' id='word_1_852' title='bbox 1522 3087 1663 3123; x_wconf 91' lang='lat' dir='ltr'>dictum</span> <span class='ocrx_word' id='word_1_853' title='bbox 1685 3093 1739 3122; x_wconf 92' lang='lat' dir='ltr'>est</span> <span class='ocrx_word' id='word_1_854' title='bbox 1753 3085 1783 3122; x_wconf 68' lang='lat'>³⁸.</span> <span class='ocrx_word' id='word_1_855' title='bbox 1814 3087 1863 3122; x_wconf 92' lang='lat' dir='ltr'>Et</span> <span class='ocrx_word' id='word_1_856' title='bbox 1876 3087 2097 3123; x_wconf 84' lang='lat' dir='ltr'>secundum</span> <span class='ocrx_word' id='word_1_857' title='bbox 2118 3086 2192 3122; x_wconf 92' lang='lat' dir='ltr'>hoc</span> <span class='ocrx_word' id='word_1_858' title='bbox 2213 3085 2377 3134; x_wconf 91' lang='lat' dir='ltr'>loquitur</span> <span class='ocrx_word' id='word_1_859' title='bbox 2398 3087 2524 3134; x_wconf 89' lang='lat' dir='ltr'>glossa</span> 
     </span>
     <span class='ocr_line' id='line_1_129' title="bbox 1461 3141 1624 3177; baseline -0.006 0"><span class='ocrx_word' id='word_1_860' title='bbox 1461 3141 1624 3177; x_wconf 90' lang='lat' dir='ltr'>inducta.</span> 
     </span>
    </p>

    <p class='ocr_par' dir='ltr' id='par_1_36' title="bbox 1460 3191 2526 3451">
     <span class='ocr_line' id='line_1_130' title="bbox 1514 3191 2524 3240; baseline -0.001 -11"><span class='ocrx_word' id='word_1_861' title='bbox 1514 3195 1572 3229; x_wconf 85' lang='lat' dir='ltr'>AD</span> <span class='ocrx_word' id='word_1_862' title='bbox 1602 3203 1765 3234; x_wconf 79' lang='lat' dir='ltr'>QmNTuM</span> <span class='ocrx_word' id='word_1_863' title='bbox 1785 3203 1968 3228; x_wconf 83' lang='lat' dir='ltr'><strong>DICENDUM</strong></span> <span class='ocrx_word' id='word_1_864' title='bbox 1995 3191 2098 3239; x_wconf 91' lang='lat' dir='ltr'>quod</span> <span class='ocrx_word' id='word_1_865' title='bbox 2121 3191 2196 3228; x_wconf 91' lang='lat' dir='ltr'>hoc</span> <span class='ocrx_word' id='word_1_866' title='bbox 2225 3191 2328 3239; x_wconf 92' lang='lat' dir='ltr'>quod</span> <span class='ocrx_word' id='word_1_867' title='bbox 2349 3192 2524 3240; x_wconf 91' lang='lat' dir='ltr'>Apostoli</span> 
     </span>
     <span class='ocr_line' id='line_1_131' title="bbox 1462 3244 2524 3293; baseline -0.001 -10"><span class='ocrx_word' id='word_1_868' title='bbox 1462 3246 1637 3283; x_wconf 89' lang='lat' dir='ltr'>manibus</span> <span class='ocrx_word' id='word_1_869' title='bbox 1675 3245 1957 3291; x_wconf 90' lang='lat' dir='ltr'>laboraverunt,</span> <span class='ocrx_word' id='word_1_870' title='bbox 1993 3244 2226 3292; x_wconf 89' lang='lat' dir='ltr'>quandoque</span> <span class='ocrx_word' id='word_1_871' title='bbox 2264 3244 2419 3293; x_wconf 91' lang='lat' dir='ltr'>quidem</span> <span class='ocrx_word' id='word_1_872' title='bbox 2456 3244 2524 3282; x_wconf 86' lang='lat' dir='ltr'>fuit</span> 
     </span>
     <span class='ocr_line' id='line_1_132' title="bbox 1462 3296 2522 3346; baseline -0.002 -10"><span class='ocrx_word' id='word_1_873' title='bbox 1462 3298 1711 3343; x_wconf 90' lang='lat' dir='ltr'>necessitatis,</span> <span class='ocrx_word' id='word_1_874' title='bbox 1755 3296 1990 3346; x_wconf 90' lang='lat' dir='ltr'>quandoque</span> <span class='ocrx_word' id='word_1_875' title='bbox 2030 3309 2124 3333; x_wconf 88' lang='lat' dir='ltr'>vero</span> <span class='ocrx_word' id='word_1_876' title='bbox 2167 3297 2522 3345; x_wconf 87' lang='lat' dir='ltr'>supererogationis.</span> 
     </span>
     <span class='ocr_line' id='line_1_133' title="bbox 1461 3349 2523 3398; baseline -0.002 -9"><span class='ocrx_word' id='word_1_877' title='bbox 1461 3350 1705 3389; x_wconf 88' lang='lat' dir='ltr'>Necessitatis</span> <span class='ocrx_word' id='word_1_878' title='bbox 1734 3349 1902 3398; x_wconf 91' lang='lat' dir='ltr'>quidem,</span> <span class='ocrx_word' id='word_1_879' title='bbox 1932 3350 2087 3398; x_wconf 92' lang='lat' dir='ltr'>quando</span> <span class='ocrx_word' id='word_1_880' title='bbox 2117 3350 2165 3386; x_wconf 88' lang='lat' dir='ltr'>ab</span> <span class='ocrx_word' id='word_1_881' title='bbox 2194 3349 2273 3387; x_wconf 92' lang='lat' dir='ltr'>aliis</span> <span class='ocrx_word' id='word_1_882' title='bbox 2300 3350 2446 3387; x_wconf 87' lang='lat' dir='ltr'>vietum</span> <span class='ocrx_word' id='word_1_883' title='bbox 2468 3351 2523 3387; x_wconf 92' lang='lat' dir='ltr'>in—</span> 
     </span>
     <span class='ocr_line' id='line_1_134' title="bbox 1460 3403 2526 3451; baseline -0.002 -9"><span class='ocrx_word' id='word_1_884' title='bbox 1460 3405 1592 3442; x_wconf 86' lang='lat' dir='ltr'>venire</span> <span class='ocrx_word' id='word_1_885' title='bbox 1634 3416 1712 3440; x_wconf 91' lang='lat' dir='ltr'>non</span> <span class='ocrx_word' id='word_1_886' title='bbox 1754 3410 1950 3451; x_wconf 91' lang='lat' dir='ltr'>poterant:</span> <span class='ocrx_word' id='word_1_887' title='bbox 1994 3403 2096 3439; x_wconf 92' lang='lat' dir='ltr'>unde</span> <span class='ocrx_word' id='word_1_888' title='bbox 2138 3415 2253 3451; x_wconf 90' lang='lat' dir='ltr'>super</span> <span class='ocrx_word' id='word_1_889' title='bbox 2294 3403 2385 3440; x_wconf 89' lang='lat' dir='ltr'>illud</span> <span class='ocrx_word' id='word_1_890' title='bbox 2423 3404 2436 3440; x_wconf 94' lang='lat' dir='ltr'>I</span> <span class='ocrx_word' id='word_1_891' title='bbox 2475 3405 2526 3441; x_wconf 84' lang='lat' dir='ltr'>ad</span> 
     </span>
    </p>
   </div>
   <div class='ocr_carea' id='block_1_30' title="bbox 2552 2724 2676 2761">
    <p class='ocr_par' dir='ltr' id='par_1_37' title="bbox 2552 2724 2676 2761">
     <span class='ocr_line' id='line_1_135' title="bbox 2552 2724 2676 2761; baseline 0.016 -16"><span class='ocrx_word' id='word_1_892' title='bbox 2552 2724 2676 2761; x_wconf 38' lang='lat' dir='ltr'>Linterlin.</span> 
     </span>
    </p>
   </div>
   <div class='ocr_carea' id='block_1_31' title="bbox 2552 3094 2719 3122">
    <p class='ocr_par' dir='ltr' id='par_1_38' title="bbox 2552 3094 2719 3122">
     <span class='ocr_line' id='line_1_136' title="bbox 2552 3094 2719 3122; baseline 0 -6"><span class='ocrx_word' id='word_1_893' title='bbox 2552 3096 2561 3104; x_wconf 90' lang='grc'><em>·</em></span> <span class='ocrx_word' id='word_1_894' title='bbox 2575 3094 2600 3116; x_wconf 86' lang='lat' dir='ltr'>Iu</span> <span class='ocrx_word' id='word_1_895' title='bbox 2615 3100 2719 3122; x_wconf 81' lang='lat' dir='ltr'>corpore.</span> 
     </span>
    </p>
   </div>
   <div class='ocr_carea' id='block_1_32' title="bbox 1467 3457 2682 3504">
    <p class='ocr_par' dir='ltr' id='par_1_39' title="bbox 1467 3457 2682 3504">
     <span class='ocr_line' id='line_1_137' title="bbox 1467 3457 2682 3504; baseline -0.002 -9"><span class='ocrx_word' id='word_1_896' title='bbox 1467 3459 1553 3495; x_wconf 90' lang='lat' dir='ltr'>Cor.</span> <span class='ocrx_word' id='word_1_897' title='bbox 1581 3470 1616 3494; x_wconf 79' lang='lat' dir='ltr'>iv</span> <span class='ocrx_word' id='word_1_898' title='bbox 1636 3457 1667 3503; x_wconf 72' lang='lat'>²¹⁶,</span> <span class='ocrx_word' id='word_1_899' title='bbox 1688 3457 1927 3493; x_wconf 85' lang='lat' dir='ltr'>Laboramus</span> <span class='ocrx_word' id='word_1_900' title='bbox 1954 3461 2148 3504; x_wconf 89' lang='lat' dir='ltr'>operantes</span> <span class='ocrx_word' id='word_1_901' title='bbox 2175 3457 2349 3493; x_wconf 85' lang='lat' dir='ltr'>manibus</span> <span class='ocrx_word' id='word_1_902' title='bbox 2377 3457 2522 3503; x_wconf 88' lang='lat' dir='ltr'>nostris,</span> <span class='ocrx_word' id='word_1_903' title='bbox 2552 3465 2560 3472; x_wconf 88' lang='lat'><strong>·</strong></span> <span class='ocrx_word' id='word_1_904' title='bbox 2575 3462 2639 3484; x_wconf 72' lang='lat' dir='ltr'>Ver·-</span> <span class='ocrx_word' id='word_1_905' title='bbox 2655 3467 2682 3483; x_wconf 79' lang='lat'>¹²·</span> 
     </span>
    </p>
   </div>
   <div class='ocr_carea' id='block_1_33' title="bbox 2550 3514 2680 3536">
    <p class='ocr_par' dir='ltr' id='par_1_40' title="bbox 2550 3514 2680 3536">
     <span class='ocr_line' id='line_1_138' title="bbox 2550 3514 2680 3536; baseline 0 -1"><span class='ocrx_word' id='word_1_906' title='bbox 2550 3516 2559 3525; x_wconf 79' lang='lat'>⁸</span> <span class='ocrx_word' id='word_1_907' title='bbox 2582 3514 2680 3536; x_wconf 80' lang='lat' dir='ltr'>lutei-lin.</span> 
     </span>
    </p>
   </div>
   <div class='ocr_carea' id='block_1_34' title="bbox 1464 3509 2523 3558">
    <p class='ocr_par' dir='ltr' id='par_1_41' title="bbox 1464 3509 2523 3558">
     <span class='ocr_line' id='line_1_139' title="bbox 1464 3509 2523 3558; baseline -0.002 -10"><span class='ocrx_word' id='word_1_908' title='bbox 1464 3511 1551 3548; x_wconf 92' lang='lat' dir='ltr'>dicit</span> <span class='ocrx_word' id='word_1_909' title='bbox 1580 3511 1716 3548; x_wconf 90' lang='lat' dir='ltr'>Glossa</span> <span class='ocrx_word' id='word_1_910' title='bbox 1743 3509 1780 3546; x_wconf 79' lang='lat' dir='ltr'>*z</span> <span class='ocrx_word' id='word_1_911' title='bbox 1815 3509 1911 3551; x_wconf 88' lang='lat' dir='ltr'>Quia</span> <span class='ocrx_word' id='word_1_912' title='bbox 1940 3520 2049 3546; x_wconf 88' lang='lat' dir='ltr'>nemo</span> <span class='ocrx_word' id='word_1_913' title='bbox 2077 3509 2143 3545; x_wconf 86' lang='lat' dir='ltr'>dat</span> <span class='ocrx_word' id='word_1_914' title='bbox 2167 3509 2283 3546; x_wconf 84' lang='lat' dir='ltr'>nobis.</span> <span class='ocrx_word' id='word_1_915' title='bbox 2316 3511 2523 3558; x_wconf 89' lang='lat' dir='ltr'>Superero-</span> 
     </span>
    </p>
   </div>
   <div class='ocr_carea' id='block_1_35' title="bbox 1050 3640 1830 3650">
    <p class='ocr_par' dir='ltr' id='par_1_42' title="bbox 1050 3640 1830 3650">
     <span class='ocr_line' id='line_1_140' title="bbox 1050 3640 1830 3650; baseline 0 0"><span class='ocrx_word' id='word_1_916' title='bbox 1050 3640 1830 3650; x_wconf 95' lang='lat' dir='ltr'> </span> 
     </span>
    </p>
   </div>
   <div class='ocr_carea' id='block_1_36' title="bbox 397 3683 792 3718">
    <p class='ocr_par' dir='ltr' id='par_1_43' title="bbox 397 3683 792 3718">
     <span class='ocr_line' id='line_1_141' title="bbox 397 3683 792 3718; baseline -0.01 -8"><span class='ocrx_word' id='word_1_917' title='bbox 397 3686 414 3718; x_wconf 89' lang='grc' dir='ltr'>ι)</span> <span class='ocrx_word' id='word_1_918' title='bbox 435 3685 532 3710; x_wconf 85' lang='lat' dir='ltr'>onmia.</span> <span class='ocrx_word' id='word_1_919' title='bbox 544 3698 564 3703; x_wconf 94' lang='lat'>-</span> <span class='ocrx_word' id='word_1_920' title='bbox 580 3684 636 3708; x_wconf 85' lang='lat' dir='ltr'>alia</span> <span class='ocrx_word' id='word_1_921' title='bbox 655 3683 744 3708; x_wconf 85' lang='lat' dir='ltr'>omnia</span> <span class='ocrx_word' id='word_1_922' title='bbox 764 3683 792 3707; x_wconf 88' lang='lat' dir='ltr'>P.</span> 
     </span>
    </p>
   </div>
   <div class='ocr_carea' id='block_1_37' title="bbox 343 3541 2630 3619">
    <p class='ocr_par' dir='ltr' id='par_1_44' title="bbox 343 3541 2630 3619">
     <span class='ocr_line' id='line_1_142' title="bbox 343 3541 2630 3619; baseline -0.004 -13"><span class='ocrx_word' id='word_1_923' title='bbox 343 3569 486 3619; x_wconf 88' lang='lat' dir='ltr'>quendi</span> <span class='ocrx_word' id='word_1_924' title='bbox 505 3581 584 3618; x_wconf 90' lang='lat' dir='ltr'>quo</span> <span class='ocrx_word' id='word_1_925' title='bbox 604 3568 812 3617; x_wconf 90' lang='lat' dir='ltr'>Apostolus</span> <span class='ocrx_word' id='word_1_926' title='bbox 831 3567 959 3614; x_wconf 88' lang='lat' dir='ltr'>utitur,</span> <span class='ocrx_word' id='word_1_927' title='bbox 975 3567 1105 3604; x_wconf 89' lang='lat' dir='ltr'>dicens</span> <span class='ocrx_word' id='word_1_928' title='bbox 1119 3567 1155 3604; x_wconf 75' lang='grc' dir='ltr'>*ε</span> <span class='ocrx_word' id='word_1_929' title='bbox 1177 3567 1410 3604; x_wconf 87' lang='lat' dir='ltr'>Subtrahatis</span> <span class='ocrx_word' id='word_1_930' title='bbox 1434 3560 1436 3602; x_wconf 78' lang='lat' dir='ltr'>l</span> <span class='ocrx_word' id='word_1_931' title='bbox 1462 3564 1621 3613; x_wconf 89' lang='lat' dir='ltr'>gationis</span> <span class='ocrx_word' id='word_1_932' title='bbox 1650 3570 1790 3609; x_wconf 83' lang='lat' dir='ltr'>autem,</span> <span class='ocrx_word' id='word_1_933' title='bbox 1812 3570 1852 3599; x_wconf 91' lang='lat' dir='ltr'>ut</span> <span class='ocrx_word' id='word_1_934' title='bbox 1871 3570 1974 3611; x_wconf 91' lang='lat' dir='ltr'>patet</span> <span class='ocrx_word' id='word_1_935' title='bbox 1992 3574 2061 3611; x_wconf 91' lang='lat' dir='ltr'>per</span> <span class='ocrx_word' id='word_1_936' title='bbox 2079 3562 2117 3599; x_wconf 92' lang='lat' dir='ltr'>id</span> <span class='ocrx_word' id='word_1_937' title='bbox 2137 3562 2242 3611; x_wconf 87' lang='lat' dir='ltr'>quod</span> <span class='ocrx_word' id='word_1_938' title='bbox 2261 3563 2421 3600; x_wconf 87' lang='lat' dir='ltr'>habetur</span> <span class='ocrx_word' id='word_1_939' title='bbox 2440 3564 2453 3598; x_wconf 93' lang='lat'>1</span> <span class='ocrx_word' id='word_1_940' title='bbox 2473 3562 2524 3598; x_wconf 87' lang='lat' dir='ltr'>ad</span> <span class='ocrx_word' id='word_1_941' title='bbox 2548 3541 2606 3562; x_wconf 63' lang='lat' dir='ltr'>Lm</span> <span class='ocrx_word' id='word_1_942' title='bbox 2625 3557 2630 3562; x_wconf 85' lang='lat'>&#39;</span> 
     </span>
    </p>
   </div>
   <div class='ocr_carea' id='block_1_38' title="bbox 2609 3541 2622 3562">
    <p class='ocr_par' dir='ltr' id='par_1_45' title="bbox 2609 3541 2622 3562">
     <span class='ocr_line' id='line_1_143' title="bbox 2609 3541 2622 3562; baseline 0 0"><span class='ocrx_word' id='word_1_943' title='bbox 2609 3541 2622 3562; x_wconf 86' lang='lat' dir='ltr'>b</span> 
     </span>
    </p>
   </div>
   <div class='ocr_carea' id='block_1_39' title="bbox 2710 3518 2731 3535">
    <p class='ocr_par' dir='ltr' id='par_1_46' title="bbox 2710 3518 2731 3535">
     <span class='ocr_line' id='line_1_144' title="bbox 2710 3518 2731 3535; baseline 0 0"><span class='ocrx_word' id='word_1_944' title='bbox 2710 3518 2731 3535; x_wconf 70' lang='lat' dir='ltr'>et</span> 
     </span>
    </p>
   </div>
  </div>
 </body>
</html>
