2768 4198
73 1529 84 1541 ⁶
104 1527 158 1551 Lib.
183 1527 194 1550 1

71 1561 136 1578 mn.

201 1543 209 1556 9
233 1533 285 1556 “P-

75 2335 86 2345 ·
99 2331 166 2354 vers.
181 2331 213 2354 18.

75 2487 86 2498 ⁸
99 2486 166 2508 Vero.
181 2492 213 2516 ¹9·

77 2817 87 2827 ⁸
101 2817 152 2838 Art.
168 2816 273 2844 praeced.

80 3369 91 3380 .

79 3369 202 3444 εὲῗέἕὲ

209 3375 218 3390 ι
231 3372 291 3390 cont.

203 3395 293 3417 onclus.

989 255 1258 301 QUAESTIO
1290 255 1425 301 omn,
1455 254 1753 292 ARTICULUS
1783 255 1832 291 111
2435 265 2511 300 209

989 351 1326 385 Commentafia
1349 351 1603 386 Cardinalis
1625 351 1829 385 Caietam·

342 485 452 509 contra
491 476 696 517 scrupulosas
729 483 870 512 mentes,
902 475 993 516 quod
1024 475 1090 505 sine
1122 475 1211 506 omni
1250 482 1381 516 peccato
1408 467 1410 482 ¹
1437 486 1540 516 agere.

310 531 464 553 venereus
495 528 583 552 actus
616 520 750 551 exerceri
778 527 884 561 potest
915 527 946 551 et
968 527 1143 556 exercetur,
1172 521 1302 561 quando
1330 520 1383 550 de·
1409 517 1411 565 ᾗ
1492 521 1577 550 Nota
1601 520 1753 556 secundo,
1779 520 1869 560 quod
1892 522 2024 556 Auctor,
2050 519 2082 549 in
2106 518 2316 559 responsione
2339 519 2379 548 ad
2403 529 2514 548 secun-

310 567 382 597 bitis
409 573 455 597 est
478 565 720 596 circumstantiis
752 565 939 596 honestatus
962 571 1051 595 actus
1085 565 1269 605 coniugalis.
1301 565 1383 595 Inter
1409 567 1411 603 l
1437 565 1525 601 dum,
1551 564 1767 604 theologalem
1791 564 1948 595 rationem
1965 564 2067 594 reddit
2082 573 2180 605 quare
2197 563 2362 594 delectatio
2379 573 2513 593 venerea

311 621 391 652 quas
421 609 671 642 circumstantias
701 619 767 640 non
801 616 847 640 est
877 616 913 640 ut
936 619 1072 650 persona
1096 619 1162 640 non
1194 609 1382 645 delectetur,
1437 619 1503 640 non
1528 609 1668 639 subiacet
1692 609 1904 640 moderationi
1928 608 2068 645 rationis,
2094 608 2211 639 scilicet
2227 619 2264 638 ex
2280 608 2425 648 originali
2441 618 2514 648 pec-

312 663 367 686 aut
389 665 455 686 non
479 655 676 695 complaceat
700 654 759 684 sibi
783 654 960 685 delectatio.
985 654 1059 684 Hoc
1082 654 1168 684 enim
1191 654 1384 684 insensibilis
1409 655 1411 700 4
1439 661 1519 686 cato.
1544 655 1618 684 Non
1639 653 1728 694 quod
1743 653 1867 694 ignoret
1888 653 1950 684 hoc
1970 663 2037 684 esse
2054 654 2210 684 naturale:
2236 653 2290 683 sed
2314 653 2396 683 sicut
2415 663 2514 688 mors,

311 706 367 730 aut
401 699 488 730 stulti
511 705 568 730 est.
603 698 845 739 Complacentia
871 698 956 729 enirn
980 699 1160 729 voluntaria
1190 699 1223 729 in
1251 698 1384 729 delecta·
1409 706 1412 757 ἰ
1439 709 1513 730 curn
1526 699 1587 729 hoc
1603 699 1693 739 quod
1711 705 1757 729 est
1773 698 1934 734 naturalis,
1949 705 1996 728 est
2011 698 2106 729 etiam
2122 708 2226 738 poena
2242 698 2363 738 peccati
2380 697 2514 737 origina-

310 744 398 775 tione
421 743 527 784 operis
559 743 629 774 talis
653 743 729 774 alias
753 744 833 774 bene
862 743 1184 779 circumstantionati‚
1209 749 1287 784 puta
1310 753 1384 783 pro·
1410 759 1412 777 ι
1438 743 1486 780 lis,
1498 743 1574 784 quia
1589 753 1646 783 per
1657 743 1789 783 gratiam
1806 743 1955 783 adempta
1971 743 2064 773 nobis
2077 750 2143 773 erat
2159 742 2326 774 necessitas
2339 742 2512 778 moriendi;

311 795 381 829 pter
403 788 538 829 prolem,
559 795 628 824 etc„
654 788 781 818 nullum
805 788 940 818 omnino
965 794 1131 829 peccatum
1155 794 1218 824 est,
1243 788 1298 818 sed
1328 788 1384 818 do·
1410 779 1412 819 Ι
1438 788 1482 818 ita
1505 788 1581 828 quia
1597 787 1784 818 huiusmodi
1800 788 1995 828 perturbatio
2012 787 2142 818 rationis
2166 788 2315 828 adempta
2334 786 2428 817 nobis
2449 793 2515 817 erat

312 842 392 863 num
414 832 475 863 Dei
506 839 553 863 est
582 833 728 863 absolute
751 833 874 873 generis
906 832 1056 869 humani,
1083 833 1236 863 collatum
1260 832 1384 863 homini
1410 821 1412 866 l
1439 842 1496 873 per
1524 833 1648 863 donum
1672 832 1832 872 originalis
1855 832 2006 868 iustitiae,
2034 842 2100 873 quo
2124 831 2273 862 inferiora
2297 831 2515 872 superioribus

312 884 343 908 et
366 877 476 908 ceteris
499 877 700 908 animalibus.
726 878 819 908 Unde
846 888 912 908 non
937 878 1030 908 debet
1053 887 1188 918 persona
1212 877 1251 907 de
1275 877 1386 907 huius·
1410 870 1413 909 l
1439 877 1580 908 subiecta
1596 883 1684 907 erant
1699 876 1732 906 in
1747 876 1889 913 homine,
1911 876 1991 907 facta
2008 884 2054 908 est
2078 887 2183 917 poena
2201 876 2364 917 originalis
2383 875 2513 916 peccati.

314 443 361 506 IN
389 433 524 464 articulo
553 432 696 463 secundo
724 431 869 462 eiusdem
900 431 1113 472 quaestionis,
1140 437 1233 468 nota,
1263 431 1379 471 primo,
1407 430 1410 465 Y
1436 431 1526 462 modi
1550 431 1759 462 delectatione
1787 437 1936 471 percepta
1962 430 2079 466 dolere,
2097 430 2152 460 sed
2175 430 2285 470 potius
2309 429 2378 460 Deo
2398 429 2514 469 gratias

1034 1014 1423 1056 ARTICULUS
1478 1013 1761 1055 TERTIUS

402 1105 420 1149 ff
537 1107 693 1138 UTRUM
718 1106 911 1138 LuxumA
934 1106 1054 1143 QUAE
1078 1106 1159 1137 EST
1183 1106 1315 1137 CIRCA
1337 1105 1482 1137 ACTUS
1506 1105 1735 1136 VENEREOS
1758 1106 1906 1137 POSSIT
1931 1106 2031 1137 ESSE
2056 1106 2294 1138 PECCATUM

783 1185 813 1210 lll
835 1185 912 1210 Cont-
933 1186 1020 1214 Gent„
1042 1192 1097 1217 cap.
1118 1192 1202 1214 cxxn3
1223 1185 1265 1210 De
1286 1185 1370 1214 Malo,
1390 1193 1434 1217 qu.
1453 1193 1495 1216 xv,
1515 1190 1560 1210 art.
1585 1193 1610 1215 x;
1631 1185 1639 1209 1
1658 1185 1696 1209 ad
1717 1185 1787 1214 Cor„
1807 1193 1862 1218 cap.
1881 1193 1916 1214 vr.
1936 1186 1994 1210 lect.
2012 1193 2050 1210 111.

353 1281 372 1307 „-
399 1277 412 1299 2
463 1280 501 1310 K,
516 1268 726 1307 summum
750 1269 804 1294 Slc
828 1268 1070 1294 PROCEDITUR.
1095 1256 1257 1293 Videtur
1280 1256 1386 1305 quod
1411 1259 1413 1303 ἢ
1441 1269 1693 1305 consequens,
1711 1257 1741 1293 si
1757 1256 1851 1304 quid
1872 1257 1971 1294 circa
1986 1257 2062 1294 hoc
2075 1258 2142 1294 fiat
2157 1267 2308 1307 praeter
2327 1259 2365 1296 id
2382 1258 2514 1307 quodss
2640 1253 2654 1287 β

341 1306 429 1358 *fiir*
453 1312 505 1371 »⁴
526 1310 672 1347 luxuria
700 1322 800 1358 quae
829 1317 886 1346 est
914 1309 1012 1346 circa
1048 1317 1155 1347 actus
1182 1322 1385 1357 venereos,
1411 1305 1413 1359 ξ
1441 1310 1535 1347 ordo
1556 1310 1712 1347 rationis
1731 1311 1858 1356 habet,
1874 1310 2057 1347 vitiosum
2075 1311 2153 1348 erit.
2177 1312 2263 1348 Hoc
2283 1321 2410 1349 autem
2431 1325 2514 1361 per-

330 1360 450 1411 )„Jxfi
469 1368 606 1402 (non
634 1363 754 1412 possit
783 1375 867 1400 esse
886 1362 1043 1411 aliquod
1067 1371 1282 1411 peccatum.
1313 1364 1388 1400 Per
1412 1361 1414 1408 Ξ
1439 1363 1532 1400 tinet
1552 1363 1601 1400 ad
1622 1363 1810 1400 rationem
1830 1364 2014 1411 luxuriae,
2035 1372 2076 1400 ut
2100 1365 2276 1402 ordinem
2298 1373 2334 1402 et
2352 1367 2514 1403 modum

369 1392 465 1446 (3²⁹⁹)
482 1408 512 1450 *s
526 1425 654 1454 actum
674 1416 777 1454 enim
796 1428 1009 1453 venereum
1035 1428 1169 1454 semen
1190 1417 1384 1464 emittitur,
1412 1412 1414 1461 ξ
1441 1417 1597 1454 rationis
1637 1418 1794 1454 excedat
1827 1417 1926 1454 circa
1956 1430 2133 1455 venerea.
2171 1419 2219 1455 Et
2247 1419 2335 1456 ideo
2370 1420 2515 1468 absque

313 1470 420 1520 quod
449 1478 505 1507 est
531 1471 766 1520 superfluum
794 1470 974 1517 alimenti,
1003 1477 1045 1507 ut
1071 1477 1175 1519 patet
1201 1483 1271 1519 per
1299 1470 1387 1508 Phi·
1412 1503 1413 1507 ,
1442 1470 1560 1508 dubio
1589 1470 1736 1507 luxuria
1765 1478 1822 1507 est
1849 1479 2064 1519 peccatum.

313 1524 544 1573 losophum,
573 1524 613 1562 in
646 1524 743 1561 libro
778 1524 824 1561 de
860 1524 1036 1561 Generat.
1071 1525 1238 1561 Animal.
1260 1523 1280 1546 ’¹‘
1309 1524 1387 1561 Sed
1413 1536 1414 1539 ¹
1494 1526 1554 1561 Ao
1585 1536 1724 1561 PRIMUM
1744 1536 1844 1561 ERGO
1864 1536 2050 1561 DICENDUM
2076 1527 2194 1572 quod,
2221 1525 2315 1562 sicut
2342 1526 2516 1563 Philoso-

312 1577 351 1615 in
381 1577 587 1615 emissione
625 1577 786 1615 aliarum
821 1578 1129 1627 superfluitatum
1160 1590 1239 1615 non
1267 1585 1386 1615 atten-
1413 1598 1414 1610 ι
1441 1578 1553 1627 phus,
1570 1578 1608 1614 in
1629 1579 1768 1615 eodem
1790 1578 1886 1615 libro
1901 1577 1932 1625 ³⁸,
1951 1578 2050 1626 dicit,
2066 1590 2192 1615 semen
2213 1585 2268 1615 est
2283 1581 2516 1629 superfluum
2544 1588 2624 1609 ‘Loc-
2640 1588 2678 1609 cit-

314 1631 414 1669 ditur
442 1630 597 1680 aliquod
624 1639 839 1680 peccatum.
870 1632 974 1680 Ergo
1003 1643 1129 1680 neque
1159 1631 1258 1668 circa
1282 1639 1388 1669 actus
1413 1661 1415 1667 .
1442 1643 1516 1680 quo
1552 1631 1765 1682 indigetur:
1804 1631 1937 1668 dicitur
1976 1632 2078 1668 enim
2117 1633 2356 1681 superfluum
2392 1646 2436 1670 ex
2471 1646 2516 1670 eo

312 1697 501 1722 venereos
528 1692 655 1734 potest
684 1697 766 1722 esse
795 1685 951 1734 aliquod
979 1692 1194 1734 peccatum.
1413 1681 1415 1737 ᾗ
1443 1685 1548 1734 quod
1578 1685 1774 1722 residuum
1796 1693 1852 1722 est
1881 1685 2114 1734 operationis
2132 1686 2278 1723 virtutis
2302 1687 2517 1734 nutritivae,

369 1750 403 1775 2.
434 1739 670 1786 PRAETEREA,
700 1739 856 1788 quilibet
875 1746 1000 1788 potest
1029 1739 1127 1776 licite
1149 1739 1201 1776 uti
1225 1746 1266 1776 ut
1285 1738 1386 1785 libet,
1414 1757 1415 1794 3
1442 1746 1573 1775 tamen
1602 1738 1792 1787 indigetur
1821 1751 1868 1775 eo
1890 1739 1939 1775 ad
1968 1752 2066 1788 opus
2094 1739 2240 1777 virtutis
2261 1741 2516 1788 generativae.

315 1804 361 1829 eo
391 1792 498 1841 quod
525 1805 638 1830 suum
670 1800 736 1830 est.
775 1792 854 1830 Sed
882 1792 920 1829 in
949 1799 1036 1829 actu
1064 1805 1233 1830 venereo
1266 1793 1387 1829 homo
1414 1798 1416 1832 ὲ
1445 1792 1523 1830 Sed
1564 1792 1660 1829 aliae
1698 1792 1980 1841 superfluitates
2017 1794 2178 1830 humani
2216 1795 2389 1842 corporis
2433 1802 2519 1831 sunt

314 1857 393 1882 non
421 1845 535 1883 utitur
563 1846 635 1883 nisi
664 1858 711 1882 eo
741 1846 846 1894 quod
876 1858 988 1883 suum
1020 1854 1094 1883 est:
1125 1846 1196 1883 nisi
1227 1846 1321 1882 forte
1350 1845 1389 1882 in
1415 1862 1416 1878 1
1444 1845 1584 1894 quibus
1614 1858 1692 1882 non
1721 1845 1921 1893 indigetur.
1953 1847 2002 1882 Et
2029 1846 2117 1884 ideo
2147 1859 2226 1883 non
2261 1849 2373 1884 refert
2401 1848 2519 1896 quali-

314 1899 500 1936 adulterio
528 1901 591 1936 vel
629 1907 751 1948 rath.
791 1900 894 1947 Ergo
927 1900 965 1936 in
1002 1912 1073 1936 usu
1101 1912 1271 1936 venereo
1310 1912 1390 1936 non
1415 1901 1416 1939 ἦ
1443 1907 1666 1948 tercumque
1703 1899 1940 1947 emittantur,
1971 1900 2076 1938 salva
2111 1901 2285 1937 decentia
2321 1902 2518 1938 convictus

314 1960 440 2002 potest
469 1965 551 1989 esse
580 1960 795 2001 peccatum.
834 1953 883 1989 Et
902 1958 919 1974 α
948 1953 997 1989 ita
1029 1953 1174 1990 luxuria
1212 1965 1291 1989 non
1322 1953 1390 1990 erit
1415 1948 1416 1964 ¹
1443 1953 1614 1990 humani.
1647 1953 1724 1990 Sed
1748 1966 1826 1990 non
1848 1960 1903 1990 est
1922 1953 2043 1990 simile
2063 1954 2102 1990 in
2122 1954 2279 1991 seminis
2299 1955 2516 2002 emissione,

314 2014 529 2055 peccatum.
1445 2019 1543 2056 quae
1562 2006 1684 2043 taliter
1703 2007 1818 2044 debet
1847 2007 1929 2044 fieri
1949 2015 1990 2043 ut
2019 2007 2224 2044 conveniat
2242 2008 2310 2045 fini
2331 2009 2378 2045 ad
2400 2022 2516 2057 quern

372 2060 406 2096 3.
436 2061 681 2106 PRAETEREA,
718 2071 835 2096 omne
863 2066 1065 2108 peccatum
1102 2060 1218 2096 habet
1251 2059 1388 2096 vitium
1415 2072 1417 2106 j
1445 2073 1490 2097 eo
1521 2060 1719 2108 indigetur.

316 2113 549 2162 oppositum.
587 2113 664 2150 Sed
693 2113 862 2150 luxuriae
899 2113 1047 2150 nullum
1075 2113 1210 2150 vitium
1238 2112 1390 2150 videtur
1497 2115 1556 2150 An
1586 2125 1778 2151 SECUNDUM
1807 2126 1994 2151 mcENnuM
2030 2115 2156 2163 quod,
2187 2115 2283 2151 sicut
2310 2117 2519 2164 Apostolus

317 2178 399 2203 esse
428 2166 662 2217 oppositum.
693 2167 795 2214 Ergo
819 2166 968 2203 luxuria
987 2179 1067 2204 non
1097 2174 1152 2203 est
1171 2174 1387 2215 peccatum.
1415 2184 1417 2215 ὲ
1445 2167 1553 2214 dicit,
1585 2169 1598 2203 Ι
1628 2168 1680 2204 ad
1711 2168 1799 2204 Cor.
1820 2179 1856 2204 VI
1875 2167 1912 2214 ²⁸,
1944 2175 2075 2204 contra
2112 2168 2300 2205 luxuriam
2337 2170 2518 2217 loquens:
2548 2175 2690 2196 ‘Vm—20·

371 2220 446 2257 SED
475 2232 623 2258 CONTRA
641 2232 708 2257 EST
727 2220 834 2270 quod
854 2232 970 2257 causa
999 2228 1055 2256 est
1081 2220 1210 2269 potior
1239 2220 1389 2257 effectu.
1415 2219 1417 2276 ζ
1442 2221 1573 2269 Empti
1590 2221 1675 2257 estis
1687 2221 1811 2269 pretio
1827 2233 1991 2271 magno:
2015 2221 2228 2271 glorificate
2247 2227 2367 2272 ergoY
2387 2229 2422 2259 et
2430 2235 2521 2271 por·
2645 2233 2663 2259 Υ
2718 2225 2721 2228 ’

317 2273 395 2311 Sed
422 2273 558 2311 vinum
587 2273 813 2322 prohibetur
840 2281 998 2322 propter
1020 2273 1223 2310 luxuriam:
1254 2286 1389 2310 secun·
1415 2277 1417 2317 ζ
1443 2279 1518 2311 tate
1546 2275 1671 2311 Deum
1700 2275 1737 2311 in
1768 2285 1929 2323 corpore
1955 2280 2092 2311 vestro.
2130 2276 2188 2312 Ex
2219 2287 2265 2312 eo
2297 2288 2386 2324 ergo
2416 2277 2520 2325 quod

316 2326 408 2364 dum
438 2327 531 2365 illud
558 2326 746 2376 Apostoli,
774 2328 911 2375 Ephes.
931 2326 1010 2364 v*:
1045 2327 1176 2365 Nolite
1208 2327 1393 2364 inebriari
1415 2331 1417 2372 ζ
1444 2327 1579 2376 aliquis
1613 2327 1826 2364 inordinate
1864 2340 1934 2365 suo
1969 2341 2130 2377 corpore
2164 2329 2280 2366 utitur
2311 2342 2382 2378 per
2413 2331 2522 2367 luxu-

314 2380 423 2426 vino,
453 2381 490 2418 in
520 2392 594 2429 quo
622 2386 676 2417 est
703 2381 870 2418 luxuria.
910 2381 1013 2429 Ergo
1043 2381 1190 2418 luxuria
1219 2388 1275 2418 est
1301 2394 1390 2430 pro·
1415 2378 1417 2415 Ξ
1444 2381 1553 2427 riam,
1574 2381 1752 2418 iniuriam
1772 2381 1860 2418 facit
1889 2382 2061 2419 Domino
2081 2380 2107 2429 δ,
2134 2383 2199 2431 qui
2220 2391 2276 2420 est
2303 2383 2521 2433 principalis
2650 2389 2664 2414 ὃ

315 2433 444 2471 hibita.
1445 2435 1626 2472 dominus
1656 2435 1828 2484 corporis
1856 2435 1986 2472 nostri.
2017 2436 2129 2473 Unde
2150 2445 2187 2474 et
2207 2437 2442 2485 Augustinus
2467 2438 2520 2475 di-

370 2499 405 2524 2.
427 2489 663 2534 PRAETEREA,
684 2487 808 2525 Galat.
825 2500 848 2524 v
866 2487 898 2535 ³⁸,
920 2495 1167 2525 enumeratur
1185 2489 1282 2526 inter
1299 2501 1390 2538 ope·
1415 2483 1417 2502 ¹
1445 2489 1504 2536 cit,
1526 2489 1564 2526 in
1592 2489 1689 2526 libro
1718 2489 1764 2525 de
1791 2490 1933 2526 Decem
1968 2490 2127 2527 Chordis
2151 2490 2191 2527 *ε
2221 2491 2423 2537 Dominus,
2457 2492 2524 2540 qui
2548 2499 2647 2547 3383}-
2667 2498 2759 2547 Ῑξὲῆῑι

316 2553 358 2578 ra
387 2541 520 2578 carnis.
1415 2567 1417 2592 ς
1442 2544 1634 2593 gubernat
1659 2555 1789 2579 servos
1813 2555 1904 2580 suos
1940 2544 1992 2580 ad
2019 2543 2212 2581 utilitatem
2242 2544 2413 2590 illorum,
2445 2557 2519 2582 non
2549 2558 2598 2579 cap·
2614 2531 2666 2573 x-p'
2754 2542 2759 2551 '

370 2595 599 2631 RESPONDEO
629 2606 815 2631 DICENDUM
845 2595 951 2643 quod
979 2603 1123 2643 quanto
1162 2595 1306 2644 aliquid
1335 2604 1390 2633 est
1415 2593 1417 2612 ³
1442 2609 1573 2643 suam,
1603 2597 1676 2633 hoc
1697 2597 1893 2645 praecepit
1910 2600 1940 2644 ⁸,
1970 2609 2018 2633 ne
2038 2609 2112 2645 per
2140 2597 2286 2634 illicitas
2312 2598 2520 2647 voluptates
2648 2601 2660 2617 Ε

317 2648 438 2696 magis
466 2647 737 2696 necessarium,
758 2655 864 2685 tanto
893 2648 1014 2696 magis
1043 2655 1194 2698 oportet
1221 2656 1262 2685 ut
1291 2649 1390 2686 circa
1443 2655 1602 2687 corruat
1627 2649 1806 2698 templum
1835 2650 1926 2696 eius,
1956 2651 2058 2698 quod
2084 2662 2163 2687 esse
2190 2652 2352 2699 coepisti.

315 2700 408 2739 illud
429 2701 584 2738 rationis
604 2701 701 2738 ordo
721 2709 906 2738 servetur.
927 2702 1040 2739 Unde
1059 2714 1128 2750 per
1148 2714 1389 2750 consequens
1415 2694 1417 2714 ¹
1496 2705 1556 2740 AD
1585 2715 1746 2741 TERTmM
1776 2715 1961 2740 DICENDUM
1982 2704 2087 2752 quod
2108 2704 2329 2753 oppositum
2349 2704 2519 2741 luxuriae

317 2755 438 2803 magis
467 2763 524 2792 est
550 2755 733 2792 vitiosum
763 2755 793 2791 si
814 2755 910 2792 ordo
940 2755 1095 2792 rationis
1114 2756 1389 2804 praetermitta-
1415 2761 1417 2808 ἦ
1444 2770 1523 2794 non
1544 2757 1727 2805 contingit
1741 2756 1754 2781 ζ
1773 2757 1811 2794 in
1831 2757 1979 2794 multis:
2008 2770 2054 2794 eo
2075 2758 2180 2805 quod
2199 2758 2378 2795 homines
2398 2758 2519 2806 magis
2644 2759 2659 2788 ἴ

317 2815 387 2846 tur.
418 2809 519 2846 Usus
548 2816 678 2846 autem
702 2820 972 2854 venereorum,
994 2808 1090 2845 sicut
1118 2809 1262 2846 dictum
1284 2817 1340 2846 est
1357 2810 1389 2858 ²¹⁸,
1415 2810 1417 2832 ἲ
1444 2811 1517 2848 sint
1536 2811 1647 2860 proni
1676 2811 1725 2848 ad
1746 2811 2025 2848 delectationes.
2061 2811 2110 2847 Et
2137 2818 2267 2848 tamen
2298 2812 2518 2860 oppositum

318 2869 374 2899 est
391 2862 503 2900 valde
533 2862 768 2899 necessarius
788 2862 839 2899 ad
867 2862 1015 2899 bonum
1042 2875 1263 2910 commune,
1284 2864 1390 2912 quod
1443 2864 1580 2901 vitium
1619 2864 1833 2901 continetur
1870 2865 1941 2901 sub
1979 2865 2267 2902 insensibilitate.
2308 2866 2357 2902 Et
2385 2865 2520 2902 accidit

319 2923 374 2952 est
410 2916 652 2953 conservatio
690 2916 850 2953 humani
886 2915 1045 2963 generis.
1084 2917 1133 2953 Et
1170 2916 1258 2954 ideo
1293 2917 1391 2954 circa
1443 2918 1519 2955 hoc
1546 2918 1683 2955 vitium
1703 2918 1740 2954 in
1762 2930 1808 2954 eo
1830 2918 1952 2966 quiin
1973 2925 2121 2955 tantum
2153 2919 2359 2955 detestatur
2387 2919 2519 2955 mulie-

317 2969 392 3006 hoc
420 2970 588 3007 maxime
617 2969 758 3007 attendi
788 2969 902 3006 debet
930 2969 1086 3006 rationis
1115 2970 1224 3007 ordo.
1255 2971 1304 3006 Et
1323 2983 1392 3019 per
1416 2990 1418 3018 g
1445 2984 1530 3008 rum
1560 2984 1675 3008 usum
1695 2972 1800 3021 quod
1830 2972 1944 3009 etiam
1963 2972 2072 3009 uxori
2098 2972 2270 3009 debitum
2290 2985 2368 3009 non
2383 2972 2518 3009 reddit.

373 3085 400 3117 α)
421 3085 464 3109 Et.
476 3097 495 3103 —
513 3084 576 3109 Om.
593 3083 763 3116 BEFGKpA;
785 3083 846 3108 Et...
856 3086 996 3115 peccatum
1014 3092 1069 3110 om.
1089 3084 1123 3109 H.
1499 3084 1524 3117 δ)
1546 3086 1673 3111 Domino.
1687 3099 1706 3104 -
1725 3086 1783 3110 Deo
1803 3086 1844 3111 ΡΙ.

373 3119 398 3152 β)
413 3123 526 3152 praeter
545 3119 573 3144 id
591 3119 672 3152 quod.
685 3133 704 3138 -
717 3122 912 3151 praeterquam
931 3119 978 3144 Pa.
1499 3120 1522 3153 ε)
1539 3122 1715 3153 praecepit.—
1724 3121 1860 3153 praecipit
1879 3121 1937 3151 PG;
1957 3126 2015 3146 ante
2035 3121 2142 3146 illicitas
2162 3121 2199 3145 Pa
2218 3121 2315 3146 addunt
2335 3121 2470 3147 illecebras
2484 3125 2519 3147 et.

372 3155 399 3188 γ)
411 3157 494 3188 ‘er-go.
511 3167 532 3174 -
548 3155 610 3180 Om.
630 3155 676 3179 Pa.
1498 3156 1524 3191 ζ’)
1544 3157 1717 3190 contingit.-
1733 3157 1824 3190 tangit
1841 3157 2087 3189 ABCDEFHILpK,
2106 3157 2231 3190 tangitur
2250 3157 2287 3181 sK
2306 3162 2332 3181 et
2349 3165 2376 3182 a.

991 3235 1327 3269 Commentaria
1350 3236 1604 3270 cardinalis
1628 3238 1830 3270 Caietam

325 3325 371 3388 IN
395 3314 528 3346 articulo
551 3315 643 3346 tertio
667 3316 811 3346 eiusdem
835 3316 1041 3356 quaestionis,
1066 3316 1100 3346 in
1119 3316 1326 3356 responsione
1350 3317 1390 3346 ad
1416 3339 1418 3353 2
1501 3317 1590 3347 Tum
1607 3317 1682 3357 quia
1698 3317 1744 3347 illi
1760 3317 1816 3358 qui
1833 3327 1900 3348 non
1917 3317 2034 3348 habent
2053 3327 2161 3347 semen
2181 3325 2294 3358 aptum
2310 3319 2517 3359 generationi,

352 3359 504 3400 primum,
529 3359 664 3390 dubium
687 3370 724 3390 ex
747 3360 885 3391 Martino
909 3361 1054 3397 occurrit,
1075 3360 1107 3390 in
1124 3371 1179 3401 qu.
1198 3371 1208 3390 1
1229 3361 1246 3380 *
1270 3361 1308 3391 de
1325 3361 1389 3391 Lu-
1417 3379 1418 3386 κ
1444 3368 1499 3392 aut
1522 3368 1653 3402 propter
1669 3368 1804 3392 aetatem
1820 3369 1875 3393 aut
1890 3369 2021 3402 propter
2041 3361 2307 3402 complexionem,
2325 3373 2392 3394 non
2408 3374 2518 3405 pecca-

321 3404 419 3441 xuria,
444 3403 584 3434 dicente:
607 3421 629 3427 -
651 3405 740 3435 Haec
770 3405 888 3436 solutio
919 3416 986 3436 non
1013 3405 1172 3436 satisfacit.
1202 3405 1290 3436 Tum
1314 3405 1391 3446 quia
1445 3413 1515 3436 rent
1532 3406 1723 3436 luxuriando
1741 3407 1820 3437 dum
1836 3407 2083 3448 quomodolibet
2106 3406 2285 3438 emitterent
2301 3409 2430 3439 seminis
2447 3409 2517 3439 talis

321 3449 401 3479 circa
425 3448 631 3478 emissionem
654 3448 787 3479 aliarum
811 3449 1067 3490 superfluitatum
1090 3457 1195 3490 potest
1219 3460 1286 3481 esse
1305 3450 1390 3481 inor-
1417 3457 1419 3492 j.
1445 3450 1706 3491 superfluitatem.

323 3493 458 3523 dinatio:
483 3493 533 3523 vel
556 3492 589 3522 in
613 3493 799 3533 quantitate,
817 3501 926 3525 contra
950 3495 1116 3526 sanitatem
1140 3495 1292 3536 corporis,
1317 3505 1390 3536 pro·
1417 3496 1418 3508 ¹
1500 3495 1537 3526 II.
1554 3496 1606 3525 Ad
1621 3495 1763 3536 primum
1778 3495 1897 3526 horum
1913 3495 2026 3526 dicitur
2041 3497 2141 3537 quod,
2159 3503 2194 3527 ut
2210 3507 2303 3537 saepe
2320 3497 2441 3528 dictum
2461 3505 2516 3533 est,

323 3538 464 3568 curando
495 3537 590 3567 nimis
621 3546 730 3566 earum
760 3537 982 3575 emissionem;
1012 3539 1062 3570 vel
1088 3540 1122 3570 in
1144 3539 1209 3576 via,
1235 3546 1312 3580 puta
1335 3550 1391 3580 per
1446 3539 1595 3570 Auctoris
1612 3550 1716 3570 sermo
1732 3547 1762 3571 et
1781 3540 1925 3571 doctrina
1941 3547 1988 3571 est
2003 3540 2156 3578 formalis,
2182 3548 2212 3572 et
2235 3541 2315 3571 nihil
2338 3541 2517 3572 detrimenti

323 3582 388 3612 vias
412 3581 615 3618 innaturales,
640 3587 717 3621 puta
741 3591 864 3621 egerere
887 3593 944 3623 per
967 3594 1014 3614 os.
1445 3584 1563 3624 patitur
1587 3595 1623 3615 ex
1647 3585 1696 3615 his
1720 3595 1801 3626 quae
1825 3592 1900 3616 sunt
1930 3595 1986 3625 per
2010 3586 2165 3617 accidens.
2201 3586 2284 3616 Inter
2312 3586 2515 3616 emissionem

466 3644 576 3668 Summa
595 3642 698 3667 Tun-01..
717 3642 749 3667 D.
761 3642 875 3667 Tnoma
894 3643 926 3668 T.
941 3645 993 3668 VIl.
2341 3655 2372 3679 27
